4122 6210
393 298 492 364 717

1509 291 1967 352 FRAGMENTA
2005 291 2084 351 ΙΝ
2125 291 2536 351 ΙΕΒΕΜΙΑΜ.
2589 327 2591 330 ‹

3534 291 3638 355 713

467 435 487 469 ι
525 413 624 468 Διὰ
644 413 804 466 τοῦτο
838 411 1282 482 κατοικήσουσιν.
1328 429 1346 460 ι
1381 408 1740 479 Ὀμοιὼματα
1763 405 1965 476 ἀνθρώ-

2149 405 2208 459 ν.
2243 407 2332 461 59.
2377 426 2392 457 ι
2423 405 2710 476 Pr0pterea
2747 406 3089 462 habitabunt.
3128 428 3145 458 ι
3189 405 3489 462 Simulacra
3537 410 3639 464 lio-

394 523 531 570 πων,
567 505 668 559 οὒκ
699 504 1016 573 ἄνθρωποι,
1070 502 1158 555 ἴνα
1205 500 1339 574 εῐπῃ
1365 501 1464 570 τὴν
1525 499 1809 554 ἀσθένειαν
1856 498 1965 551 τῶν

395 595 834 667 συμμαχούντων
866 594 983 656 τοῖς
1035 591 1349 662 βασιλείοις,
1386 590 1497 644 Καὶ
1545 590 1656 660 γὰρ
1705 591 1800 643 καὶ
1842 590 1966 651 τοὺς

391 685 834 754 ὰντιπράξαντας
865 680 975 734 τῶν
1005 677 1282 750 νησιωτῶν
1329 673 1478 732 εἷλεν
1533 679 1561 730 ὁ
1608 677 1810 745 Κύρος.
1857 678 1968 745 Τὴν

390 777 447 830 δὲ
475 774 680 828 τούτων
720 772 960 842 ἐρημίαν
1011 769 1268 841 σημαίνει
1301 768 1528 822 διὰρτῶν
1571 769 1866 838 Σειρήνων,
1894 767 1969 829 ὡς

391 861 887 933 ἁνθρωπομόρφων
931 858 1120 911 λοιπὸν
1172 857 1488 928 δαιμονίων,
1540 856 1574 925 ἢ
1614 857 1708 909 καὶ
1757 855 1969 927 ᾤδικῶν

392 955 620 1023 ὀρνέων,
647 952 736 1006 διὰ
765 951 866 1022 τὴν
892 950 1132 1022 ἐρημίαν
1161 947 1459 1003 οἰκούντων
1480 947 1606 1010 τοὺς
1639 947 1862 1009 τόπους,

472 1065 492 1098 ι
549 1046 684 1100 Ἰδοὺ
731 1043 862 1106 λαὸς
903 1042 1145 1114 ἔρχεται.
1205 1061 1223 1092 ι
1277 1041 1341 1093 Ol
1401 1040 1461 1103 ἐξ
1516 1037 1688 1091 ὲθνῶν
1752 1036 1971 1090 πιστεύ-

399 1155 612 1200 σαντες.

476 1249 494 1280 ι
533 1229 641 1282 Καὶ
666 1226 909 1297 βασιλεῖς
941 1223 1196 1284 πολλοί.»
1231 1222 1423 1283 Ἔθνος
1463 1219 1572 1291 γάρ
1611 1221 1750 1272 εἰσιν
1788 1219 1968 1286 ἅγιον,

402 1321 676 1390 βασίλειον
719 1319 1053 1391 ἱεράτευμα·
1090 1314 1264 1369 ταῦτα
1291 1315 1346 1368 δὲ
1385 1315 1498 1366 ἑνοῖ
1529 1313 1667 1382 μετὰ
1703 1310 1798 1381 τὴν
1837 1312 1974 1362 ἱστο-

401 1412 545 1484 ρίαν.
623 1446 636 1472 .

486 1505 544 1558 '0
588 1505 644 1557 ὲν
700 1502 778 1573 τῷ
829 1500 1072 1573 Ἰορδάνῃ
1125 1495 1522 1568 βαπτιζόμενος
1569 1493 1717 1555 λαός.
1769 1493 1829 1545 '0
1881 1491 1978 1560 τὴν

399 1597 598 1667 νοητὴν
626 1592 926 1669 Βαϐυλῶνα
957 1586 1384 1658 καταπολεμῶν.

477 1705 497 1738 ι
533 1687 625 1749 El;
655 1684 896 1753 Γαιθάμ.
948 1701 967 1735 ι
1017 1680 1233 1749 Γαιθὰμ
1277 1677 1440 1740 τόπος
1470 1676 1567 1730 τοῦ
1598 1673 1888 1746 Ἰορδάνου,
1923 1674 1980 1724 ὲν

399 1772 445 1846 ᾧ
474 1777 664 1832 πολλοὶ
697 1776 934 1836 λέοντες.

478 1891 496 1922 ι
533 1870 660 1923 Ὅτι
686 1865 899 1936 ταχέως
929 1860 1171 1926 ὲκδιὼξω
1206 1859 1426 1923 αὐτούς.
1460 1878 1480 1913 ι
1511 1859 1650 1922 Τοὺς
1679 1855 1983 1919 Χαλδαίους

403 1964 468 2016 ὲκ
497 1962 596 2032 τῆς
631 1961 971 2023 Βαϐυλῶνος.

481 2075 500 2107 ι
535 2056 647 2109 Καὶ
678 2053 761 2116 τίς
790 2047 945 2115 οὗτος
992 2050 1220 2120 ποιμήν.
1264 2067 1283 2100 ›
1312 2047 1419 2102 Τοῦ
1459 2044 1569 2116 γὰρ
1611 2043 1822 2115 ἀγαθοῦ
1867 2060 1985 2097 ποι-

409 2149 569 2218 μένος
599 2143 991 2216 ἐξαιρουμένου
1012 2143 1184 2217 ἡμᾶς,
1204 2140 1360 2194 οῦδὲν
1391 2141 1524 2211 ἡμῖν
1556 2139 1734 2192 ποιεῖν
1761 2136 1985 2191 δύναται

406 2242 436 2293 ὁ
467 2239 752 2308 πολέμιος.

487 2350 505 2381 ι
546 2331 674 2385 Ἐὰν
713 2327 788 2398 μὴ
837 2322 1162 2394 διαφανισθῇ
1217 2321 1357 2392 νομὴ
1391 2321 1487 2375 ἀπ’
1530 2319 1737 2376 αὐτῶν.
1780 2339 1800 2373 ι
1839 2320 1990 2373 Ἀντὶ

409 2421 526 2486 τοῦ,
568 2420 802 2488 φίλτατα
827 2417 992 2469 τέκνα
1017 2431 1030 2444 ·
1051 2415 1251 2483 δεῖγμα
1280 2413 1336 2464 δὲ
1364 2411 1526 2464 τοῦτο
1562 2413 1767 2483 πικρᾶς
1791 2413 1989 2481 αἰχμα-

411 2512 632 2574 λωσίας.

1027 2601 1183 2653 ΚΕΦ.
1223 2597 1351 2651 NA'.

487 2711 505 2744 ι
546 2693 785 2761 Ἄνεμον
849 2691 1105 2742 καύσωνα
1160 2686 1564 2758 διαφθείροντα.
1619 2706 1638 2739 ›
1693 2688 1849 2742 Μετὰ
1891 2689 1990 2758 τὴν

415 2782 653 2855 ἱστορίαν
685 2781 797 2834 νόει
827 2783 954 2843 τοὺς
988 2780 1092 2833 ὑπὸ
1135 2779 1229 2832 τοῦ
1286 2779 1444 2847 ἁγίου
1481 2779 1798 2849 Πνεύματος
1860 2779 1989 2848 βοη-

411 2875 735 2945 θουμένους.
765 2873 892 2936 τοὺς
925 2871 1286 2944 ξηραίνοντας
1316 2872 1411 2924 καὶ⁵
1449 2871 1868 2942 διαφθείροντας
1892 2873 1990 2938 τῆς

413 2967 610 3027 κακίας
641 2965 710 3018 τὰ
747 2963 1020 3034 ῥεύματα.

487 3074 508 3107 ί
553 3056 664 3108 Καὶ
698 3055 773 3126 μὴ
805 3054 1080 3123 φείσεσθε.
1114 3072 1132 3104 ι
1170 3054 1318 3106 Ἀντὶ
1343 3052 1462 3114 τοῦ,
1495 3054 1568 3123 μὴ
1593 3053 1868 3124 πτοηθῆτε
1891 3055 1988 3123 τὴν
2015 3089 2060 3145 C

413 3148 642 3219 ἀπειλὴν
675 3148 785 3202 τῶν
805 3147 1096 3219 δαιμόνων.
1131 3145 1275 3214 Ἐγὼ
1306 3145 1414 3214 γάρ
1446 3145 1583 3214 ειμι⁵
1601 3142 1723 3214 μεθ’
1759 3143 1930 3213 ὑμῶν.

489 3261 507 3292 ι
543 3242 666 3294 Ὀτι
713 3242 746 3310 ἡ
786 3239 859 3309 γῆ
898 3239 1098 3293 αὐτῶν.
1143 3258 1162 3289 ι
1199 3239 1481 3308 Πλήρωμα
1505 3237 1640 3311 γὰρ,
1677 3236 1846 3305 ’φησὶν
1888 3235 1990 3304 τῆς

409 3331 626 3394 ἀδικίας
672 3329 782 3384 τῶν
812 3329 1117 3394 Χαλδαίων,
1150 3329 1212 3382 τὸ
1252 3327 1347 3382 καὶ
1397 3327 1464 3380 τὰ
1512 3325 1683 3394 σκεύη
1735 3326 1805 3378 τὰ
1858 3325 1992 3393 ἅγια

415 3424 509 3476 καὶ
542 3422 734 3490 ἁγίους
757 3420 956 3492 ἄνδρας
993 3421 1253 3490 μετάγειν
1284 3420 1363 3481 εἰς
1390 3417 1708 3472 Βαϐυλῶνα.

489 3531 508 3564 ι
533 3511 769 3579 Φεύγετε
809 3512 873 3563 ἐκ
905 3511 1072 3580 μέσου
1102 3509 1444 3570 Βαϐυλῶνος.
1480 3527 1497 3560 ι
1540 3507 1767 3576 Φεύγειν
1796 3508 1824 3559 ὁ
1855 3523 1992 3576 προ-

415 3605 594 3674 νήτης
633 3601 847 3654 κελεύει
877 3603 942 3653 ὲκ
983 3601 1152 3669 μέσου
1185 3600 1287 3668 τῆς
1317 3599 1635 3660 Βαϐυλῶνος
1663 3598 1790 3661 τοὺς
1821 3595 1992 3660 σωξο-

418 3697 634 3766 μένους,
660 3694 768 3747 εἴτε
795 3695 893 3764 τῆς
945 3692 1233 3762 αἰσθητῆς,
1258 3692 1370 3744 εἴτε
1399 3690 1496 3744 καὶ
1541 3690 1645 3759 τῆς
1667 3689 1761 3742 τοῦ
1787 3689 1992 3759 κόσμου

417 3784 590 3854 συγχύ
601 3801 737 3847 σεως
745 3825 758 3837 .

492 3894 511 3927 ι
544 3874 812 3944 Ποτήριον
842 3872 1081 3944 χρυσοῦν
1111 3871 1388 3926 Βαϐυλών.
1423 3891 1442 3924 ι
1489 3873 1752 3942 Ποτὴριον
1795 3869 1989 3924 πολλα-

415 3966 513 4037 χοῦ
539 3965 690 4036 παρὰ
711 3968 776 4036 τῇ
803 3965 924 4036 θείᾳ
947 3965 1136 4036 Γραφῇ
1158 3964 1474 4034 ὠνόμασται
1496 3964 1528 4034 ἡ
1552 3963 1824 4034 λεγομένη
1853 3962 1990 4034 ὀργὴ

417 4059 513 4114 τοῦ
543 4057 700 4112 Θεοῦ.
719 4057 939 4128 Ἐπειδὴ
961 4052 1054 4111 οὖν
1076 4057 1202 4121 τοῦς
1226 4055 1668 4127 προσκυνοῦντας
1691 4055 1841 4126 αὑτῷ
1860 4055 1993 4118 Θεὸς

415 4150 503 4204 διὰ
537 4149 898 4203 Βαϐυλωνίων
925 4149 1273 4218 ἐτιμωρεῖτο,
1307 4147 1569 4217 ποτήριον
1602 4145 1872 4217 μεθύσκον
1894 4146 1992 4199 αύ-

413 4242 512 4310 τὴν
556 4239 826 4310 κέκληκεν
851 4255 865 4269 ·
902 4237 1141 4312 χρυσοῦν
1175 4238 1262 4302 δὲ,
1293 4238 1384 4293 διὰ
1411 4239 1502 4293 τὸν
1543 4239 1601 4290 ὲν
1641 4238 1779 4308 αὐτῇ
1826 4236 1993 4289 πλοῦ-

415 4350 526 4386 τον.

2071 495 2300 558 minum,
2336 510 2445 550 non
2472 495 2744 559 homines,
2775 505 2831 550 ut
2859 512 3046 551 eorum
3065 497 3153 568 qui
3172 498 3482 569 Babyloniis
3510 515 3639 567 sup-

2072 586 2243 655 petias
2289 586 2552 651 ferebam,
2605 586 2976 643 inﬁrmitatem
3034 591 3384 659 exprimeret.
3411 593 3544 646 Nam
3589 603 3646 646 et

2072 673 2370 728 insularum
2403 674 2623 741 incolas,
2654 678 2746 746 qui
2775 677 2878 732 sibi
2905 678 3252 743 obstiterant,
3285 680 3429 748 cepit
3449 680 3640 750 Cyrus.

2074 760 2177 815 Eas
2222 778 2386 831 porro
2413 764 2591 817 nullos
2628 764 2833 818 incolas
2854 764 3056 820 habere
3087 783 3183 835 per
3212 765 3433 821 Sirenes
3473 768 3644 837 signi-

2072 853 2219 920 ﬁcat,
2251 871 2372 924 qua}
2397 855 2662 909 daemonia
2695 864 2820 909 sunt
2875 857 3110 912 humana
3154 857 3342 928 ﬁgura,
3385 858 3470 913 vel
3519 874 3649 915 aves

2041 936 2046 938 ⁷
2073 959 2286 998 canora:
2310 960 2431 1012 quae.
2454 944 2690 998 solitaria
2715 946 2831 1000 loca
2861 945 3186 1002 inhabitant.

2145 1033 2209 1085 ν.
2234 1032 2322 1087 tl.
2363 1051 2381 1085 ι
2408 1033 2544 1088 Ecce
2565 1035 2796 1104 populus
2821 1039 2987 1092 venit.
3017 1057 3036 1089 ι
3067 1039 3169 1104 Qui
3194 1054 3225 1093 e
3253 1041 3505 1110 gentibus
3532 1057 3652 1097 cre-

2076 1122 2352 1176 didcrunt.

2153 1210 2262 1263 «Et
2306 1228 2461 1281 reges
2500 1214 2672 1268 multi.
2709 1235 2728 1266 ι
2763 1215 2910 1272 Gens
2955 1219 3099 1274 enim
3156 1232 3342 1278 sancta
3385 1232 3512 1280 sunt
3561 1240 3650 1280 re-

2079 1303 2197 1370 gale
2253 1302 2705 1360 sacerdotium":
2772 1309 2886 1364 haec
2927 1320 3107 1365 autem
3159 1311 3400 1368 historiae
3448 1316 3653 1373 subne-

2079 1396 2192 1448 ctit.
2310 1373 2318 1388 ‘
2894 1406 2896 1409 ’

2149 1490 2385 1559 Populus
2407 1492 2499 1561 qui
2528 1491 2581 1545 in
2608 1491 2848 1547 Iordane
2875 1494 3199 1565 baptizatur.
3227 1496 3330 1563 Qui
3351 1499 3652 1569 spiritalem

2081 1579 2404 1650 Babylonem
2435 1593 2724 1654 expugnat.

2159 1669 2218 1724 V.
2245 1671 2334 1726 44.
2391 1692 2408 1724 ι
2437 1674 2493 1728 In
2540 1675 2804 1730 Gaetham.
2840 1695 2858 1728 ι
2895 1677 3073 1734 Locus
3102 1687 3184 1734 est
3234 1681 3486 1738 Jordanis
3536 1683 3657 1740 Gae-

2013 1751 2056 1805 B
2086 1759 2256 1823 math,
2295 1761 2541 1818 leonibus
2569 1765 2869 1821 abundans.

2159 1868 2177 1901 ι
2215 1850 2350 1916 Quia
2409 1854 2518 1908 cito
2576 1857 2841 1926 expellam
2880 1874 2992 1915 eos.
3035 1879 3053 1912 ι
3097 1859 3381 1920 Ωδσιιιωοε
3406 1879 3438 1920 e
3482 1864 3658 1939 Baby-

2082 1941 2226 1997 lone.
3318 1976 3321 1977 ν

2157 2033 2221 2087 Et
2261 2036 2384 2107 quis
2442 2037 2541 2092 iste
2575 2048 2778 2107 pastor.
2811 2059 2830 2091 ι
2863 2041 2999 2098 Nam
3030 2057 3246 2116 pastore
3279 2051 3423 2106 bono
3459 2066 3561 2107 nos
3590 2050 3657 2106 li-

2085 2126 2331 2190 berante,
2359 2129 2494 2183 nihil
2527 2132 2683 2186 nobis
2711 2147 2907 2190 nocere
2932 2146 3110 2206 potest
3139 2140 3505 2201 adversarius.

2159 2308 2223 2364 ν.
2251 2310 2340 2364 45.
2374 2331 2388 2362 ι
2419 2311 2528 2366 Nisi
2553 2325 2973 2384 corrumpantur
2999 2318 3120 2389 agni
3142 2322 3345 2377 ovium.
3372 2341 3390 2374 ι
3416 2323 3532 2381 Hoc
3556 2336 3661 2391 est.

2088 2402 2403 2458 charissima
2434 2404 2677 2475 pignora,
2720 2407 2923 2463 iudicat
2959 2426 3119 2479 porro
3167 2411 3272 2468 hoc
3315 2415 3663 2475 durissimam

2091 2495 2480 2564 captivitatem.

2749 2592 2900 2648 CAP.
2930 2594 3013 2649 LI.

2163 2677 2225 2731 V.
2259 2681 2307 2734 l.
2346 2701 2362 2731 ι
2396 2681 2627 2736 Ventum
2659 2693 2926 2739 urentem.
2959 2705 2978 2737 ι
3031 2687 3158 2744 Post
3210 2705 3429 2747 sensum
3491 2692 3669 2750 histo-

2092 2771 2262 2826 ricum
2297 2772 2531 2843 iutellige
2565 2790 2661 2829 eos
2696 2791 2833 2844 quos
2882 2779 3102 2848 adjuvat
3157 2781 3390 2852 Spiritus
3422 2799 3664 2855 sanctus,

2092 2863 2428 2918 exsiccantes
2483 2873 2538 2920 et
2591 2877 3006 2938 corrumpentes
3061 2873 3319 2940 nequitiae
3377 2874 3662 2936 ﬂuxiones.

2169 3047 2229 3099 ν.
2257 3049 2308 3101 5.
2369 3069 2384 3099 ι
2418 3049 2480 3104 Ει
2530 3066 2596 3104 ne
2621 3053 2874 3120 parcatis.
2908 3072 2926 3106 ι
2971 3053 3086 3110 Hoc
3112 3068 3214 3123 est,
3255 3073 3325 3114 ne
3377 3061 3670 3119 timueritis

2092 3138 2398 3191 daemonum
2427 3138 2623 3194 minas.
2647 3140 2760 3212 Ego
2783 3143 2929 3197 enim
2956 3160 3077 3199 sum
3100 3147 3399 3205 vobiscum.

2166 3227 2224 3280 ν.
2251 3228 2300 3280 5.
2331 3247 2347 3278 ι
2380 3227 2514 3294 Quia
2557 3239 2696 3286 terra
2721 3247 2929 3289 eorum.
2961 3253 2980 3286 ι
3008 3235 3476 3307 Complementum
3521 3243 3670 3301 enim

2093 3317 2370 3387 injustitia:
2392 3319 2770 3378 Chaldaeorum
2803 3325 2881 3379 ait
2901 3325 3092 3393 fuisse,
3131 3332 3276 3399 quod
3304 3341 3490 3390 sancta
3540 3351 3672 3393 vasa

2092 3419 2421 3482 sanctosque
2453 3413 2698 3468 homines
2713 3414 3040 3487 Babylonem
3073 3424 3471 3483 transtulerint.

2166 3503 2226 3556 V.
2284 3503 2335 3558 6.
2389 3524 2406 3556 ι
2458 3505 2645 3577 Fugite
2683 3507 2751 3562 de
2795 3511 2976 3566 medio
3022 3512 3328 3585 Babylonis.
3371 3536 3390 3570 ι
3459 3519 3671 3594 Fugere

2088 3595 2244 3664 jubet
2272 3598 2534 3667 propheta
2565 3599 2633 3654 de
2666 3600 2846 3655 medio
2877 3601 3170 3672 Babylonis
3207 3621 3302 3662 eos
3325 3609 3420 3679 qui
3449 3612 3670 3667 salvan-

2096 3696 2202 3752 tur,
2251 3689 2335 3744 vel
2356 3703 2475 3759 quae
2503 3689 2572 3744 ad
2599 3705 2822 3746 sensum
2854 3694 3109 3762 pertinet,
3143 3697 3228 3752 vel
3253 3698 3321 3753 de
3346 3701 3670 3762 confusione

2093 3779 2299 3834 mundi.

2165 3869 2226 3922 Υ.
2253 3873 2304 3925 7.
2359 3889 2376 3923 ι
2414 3871 2565 3927 Calix
2608 3889 2807 3932 aureus
2857 3877 3117 3950 Babylon.
3165 3899 3185 3934 ι
3221 3881 3371 3938 Calix
3418 3899 3563 3956 saepe
3610 3885 3668 3942 in

2093 3959 2262 4014 sacris
2286 3959 2505 4016 Litteris
2530 3973 2718 4018 vocata
2747 3974 2850 4030 est,
2891 3983 3012 4037 quae
3039 3969 3235 4024 dicitur
3265 3972 3340 4027 ira
3371 3973 3484 4029 Dei.
3520 3976 3669 4042 Quo-

2090 4049 2237 4103 niam
2292 4050 2456 4121 igitur
2496 4051 2636 4109 Deus
2667 4057 2899 4113 cultores
2933 4073 3060 4114 suos
3101 4062 3313 4130 punivit
3357 4079 3455 4134 per
3493 4064 3671 4139 Baby-

2093 4141 2288 4208 lonios,
2315 4143 2538 4200 calicem
2569 4146 2930 4202 inebriantem
2950 4165 3066 4204 eam
3089 4153 3378 4223 appellavit
3401 4174 3414 4223 ;
3441 4173 3666 4217 aureum

2093 4249 2244 4297 vero,
2285 4245 2507 4306 propter
2539 4239 2658 4309 ejus
2687 4240 2926 4298 divitias.

491 4425 752 4493 ιἯγειρε
800 4423 1005 4494 Κύριος
1047 4421 1108 4474 τὸ
1152 4421 1369 4492 πνεῦμα
1403 4420 1666 4491 βασιλέως
1696 4420 1916 4492 Μήδων.
1961 4440 1978 4472 ι

2164 4414 2224 4468 γ.
2261 4415 2349 4468 il.
2392 4433 2410 4466 ι
2452 4414 2746 4473 Suscitavit
2786 4415 3050 4475 Dominus
3092 4422 3343 4492 spiritum
3371 4427 3518 4499 regis
3555 4428 3670 4486 Me-

415 4513 722 4586 Προφητῶν
751 4515 785 4584 ἠ
815 4512 968 4583 φωνὴ
1003 4511 1474 4584 εὐχαριστοῦντων
1492 4551 1508 4576 ,
1533 4511 1614 4565 ὃτι
1655 4510 1934 4582 ὲλυτρὼθη
1963 4515 1992 4566 ό

416 4604 545 4667 λαὸς
577 4603 676 4673 τῆς
721 4620 781 4656 τε
817 4602 938 4656 καθ’
962 4602 1205 4672 ἱστορίαν
1238 4600 1636 4672 αἰχμαλωσίας,
1667 4602 1760 4654 καὶ
1793 4601 1889 4671 τῆς
1929 4604 1993 4655 ἐκ

418 4689 513 4742 τοῦ
551 4689 754 4759 κόσμου
790 4689 1108 4758 συγχύσεως
1131 4688 1220 4742 διὰ
1242 4688 1338 4742 τοῦ
1365 4689 1616 4759 Σωτῆρος
1644 4691 1676 4760 ἠ
1687 4689 1802 4758 μῶν
1819 4690 1990 4761 Ἰησοῦ

417 4778 680 4850 Χριστοῦ.

488 4887 509 4921 ι
541 4867 1034 4938 Κατασκηνοῦντας
1082 4867 1167 4936 ἐφ’
1191 4865 1346 4920 ὕδασι
1391 4867 1627 4931 πολλοῖς.
1665 4887 1682 4920 ι
1723 4867 1830 4921 Τοῦ
1874 4868 1989 4921 Κύ-

416 4973 513 5026 ρου
536 4973 548 4984 ·
580 4957 714 5026 φασὶ
742 4957 798 5009 δὲ
829 4957 1009 5027 ἕτεροι
1041 4957 1290 5027 Δαρείου.
1328 4957 1464 5010 Καθ’
1491 4958 1755 5028 ἱστορίαν,
1787 4961 1853 5029 τῇ
1889 4976 1992 5013 πο-

2091 4505 2305 4560 dorum.
2356 4524 2374 4556 ι
2419 4504 2810 4576 Prophetarum
2852 4523 2954 4562 vox
2979 4511 3180 4580 gratias
3229 4514 3339 4570 Deo
3369 4519 3668 4588 agentium,

2088 4596 2232 4665 quod
2265 4595 2525 4651 liberatus
2554 4599 2625 4652 sit
2666 4599 2901 4670 populus
2943 4611 2998 4656 et
3034 4603 3102 4658 ab
3156 4604 3416 4664 historica
3442 4612 3672 4682 captivi-

2090 4695 2224 4752 tate,
2245 4697 2300 4742 et
2325 4702 2356 4741 e
2385 4687 2574 4743 mundi
2600 4691 2922 4747 confusione
2941 4709 3040 4760 per
3062 4693 3399 4755 Salvatorem
3421 4712 3669 4758 nostrum

2085 4777 2270 4831 Jesum
2299 4778 2598 4836 Christum.

2163 4867 2222 4923 ν.
2259 4869 2344 4921 15.
2392 4889 2409 4920 ι
2447 4869 2762 4928 Habitantes
2790 4874 2844 4928 in
2887 4876 3044 4946 aquis
3086 4881 3292 4936 multis.
3341 4899 3360 4933 ι
3395 4880 3520 4951 Cyri
3554 4883 3674 4953 qui-

2089 4959 2211 5013 dam
2234 4960 2421 5028 aiunt;
2452 4962 2542 5016 alii
2569 4964 2736 5019 Darii.
2767 4964 2849 5020 Ad
2882 4983 3106 5024 sensum
3141 4971 3483 5039 historicum,
3516 4973 3672 5044 copia

413 5046 715 5120 λυπληθείᾳ
757 5048 868 5102 τῶν
916 5047 1148 5118 ἀνδρῶν,
1174 5048 1310 5118 πρὸς
1345 5047 1404 5101 δὲ
1436 5048 1708 5114 διάνοιαν,
1733 5052 1847 5112 τοῖς
1895 5054 1987 5122 τῆς

2093 5051 2374 5105 hominum
2399 5070 2413 5119 ;
2451 5054 2699 5125 mystice,
2730 5055 3062 5114 ﬂuxionibus
3092 5060 3292 5117 cordis.

416 5137 646 5208 καρδίας
678 5137 970 5208 ῥεύμασιν.

495 5227 649 5280 «Ὅτι
693 5225 878 5297 ὤμοσε
909 5227 1115 5299 Κύριος
1150 5227 1290 5282 κατὰ
1317 5226 1412 5282 τοῦ
1441 5227 1747 5300 βραχίονος.
1779 5247 1800 5281 ι
1837 5231 1992 5285 Κατὰ

417 5321 517 5391 τῆς
541 5319 734 5373 ἑαυτοῦ
759 5320 1068 5391 δυνάμεως.

495 5429 514 5463 ι
542 5411 653 5465 Καὶ
681 5409 1006 5480 φθέγξονται
1033 5411 1125 5466 ἐπὶ
1154 5409 1271 5468 σί.»
1314 5411 1460 5467 ’Δντὶ
1487 5409 1607 5480 τοῦ,
1640 5411 1988 5478 ὀνειδίζοντές

421 5519 505 5558 σε.

491 5693 535 5725 ³⁸
562 5693 582 5748 l
612 5692 757 5755 Petr.
784 5711 839 5765 ιι,
871 5695 923 5751 9.

2171 5225 2231 5281 V.
2289 5227 2377 5282 14.
2422 5245 2441 5279 ι
2478 5227 2615 5294 Quia
2673 5230 2877 5300 iuravit
2914 5232 3178 5290 Dominus
3235 5248 3336 5305 per
3385 5234 3670 5293 brachium

2096 5332 2276 5372 suum.
2318 5337 2336 5370 ι
2370 5319 2474 5375 Per
2502 5334 2656 5374 suam
2685 5322 2968 5377 virtutem.

2173 5432 2193 5466 ι
2241 5415 2311 5472 Et
2341 5416 2638 5489 loquentur
2675 5430 2841 5488 super
2874 5425 2949 5476 te.
2975 5436 2995 5472 ι
3046 5417 3173 5488 Pro,
3207 5420 3305 5479 tibi
3331 5421 3672 5496 exprobran-

2095 5514 2196 5561 tes.
