4122 6210
447 5764 474 5841 ἐ

512 317 615 382 719

1604 303 2121 369 OLYMPIODORI
2164 302 2689 363 ALEXANDRINI

3670 319 3775 384 730

577 434 644 488 ν.
677 433 762 488 l5.
817 451 836 484 ι
877 429 1138 486 Dominus
1185 425 1391 480 faciens
1429 434 1648 477 terram.
1691 441 1710 473 ο
1750 422 1832 477 Ab
1859 419 2079 491 opiﬁcio

2256 435 2275 468 ι
2306 416 2513 487 Κύριος
2551 414 2724 468 ποιῶν
2750 414 2878 483 γῆν.
2908 429 2925 464 ι
2961 410 3099 466 Ἀπὸ
3122 410 3222 481 τῆς
3247 411 3617 483 δημιουργίας
3636 416 3771 468 ava-

507 524 675 577 Deum
708 520 1061 590 proportione
1094 512 1530 585 cognoscendum
1556 513 1736 567 docet.
1772 510 1831 565 In
1852 510 1990 565 caelo
2017 509 2085 564 ad

509 612 838 684 exploranda
881 609 1139 663 tonitrua.

579 701 644 753 V.
678 700 764 754 t7.
821 716 839 749 ι
876 696 1086 751 Stultus
1124 694 1300 749 factus
1329 700 1416 748 est
1443 691 1623 748 onmis
1652 692 1817 745 homo
1847 705 1875 744 a
1903 689 2085 744 scien-

510 793 606 846 tia.
645 810 663 841 ι
712 790 829 844 Non
872 788 1150 842 intellecto
1192 784 1385 855 opiliee
1430 799 1497 838 ex
1536 783 1739 853 opiﬁeii
1779 781 2084 852 pulchritu-

508 884 656 947 dine,
689 881 775 936 vel
797 879 1142 952 generaliter,
1185 877 1312 947 quia
1348 891 1498 930 nunc
1526 891 1592 929 ex
1625 884 1776 943 parte
1802 873 2087 944 cognosci-

510 988 653 1115 muli):
684 1061 775 1117 ΞΟ.
811 1078 832 1110 ι
884 1058 1157 1129 Dispergis
1200 1066 1254 1110 tu
1296 1056 1432 1110 mihi
1473 1069 1600 1110 vasa
1648 1053 1792 1108 belli.
1827 1071 1846 1105 ι
1890 1052 1968 1106 Ad
1994 1052 2084 1106 lit-

509 1164 678 1208 teram
712 1151 930 1222 quidem
994 1149 1320 1219 Babylonem
1361 1146 1583 1216 respicit
1618 1146 1707 1199 hic
1736 1159 1956 1209 sermo;
1990 1144 2084 1199 sed

506 1258 639 1299 vero
689 1242 916 1313 propius
972 1247 1078 1301 est,
1119 1237 1300 1293 omnia
1348 1253 1471 1306 quae
1516 1243 1823 1305 sequuntur
1868 1235 1934 1289 ad
1983 1234 2085 1289 Sa-

508 1346 687 1390 tanam
718 1333 875 1403 dirigi
904 1346 969 1386 ex
995 1346 1225 1401 persona
1251 1328 1366 1385 Dei.
1389 1326 1493 1387 Tu,
1514 1327 1709 1396 inquit,
1738 1327 1843 1380 hoc
1877 1326 1991 1396 agis
2026 1333 2087 1380 ut

505 1428 783 1496 dispergas
826 1424 945 1493 pios
996 1422 1242 1475 homines
1291 1419 1385 1487 qui
1435 1429 1612 1473 tecum
1672 1433 1915 1489 pugnare
1958 1431 2087 1487 pos-

505 1528 656 1574 sunt.
718 1519 831 1588 Ego
877 1532 1006 1571 vero
1052 1515 1362 1585 dispergam
1416 1526 1728 1568 universam
1774 1511 2085 1566 daemonum

506 1608 930 1673 multitudinem,
961 1615 1015 1661 et
1046 1607 1136 1677 qui
1171 1606 1226 1661 in
1258 1604 1361 1660 illis
1391 1614 1519 1659 sunt
1553 1603 1620 1658 ad
1661 1603 1861 1657 malum
1893 1596 2087 1671 poten-

506 1701 693 1757 tiores.

575 1792 918 1861 Voluptatem
954 1789 1187 1845 feminea
1216 1788 1446 1843 libidine
1476 1796 1827 1852 aestuantem,
1858 1786 2086 1857 ejusque
2118 1773 2160 1828 Β

504 1881 758 1952 opiﬁcem
788 1881 1114 1936 daemonem.

575 1970 641 2026 V.
704 1972 798 2026 21.
854 1990 872 2022 ι
906 1972 972 2025 Et
999 1971 1301 2041 dispergam
1350 1969 1403 2022 iu
1458 1978 1509 2023 te
1562 1983 1786 2039 equum.
1822 1987 1842 2020 ι
1894 1967 2089 2024 [naues

503 2063 687 2135 gloria:
706 2073 763 2117 et
786 2062 1138 2133 pecuniarum
1170 2061 1464 2130 appetitus,
1483 2075 1780 2129 eorumque
1808 2058 2088 2129 operarios

503 2155 797 2210 daemones.

574 2242 641 2299 γ.
702 2245 794 2298 22.
857 2262 877 2295 ι
919 2241 986 2297 Et
1031 2242 1336 2313 dispergam
1390 2241 1445 2295 in
1501 2250 1553 2295 te
1588 2239 2012 2297 adolescentem.
2061 2258 2081 2292 ι

502 2316 727 2394 Steriles
750 2335 817 2391 ad
840 2334 1122 2390 ferendum
1153 2334 1410 2388 fructum.

578 2448 599 2481 ε
637 2427 704 2482 Ει
733 2428 1042 2498 dispergam
1072 2427 1130 2481 in
1178 2434 1230 2481 te
1261 2427 1437 2481 virum
1474 2435 1531 2480 et
1555 2425 1827 2495 mulieres.
1869 2443 1889 2477 ›
1921 2423 2087 2480 Volu-

448 2520 461 2533 ’
502 2520 672 2589 ptatis
701 2518 962 2574 studium.

577 2606 641 2663 V.
676 2608 768 2663 25.
806 2627 824 2658 ι
860 2607 927 2661 Ει
954 2607 1259 2678 dispergam
1286 2608 1342 2662 in
1375 2617 1428 2662 te
1466 2618 1759 2677 pastorem.
1802 2626 1822 2658 ι
1856 2605 2086 2663 Fallacis

504 2698 748 2757 scientia:
776 2698 1054 2763 doctores,
1081 2706 1138 2753 et
1166 2697 1486 2753 obedientes
1515 2698 1641 2754 illis.

583 2891 602 2924 ι
648 2872 717 2927 Ει
756 2870 1066 2941 dispergam
1108 2868 1164 2924 in
1196 2878 1250 2926 te
1276 2869 1592 2943 agricolam.
1641 2889 1660 2922 ι
1694 2869 1967 2927 [dolorum
1997 2885 2084 2927 sa-

504 2963 737 3030 criﬁcos,
767 2971 824 3019 et
854 2962 1123 3018 sacriﬁcia
1154 2978 1366 3028 eorum,
1396 2973 1452 3017 et
1483 2963 1645 3017 idola.

2188 506 2362 576 λόγως
2395 506 2720 577 θεωρεῖσθαι
2749 505 2990 558 διδάσκει
3017 503 3112 557 τὸν
3140 502 3407 560 Θεόν.Ἑν
3427 504 3508 576 τῷ
3530 506 3769 578 οὐρανῷ,

2187 599 2270 662 είς
2302 598 2363 650 τδ
2389 597 2674 651 ἀποτελεῖν
2705 594 2958 667 βροντάς.

2260 708 2279 741 ι
2301 687 2624 760 Ἐμωράνθη
2676 690 2786 752 πᾶς
2828 688 3116 759 ἄνθρωπος
3163 689 3273 742 ἀπὸ
3306 685 3585 757 γνώσεως.
3622 707 3642 741 ι
3678 689 3775 762 Μὴ

2185 782 2386 852 νοήσας
2416 780 2524 834 ἀπὸ
2556 780 2657 850 τῆς
2685 779 2951 849 καλλονῆς
2980 779 3091 832 τῶν
3120 781 3441 850 κτισμάτων
3466 781 3561 833 τὸν
3588 781 3775 835 αὐτῶν

2184 871 2540 943 δημιουργὸν,
2572 872 2605 941 ἦ
2636 872 2733 926 καὶ
2758 870 3016 926 καθόλου.
3043 872 3127 925 ὅτι
3146 870 3253 925 νῦν
3282 873 3347 926 ἐκ
3375 871 3575 943 μέρους
3595 871 3775 941 γινώ-

2186 981 2416 1035 σκομεν.

2261 1075 2281 1108 ‹
2313 1056 2735 1126 Διασκορπίζεις
2768 1054 2833 1109 σύ
2872 1072 2963 1126 μοι
2995 1054 3163 1126 σκεύη
3212 1055 3478 1125 πολέμου.
3518 1072 3541 1108 r
3570 1056 3775 1128 Δίσθη-

2184 1145 2296 1208 τῶς
2334 1148 2455 1218 μὲν,
2486 1147 2562 1212 ὡς
2594 1148 2732 1217 πρὸς
2763 1148 2863 1219 τὴν
2893 1146 3191 1201 Βαϐυλῶνα
3209 1148 3239 1200 ὁ
3258 1146 3449 1214 λόγος’
3478 1147 3777 1218 ἀληθέστε-

2188 1254 2280 1309 ρον
2311 1238 2369 1292 δὲ
2404 1240 2576 1293 πάντα
2609 1235 2810 1310 ἑφεξῆς
2844 1238 2981 1311 πρὸς
3009 1240 3103 1291 τὸν
3129 1239 3374 1291 Σατανᾶν
3404 1237 3659 1308 εῑρηται·
3694 1239 3775 1303 ὡς

2184 1326 2250 1377 ὲκ
2283 1324 2381 1378 τοῦ
2423 1326 2580 1380 Θεοῦ.
2632 1328 2728 1392 Σὺ,
2773 1328 2959 1397 φησὶν,
3007 1329 3310 1398 ἐπιχειρεῖς
3362 1328 3773 1401 διασκορπίζειν

2183 1418 2311 1481 τοὺς
2350 1416 2672 1488 ἀνθρώπους
2697 1419 2825 1482 τοὺς
2857 1418 3150 1482 θεοσεϐεῖς,
3174 1420 3303 1482 τοὺς
3331 1419 3664 1489 δυναμένους
3684 1436 3771 1473 σοι

2187 1509 2475 1577 πολεμεῖν·
2506 1508 2619 1577 ἐγὼ
2642 1509 2700 1563 δὲ
2730 1509 3107 1580 διασκορπίζω
3133 1526 3229 1563 σου
3265 1513 3448 1565 πᾶσαν
3481 1511 3774 1581 δαιμονιώ-

2185 1597 2249 1668 δη
2281 1598 2513 1668 πληθὺν,
2548 1601 2644 1653 καὶ
2679 1602 2806 1665 τοὺς
2835 1600 3014 1655 αὐτῶν
3055 1602 3114 1654 ἐν
3156 1602 3328 1673 κακίᾳ
3370 1594 3771 1672 ἐπικρατεστέ-

2191 1705 2339 1759 ρους.

2271 1780 2495 1851 Ἡδονὴν
2514 1781 2612 1853 τὴν
2633 1782 2947 1855 θηλυμανῆ,
2974 1785 3071 1839 καὶ
3092 1785 3183 1838 τὸν
3200 1784 3409 1854 ταύτην
3435 1786 3768 1858 ἐνεργοῦντα

2188 1870 2443 1941 δαίμονα.

2265 1982 2284 2015 ι
2315 1966 2424 2017 Kal
2454 1964 2796 2035 διασκορπιῶ
2820 1966 2880 2021 ὲν
2907 1966 2992 2020 σοὶ
3020 1967 3207 2022 ἵππον.
3235 1985 3256 2018 ι
3303 1968 3419 2031 Τὰς
3441 1970 3765 2039 φιλοδοξίας,

2186 2052 2286 2117 τὰς
2315 2053 2760 2125 φιλοχρηματίας
2792 2055 2884 2107 καὶ
2907 2054 3037 2118 τοὺς
3060 2055 3235 2120 αὐτὰς
3261 2057 3620 2128 ἐνεργοῦντας
3642 2060 3767 2114 δαί-

2188 2159 2381 2214 μονας.

2265 2253 2284 2286 ι
2320 2237 2428 2291 Καὶ
2458 2235 2799 2308 διασκορπιῶ
2844 2236 2904 2290 ὲν
2957 2237 3040 2290 σοὶ
3088 2237 3390 2292 νεανίσκον.
3419 2257 3439 2291 ι
3467 2239 3608 2303 Τοὺς
3633 2241 3769 2313 ἀγό-

2185 2343 2311 2391 νους
2338 2328 2420 2390 είς
2449 2327 2675 2398 ἀρετήν.
2735 2343 2741 2350 ·

2260 2436 2279 2470 ι
2309 2418 2420 2470 Kal
2456 2417 2793 2490 διασκορπιῶ
2821 2419 2879 2472 ὲν
2909 2420 2995 2474 σοὶ
3022 2420 3191 2492 ἄνδρα
3213 2420 3310 2475 καὶ
3336 2425 3626 2491 γυναῖκα.)
3650 2423 3766 2498 Τὴν

2186 2507 2522 2581 φιληδονίαν.

2261 2617 2281 2651 ι
2312 2600 2425 2653 Καὶ
2447 2599 2789 2671 διασκορπιῶ
2812 2601 2872 2654 ὲν
2891 2601 2983 2655 ’σοὶ
3007 2602 3266 2673 ποιμένα.
3292 2622 3312 2656 ι
3343 2605 3484 2670 Τοὺς
3510 2607 3609 2679 τῆς
3632 2608 3768 2679 ψευ-

2183 2691 2436 2762 δωνύμου
2492 2690 2751 2760 γνώσεως
2794 2693 3153 2759 διδασκάλους
3195 2695 3296 2750 σὺν
3344 2700 3461 2763 τοῖς
3502 2699 3761 2773 πειθομέ-

2184 2801 2319 2849 νοις.

2258 2897 2278 2931 ι
2310 2880 2421 2933 Kal.
2463 2880 2807 2952 διασκορπιῶ
2847 2883 2906 2935 ὲν
2957 2881 3043 2934 σοὶ
3085 2880 3356 2953 γεωργόν.
3386 2901 3408 2937 ι
3466 2883 3609 2949 Τοὺς
3652 2884 3765 2938 τῶν

2181 2971 2419 3026 εἰδώλων
2459 2974 2803 3045 ίερουργοὺς,
2829 2972 3044 3037 καὶτὰς
3083 2973 3309 3039 τελετὰς
3338 2976 3539 3043 αὐτῶν,
3570 2979 3666 3033 καὶ
3693 2980 3764 3034 τὰ

2183 3062 2402 3117 εἴδωλα.

582 3162 601 3196 ι
636 3144 703 3199 Ει
725 3144 1030 3214 dispergam
1056 3140 1111 3195 in
1138 3149 1192 3197 te
1228 3139 1535 3211 praefectos.
1577 3159 1598 3193 ι
1661 3139 1944 3211 Principes
1980 3156 2082 3196 ne-

2186 3208 2194 3215 ,
2260 3172 2279 3206 ι
2314 3157 2423 3209 Καὶ
2465 3158 2808 3231 διασκορπιῶ
2836 3162 3136 3233 ἡγεμόνας.
3170 3184 3189 3217 ι
3233 3165 3374 3230 Τοὺς
3403 3165 3672 3238 ἄρχοντας
3704 3165 3763 3219 ιν

505 3236 689 3308 quitize
717 3236 1011 3290 daemonas.

576 3327 641 3383 ν.
684 3326 773 3381 25.
835 3344 854 3378 ι
895 3326 1032 3380 Ecce
1077 3339 1177 3396 ego
1215 3322 1283 3377 ad
1311 3333 1362 3378 te
1393 3332 1633 3378 montem
1677 3330 2013 3393 corruptum.
2056 3342 2075 3375 ι

507 3418 773 3474 llistorice
791 3417 1010 3487 quidem
1041 3416 1655 3480 Nabuchodonosorem,
1690 3415 1924 3486 spiritali
1952 3430 2081 3471 vero

506 3524 672 3565 sensu
723 3508 978 3563 Satanam
1030 3516 1377 3578 corruptum,
1416 3507 1545 3577 quia
1593 3522 1716 3561 cum
1747 3517 1802 3561 et
1854 3507 1902 3561 is
1941 3522 2082 3586 unus

506 3610 653 3656 esset
672 3616 736 3655 ex
769 3599 1129 3670 archangelis,
1157 3609 1350 3671 sponte
1378 3613 1476 3655 sua
1507 3599 1780 3669 propriam
1821 3598 2081 3654 virtutem

504 3692 765 3748 deseruit.
1977 3685 1981 3689 ’

581 3801 600 3833 σ
636 3783 703 3837 Ει
730 3782 1016 3837 extendam
1044 3797 1265 3837 manum
1314 3797 1490 3836 meam
1520 3798 1684 3851 super
1717 3789 1791 3837 te.
1831 3800 1850 3835 ι
1887 3781 2083 3853 Expel-

506 3874 612 3929 lam
650 3882 701 3929 te
738 3874 807 3929 ab
857 3873 943 3929 bis
999 3874 1091 3945 qui
1129 3874 1497 3938 crediderunt.
1536 3875 1742 3931 sanctis
1784 3874 2079 3945 lapidibus,

507 3964 599 4035 qui
621 3979 787 4034 super
805 3972 1004 4019 terram
1034 3965 1365 4031 volutantur,
1393 3966 1478 4021 vel
1494 3967 1687 4022 eodem
1711 3968 1933 4022 nomine
1957 3962 2079 4022 eum

507 4066 691 4127 petra,
737 4056 791 4111 id
832 4063 934 4120 est,
988 4054 1209 4112 Christo
1240 4056 1427 4112 fideles
1446 4072 1664 4127 quoque
1696 4067 1864 4128 petrae
1909 4057 2080 4113 vocati

507 4130 661 4215 sunt,
701 4161 767 4201 eo
806 4146 953 4217 quod
984 4147 1209 4203 credant
1245 4147 1301 4203 in
1340 4147 1540 4218 ipsum,
1567 4158 1624 4204 et
1653 4149 1814 4205 ﬁdem
1846 4149 2083 4205 habeant

507 4241 904 4297 inconcussam.

581 4350 601 4381 ι
646 4331 714 4383 Ει
740 4330 879 4383 dabo
919 4338 970 4384 te
1008 4330 1150 4385 sicut
1179 4339 1417 4386 montem
1447 4332 1812 4387 combustum.
1844 4352 1863 4384 ι
1899 4333 2081 4388 Infra--

507 4428 756 4476 ctuosum
789 4420 1022 4482 scilicet.
1054 4420 1321 4480 inutilem.

578 4510 642 4565 γ.
676 4509 765 4563 26.
801 4528 819 4560 ι
852 4511 919 4566 Ει
947 4526 1057 4565 non
1083 4512 1352 4582 accipient
1370 4514 1441 4570 de
1462 4522 1516 4570 te
1541 4514 1794 4585 lapidem.
1828 4534 1847 4566 ι
1887 4515 2079 4570 Fortes

507 4618 570 4657 ac
605 4602 723 4656 duri
755 4602 962 4672 lapides
987 4603 1054 4657 ad
1080 4602 1433 4660 fundamenta
1445 4606 1726 4675 iaciuntur
1751 4606 1882 4659 etin
1911 4622 2082 4675 angu-

508 4691 609 4746 los.
640 4688 763 4744 Eris
792 4690 996 4761 itaque,
1023 4692 1119 4759 ait,
1137 4691 1406 4761 inﬁmus,
1436 4694 1670 4761 inutilis,
1687 4704 1744 4750 et
1768 4694 1988 4764 ineptus
2014 4695 2082 4749 ad

509 4798 668 4838 usum
677 4821 692 4836 .

580 4893 601 4929 ι
639 4875 838 4931 Levate
867 4874 1079 4948 signum
1103 4889 1267 4945 super
1299 4884 1519 4932 terram.
1562 4895 1581 4929 ι
1621 4876 1829 4932 Tubam
1862 4862 2074 4949 signum

504 4977 682 5024 vocat.
736 4966 990 5038 Pracipit
1027 4983 1159 5024 vero
1214 4969 1321 5024 hoc
1352 4968 1498 5025 Deus
1538 4968 1769 5025 fortasse
1819 4971 2079 5042 angelicis

503 5059 828 5131 quibusdam
852 5060 1147 5137 virtutibus
1174 5060 1241 5115 ad
1272 5060 1593 5117 excitandos
1619 5060 2076 5127 animos-eorum,

501 5152 594 5223 qui
624 5151 822 5207 bellum
846 5163 1034 5207 contra
1061 5151 1385 5223 Babylonem
1406 5160 1565 5205 erant
1586 5154 1912 5222 suscepturi.
1938 5155 2078 5208 Prm-

501 5242 635 5313 cipit.
666 5243 795 5309 item
840 5251 897 5297 et
928 5242 1188 5312 apostolis
1225 5252 1285 5301 αι
1318 5241 1504 5299 ﬁdeles
1548 5244 1802 5315 colligant
1832 5245 2079 5300 illaturos

500 5334 703 5389 bellum
738 5334 1078 5390 idololatriae.

578 5441 599 5474 ι
636 5422 1006 5513 βειοειίῐὶεειε
1065 5439 1232 5494 super
1274 5440 1395 5482 eam
1439 5434 1651 5496 gentes.
1704 5444 1726 5478 ο
1785 5426 2077 5499 Segregate

503 5520 692 5567 contra
720 5527 840 5567 eam
872 5522 1223 5585 pugnaturos.

578 5620 599 5656 ι
633 5601 826 5658 Tollite
849 5620 878 5658 a
909 5621 1014 5658 me.
1063 5626 1081 5659 ι
1134 5608 1327 5663 Ararat
1372 5609 1642 5665 Armenia:
1673 5621 1801 5665 sunt
1840 5621 2072 5667 montes.

2184 3246 2355 3319 κακίᾳ
2384 3250 2667 3321 δαίμονας.

2260 3358 2280 3391 ι
2303 3340 2436 3394 Ἰδοὺ
2487 3342 2601 3411 ἐγὼ
2653 3344 2792 3416 πρὸς
2834 3344 2897 3398 et
2936 3343 2999 3399 τδ
3036 3346 3167 3418 δρος
3192 3349 3254 3400 τδ
3279 3347 3702 3421 διεφθαρμένον.
3736 3369 3756 3403 ι

2181 3431 2465 3501 Δίσθητῶς
2502 3435 2600 3504 μὲν
2621 3433 2716 3488 τὸν
2746 3435 3244 3510 Ναϐουχοδονόσορ,
3280 3439 3418 3512 πρὸς
3440 3440 3498 3495 δὲ
3516 3440 3763 3498 διάνοιαν

2182 3521 2273 3574 τὸν
2318 3522 2562 3577 Σατανᾶν
2605 3523 3023 3597 διεφθαρμένον,
3076 3527 3160 3581 δτι
3201 3524 3285 3593 εἷς
3340 3530 3438 3584 καὶ
3467 3530 3637 3595 αὐτὸς
3662 3547 3763 3603 γεη

2181 3611 2352 3679 γονὼς
2378 3612 2487 3666 τῶν
2516 3614 2897 3685 ἃρχαγγέλων,
2927 3617 3405 3690 αὐτοπροαιρέτως
3420 3620 3523 3694 τῆς
3548 3623 3761 3688 οίκείας

2180 3704 2438 3771 ἐξέπεσεν
2474 3707 2698 3778 ἀρετῆς.
3352 3776 3359 3781 ἱ

2255 3813 2275 3844 ι
2306 3796 2415 3850 Καὶ
2441 3797 2648 3852 ὲκτενῶ
2681 3798 2779 3870 τὴν
2802 3800 2961 3871 χεῖρά
2989 3817 3092 3870 μου
3125 3801 3219 3855 ktl
3246 3801 3327 3857 σέ.
3354 3822 3373 3856 ι
3416 3803 3635 3870 Ἐξώσω
3648 3806 3760 3861 ἀπὸ

2179 3887 2288 3941 τῶν
2318 3891 2783 3957 πεπιστευκότων,
2818 3891 2928 3946 τῶν
2950 3891 3124 3961 ἁγίων
3153 3893 3338 3960 λίθων,
3354 3896 3468 3950 τῶν
3499 3898 3757 3970 κυλιομέ-

2180 3995 2287 4031 νων
2311 3980 2401 4032 ἐπὶ
2421 3980 2522 4049 τῆς
2549 3981 2724 4052 γῆς,ἢ
2746 3983 2841 4035 καὶ
2863 3983 3174 4055 ὁμωνύμως
3194 3988 3262 4058 τῇ
3284 3988 3485 4061 πέτρᾳ,
3510 3993 3758 4047 τουτέστι

2180 4071 2421 4144 Χριστῷ,
2443 4075 2538 4126 καὶ
2575 4076 2624 4127 οί
2654 4076 2836 4128 πιστοὶ
2866 4076 3065 4149 πέτραι
3093 4078 3407 4151 ἐκλήθησαν
3434 4082 3524 4137 διὰ
3548 4084 3648 4157 τὴν
3679 4088 3759 4149 είς

2181 4163 2344 4216 αὑτὸν
2383 4165 2586 4233 πίστιν,
2619 4165 2715 4220 καὶ
2748 4167 2811 4221 τὺ
2842 4168 3141 4241 ἀκλύνητον
3168 4171 3268 4242 τῆς
3306 4174 3564 4239 πίστεως.

2258 4360 2275 4391 ι
2307 4341 2414 4393 Kal
2444 4326 2600 4395 δώσω
2629 4359 2688 4396 σε
2726 4343 2804 4402 ὡς
2845 4344 2971 4416 ὅρος
3013 4347 3517 4421 ὲμπεπυρισμένον.
3551 4370 3572 4404 ι
3612 4354 3760 4409 Ἀντὶ

2182 4430 2298 4496 τοῦ,
2332 4433 2603 4503 ἄκαρπον,
2628 4437 2861 4507 ἀχρεῖον.

2260 4538 2279 4572 t
2310 4523 2418 4575 Kal
2441 4522 2501 4575 οὐ
2538 4524 2612 4594 μὴ
2638 4523 2845 4578 λάϐωσι
2879 4526 2988 4579 ἀπὺ
3017 4526 3113 4580 σοῦ
3170 4527 3341 4582 λίθον.
3372 4547 3392 4583 ι
3444 4531 3508 4585 οἱ
3548 4534 3758 4604 στερεοὶ

2179 4614 2276 4665 καὶ
2311 4615 2618 4686 ἐρρωμένοι
2652 4617 2792 4670 λίθοι
2821 4620 2899 4681 είς
2926 4622 3052 4683 τοὺς
3083 4620 3366 4690 θεμελίους
3385 4624 3756 4680 καηᾶάλλον-

2175 4723 2290 4770 ται,
2332 4710 2426 4763 καὶ
2469 4711 2551 4773 είς
2598 4712 2824 4778 γωνίας.
2854 4713 2994 4787 Ἐσῃ
3040 4710 3134 4768 οὖν
3179 4712 3439 4790 ἀσθενὴς,
3474 4723 3627 4791 φησι,
3663 4722 3754 4776 καὶ

2178 4801 2424 4869 ἀχρεῖος,
2457 4801 2553 4854 καὶ
2590 4805 2900 4872 ἀνωφελής.

2254 4891 2491 4962 «Ἄρατε
2541 4895 2769 4962 σημεῖον
2814 4892 2906 4947 ἐπὶ
2953 4895 3050 4965 τῆς
3103 4897 3225 4966 γῆς.
3258 4916 3277 4951 ι
3310 4898 3423 4971 Τὴν
3473 4901 3753 4973 σάλπιγγα

2174 4981 2403 5051 σημεῖόν
2435 4999 2591 5052 φησι.
2632 4982 2864 5038 Κελεύει
2897 4985 2954 5038 δὲ
2984 4985 3144 5041 τοῦτο
3199 4989 3332 5053 Θεὸς
3370 4990 3500 5055 ἴσως
3531 4992 3754 5063 ἀγγελι-

2173 5073 2299 5134 καῖς
2325 5088 2436 5126 τισι
2468 5073 2899 5144 δυνάμεσιν,ὲπὶ
2929 5074 3009 5147 τῷ
3036 5077 3302 5149 διεγεῖραι
3325 5079 3421 5145 τὰς
3442 5078 3623 5155 ψυχὰς
3643 5084 3751 5138 τῶν

2178 5160 2481 5229 μελλόντων
2526 5163 2785 5231 πολεμεῖν
2821 5168 2885 5237 τῇ
2926 5165 3226 5224 Βαϐυλῶνι.
3275 5169 3506 5226 Κελεύει
3550 5173 3607 5227 δὲ
3657 5174 3752 5227 καὶ

2174 5251 2288 5314 τοῖς
2316 5252 2647 5317 ἀποστόλοις
2671 5255 2929 5323 συνάγειν
2954 5260 3083 5323 τοὺς
3106 5260 3357 5324 πιστοὺς.
3380 5262 3508 5326 τοὺς
3536 5263 3750 5333 μέλλον-

2177 5359 2285 5406 τας¹
2306 5345 2566 5415 πολεμεῖν
2591 5349 2657 5417 τῇ
2681 5347 3117 5422 είδωλολατρείᾳ.

2248 5435 2581 5503 ιἈγιάσατε
2628 5438 2719 5491 ἐπ’
2755 5438 2927 5511 αὐτὴν
2966 5434 3125 5511 ἔθνη.
3164 5456 3189 5494 ι
3255 5441 3578 5514 Ἀφορίσατε
3627 5445 3752 5510 τοὺς

2177 5525 2472 5596 μέλλοντας
2500 5529 2588 5581 ἐπ’
2604 5529 2742 5601 αὐτῇ
2766 5530 3044 5601 πολεμεῖν.

2250 5618 2487 5689 «Ἄρατε
2519 5620 2649 5693 παρ’
2670 5621 2827 5691 ἐμοῦ.
2862 5642 2881 5675 ι
2911 5625 3023 5695 Τῆς
3054 5624 3341 5695 Ἀρμενίας
3364 5626 3464 5699 ὅρη
3494 5629 3559 5682 τὰ
3590 5628 3757 5702 ’Δραο

2178 5706 2300 5775 ράτ.
