4122 6210
467 297 572 362 723

1557 306 2074 368 OLYMPIODORI
2114 309 2641 372 ALEXANDRINI

3627 313 3735 378 724i

471 425 680 476 rursus,
709 411 964 470 abstersit
1027 413 1167 469 Deus
1222 430 1435 468 omnem
1507 414 1794 486 lacrymam
1838 431 1866 470 a
1909 416 2036 470 fac-ie

2143 416 2362 487 ἀφεῖλεν
2390 419 2418 471 6
2449 417 2581 481 Θεὸς
2606 417 2716 471 πᾶν
2747 417 2984 490 δάκρυον
3009 418 3118 472 ἀπὸ
3149 418 3447 490 προσώπου
3481 419 3585 490 τῆς
3607 423 3734 492 γῆς,

469 511 646 556 ωτι-αξ.

548 589 604 648 ν.
639 593 727 648 50.
767 614 786 646 ι
825 594 929 661 Qui
955 596 1184 651 evaditis
1207 597 1274 652 de
1309 607 1471 653 terra.
1505 616 1524 649 ι
1554 597 1657 664 Qui
1693 595 1931 665 terrena,
1961 601 2047 654 in-

463 682 604 749 quit,
661 683 974 752 reliquistis,
1000 701 1218 756 semper
1262 687 1318 741 in
1368 688 1570 744 virtute
1615 690 1901 760 prolicite;
1947 708 2050 748 nec

463 772 810 829 subsistatis:
840 775 943 830 Sed
967 780 1180 842 currite,
1212 789 1268 833 ut
1289 783 1815 850 comprehendalis".

544 880 563 913 ι
599 863 701 929 Qui
733 866 800 920 de
832 866 1013 938 longe.
1053 887 1072 920 ι
1103 869 1208 936 Qui
1239 873 1368 926 olim
1413 875 1602 942 procul
1636 891 1664 928 a
1701 875 1832 941 Deo,
1871 875 2049 932 idolo-

465 969 584 1008 rum
609 957 868 1013 cultores.

537 1061 556 1095 ‹
595 1045 661 1100 Et
703 1046 1029 1106 Jerusalem.
1075 1069 1093 1102 ι
1144 1051 1535 1126 Hierosolymis
1579 1057 1800 1126 quidem
1839 1060 2049 1114 sacrifi-

462 1138 662 1194 cabant
716 1140 888 1197 Judaei
941 1163 952 1198 :
1004 1145 1163 1214 jubet
1219 1163 1350 1201 vero
1404 1149 1669 1204 visionem
1719 1151 1903 1220 pacis,
1947 1152 2050 1208 hoc

463 1242 701 1299 namque
749 1231 1053 1290 Jerusalem
1103 1237 1510 1307 interpretatur,
1551 1240 1849 1295 ascendere
1885 1255 2051 1309 super

463 1318 702 1376 ﬁdelium
733 1337 848 1392 eor,
891 1335 950 1380 ut
987 1343 1172 1396 pacem
1209 1330 1440 1385 habeant
1493 1332 1560 1385 ad
1600 1333 1788 1399 Deum,
1813 1349 1932 1403 quae
1975 1334 2049 1389 illi

462 1412 666 1481 placita
697 1428 1010 1486 operantes.

535 1503 596 1558 V.
639 1507 729 1562 5|.
792 1528 810 1560 ι
863 1511 1160 1580 (Σοοῃει-ιιίι
1210 1513 1527 1582 ignominia.
1565 1533 1584 1566 ι
1643 1516 1725 1570 Ad
1786 1517 2049 1584 litteram,

461 1598 607 1665 quod
642 1599 825 1654 hostes
857 1602 908 1654 in
945 1618 1158 1658 sacrum
1189 1607 1448 1676 templum
1495 1608 1726 1680 ingressi
1755 1619 1903 1673 sunt,
1929 1627 2048 1682 my-

2231 644 2247 676 ι
2273 625 2702 696 Ἀνασωζόμενοι
2744 626 2810 678 ὲκ
2853 625 2978 696 γῆς.
3008 645 3029 679 ι
3067 628 3128 680 Oi
3151 627 3258 680 τῶν
3287 628 3515 699 γηΐνων,
3544 632 3732 702 φησιν,

2149 715 2487 779 ἀποστάντες
2513 755 2527 778 ,
2582 715 2672 770 ἀεὶ
2717 719 3058 788 προκόπτετε
3111 719 3192 781 είς
3238 719 3463 790 ἀρετὴν,
3513 721 3607 774 καὶ
3658 721 3735 794 μὴ

2153 805 2392 869 ῖστασθε,
2418 807 2581 862 ἀλλὰ
2620 808 2878 878 τρέχετε.
2913 808 3018 863 ἵνα
3040 809 3439 878 καταλάϐητε.

2227 916 2246 949 ε
2277 899 2338 950 Ol
2367 899 2659 968 μακρόθεν.
2693 917 2713 951 ι
2747 899 2810 952 Ut
2845 899 3012 953 πάλαι
3043 899 3137 953 τοῦ
3173 899 3312 955 Θεοῦ
3348 902 3623 972 μακρόθεν
3651 904 3735 957 εί-

2149 992 2507 1062 δωλολάτραι.

2227 1104 2244 1136 ι
2261 1084 2385 1137 ,Καὶ
2419 1081 2797 1154 Ἰερουσαλήμ.
2824 1102 2842 1134 ι
2863 1080 2952 1135 Ἑν
2977 1081 3078 1152 μὲν
3101 1084 3166 1152 τῇ
3194 1081 3558 1153 Ἰερουσαλὴμ
3578 1083 3735 1139 ἔθυον

2162 1175 2402 1229 Ἰουδαῖοι
2423 1191 2436 1204 ο
2465 1173 2676 1227 κελεύει
2703 1175 2760 1228 δὲ
2787 1173 2887 1244 τὴν
2919 1175 3109 1245 ὅρασιν
3149 1175 3246 1244 τῆς
3278 1176 3504 1243 εἰρήνης
3523 1188 3538 1202 ⁸
3574 1175 3735 1228 τοῦτο

2150 1269 2257 1337 γὰρ
2302 1267 2666 1340 ἑρμηνεύεται
2703 1265 3095 1338 Ἰερουσαλήμ’
3145 1264 3464 1320 ἀναϐαίνειν
3507 1267 3589 1329 είς
3636 1265 3734 1329 τὰς

2150 1359 2258 1410 τῶν
2305 1356 2514 1411 πιστῶν
2555 1355 2803 1428 καρδίας,
2836 1355 2924 1409 ῑνα
2951 1356 3275 1426 είρηνεύωσι
3309 1354 3447 1425 πρὸς
3488 1354 3622 1408 Θεὸν
3665 1353 3735 1408 τὰ

2149 1447 2355 1517 ἀρεστὰ
2377 1445 2526 1517 αὐτῷ
2559 1444 2857 1509 ποιοῦντες.

2229 1557 2248 1590 ι
2277 1537 2670 1607 Κατεκάλυψεν
2715 1535 2930 1608 ἀτιμία.
2968 1555 2988 1590 ι
3024 1536 3167 1608 Πρὸς
3225 1536 3324 1607 μὲν
3354 1536 3414 1589 τὸ
3443 1535 3626 1607 ῥητὸν,
3650 1536 3732 1590 δτι

2152 1631 2232 1692 είς
2278 1629 2370 1682 τὸν
2417 1628 2560 1682 θεῖον
2612 1627 2738 1682 ναδν
2786 1628 3033 1698 εἰσῆλθον
3085 1628 3134 1680 ei
3177 1625 3466 1696 πολέμιοι·
3493 1626 3631 1696 πρὸς
3675 1625 3732 1677 δὲ

461 1689 616 1752 stiee,
640 1691 786 1759 quod
833 1692 1032 1763 impuri
1073 1695 1348 1752 daemones
1406 1699 1460 1752 in
1508 1700 1706 1753 animae
1747 1702 2036 1771 penetralia

2151 1689 2412 1784 διάνοιαν,
2442 1721 2525 1774 ὅτι
2578 1721 2660 1783 είς
2706 1719 2777 1773 τά
2821 1689 2990 1774 ἄδυτα
3037 1719 3137 1789 τῆς
3169 1689 3347 1787 ψυχῆς
3392 1689 3640 1786 luxuriari
3681 1716 3730 1769 oi

461 1783 802 1853 irrepserint.

535 1876 595 1932 V.
630 1881 716 1934 55.
769 1901 786 1932 ι
824 1882 889 1935 Et
933 1884 1191 1953 perdidit.
1232 1905 1252 1937 ι
1276 1887 1356 1941 Ad
1385 1888 1641 1956 litteram,
1680 1891 2046 1946 multitudinis

458 1969 685 2025 deorum
707 1988 769 2026 ex
811 1974 1161 2043 hominibus;
1193 1979 1512 2048 spiritaliter
1545 1998 1696 2044 vero,
1717 1999 1823 2053 qua
1853 2000 2041 2040 vocem

458 2061 719 2118 tollebant
747 2064 1151 2123 debacchantes
1182 2069 1368 2126 furore
1401 2072 1732 2130 daemonum.

527 2151 591 2206 V.
645 2154 733 2208 58.
796 2173 814 2206 ι
879 2157 1006 2212 Haec
1059 2158 1194 2214 dicit
1239 2161 1524 2219 Dominus.
1585 2184 1604 2218 ι
1667 2166 1896 2222 Satanas
1948 2170 2041 2240 qui

453 2261 552 2316 per
585 2257 758 2303 totum
811 2259 1082 2306 terrarum
1128 2254 1317 2310 orbem
1366 2255 1489 2312 lana
1541 2259 1807 2315 idolorum
1848 2278 2042 2316 erexe-

454 2346 556 2392 rat.

523 2425 587 2481 V.
649 2429 738 2485 53.
795 2449 814 2482 ι
863 2430 928 2486 Ει
987 2442 1174 2502 portae.
1222 2453 1240 2485 ι
1275 2434 1408 2502 Quae
1463 2438 1517 2492 in
1576 2441 1877 2508 perniciem
1935 2443 2040 2498 du-

453 2530 584 2574 cunt
620 2521 766 2577 :hoe
815 2538 946 2578 vero
985 2525 1227 2594 perfecte
1258 2527 1398 2582 litin
1441 2531 1733 2585 universali
1778 2548 2040 2589 consum-

452 2612 711 2668 matione.

528 2721 547 2753 ι
593 2702 658 2758 Et
695 2721 806 2759 non
843 2706 1188 2764 laborabunt.
1239 2728 1257 2762 ι
1303 2711 1620 2783 Babylonio,
1653 2715 1737 2770 vel
1761 2716 1923 2772 etiam
1950 2733 2039 2773 er-

448 2793 559 2847 rori
584 2794 980 2852 servientes.-—
1001 2797 1117 2852 Non
1143 2799 1416 2865 deficient,
1443 2802 1556 2856 ait:
1589 2818 1691 2857 vox
1714 2805 1883 2870 enim,
1912 2823 2034 2874 non,

447 2887 757 2942 communis
801 2888 1020 2959 utrique
1059 2900 1182 2957 est;
1228 2893 1331 2947 sub
1377 2892 1795 2964 Babyloniorum
1851 2903 2036 2966 tyran-

2149 1811 2450 1883 ἀκάθαρτοι
2473 1812 2749 1882 δαίμονες.

2221 1923 2241 1958 ι
2267 1903 2380 1962 Καὶ
2409 1903 2715 1958 ἀπώλεσεν.
2742 1920 2761 1953 ι
2799 1901 2945 1973 Πρὸς
2978 1901 3079 1970 μὲν
3108 1899 3169 1954 τὸ
3191 1898 3378 1970 ῥητὸν,
3408 1897 3510 1968 τῆς
3534 1899 3600 1952 ὲκ
3623 1897 3731 1951 τῶν

2144 1993 2448 2065 ἀνθρώπων
2474 1993 2773 2056 πολυθετας
2796 2010 2810 2024 ο
2843 1991 2982 2064 πρὸς
3010 1991 3069 2046 δὲ
3101 1991 3365 2051 διάνοιαν.
3389 1990 3473 2043 ὅτι
3494 1991 3733 2059 άνέκραυ

2145 2083 2237 2146 ζον
2270 2083 2728 2154 ὲκβακχευόμενοι
2759 2081 2865 2136 ὑπὸ
2896 2082 3008 2134 τῶν
3040 2081 3332 2152 δαιμόνων.

2220 2193 2237 2225 ι
2270 2174 2407 2228 Τάδε
2456 2175 2604 2243 λέγει
2639 2174 2868 2246 Κύριος.
2901 2193 2918 2226 ο
2958 2173 3014 2227 Ὀ
3042 2173 3284 2235 Σατανᾶς
3319 2172 3440 2226 καθ’
3469 2172 3595 2242 ὅλης
3624 2171 3732 2244 τῆς

2141 2264 2472 2335 οἰκουμένης
2497 2265 2566 2318 τὰ
2595 2265 2798 2336 τεμένη
2824 2263 3060 2317 εἰδώλων
3097 2262 3335 2334 ίδρύσας.

2217 2457 2236 2488 ‹
2270 2439 2378 2490 Καὶ
2413 2438 2470 2490 at
2507 2437 2694 2490 πύλαι.
2725 2456 2742 2487 ι
2771 2437 2834 2489 Ai
2855 2436 3170 2504 ἀπάγουσαι
3198 2436 3277 2498 είς
3299 2435 3400 2505 τὴν
3425 2433 3725 2490 ἀπώλειαν*

2140 2528 2301 2581 τοῦτο
2340 2528 2396 2581 δὲ
2431 2527 2654 2590 τελείως
2689 2527 2900 2595 γίνεται
2933 2528 2991 2580 ὲν
3025 2527 3088 2598 τῇ
3123 2524 3358 2579 καθόλου
3391 2525 3690 2597 συντελείᾳ.

2216 2745 2234 2779 ι
2263 2725 2340 2779 Οὐ
2372 2724 2725 2789 κοπιάζουσι.
2747 2743 2766 2776 ι
2788 2723 2881 2796 Τῷ
2906 2723 3253 2794 Βαϐυλωνίῳ,
3275 2722 3307 2793 ἢ
3331 2721 3428 2777 καὶ
3457 2725 3521 2793 τῇ
3549 2721 3726 2794 πλάνῃ

2137 2818 2502 2882 δουλεύοντες.
2542 2847 2613 2858 —-
2643 2818 2762 2871 Οὐκ
2801 2817 3135 2891 ἐπιλείψουσι,
3167 2816 3334 2886 φησί’
3369 2814 3431 2868 τὸ
3472 2816 3601 2885 γὰρ,
3629 2814 3725 2880 οὒ,

2139 2911 2282 2967 κατὰ
2305 2910 2486 2965 κοινοῦ
2517 2913 2724 2965 κεῖταιο
2761 2911 2867 2964 ὑπὸ
2894 2911 2994 2982 τῆς
3029 2905 3212 2982 ἀρχῆς
3233 2908 3344 2961 τῶν
3371 2907 3728 2963 Βαϐυλωνίων

449 2980 596 3042 uide,
631 2980 715 3034 vel
762 2981 934 3051 ipsius
980 2980 1192 3038 Satanae
1228 2984 1532 3038 constituti.
1567 2983 1812 3055 Namque
1843 3002 2036 3043 omnes

2143 3001 2590 3072 τυραννούμενοι,
2627 3003 2659 3072 ἢ
2711 3001 2805 3055 καὶ
2836 2980 3306 3054 τοῦ-Σατανᾶὕεν
3355 2997 3462 3068 γὰρ
3505 2997 3730 3070 Χριστῷ

448 3071 501 3124 in
525 3071 741 3127 Christo
771 3072 903 3128 Jesu
934 3073 1372 3130 viviﬁcabuntur.

517 3163 582 3217 V.
625 3163 714 3218 59.
753 3182 773 3215 ‹
810 3164 881 3220 Ut
905 3166 1113 3221 diceret
1140 3166 1342 3221 Sareze.
1383 3185 1402 3219 ι
1458 3167 1603 3222 Misit
1632 3167 1892 3224 Sedecias
1927 3168 2034 3224 Sa-

449 3269 596 3308 ream
639 3254 897 3325 legatum,
942 3271 1165 3310 munera
1207 3256 1726 3313 Nabuchodonosori
1779 3259 2034 3315 deferen-

445 3354 576 3398 tem.
611 3343 710 3400 Hic
731 3345 932 3400 dicitur
958 3362 1076 3402 esse
1110 3347 1342 3402 Baruch.

523 3433 582 3488 ν.
608 3435 698 3493 6|.
728 3453 747 3488 ι
783 3438 852 3492 Et
875 3439 1009 3493 dixit
1043 3437 1308 3496 Jeremias
1334 3440 1402 3494 ad
1443 3437 1684 3495 Saream.
1721 3459 1739 3491 ι
1777 3439 1872 3496 llic
1899 3443 2033 3498 diei-

445 3535 537 3582 tur
597 3543 720 3584 esse
763 3529 998 3596 Baruch,
1056 3532 1141 3587 cui
1189 3533 1488 3588 secundum
1541 3534 1770 3604 gratiam
1832 3550 2030 3590 nomen

447 3628 716 3676 mutatum
739 3631 842 3677 εει.
1386 3673 1396 3702 ι

1079 3715 1234 3772 CAP.
1281 3717 1391 3772 LII.

515 3805 580 3861 V.
609 3806 656 3862 ί.
683 3827 702 3860 ‹
741 3805 876 3862 Filia
900 3807 1173 3864 Ieremia.
1211 3828 1231 3862 ι
1262 3810 1387 3866 Non
1417 3811 1717 3882 prophetae.
1745 3811 2027 3868 Traditum

443 3899 646 3971 quippe
681 3908 766 3957 est
798 3901 1066 3973 virginem
1110 3901 1278 3958 fuisse
1303 3905 1654 3974 prophetam,
1699 3915 1760 3960 ut
1784 3906 1876 3976 qui
1908 3907 2029 3975 jus-

445 4007 538 4047 sus
561 4002 680 4048 erat
708 4008 936 4049 uxorem
967 4009 1077 4050 non
1105 3995 1309 4050 ducere
1345 4011 1376 4050 a
1408 3994 1596 4051 Deo".
1627 3995 1696 4051 Et
1727 4005 1880 4065 pater
1905 3996 2030 4067 qui?

445 4087 569 4140 dem
597 4085 743 4142 illius
769 4087 839 4142 de
869 4088 1110 4155 Lobena,
1135 4089 1402 4160 propheta
1430 4103 1564 4145 vero
1591 4104 1656 4144 ex
1699 4090 1980 4144 Anathoth
2013 4108 2025 4145 :

446 4177 611 4244 hujus
645 4179 976 4234 mentionem
1019 4179 1214 4235 factam
1256 4179 1496 4251 reperies
1535 4188 1591 4235 et
1619 4180 1676 4234 in
1713 4179 1820 4235 line
1852 4180 2030 4250 quarti

444 4271 564 4324 libri
593 4271 822 4341 Regum.

520 4361 580 4415 V.
642 4364 696 4416 9.
752 4381 771 4414 ‹
826 4362 893 4416 Ει
952 4363 1164 4418 loeutus
1218 4372 1302 4418 est
1337 4364 1406 4419 ei.
1465 4389 1485 4423 ι
1542 4363 1696 4418 Juste
1726 4362 1793 4418 de
1827 4363 2031 4433 illoju-

2064 3101 2106 3158 α
2153 3087 2331 3159 Ἰησοῦ
2360 3089 2560 3150 πάντες
2597 3089 3123 3160 ζωοποιηθήσονται.

2220 3176 2456 3234 (Ἐίπεϊν
2501 3179 2580 3250 τῷ
2625 3181 2856 3252 Σαραία.
2891 3199 2908 3232 ι
2950 3181 3238 3251 Ἔπεμψεν
3267 3183 3296 3234 6
3327 3183 3583 3246 Σεδεκίας
3632 3184 3726 3236 τὸν

2142 3271 2352 3342 Σαρέαν
2388 3269 2749 3341 πρεσϐευτὴν,
2780 3270 2928 3339 δῶρα
2957 3271 3250 3340 κομίζοντα
3277 3270 3354 3341 τῷ
3382 3271 3724 3342 Ναϐουχοδο-

2141 3361 2322 3432 νόσορ.
2353 3354 2521 3425 Οὗτος
2551 3361 2764 3429 λέγεται
2805 3358 2947 3415 εἶναι
2972 3364 3000 3415 ό
3029 3361 3268 3433 Βαρούχ.

2158 3523 2170 3528 _
2217 3472 2237 3506 ι
2270 3454 2380 3506 Καὶ
2409 3450 2562 3506 εἶπεν
2597 3453 2866 3525 Ἱερεμίας
2899 3454 3034 3524 πρὸς
3063 3453 3322 3524 Σαραίαν.
3358 3472 3375 3504 ι
3424 3449 3595 3518 Οὗτος
3632 3454 3722 3508 λέ-

2141 3563 2296 3616 γεται
2327 3542 2464 3601 εἶναι
2485 3548 2513 3600 6
2543 3547 2782 3617 Βαρουχ,
2813 3547 2956 3599 κατὰ
2980 3545 3142 3615 χάριν
3174 3546 3683 3617 μετωνομασμένος.

2720 3720 2967 3773 ΚΕΦΔΛ.
3012 3719 3139 3774 NB’.

2217 3831 2236 3864 ι
2267 3810 2526 3882 Θυγάτηρ
2559 3809 2846 3881 Ἰερεμίου.
2881 3828 2899 3860 ι
2940 3810 3012 3864 Οὐ
3047 3810 3138 3863 τοῦ
3179 3810 3487 3882 προφήτου.
3513 3809 3724 3882 Παρθέ-

2139 3920 2228 3967 νος
2260 3904 2368 3974 γὰρ
2413 3905 2705 3973 ἱστορεῖται
2739 3898 2878 3955 εἶναι
2906 3903 2934 3954 6
2964 3901 3272 3972 προφήτης,
3301 3901 3378 3964 ὡς
3406 3901 3722 3965 κελευσθεὶς

2140 3994 2244 4048 ὑπὸ
2269 3994 2363 4047 τοῦ
2389 3993 2523 4046 Θεοῦ
2556 3993 2631 4064 μὴ
2660 3992 2858 4064 γῆμαι.
2894 3993 3005 4046 Καὶ
3036 3995 3064 4045 6
3103 3993 3205 4062 μὲν
3236 3992 3419 4062 πατὴρ
3444 3992 3616 4062 αὐτῆς
3657 3993 3722 4045 ὲκ

2138 4085 2366 4152 Δοϐενὰ,
2397 4087 2425 4139 6
2469 4083 2527 4137 δὲ
2576 4087 2862 4156 προφήτης
2905 4083 2965 4148 ἐξ
2997 4081 3236 4136 Ἀναθὼθ
3259 4098 3274 4113 ⁸
3307 4083 3512 4151 ταύτην
3552 4082 3719 4153 εὑρή-

2141 4197 2256 4243 σεις
2291 4181 2384 4232 καὶ
2416 4181 2474 4233 ὲν
2499 4179 2578 4250 τῷ
2607 4177 2753 4231 τέλει
2785 4178 2884 4249 τῆς
2920 4176 3186 4247 τετάρτης
3214 4174 3322 4228 τῶν
3357 4174 3675 4229 Βασιλειῶν.

2218 4375 2236 4407 ‹
2266 4356 2374 4410 Καὶ
2413 4353 2675 4425 ἐλάλησεν
2699 4352 2868 4423 αὐτῷ.
2900 4371 2919 4403 ι
2968 4351 3222 4412 Ένδίκως
3269 4349 3429 4403 αὐτὸν
3473 4333 3734 4418 ἐκρινενξ

443 4457 662 4515 dicavit.
720 4465 780 4509 ut
815 4456 1173 4527 jurisjurand-i
1215 4457 1272 4512 in
1342 4458 1546 4529 templo
1589 4455 1818 4512 exhibiti
1854 4455 2026 4511 viola-

2143 4451 2204 4515 b;
2236 4448 2660 4520 παραϐεϐηκότα
2690 4445 2789 4508 τὰς
2815 4446 2874 4498 ὲν
2905 4443 2982 4514 τῷ
3011 4442 3141 4514 θείῳ
3169 4443 3280 4513 ναῷ
3309 4439 3674 4512 ὁρκωμοσίας.

449 4557 564 4600 tore
575 4583 587 4597 .

516 4637 580 4691 ν.
612 4638 698 4694 ll.
735 4657 754 4690 ε
789 4639 854 4693 Et
877 4640 1064 4695 oculos
1093 4639 1333 4696 Sedeciae
1368 4641 1531 4696 eruit.
1564 4659 1583 4692 ι
1611 4639 1684 4696 Ut
1710 4646 2032 4710 operaretur

446 4729 497 4784 in
540 4730 788 4800 pistrino.

518 4816 580 4872 ν.
622 4821 705 4875 l7.
742 4839 760 4872 σ
815 4820 881 4876 Ει
936 4821 1114 4878 bases.
1155 4843 1174 4874 ι
1235 4823 1657 4894 Receptaculum
1705 4830 1823 4879 erat
1850 4837 2026 4892 aquae,

443 4917 775 4982 propterque
801 4912 920 4984 ejus
947 4913 1305 4984 capacitatem
1329 4929 1479 4970 mare
1503 4922 1775 4970 vocatum.

515 4998 577 5058 V.
607 4999 696 5054 94.
729 5021 748 5055 ι
785 5001 852 5058 Et
879 5011 1010 5059 tres.
1048 5022 1066 5054 ι
1101 5003 1402 5059 Janitorum
1436 5004 1741 5075 praefectos.

519 5176 581 5232 ν.
767 5197 788 5232 ι
844 5181 910 5236 Ει
960 5181 1214 5236 scribam.
1255 5201 1274 5234 ι
1322 5181 1546 5236 Tributa
1602 5181 2023 5245 describentem,

443 5271 918 5344 Ingredientesque
942 5284 1104 5345 atque
1133 5275 1478 5346 egredientes
1503 5274 1572 5329 ad
1600 5274 1825 5329 bellum.
1852 5273 2020 5328 Com-

442 5361 619 5418 hustis
647 5363 853 5420 scilicet
892 5373 947 5420 et
984 5362 1208 5436 reliquis
1250 5364 1505 5421 omnibus
1534 5365 1702 5420 sacris
1732 5364 1876 5420 vasis
1904 5379 2024 5434 qua:

443 5457 713 5523 asportari
770 5458 984 5514 dillieile
1030 5469 1300 5529 poterant.
1338 5459 1436 5514 Per
1463 5460 1580 5514 haec
1623 5458 1901 5513 crassities
1930 5471 2024 5512 co-

433 5546 642 5603 lumnae
669 5551 972 5621 explicatur
989 5595 1001 5608 .
1147 5539 1150 5542 ’

528 5740 638 5794 "ll
672 5740 902 5806 Contr,
935 5743 1021 5794 ‘27.
1105 5744 1144 5773 ³⁷
1181 5745 1380 5800 Jerem.
1418 5763 1527 5813 xw,
1559 5749 1604 5801 l.

2211 4649 2230 4683 ι
2261 4630 2368 4684 Καὶ
2393 4627 2518 4690 τοὺς
2540 4625 2853 4696 ὀφθαλμοὺς
2878 4623 3130 4677 Σεδεκίου
3155 4620 3525 4688 ὲξετύφλωσε.
3549 4637 3566 4670 ι
3589 4618 3715 4688 Ἐρ-

2133 4721 2397 4793 γάζεσθαι
2425 4723 2482 4774 ἐν
2505 4718 2582 4790 τῷ
2607 4718 2834 4789 μύλωνι.

2209 4834 2228 4866 σ
2254 4811 2366 4867 Kal
2393 4811 2491 4875 τὰς
2526 4811 2730 4881 βάσεις.
2756 4827 2775 4859 ι
2813 4809 3028 4878 Δοχεῖον
3056 4800 3125 4876 ἦν
3161 4802 3375 4868 ὓδατος,
3406 4802 3496 4856 διὰ
3525 4802 3584 4855 τὸ
3616 4817 3710 4853 πο-

2131 4903 2447 4976 λυχώρητον
2478 4903 2719 4958 θάλασσα
2751 4899 3108 4969 καλούμενον.

2177 5015 2229 5068 ,ι
2254 4997 2364 5049 Καὶ
2411 4996 2539 5057 τοὺς
2581 4995 2749 5065 τρεῖς.
2782 5010 2799 5042 ι
2834 4991 2975 5054 Τοὺς
3018 4989 3334 5050 ⁶ἐπιστάτας
3377 4986 3485 5038 τῶν
3531 4985 3708 5055 θυρω-

2138 5102 2246 5157 ρων
2260 5131 2271 5143 .

2205 5195 2223 5229 ι
2244 5176 2354 5231 Καὶ
2369 5176 2457 5229 τὸν
2480 5171 2832 5244 γραμματέα.
2848 5171 2982 5224 »Τὸν
3001 5169 3457 5241 ἀπογραφόμενον
3471 5166 3540 5221 τὰ
3556 5167 3705 5237 τέλη,

2129 5269 2224 5325 καὶ
2269 5269 2395 5330 τοὺς
2425 5266 2690 5328 εἰσιόντας
2719 5265 2813 5318 καὶ
2865 5265 2992 5327 τοὺς
3027 5262 3268 5327 ἐξιόντας
3298 5263 3378 5324 εἰς
3417 5260 3507 5313 τὸν
3553 5258 3708 5311 πόλε·

2136 5377 2255 5434 μον.
2278 5357 2646 5420 Κατακαύσας
2678 5356 2918 5427 δηλονότι
2947 5355 3040 5409 καὶ
3069 5355 3138 5408 τὰ
3163 5353 3299 5407 ἄλλα
3331 5352 3511 5405 πάντα
3541 5347 3706 5417 σκεύη

2133 5454 2202 5507 τὰ
2234 5453 2354 5524 ἱερά
2388 5451 2458 5504 τὰ
2504 5447 3005 5519 δυσκατακόμιστα.
3043 5444 3308 5500 Τοσοῦτον
3346 5442 3606 5516 δηλοᾱαι
3646 5439 3710 5492 τὸ

2137 5546 2311 5615 πάχος
2342 5541 2439 5595 τοῦ
2475 5540 2684 5594 στύλου.
