4122 6210
409 250 507 310 ῐ29

1385 262 1847 328 FRAGMENTA
1888 271 1971 331 IN
2008 274 2279 336 JEREM.
2323 278 2675 340 LAMENT.‘

3545 284 3647 357 730

404 355 623 453 ru‘w‘Bts
648 355 825 453 ςικουν
985 361 1361 436 Ἰερουσαλὴμ,
1385 373 1481 423 καὶ
1500 367 1647 442 εἶχον
1674 375 1776 439 τὰς
1805 395 1944 448 προσ

2073 399 2197 437 cum
2232 385 2551 439 habitabant
2578 384 2897 452 Jerusalem,
2928 397 2983 442 et
3011 388 3312 447 oblationes
3352 355 3644 453 habebant.

402 446 571 517 φοράς
595 463 610 477 ·
642 449 675 519 ἢ
699 450 797 503 καὶ
836 451 1010 516 οῦτως
1041 470 1057 485 ⁸
1089 454 1185 519 Εἰς
1225 459 1283 511 ἀι
1295 459 1534 530 άμνησιν
1563 460 1728 535 ἦλθον
1756 446 1865 521 τῶν
1894 473 1974 524 οξ-

401 538 565 630 κείων
618 540 1072 613 ἁμαρτημάτων,
1130 546 1199 601 δι’
1255 548 1293 603 ἁ
1348 550 1575 620 γέγονεν
1624 558 1704 620 εἰς
1765 561 1971 630 αίχμα-

400 626 629 684 λωσίαν.

473 738 496 774 ι
524 723 714 811 ,Πάντα
742 725 813 779 τὰ
844 726 1261 800 ἐπιθυμήματα.
1302 753 1320 784 ι
1363 734 1510 805 Πρὸς
1541 737 1640 806 μὲν
1683 740 1743 792 τὸ
1783 743 1967 811 ῥητὸν,

2080 472 2173 527 Vel
2204 482 2259 526 et
2289 474 2368 528 sic
2403 492 2417 528 :
2456 474 2803 544 Pr0priorum
2836 477 3158 535 delictorum
3196 484 3460 540 recordati
3495 496 3645 553 sunt,

2075 574 2296 635 propter
2331 581 2455 635 qua:
2484 567 2772 636 captivitas
2803 569 2970 624 venit.

2148 757 2167 791 ‹
2202 738 2456 796 Omnium
2482 742 2895 800 desideriorum.
2923 764 2942 798 ι
2970 747 3051 802 Ad
3076 748 3332 814 litteram,
3357 755 3641 824 templum.

395 810 424 905 δ
452 810 599 878 ναὸς,
630 815 687 868 αἱ
715 816 1077 889 πανηγύρεις,
1110 821 1164 872 αἱ
1202 820 1411 887 θυσίαι,
1439 825 1496 876 αι
1527 810 1860 898 προσφοραὶ,
1901 848 1944 883 τι

2070 831 2473 898 solemnitates,
2536 835 2827 900 sacriﬁcia,
2886 838 3221 905 oblationes,
3277 857 3406 897 vasa
3465 860 3642 903 sacra.

399 899 517 970 ἱερὰ
544 904 738 975 σκεύη.
757 906 900 977 Πρὸς
916 907 973 960 δὲ
995 908 1231 963 διάνοιαν
1248 927 1262 941 ·
1282 911 1644 985 Ἀνεμνήσθη,
1676 920 1830 986 φησὶ,
1859 919 1967 973 τῶν

394 990 701 1081 ἐπιθυμιῶν
732 996 924 1070 αὐτῆς,
958 992 1046 1061 αἷς
1074 999 1553 1073 ἐξακολουθήσασα
1581 1007 1806 1075 γέγονεν
1846 1011 1968 1081 αἰχ·

397 1077 664 1149 μὰλωτος.

467 1190 489 1223 ι
534 1172 757 1239 ’ἰδόντες
788 1176 839 1230 οἱ
875 1177 1063 1249 ἐχθροὶ
1093 1181 1266 1252 αὐτῆς
1297 1184 1584 1252 ἐγέλασαν.
1617 1207 1636 1239 ι
1677 1189 1964 1259 Πεφύκασι

393 1260 505 1333 γὰρ
533 1266 582 1317 ei
614 1265 867 1337 δαίμονες
899 1271 1040 1340 μετά
1056 1273 1120 1326 τὸ
1148 1275 1477 1330 καταϐαλεῖν
1506 1278 1604 1349 τὴν
1624 1280 1825 1352 ψυχὴν,
1842 1284 1963 1336 τότε

394 1353 488 1406 καὶ
517 1356 782 1428 ὲπιγελᾷν
817 1361 955 1433 αὐτῇ
967 1400 981 1416 .

467 1463 487 1496 ι
533 1446 837 1520 Ἀμαρτιαν
874 1452 1145 1524 ἥμαρτεν.
1182 1474 1201 1509 ι
1252 1459 1369 1520 Πᾶς
1418 1461 1519 1530 μὲν
1555 1463 1584 1516 ὁ
1629 1463 1962 1535 ἁμαρτάνων

387 1534 548 1605 δῆλον
594 1539 678 1592 ὅτι
731 1541 829 1612 τὴν
876 1544 1153 1616 ἁμαρτίαν
1195 1549 1523 1618 ἐργάζεται·
1572 1534 1852 1625 ἁμαρτίαν
1903 1558 1961 1610 δὲ

387 1627 732 1700 ἁμαρτάνειν
760 1632 1002 1703 λέγεται,
1032 1640 1060 1690 ὁ
1084 1639 1144 1691 ὲν
1172 1640 1373 1709 γνώσει
1398 1643 1748 1714 ἁμαρτάνων.
1775 1650 1960 1702 Αίνίτ-

2072 919 2245 975 Sensu
2289 938 2418 978 vero
2462 925 2713 995 mystico,
2746 929 3028 983 recordata
3074 941 3179 995 est,
3211 932 3307 997 ait,
3343 934 3640 992 desiderio-

2067 1027 2189 1067 rum
2214 1029 2462 1079 suorum,
2490 1031 2613 1085 qua:
2635 1027 2862 1084 sectata,
2890 1020 3104 1090 captiva
3132 1022 3271 1079 facta
3291 1034 3394 1080 est.

2141 1204 2160 1235 ι
2207 1183 2466 1241 Videntes
2523 1186 2731 1242 inimici
2789 1189 2908 1258 ejus
2967 1190 3224 1246 riserunt.
3272 1211 3291 1245 ι
3349 1194 3637 1266 Proprium

2064 1275 2264 1346 quippe
2315 1277 2623 1332 daemonum
2668 1288 2773 1345 est,
2821 1282 2911 1336 ubi
2959 1284 3193 1337 animam
3216 1290 3636 1355 prostraverint,

2069 1376 2195 1421 tunc
2225 1367 2389 1422 etiam
2422 1369 2670 1425 irridere.

2133 1454 2198 1509 V.
2231 1456 2284 1511 8.
2320 1475 2339 1508 ι
2368 1456 2660 1512 Peccatum
2688 1459 2953 1528 peccavit.
2983 1478 3000 1512 ι
3031 1459 3227 1530 Liquet
3255 1477 3472 1518 omnem
3501 1480 3632 1534 pec-

2062 1555 2275 1628 cantem
2360 1558 2645 1619 peccatum
2716 1551 3047 1616 admittere;
3134 1564 3416 1621 peccatum
3501 1572 3633 1611 vero

2064 1653 2289 1708 peccare
2350 1639 2396 1695 is
2449 1640 2672 1706 dicitur,
2729 1642 2822 1711 qui
2879 1643 3113 1697 scienter
3175 1655 3385 1713 peccat.
3449 1645 3637 1702 lnnuit

385 1735 540 1775 τεται
564 1722 623 1775 δὲ
651 1725 779 1789 τοὺς
817 1727 1104 1792 Ἰουδαίους
1130 1771 1144 1795 ,
1176 1706 1260 1786 δτι
1300 1735 1392 1788 τὸν
1417 1706 1944 1811 προ-κηρυττόμενον.

2062 1706 2225 1800 porro
2277 1730 2526 1797 Iudaeos,
2576 1733 2669 1803 qui
2737 1706 3276 1803 praenuntiatummt
3345 1748 3634 1808 exspecta-

385 1812 480 1865 καὶ
531 1816 984 1889 προσδοκώμενον
1032 1822 1125 1876 ὑπ’
1175 1825 1357 1880 αὐτῶν
1389 1829 1614 1900 Κύριον,
1649 1850 1962 1905 παραγεγο-

384 1902 513 1954 νὸτα
547 1904 920 1977 ἐσταύρωσαν.

459 2010 478 2047 ι
518 1993 728 2060 Πάντες
753 1998 804 2050 οἱ
826 1999 1144 2065 δοξάζοντες
1170 2004 1361 2074 αὐτήν.
1398 2025 1416 2056 ι
1458 2007 1603 2076 Πρὸς
1631 2010 1730 2078 μὲν
1769 2013 1954 2082 ῥητὸν,

383 2084 415 2153 ἡ
452 2088 744 2161 συναγωγὴ
770 2092 1274 2160 αἰχμαλωτισθεῖσα
1296 2134 1312 2159 ,
1356 2100 1491 2169 πρὸς
1529 2099 1588 2153 δὲ
1618 2102 1879 2166 διάνοιαν,
1921 2106 1953 2176 ἡ

388 2179 629 2249 αμαρτία
659 2181 890 2236 νοσοῦσα
933 2183 1081 2255 ψυχὴ
1106 2225 1122 2252 ,
1165 2187 1263 2257 τῆς
1302 2188 1474 2259 ὀρθῆς
1500 2191 1744 2257 στάσεως
1783 2212 1956 2265 παρα-

383 2267 689 2336 κινηθεῖσα.

457 2379 479 2412 ι
501 2362 909 2419 Ἐταπείνωσαν
936 2368 1132 2439 αὑτήν.
1156 2389 1176 2423 ι
1202 2371 1274 2425 Ἢ
1300 2374 1350 2427 οἱ
1374 2373 1631 2444 δαίμονες
1650 2420 1663 2443 ,
1688 2379 1740 2431 οἱ
1765 2380 1953 2451 πρώην

378 2452 552 2526 αὐτὴν
578 2458 1036 2529 ἀναπτεροῦντες,
1056 2463 1144 2517 ὅτε
1179 2455 1363 2528 αὐτοῖς
1392 2465 1550 2521 ἔθυεν
1574 2470 1606 2539 ἡ
1634 2474 1947 2543 συναγωγὴ,

377 2543 472 2608 οὓς
515 2547 608 2599 καὶ
658 2546 887 2620 ὕστερον
933 2553 1287 2625 ἀπεστράφη,
1334 2556 1366 2627 ἢ
1418 2560 1513 2612 καὶ
1543 2562 1599 2613 αί
1634 2562 1744 2615 τῶν
1777 2565 1952 2632 ἁγίων

374 2634 568 2704 ψυχαὶ,
607 2639 662 2690 αί
702 2641 767 2692 ἐκ
801 2641 1099 2707 διαθέσεως
1122 2646 1415 2713 ἀγαπῶσαι
1446 2650 1547 2720 τὴν
1572 2651 1947 2726 Ἰερουσαλὴμ,

376 2726 471 2777 καὶ
497 2725 821 2791 δοξάζουσαι
842 2731 1014 2802 αὐτὴν
1045 2733 1491 2803 εὐπράττουσαν,
1524 2725 1950 2811 ἁμαρτάνουσαν

373 2815 431 2869 δὲ
461 2818 962 2891 ἀποστρεφόμεναι.

450 2925 469 2958 ι
507 2904 660 2962 Εἶδον
700 2910 807 2984 γάρ
837 2914 936 2984 τὴν
972 2914 1368 2988 ἀσχημοσύνην
1408 2921 1601 2991 αὐτῆς.
1639 2941 1657 2974 ι
1699 2926 1801 2980 Διὰ
1838 2928 1945 2997 γὰρ

2062 1830 2176 1876 tum
2257 1823 2364 1877 illis
2435 1823 2762 1893 Dominum,
2818 1826 2909 1882 ubi
2970 1826 3224 1893 advenit,
3283 1828 3339 1882 in
3411 1844 3631 1886 crucem

2059 1921 2308 1982 egerunt.

2133 2023 2151 2056 ι
2189 2003 2395 2061 Omnes
2440 2007 2533 2078 qui
2581 2007 2957 2078 gloriﬁcabant
3007 2025 3148 2064 eam.
3188 2028 3208 2063 ι
3261 2010 3343 2066 Ad
3388 2012 3627 2069 litteram

2054 2097 2298 2167 quidem,
2323 2098 2604 2171 Synagoga
2663 2100 2720 2153 in
2772 2101 3145 2170 captivitatem
3191 2103 3353 2158 ducta
3400 2121 3414 2157 :
3460 2121 3625 2162 sensu

2053 2204 2185 2245 vero
2209 2190 2408 2255 altiori,
2433 2190 2719 2261 iniquitate
2742 2191 2997 2248 laborans
3025 2193 3228 2259 anima,
3252 2209 3283 2248 a
3306 2204 3456 2250 recto
3480 2206 3622 2252 statu

2052 2282 2278 2337 dimota.
2322 2276 2325 2279 ’

2129 2393 2147 2425 ι
2184 2373 2625 2428 Humiliaverunt
2657 2374 2825 2429 illam.
2863 2393 2880 2425 ι
2917 2374 3009 2430 Vel
3041 2376 3316 2431 daemones
3348 2378 3438 2446 qui
3473 2379 3623 2448 prius

2050 2478 2177 2517 eam
2244 2463 2538 2528 inﬂabant,
2591 2480 2713 2517 eum
2769 2463 2877 2517 illis
2929 2461 3205 2534 Synagoga
3260 2465 3620 2534 sacriﬁcabat,

2050 2569 2189 2623 quos
2217 2555 2380 2609 etiam
2415 2564 2693 2624 postremo
2734 2563 2978 2608 aversata
3016 2562 3101 2609 est
3128 2573 3142 2610 :
3167 2555 3252 2609 vel
3292 2556 3457 2610 etiam
3496 2572 3621 2611 san-

2050 2656 2260 2701 ctorum
2305 2646 2521 2707 animae.
2558 2662 2679 2714 quae
2712 2662 2776 2698 ex
2812 2645 2974 2700 corde
3008 2646 3262 2700 amabant
3298 2645 3618 2714 Jerusalem,

2048 2753 2277 2807 eamque
2332 2745 2478 2791 recte
2533 2744 2787 2807 agentem
2839 2736 3244 2807 glorilicabant,
3302 2748 3617 2807 peccantem

2050 2846 2178 2884 vero
2206 2827 2656 2882 adversabantur.

2123 2938 2142 2972 ι
2166 2917 2436 2973 Viderunt
2456 2918 2602 2973 enim
2627 2917 2983 2988 ignominiam
3014 2918 3151 2988 ejus.
3179 2936 3198 2969 ι
3225 2917 3390 2974 Gravi
3416 2919 3617 2989 quippe

504 2998 743 3070 σφοδρᾶς
774 3004 1045 3073 τιμωρίας
1088 3005 1543 3078 ἀνεκαλύφθησαν
1586 3015 1681 3065 καὶ
1743 2992 1941 3083 ἐφανελ

2046 3010 2314 3081 supplicio
2347 3010 2575 3064 detectae
2618 3018 2745 3063 sunt
2778 3017 2833 3062 et
2866 3008 3041 3078 palam
3092 3007 3246 3064 facta
3278 3009 3614 3080 iniquitates,

371 3083 628 3225 ρώθησαν
648 3089 708 3140 αί
733 3090 1003 3162 ἁμαρτίαι
1023 3131 1040 3158 ,
1065 3092 1134 3146 δι’
1164 3092 1228 3157 ἂς
1262 3096 1356 3149 καὶ
1385 3097 1486 3162 τὰς
1523 3104 1795 3175 τιμωρίας
1834 3108 1940 3160 ὑπ-

404 3190 526 3246 στη.

2044 3103 2114 3158 ob
2143 3117 2278 3171 quas
2309 3100 2472 3156 etiam
2499 3100 2676 3171 poenis
2703 3101 2916 3158 addicta
2942 3111 3048 3157 est.

443 3271 688 3375 ι’Καίγε.
724 3276 863 3375 αὑτὴ
907 3283 1265 3348 στενάζουσα.
1306 3307 1325 3341 ι
1378 3289 1443 3343 Ἠ
1501 3289 1602 3360 μὲν
1648 3292 1939 3363 συναγωγὴ

2118 3318 2138 3350 ι
2180 3300 2358 3368 Mque
2397 3298 2513 3368 ipsa
2557 3314 2801 3369 gemens.
2840 3318 2859 3350 ι
2906 3297 3185 3375 Synagoga
3240 3301 3460 3372 quidem
3502 3314 3613 3357 non

367 3357 550 3460 οὐκέτι
571 3363 905 3460 δουλεύουσα
937 3372 1222 3446 δαίμοσιν·
1268 3381 1301 3450 ή
1331 3379 1389 3433 δὲ
1413 3357 1638 3452 τοιαύτη
1670 3357 1817 3455 ψυχή
1859 3357 1939 3448 εἰς

2044 3387 2275 3457 amplius
2305 3387 2643 3443 daemonibus
2672 3388 2935 3455 serviens,
2970 3391 3236 3460 ejusmodi
3270 3406 3398 3445 vero
3430 3391 3613 3446 anima

368 3453 723 3547 συναίσθησιν
751 3460 1047 3535 ἐρχομένη,
1095 3469 1189 3521 καὶ
1223 3471 1586 3538 στενάζουσα,
1617 3476 1712 3527 καὶ
1740 3453 1939 3545 τρύπον

2044 3477 2094 3530 in
2131 3492 2189 3531 se
2234 3477 2471 3543 rediens,
2501 3485 2555 3531 et
2601 3492 2846 3546 gemens,
2880 3486 2935 3531 et
2984 3478 3384 3547 quodammodo
3424 3480 3613 3535 volens

365 3545 489 3598 τινά
518 3545 820 3622 βουλομένη
839 3556 1195 3623 ἁποποδίζειν
1235 3563 1300 3615 ὲκ
1345 3565 1454 3616 τῶν
1499 3566 1935 3636 ἁμαρτημάτων.

442 3652 463 3726 ι
512 3637 848 3712 ’Δκαθαρσία
889 3647 1061 3717 αὐτῆς
1108 3652 1214 3722 πρὸ
1267 3653 1443 3707 ποδῶν
1491 3656 1683 3726 αὐτῆς.
1723 3677 1740 3707 υ
1795 3658 1939 3710 Ἀντὶ

363 3725 480 3793 τοῦ,
515 3731 929 3803 μεμολυσμέναι
962 3739 1121 3795 είσίν.

442 3834 461 3867 ι
496 3817 610 3871 Οὐκ
631 3820 879 3895 ἐμνήσθη
918 3826 1125 3899 ἔσχατα
1151 3831 1345 3900 absis.
1377 3852 1396 3886 ι
1436 3835 1499 3889 Εί
1531 3837 1775 3908 ἐμνήσθη
1799 3879 1812 3903 ν
1839 3856 1935 3911 φη·

364 3907 471 3973 civ,
515 3911 596 3965 ὅτι
640 3915 790 3969 ἐστὶν
822 3920 1205 3987 ἀνταπόδοσις,
1244 3922 1391 3996 εἶχεν
1427 3927 1630 3998 ἑαυτῆς
1659 3907 1931 3984 ταπεινώξ

363 4017 476 4055 σειν
522 4005 622 4068 τὴν
661 4007 1064 4080 ὑπερηφανίαν,
1100 4014 1187 4070 ἵνα
1216 4017 1292 4086 μὴ
1323 4019 1465 4090 πέσῃ
1501 4020 1604 4073 ὑπὸ
1634 4021 1732 4092 τὴν
1769 4039 1931 4092 τιμω-

359 4093 515 4163 ρίαν⁸
541 4099 571 4150 ὁ
602 4099 702 4168 μὲν
730 4105 838 4174 γὰρ
866 4104 1175 4176 ὑπέρογκος
1203 4108 1578 4175 ταπεινοῦται,
1600 4112 1628 4164 ὁ
1650 4112 1706 4165 δὲ
1734 4130 1930 4167 ταπειο

356 4186 445 4248 νὸς
475 4187 726 4257 ὑψοῦται.

430 4296 450 4328 ι
484 4279 609 4347 Ἴδε,
658 4283 881 4353 Κύριος.
921 4304 940 4337 ι
995 4288 1412 4344 υἰκειοποιεῖται
1456 4294 1485 4345 ὁ
1519 4292 1673 4362 ἅγιος
1717 4297 1928 4351 ἐκεῖθεν

2040 3566 2233 3636 pedem
2262 3567 2331 3622 de
2363 3576 2588 3636 peccato
2615 3567 2913 3621 retrahere.

2108 3654 2173 3710 V.
2204 3657 2256 3711 9.
2296 3675 2314 3707 ι
2356 3655 2703 3710 [inmunditia
2749 3657 2869 3725 ejus
2910 3664 3036 3709 ante
3069 3653 3401 3725 pedescjus.
3442 3674 3462 3708 ι
3499 3655 3612 3711 Hoc

2037 3753 2137 3813 est,
2167 3746 2386 3815 pollutae
2415 3752 2560 3800 sunt.

2112 3857 2130 3889 ι
2170 3838 2288 3891 Non
2318 3847 2399 3892 est
2429 3837 2710 3892 recordata
2739 3835 3160 3891 novissimorum
3208 3852 3452 3891 suorum.
3489 3855 3509 3888 ›
3552 3836 3609 3892 Si

2037 3926 2317 3979 recordata
2359 3933 2526 3990 esset,
2550 3924 2747 3994 inquit,
2782 3924 3197 3979 retributionem
3249 3926 3424 3995 sequi,
3454 3941 3608 3980 suam

2034 4017 2221 4086 utique
2255 4017 2565 4086 Superbiam
2596 4016 3032 4086 compressissct.
3066 4032 3134 4070 ne
3169 4017 3346 4087 poenis
3373 4017 3607 4071 obnoxia

2032 4108 2191 4162 ﬁeret
2222 4125 2236 4161 :
2270 4107 2677 4166 inﬂatus’enim
2729 4107 3067 4171 bumiliatur,
3109 4117 3163 4161 at
3186 4108 3410 4162 humilis
3457 4108 3605 4163 exal-

2033 4208 2200 4255 tatur.

2106 4308 2125 4341 ‹
2172 4288 2329 4353 Vide,
2364 4289 2615 4346 Domine.
2661 4306 2681 4339 ι
2736 4287 2854 4343 Sibi
2906 4288 3130 4343 ascribit
3192 4289 3322 4344 inde
3383 4299 3604 4346 sanctus

354 4369 461 4421 τῶν
495 4373 918 4443 ἁμαρτανόντων
943 4378 1011 4431 τά
1041 4379 1148 4448 πλη
1158 4382 1492 4454 μμέληματα
1508 4426 1524 4449 ,
1552 4360 1647 4440 καὶ
1668 4386 1764 4458 τὴν
1787 4389 1927 4461 ὑπὲρ

2044 4392 2381 4449 peccatorum
2412 4381 2630 4446 delicta,
2666 4389 2829 4450 atque
2864 4396 2964 4451 pro
2995 4381 3100 4434 illis
3130 4396 3321 4450 preces
3348 4381 3601 4438 eﬂ’undit.

354 4461 534 4514 αὐτῶν
567 4467 833 4534 προσάγει
867 4466 1069 4538 δέησιν.

434 4571 452 4603 ι
497 4553 672 4618 Χεῖρα
715 4556 880 4610 αὑτοῦ
921 4559 1216 4622 ὲξεπὲτασε
1252 4563 1472 4619 θλίϐων.
1515 4584 1533 4617 ι
1572 4567 1715 4638 Πρδς
1742 4568 1840 4638 μὲν
1866 4571 1927 4624 τὸ

357 4642 541 4713 ῥητὸν,
567 4645 834 4716 πρότερος
875 4650 903 4701 ὁ
942 4648 1284 4716 Βαϐυλώνιος
1307 4692 1320 4716 ,
1370 4653 1597 4726 ὕστερον
1634 4657 1691 4709 δὲ
1730 4659 1824 4712 καὶ
1875 4661 1925 4711 oi

367 4733 627 4803 Ῥωμαίοι
655 4738 722 4791 τὰ
751 4738 1065 4810 ἐπιθυμητὰ
1098 4743 1288 4812 σκεύη,
1324 4747 1418 4800 καὶ
1453 4748 1552 4801 ὅσα
1573 4744 1641 4818 ἦν
1669 4748 1925 4815 ἀξιόλογα

349 4825 407 4876 ἐν
434 4827 499 4894 τῇ
529 4825 885 4899 Ἰερουσαλὴμ
916 4830 1219 4899 εἰλήφασιν.
1244 4834 1384 4905 Πρὸς
1408 4835 1465 4889 δὲ
1485 4836 1746 4901 διάνοιαν,
1777 4839 1925 4893 ἐτόλ-

353 4932 514 4983 μησε,
554 4918 742 4986 φησὶν,
777 4921 810 4990 ἡ
848 4922 1038 4988 κακία,
1062 4922 1384 4994 ἐφήπλωσεν
1425 4929 1624 5000 ἑαυτὴν
1640 4932 1784 4985 κατὰ
1826 4935 1924 5004 τῆς

346 5004 548 5076 ψυχῆς,
578 5012 674 5063 καὶ
702 5011 1054 5066 ὲπεσκότισεν
1082 5016 1254 5084 αὐτῆς
1292 5022 1390 5088 τὴν
1438 5020 1782 5093 ἐπιθυμητὴν
1808 5024 1926 5077 θεο-

347 5099 608 5165 γνωσίαν.

425 5210 444 5241 σ
482 5189 601 5244 Εἶδε
637 5193 745 5263 γὰρ
776 5194 924 5266 ἔθνη.
958 5216 976 5249 ›
1029 5198 1347 5253 Ἐκέλευσεν
1392 5204 1418 5254 ὁ
1451 5202 1585 5265 Θεὸς
1628 5206 1924 5270 Μωαϐίτας

346 5284 443 5336 καὶ
481 5281 821 5353 Ἀμμανίτας
849 5287 924 5356 μὴ
969 5290 1050 5350 εἰς
1104 5290 1399 5357 ἐκκλησίαν
1424 5294 1630 5362 Κυρίου
1661 5296 1919 5351 εἰσιέναι·

345 5368 729 5442 ἐρημωθείσης
758 5370 852 5427 οὖν
875 5376 973 5445 τῆς
1018 5376 1408 5449 Ἰερουσαλὴμ,
1438 5381 1689 5451 εἰσῆλθον
1721 5384 1811 5436 καὶ
1834 5380 1924 5440 οὗ·

344 5480 428 5517 τοι
465 5465 544 5524 εἰς
569 5464 660 5515 τὸν
692 5466 841 5519 ναόν.
879 5467 1020 5538 Πρὸς
1064 5469 1120 5521 δὲ
1153 5468 1412 5535 διάνοιαν,
1445 5472 1748 5543 ἁκάθαρτοί
1780 5494 1922 5540 τινες

341 5550 596 5626 λογισμοὶ
621 5559 700 5621 είς
733 5561 792 5613 τὸ
817 5561 1010 5617 ἄδυτον
1047 5568 1146 5635 τῆς
1174 5566 1352 5637 ψυχῆς
1384 5569 1691 5640 ἐχώρησαν.

416 5666 461 5699 ¹⁶⁰
491 5668 648 5724 Deut.
678 5686 736 5735 ιι,
762 5672 848 5727 :29.

2101 4576 2162 4631 V.
2198 4576 2284 4628 10.
2333 4596 2352 4628 ι
2387 4575 2604 4630 Manum
2657 4591 2811 4629 suam
2862 4576 3101 4630 extendit
3130 4576 3418 4633 tribulans.
3456 4595 3478 4631 ι
3518 4577 3603 4633 Ad

2026 4668 2260 4723 litteram
2293 4671 2501 4740 priores
2533 4669 2834 4739 Babylonii.
2866 4669 3065 4723 deinde
3105 4678 3161 4723 et
3198 4668 3427 4723 Romani
3457 4669 3602 4723 desi-

2025 4760 2287 4815 derabilia
2320 4777 2470 4823 vasa,
2499 4770 2554 4814 et
2582 4761 2843 4830 quidquid
2879 4768 2996 4814 erat
3040 4760 3339 4829 pretiosum
3379 4760 3598 4813 Jeroso-

2025 4853 2182 4922 lymis
2219 4853 2587 4922 diripuerunt.
2638 4854 2718 4905 Ad
2774 4852 3103 4906 sententiam
3155 4860 3333 4904 autem
3384 4849 3595 4917 spirita-

2026 4945 2131 4999 lem
2164 4964 2176 4998 :
2206 4945 2374 5008 Ausa,
2409 4944 2609 5013 inquit,
2644 4954 2725 4997 est
2754 4943 3026 5012 nequitia;
3057 4942 3247 4995 emidit
3288 4955 3348 4993 se
3386 4940 3438 4991 in
3478 4939 3601 4991 ani-

2025 5050 2203 5096 mam.
2248 5034 2776 5104 desiderabilemque
2831 5035 2885 5087 in
2948 5033 3035 5086 illa
3095 5032 3187 5084 Ι)ρί
3232 5030 3598 5102 cognitionem

2026 5125 2428 5180 obtenebravit.

2101 5236 2118 5266 ι
2163 5214 2302 5268 Vidit
2338 5216 2484 5269 enim
2522 5226 2731 5286 gentes.
2770 5233 2788 5265 ›
2820 5215 3067 5269 Jusserat
3095 5213 3234 5266 Deus
3257 5212 3303 5243 ⁸ο
3335 5211 3594 5267 Moabitas

2025 5315 2079 5361 ct
2116 5306 2454 5360 Ammonitas
2502 5306 2554 5359 in
2609 5304 2821 5358 Domini
2852 5302 3134 5357 ecclesiam
3185 5316 3292 5354 non
3333 5298 3592 5370 ingredi:

2026 5396 2266 5451 desolata
2316 5395 2481 5466 igitur
2523 5394 2878 5463 Jerosolyma,
2909 5391 3138 5462 ingressi
3171 5400 3301 5445 sunt
3335 5388 3596 5460 templum

2026 5498 2080 5541 et
2108 5488 2210 5557 ipsi
2239 5506 2252 5542 :
2280 5486 2635 5557 spiritualiter
2657 5500 2809 5547 vero,
2837 5484 3065 5554 impune
3104 5485 3349 5554 quaedam
3388 5481 3594 5555 cogita-

2028 5578 2204 5632 tiones
2236 5579 2288 5633 in
2318 5579 2431 5634 loca
2458 5577 2652 5632 anima:
2682 5585 2896 5631 secreta
2923 5584 3299 5646 penetrarunt.
