4122 6210
485 285 582 352 ’131

1581 287 2094 348 OLYMPIODORI
2137 287 2630 348 ALEXANDRIN
2642 287 2663 346 ί

3646 287 3751 351 732

553 401 618 454 ν.
652 401 739 457 Η.
780 422 798 454 ι
825 400 1144 470 ριιωτθιιιοθ
1167 417 1416 474 paneum
1449 401 1546 456 Vel
1569 403 1908 472 corporalem
1939 418 2065 471 pro-

2244 419 2263 452 ι
2305 403 2604 471 Ζητοῦντες
2630 405 2809 474 ἄρτον.
2851 421 2867 453 ι
2909 402 2979 454 Ἦ
3006 402 3097 453 τὸν
3123 401 3380 470 αἰσθητὸν
3411 401 3498 455 διὰ
3525 401 3624 472 τὴν
3650 420 3751 455 πο⁴

485 502 608 561 pter
629 491 1006 559 obsidionem;
1031 494 1115 548 vel
1141 506 1473 552 sermonem.
1497 507 1606 560 quo
1623 493 1839 546 animus
1880 493 2063 548 alitur.

566 606 586 638 ¢
630 585 900 641 Dederqu
942 584 1345 641 desiderabilia.
1385 603 1404 636 ι
1453 584 1723 655 Tempore
1767 585 2066 641 obsidionis

488 676 753 747 quidquid
803 684 918 729 erat
965 676 1195 730 charum
1239 675 1462 737 dabant,
1497 676 1556 728 ut
1603 676 1754 730 cibos
1797 687 2063 740 emerent,

488 778 545 823 et
605 769 770 822 vitam
823 767 967 822 meri
1030 778 1286 837 possent,
1347 767 1802 837 deﬁcientemque
1859 768 2068 824 alerent

485 858 747 912 animam.
798 856 894 912 Vel
926 860 1090 913 etiam
1123 859 1202 912 sic
1237 873 1249 911 :
1286 857 1711 913 Desiderabilem
1744 859 1838 913 Dei
1879 859 2067 930 οινεηὶ-

488 950 697 1003 tionem
729 965 851 1002 cum
885 949 1273 1018 perdidissent,
1307 950 1510 1018 aliquid
1549 965 1581 1004 e
1619 952 2068 1020 pseudoprophe—

489 1041 560 1094 tis
608 1041 800 1094 audire
851 1042 1128 1106 volebant,
1160 1057 1269 1111 quo
1315 1053 1636 1098 manentem
1685 1045 1926 1098 animum
1979 1062 2066 1099 re-

495 1138 768 1188 προτί-ιιι.

562 1219 756 1275 v.-12.
789 1239 808 1272 ι
845 1221 949 1288 Qui
979 1223 1044 1277 ad
1073 1239 1170 1277 vos
1200 1239 1413 1278 omnes.
1457 1244 1475 1276 ι
1519 1224 1654 1279 Cum
1701 1233 1871 1278 staret
1909 1225 2071 1280 Jeru-

491 1311 686 1372 salem,
721 1327 816 1381 per
853 1314 1087 1369 mediam
1137 1314 1283 1368 illam
1332 1315 1483 1369 ibant
1523 1331 1666 1386 saepe
1707 1318 1962 1384 viatores,
1995 1319 2069 1373 ibi

491 1401 656 1454 etiam
693 1403 1056 1470 quiescentes.
1101 1405 1303 1459 Eversa
1355 1405 1518 1475 igitur
1552 1415 1702 1460 extra
1749 1407 1895 1460 illam
1931 1423 2070 1476 pra:-

495 1487 748 1542 teribant.
779 1490 867 1543 Ait
895 1493 1076 1560 itaque
1114 1509 1126 1542 :
1160 1491 1240 1546 Ad
1278 1507 1394 1556 vos,
1423 1493 1678 1555 viatores.
1713 1495 1804 1564 qui
1827 1495 2071 1550 exterius

494 1579 936 1644 prmtercurritis,
971 1581 1132 1636 verba
1166 1582 1304 1637 facio
1330 1601 1343 1649 ;
1371 1594 1586 1637 moxeat
1611 1600 1707 1639 vos
1738 1600 1920 1640 meum
1950 1595 2071 1641 tan-

496 1675 609 1721 tum
651 1667 866 1722 vulnus.
913 1668 1282 1739 Spiritualiter
1329 1690 1479 1740 vero,
1525 1674 1628 1739 Qui
1684 1691 1791 1729 non
1844 1687 2070 1741 rectam.

2170 491 2440 561 λιορκίαν,
2465 492 2496 561 ἢ
2531 490 2622 545 τὸν
2646 493 2914 563 τρόφιμον
2938 493 3034 562 τῆς
3068 491 3248 561 ψυχῆς
3287 492 3470 559 λόγον.

2249 600 2265 632 ι
2305 581 2552 653 Ἕδωκαν
2599 582 2667 635 τὰ
2712 581 3132 651 ἐπιθυμήματα.
3171 599 3189 631 ι
3238 579 3328 634 Ἐν
3366 584 3431 651 τῇ
3463 580 3752 652 πολιορκίᾳ

2171 672 2278 725 πᾶν
2303 673 2358 725 εἴ
2377 689 2430 724 τι
2461 672 2716 726 ἐκλεκτὸν
2745 674 3007 742 παρεῖχον
3023 673 3106 734 είς
3133 671 3278 743 ὠνὴν
3310 671 3636 742 βρωμάτων,
3659 673 3749 725 ῐνα

2171 761 2275 814 κᾶν
2323 761 2484 830 μόνον
2527 760 2802 830 ζήσωσιν,
2848 761 2943 813 καὶ
2975 759 3216 830 θρέψωσι
3245 760 3344 831 τὴν
3382 760 3750 814 ἐκλείπουσαν

2168 853 2365 923 ψυχήν.
2403 854 2473 906 Ἦ
2514 851 2610 905 καὶ
2647 851 2821 914 οὕτως
2844 868 2857 882 °
2891 851 2994 920 τὴν
3037 849 3386 920 ἐπιθυμητὴν
3415 848 3748 916 θεογνωσίαν

2171 943 2574 1014 προδεδωκότες
2598 984 2614 1010 ,
2662 942 2854 1012 ἦθελόν
2896 959 2947 994 τι
2989 940 3212 994 ἀκούειν
3244 941 3395 1011 παρὰ
3425 941 3532 995 τῶν
3553 939 3748 1008 ψευδο-

2171 1031 2488 1104 προφητῶν,
2514 1033 2602 1101 ἐφ⁹
2691 1030 2788 1102 τὴν
2811 1029 3023 1083 ἑαυτῶν
3048 1029 3286 1100 ἀθυμίαν
3310 1028 3672 1082 ἀνακτᾶσθαι.

2248 1228 2267 1260 ‹
2309 1209 2371 1262 0i
2417 1209 2555 1279 πρὸς
2585 1208 2732 1278 ὑμᾶς
2780 1205 3000 1268 πάντες.
3032 1224 3050 1255 ι
3099 1203 3372 1272 Ἐστώσης
3419 1201 3518 1272 τῆς
3557 1200 3750 1270 Ἰερου-

2173 1300 2388 1370 σαλὴμ,
2420 1298 2510 1353 διὰ
2543 1298 2715 1369 μέσης
2757 1297 3005 1362 ἐϐάδιζον
3049 1297 3098 1348 οἱ
3141 1295 3413 1365 ὁδοιπόροι
3460 1293 3744 1355 πολλάκις.

2173 1391 2266 1443 καὶ
2307 1388 2772 1457 διαναπαυόμενοι
2818 1389 2874 1440 ἐν
2924 1388 3089 1456 αὐτῇ.
3131 1384 3599 1453 Κατασκαφείσης
3654 1377 3748 1435 οὖν

2173 1479 2342 1548 αὐτῆς
2369 1517 2382 1540 ,
2423 1477 2625 1544 ἔξωθεν
2675 1478 2846 1546 αὐτῆς
2885 1478 3252 1547 παρήρχοντο.
3298 1475 3467 1544 Φησὶν
3510 1469 3623 1534 οὖν,
3663 1473 3746 1525 ὅτι

2185 1571 2385 1624 Ὀδῖται
2406 1572 2454 1623 oi
2487 1569 2686 1634 ἔξωθέν
2718 1586 2783 1635 με
2811 1568 3270 1638 παρατρέχοντες,
3300 1566 3435 1635 πρὸς
3472 1566 3615 1634 ὑμᾶς
3656 1581 3746 1632 μοι

2175 1665 2202 1715 ὁ
2237 1663 2388 1729 λόγος
2413 1677 2424 1690 ·
2459 1660 2854 1731 συμπαθήσατέ
2887 1677 2977 1731 μοι
3013 1659 3102 1710 ἐπὶ
3153 1657 3228 1727 τῷ
3257 1656 3559 1727 τηλικούτῳ
3588 1655 3747 1725 τραύ-

492 1758 588 1820 ait,
620 1767 675 1811 et
725 1758 1017 1828 legitimam
1076 1761 1326 1818 inceditis
1383 1767 1544 1830 viam,
1593 1767 1835 1840 dolorem
1879 1785 2062 1824 meum

2171 1771 2321 1823 ματι.
2352 1753 2493 1824 Πρὸς
2522 1753 2577 1805 δὲ
2605 1752 2846 1805 διάνοιάν
2875 1769 3038 1820 φησιν
3061 1767 3074 1781 ·
3097 1751 3158 1802 Οῑ
3185 1749 3259 1818 μὴ
3290 1750 3389 1816 τὴν
3419 1747 3630 1800 εὐθεῖαν
3653 1747 3746 1799 καὶ

492 1845 740 1902 videntes
772 1849 1152 1905 convertimini
1185 1854 1251 1906 ad
1289 1854 1380 1907 Dei
1408 1855 1799 1924 cognitionem.

567 2047 585 2080 ι
629 2029 869 2086 Locutus
913 2033 968 2086 in
1006 2048 1113 2088 me.
1156 2053 1174 2085 ι
1215 2035 1449 2091 Minatus
1499 2037 1880 2108 redargutione
1924 2042 2067 2097 vcrie

495 2120 621 2173 tatis
653 2137 665 2172 :
695 2128 750 2175 et
778 2123 997 2191 quando
1039 2123 1176 2178 dixit
1214 2124 1508 2199 Synagogae
1539 2147 1552 2182 :
1585 2128 1718 2182 Ecce
1753 2129 2072 2200 relinquetur

490 2211 676 2263 domus
704 2222 874 2266 vestra
903 2220 1106 2268 deserta
1141 2217 1208 2268 δ’.

562 2299 625 2354 ν.
662 2301 748 2356 15.
786 2322 804 2354 ι
841 2302 915 2358 De
945 2305 1164 2360 excelso
1194 2323 1295 2360 suo
1324 2308 1473 2363 misit
1508 2309 1704 2380 ignem.
1738 2333 1756 2364 ι
1807 2313 1911 2370 Pro
1945 2316 2070 2369 alti-

490 2391 679 2444 tudine
705 2408 823 2457 sua,
841 2393 1041 2464 inquit.
1066 2397 1331 2466 supplicio
1364 2415 1452 2454 me
1476 2403 1827 2460 acerbissimo
1857 2405 2065 2471 aﬂ‘ecit;

490 2482 755 2550 signiﬁcat
803 2500 1019 2555 quoque
1075 2504 1195 2542 eam
1245 2505 1368 2559 qua:
1398 2502 1520 2560 post
1549 2496 1929 2551 ascensionem
1963 2497 2066 2552 Do-

490 2572 623 2626 mini
672 2589 768 2642 per
817 2575 1120 2634 Romanum
1157 2580 1360 2634 bellum
1393 2582 1626 2654 irrOgata
1657 2585 1729 2638 illi
1763 2601 1923 2655 poena
1957 2599 2062 2642 est.

565 2765 587 2800 ι
622 2747 680 2804 In
721 2754 937 2809 ossibus
983 2758 1140 2812 meis.
1179 2779 1198 2810 ι
1234 2761 1316 2816 Ad
1351 2764 1498 2832 ipsos
1547 2783 1716 2837 usque
1755 2780 1908 2826 artus
1949 2789 2066 2828 me-

491 2838 772 2912 dullasque
804 2848 1070 2914 pervenit,
1108 2865 1414 2923 sensusque
1442 2866 1496 2911 et
1527 2860 1906 2930 cogitationes.

576 2951 596 2983 ι
635 2931 926 3002 Expandit.
966 2956 985 2988 ι
1041 2937 1412 3012 Punitionem,
1447 2961 1569 3015 quae
1617 2949 1774 3004 vitari
1822 2967 1930 3007 non
1974 2971 2068 3024 po-

493 3024 620 3078 tuit.

567 3134 586 3166 ι
622 3115 905 3173 Convertit
931 3135 1038 3174 me.
1076 3140 1094 3173 ι
1129 3121 1171 3176 Ε
1201 3124 1362 3181 bonis
1392 3128 1458 3182 ad
1487 3129 1649 3184 mala.

569 3313 587 3345 ι
628 3294 784 3350 Dedit
835 3313 922 3351 me
979 3298 1257 3357 Dominus.
1307 3321 1328 3355 ι
1381 3303 1496 3362 Hoc
1550 3318 1657 3375 est,
1690 3313 1934 3369 ostendit
1981 3331 2068 3372 me

491 3385 790 3441 desolatam
801 3426 814 3440 .

565 3495 586 3526 ι
627 3476 760 3531 Tota
787 3477 894 3533 die.
931 3498 948 3530 ι
988 3483 1269 3552 Perpetuis
1300 3486 1572 3544 addictam
1601 3493 1906 3563 suppliciis.

562 3563 625 3620 V.
660 3567 744 3620 14.
768 3587 802 3640 ⁸ι
837 3569 1105 3641 νὶείιιινὶι.
1134 3591 1153 3626 ι
1186 3574 1426 3645 Nullum,
1455 3581 1549 3646 ait,
1572 3598 1753 3640 meum
1785 3597 2068 3656 peccatum

491 3657 828 3724 praeteritum
864 3669 969 3714 est.
1161 3720 1169 3724 _

567 3765 584 3796 ι
620 3744 678 3799 In
715 3750 970 3805 manibus
1016 3755 1170 3810 meis.
1215 3775 1233 3809 ι
1271 3758 1402 3823 Qua:
1445 3777 1543 3831 per
1573 3778 1738 3833 opera
1783 3769 2069 3836 seminari,

490 3836 607 3892 inec
636 3848 692 3893 et
740 3844 970 3897 messui.
1025 3844 1098 3900 Eo
1148 3851 1294 3917 quod
1350 3855 1725 3926 unusquisque
1784 3862 2065 3930 proprium

489 3942 630 3982 onus
664 3940 876 3999 portare
901 3945 1137 4004 oportet.

565 4037 583 4070 ι
627 4019 900 4078 Inﬁrmata
935 4036 1018 4080 est
1047 4027 1221 4084 virtus
1250 4045 1388 4086 mea.
1429 4052 1447 4085 ι
1499 4033 1759 4092 Hosﬁbus
1794 4039 2067 4096 adversari

490 4125 602 4200 non
637 4112 803 4168 valui.
859 4115 952 4169 Vel
1001 4117 1112 4172 ita:
1149 4118 1445 4194 Synagogte
1483 4125 1652 4181 robur
1687 4126 1794 4192 lex,
1831 4145 1950 4200 qua:
1995 4130 2069 4187 illi

488 4199 780 4256 subvenire
815 4219 922 4257 non
957 4208 1158 4275 potuit.

563 4309 582 4341 ι
619 4291 754 4358 Quia
785 4294 934 4350 dedit
976 4296 1255 4355 Dominus.
1293 4323 1312 4354 ι
1347 4304 1404 4358 ld
1441 4314 1544 4372 est,
1579 4309 1818 4364 ostendit
1864 4326 1951 4366 me
1971 4313 2070 4368 do-

488 4378 694 4436 loribus
725 4385 883 4454 digna
916 4398 1182 4455 patrasse.

569 4491 588 4522 ι
626 4473 744 4528 Non
775 4486 984 4544 potero.
1021 4499 1039 4533 ι
1083 4482 1361 4541 Concussa
1387 4498 1470 4543 est
1500 4491 1768 4548 stabilitas
1798 4509 1948 4562 mea,
1985 4498 2068 4551 vi-
2104 4473 2156 4528 ν·

492 4563 696 4620 delicet
727 4566 950 4624 ﬁrmitas
977 4586 1121 4627 mea.

560 4657 622 4711 ν.
657 4659 743 4714 15.
801 4679 819 4712 ι
848 4662 1090 4720 Abstulit
1120 4683 1329 4724 omnes.
1362 4690 1380 4723 ι
1415 4672 1495 4727 Ad
1543 4675 1778 4730 litteram
1825 4677 2066 4747 quidem.

487 4750 789 4821 principes,
842 4755 1130 4827 legumque
1183 4759 1437 4818 doctores
1480 4783 1492 4817 :
1540 4765 1859 4836 spiritaliter
1913 4784 2067 4831 vero,

488 4845 751 4912 propositi
797 4847 1008 4914 modos,
1041 4865 1179 4920 quos
1240 4857 1566 4913 exterminat
1606 4874 1665 4914 se
1695 4875 1980 4930 opponens
2014 4872 2069 4916 et

488 4949 756 5003 superans
786 4936 1067 5007 iniquitas.
1951 4945 1966 4956 ’

561 5045 580 5076 ι
617 5027 844 5085 Vocavit
869 5046 1033 5100 super
1059 5051 1165 5090 me.
1200 5056 1218 5088 ι
1254 5039 1514 5108 Tempus,
1542 5043 1640 5104 ait,
1683 5047 2067 5104 tenebrarum:

487 5116 777 5174 deficiente
812 5122 1014 5192 quippe
1045 5125 1369 5199 intelligibili
1408 5130 1634 5197 lumine,
1669 5139 1909 5193 tenebrae
1945 5156 2068 5193 suc-

487 5208 712 5262 cedunt.

564 5317 582 5348 ι
621 5298 686 5353 lit
733 5311 1065 5360 contereret.
1105 5327 1122 5358 ι
1162 5309 1198 5362 ι]
1213 5317 1232 5363 ι
1273 5327 1434 5365 omne
1476 5314 1678 5368 bonum
1720 5333 1900 5372 meum
1942 5335 2068 5387 pro—

486 5389 727 5457 positum
758 5399 1177 5455 exterminetur.

565 5497 585 5529 ι
622 5477 884 5538 Torcular
916 5487 1166 5544 calcavit.
1206 5511 1223 5542 ι
1267 5493 1380 5548 Hoc
1425 5506 1526 5560 est,
1576 5497 1755 5551 omnia
1803 5514 1918 5552 mea
1959 5501 2069 5554 cri—

562 5673 602 5703 δ’
635 5672 824 5730 Matth.
862 5695 1019 5746 um,
1057 5685 1142 5738 58.

2174 1844 2397 1913 ἔννομον
2446 1840 2752 1912 βαδίζοντες
2792 1840 2930 1906 ὁδὸν,
2957 1841 3017 1892 τὸ
3054 1839 3188 1908 ἐμὸν
3223 1838 3450 1909 ἄλγημα
3478 1837 3746 1908 θεωροῦν-

2171 1953 2283 2000 τες,
2316 1932 2680 2003 ἐπιστρέψατε
2707 1935 2786 1996 εἰς
2817 1931 3170 2000 οεογνωσίαν.

2247 2048 2265 2079 ι
2302 2028 2682 2096 Φθεγξάμενος
2709 2029 2766 2079 ἐν
2796 2028 2942 2096 ἐμοί.
2964 2044 2982 2077 ι
3015 2025 3346 2094 Ἀπειλήσας
3373 2021 3585 2092 ἐλεγμῷ
3614 2022 3745 2092 ἁλη-

2173 2121 2350 2182 θεὶας’
2402 2119 2497 2171 καὶ
2523 2120 2614 2171 ὅτε
2672 2117 2728 2169 δὲ
2773 2121 2841 2188 τῇ
2899 2116 3235 2186 Συναγωγῇ·
3294 2115 3448 2169 Ἰδοὺ
3507 2114 3743 2182 ἀφίεται

2170 2211 2312 2280 ὑμῖν
2334 2212 2366 2263 ό
2393 2205 2560 2274 οἷκος
2601 2206 2768 2278 ὑμῶν
2794 2206 3033 2276 ἕρημος.

2245 2321 2262 2352 ι
2289 2301 2375 2371 Ἐξ
2397 2299 2566 2370 ὕψους
2593 2298 2758 2351 αὑτοῦ
2786 2297 3071 2351 ἀπέστειλε
3101 2295 3228 2367 πῦρ.
3257 2317 3274 2347 ι
3315 2295 3473 2348 Κατὰ
3498 2295 3558 2346 τὸ
3603 2292 3744 2361 ὕψος

2171 2393 2357 2453 αὑτοῦ,
2395 2394 2578 2460 φησὶν,
2607 2390 2779 2452 οὕτως
2809 2390 3149 2460 ἐξηκρίὸωσε
3191 2390 3290 2458 τὴν
3323 2388 3445 2440 κατ’
3485 2383 3619 2456 ἐμοῦ
3659 2401 3742 2437 τι-

2174 2484 2387 2555 μωρίαν
2408 2502 2419 2513 ·
2441 2482 2593 2553 δηλοί
2622 2483 2676 2534 δὲ
2709 2482 2803 2536 καὶ
2835 2481 2975 2552 μετὰ
2997 2481 3098 2551 τὴν
3123 2479 3394 2549 ἀνάληψιν
3419 2477 3512 2530 τοῦ
3542 2476 3744 2546 Κυρίου

2169 2574 2266 2642 τὴν
2309 2574 2696 2642 ἐπενεχθεῖσαν
2739 2575 2804 2643 τῇ
2847 2571 3210 2643 Ἰερουσαλὴμ
3250 2570 3474 2624 κόλασιν
3513 2568 3604 2620 διὰ
3651 2566 3742 2618 τοῦ

2182 2664 2286 2716 Ῥω
2292 2664 2488 2734 μαῖκοῦ
2519 2663 2754 2733 πολέμου
2767 2703 2778 2716 .

2245 2774 2262 2806 ι
2308 2757 2397 2809 Ἑν
2451 2756 2562 2817 τοῖς
2599 2756 2808 2818 ὀστέοις
2848 2771 2970 2824 μου.
3016 2773 3034 2808 ι
3104 2755 3440 2822 Ἐφικνεῖται
3485 2751 3591 2821 γὰρ
3639 2750 3744 2810 ἕως

2171 2845 2362 2918 ἁρμῶν
2391 2863 2447 2899 τε
2485 2846 2582 2899 καὶ
2618 2846 2852 2916 μυελῶν,
2893 2847 3246 2916 ἐνθυμήσεων
3279 2862 3336 2898 τε
3370 2844 3464 2898 καὶ
3501 2841 3738 2896 ἐννοιῶν.

2246 2957 2263 2989 ι
2300 2939 2625 2992 Διεπέτασε.
2665 2958 2683 2990 ι
2716 2939 2827 3002 Τὴν
2854 2938 3095 3006 ἄφυκτον
3120 2939 3412 3010 τιμωρίαν.

2096 3100 2139 3158 C
2249 3132 2266 3165 ι
2311 3113 2646 3184 ’Δπέστρεψέ
2681 3130 2769 3184 με.
2809 3131 2828 3165 ι
2881 3114 2974 3167 Ἐκ
3005 3112 3122 3168 τῶν
3149 3112 3370 3182 ἀγαθῶν
3403 3114 3497 3166 ἐπὶ
3538 3112 3604 3166 τὰ
3633 3113 3741 3184 xti-

2175 3219 2328 3272 ρονα.

2245 3313 2264 3346 ι
2323 3292 2532 3348 Ἐδωκέ
2589 3310 2657 3363 με
2719 3293 2943 3365 Κύριος.
2989 3293 3215 3353 ›,Ἀντὶ
3261 3293 3395 3360 τοῦ,
3451 3293 3620 3358 ἐδειξὲ
3676 3311 3746 3363 με

2170 3389 2269 3461 ἐρη
2277 3407 2399 3459 μον.

2248 3498 2266 3530 ι
2308 3480 2477 3549 Ὅλην
2507 3479 2607 3550 τὴν
2632 3479 2866 3550 ἡμέραν.
2907 3499 2924 3532 ι
2955 3479 3228 3548 Διηνεκῶς
3260 3479 3660 3550 κολαζομένην.

2247 3588 2264 3621 ι
2310 3569 2711 3640 Ἐγρηγορήθη.
2733 3588 2752 3623 ι
2777 3570 2963 3635 Οὐδὲν,
2987 3570 3140 3640 φησὶ,
3170 3571 3455 3642 ἐσιωπήθη
3476 3573 3584 3625 τῶν
3597 3573 3747 3640 ἐμῶν

2169 3662 2607 3734 ἁμαρτημάτων.

2247 3771 2266 3803 ι
2317 3750 2406 3806 Ἐν
2438 3752 2596 3823 χερσί
2631 3769 2754 3823 μου.
2793 3772 2812 3804 ι
2847 3755 2915 3806 "A
2951 3753 3041 3808 διὰ
3061 3755 3172 3808 τῶν
3209 3755 3465 3825 πράξεων
3494 3757 3745 3826 ἔσπειρα,

2169 3842 2342 3896 ταῦτα
2377 3843 2471 3895 καὶ
2505 3841 2750 3913 ἐθέρισα.
2781 3845 2880 3896 Διὰ
2911 3845 2974 3896 τὸ
3003 3844 3234 3898 ἕκαστον
3272 3846 3334 3898 τὸ
3361 3846 3492 3899 ἴδιον
3525 3847 3747 3918 φορτίον

2174 3933 2490 4004 βαστάζειν.

2248 4042 2268 4075 ι
2314 4023 2608 4095 Ἠσθένησε
2641 4025 2673 4094 ἡ
2724 4015 2876 4095 ἰσχύς
2923 4045 3045 4095 μου.
3086 4047 3104 4079 ι
3145 4029 3258 4082 Οὐκ
3287 4029 3560 4100 ἠδυνήθην
3599 4031 3749 4082 ἀντι-

2172 4116 2380 4188 πρᾶξαι
2428 4118 2540 4179 τοίς
2596 4118 2882 4180 ἐναντίοις.
2916 4121 2986 4173 Ἦ
3034 4121 3128 4174 καὶ
3177 4121 3383 4184 οὕτως’
3424 4123 3603 4191 ’ἰσχὺς
3648 4122 3748 4190 τῆς

2175 4208 2499 4280 συναγωγῆς
2522 4211 2548 4263 ό
2574 4210 2758 4279 νόμος,
2800 4211 2862 4264 οὐ
2888 4211 3142 4281 δυνηθεὶς
3173 4213 3311 4284 αὐτῇ
3338 4213 3637 4281 ἐπαμῦναι.

2249 4320 2268 4351 ο
2295 4301 2416 4356 Ὅτι
2443 4301 2614 4355 ἔδωκε
2654 4303 2877 4373 Κύριος.
2911 4322 2928 4354 ι
2965 4304 3110 4359 ’Δντὶ
3150 4303 3244 4358 τοῦ
3265 4344 3279 4368 ,
3308 4304 3506 4371 ἔδειξέν
3541 4322 3605 4374 με
3632 4304 3745 4357 ὀδύ-

2175 4410 2271 4463 νης
2302 4393 2428 4458 ἄξια
2460 4395 2934 4467 διαπραξαμένην.

2252 4505 2270 4534 σ
2315 4486 2390 4539 Οὐ
2422 4486 2743 4558 δυνήσομαι.
2791 4506 2810 4541 ι
2863 4487 3161 4558 Ἐσαλεὺθη
3205 4490 3394 4551 στάσις
3430 4505 3552 4559 μου,
3588 4504 3745 4540 τουτ-

2175 4578 2288 4630 έστι
2321 4579 2625 4648 στηριγμός
2660 4596 2782 4649 μου.

2250 4689 2268 4720 ι
2320 4671 2508 4742 Ἐξῆρε
2541 4673 2769 4733 πάντας.
2809 4691 2827 4723 ι
2865 4673 3008 4743 Πρὸς
3039 4673 3137 4743 μὲν
3178 4673 3340 4744 ῥητὸν
3361 4714 3375 4735 ,
3407 4675 3534 4736 τοὺς
3566 4675 3746 4744 ἄρχονο

2169 4780 2266 4826 τας
2305 4765 2400 4816 καὶ
2445 4765 2569 4826 τοὺς
2623 4766 3143 4834 νομοδιδασκόιλουςο
3189 4767 3324 4836 πρὸς
3369 4767 3428 4819 δέ
3490 4767 3744 4832 διάνοιαν,

2169 4857 2294 4917 τοὺς
2320 4855 2554 4925 τρόπους
2600 4855 2699 4924 τῆς
2745 4855 3059 4926 προθέσεως
3081 4897 3095 4922 ,
3126 4856 3218 4921 οὓς
3252 4857 3565 4926 ἐξαφανίζει
3595 4860 3743 4910 ἀντι-

2165 4944 2562 5014 καθισταμένη.
2592 4947 2686 5000 καὶ
2715 4947 3094 5016 ἐπικρατοῦσα
3119 4949 3151 5017 ἡ
3187 4948 3458 5019 ἁμαρτία.

2243 5056 2259 5083 ι
2311 5033 2598 5088 Ἐπιάλεσεν
2637 5033 2724 5086 ἐπ’
2745 5035 2872 5103 ἐμέ.
2913 5054 2930 5086 ι
2971 5037 3176 5106 Καιρόν
3213 5055 3346 5106 φησι
3373 5038 3465 5090 τὸν
3489 5036 3584 5089 τοῦ
3616 5036 3744 5088 σκό-

2168 5144 2310 5190 τους.
2354 5126 2731 5190 Ὲκλείποντος
2759 5128 2867 5198 γὰρ
2895 5127 2990 5181 τοῦ
3015 5129 3206 5200 νοητοῦ
3247 5131 3446 5199 φωτὸς,
3469 5129 3528 5183 τὺ
3555 5131 3745 5192 σκότος

2169 5218 2601 5288 ἀντεισὲρχεται.

2251 5329 2268 5360 ι
2307 5309 2410 5363 Τοῦ
2445 5310 2750 5380 συντρῖψαι.
2785 5331 2803 5363 ι
2835 5313 2999 5365 Ὥστε
3023 5314 3394 5384 ἀφανισθῆναί
3431 5333 3532 5387 μου
3570 5316 3740 5368 πάντα

2171 5402 2373 5473 τρόπον
2403 5403 2627 5468 ἀγαθόν.

2249 5516 2266 5548 ι
2308 5498 2479 5568 Ληνον
2533 5499 2791 5564 ἐπάτησε.
2827 5517 2845 5542 ι
2906 5501 3050 5552 Ἀντὶ
3099 5501 3232 5555 τοῦ.
3301 5503 3483 5557 Πάντα
3533 5520 3633 5574 μου
3680 5504 3742 5556 τὰ
