4122 6210
406 284 513 346 733

1411 297 1876 359 FRAGMENTA
1917 299 1999 359 ΙΝ
2038 299 2309 361 JEREM.
2350 303 2678 364 LAMENT.

3557 310 3665 377 73S

408 394 785 488 ἁμαρτήματα
838 398 1143 488 συνήγαγεν
1204 401 1287 465 εἷς
1354 402 1437 468 ιν,
1490 404 1649 460 ᾶτινα
1744 408 1969 479 πατήσας

2096 409 2242 464 mina
2271 412 2328 465 in
2354 426 2525 467 unum
2555 412 2799 484 collegit;
2830 428 2950 485 quae
2976 416 3192 471 calcans
3222 417 3408 472 vinum
3439 433 3667 488 expres-

405 485 807 560 ὲποίησενοῐνον
825 508 840 521 ο
865 493 995 561 περὶ
1009 486 1072 546 οὖ
1106 508 1270 563 φησιν
1286 494 1314 546 δ
1333 494 1658 568 Ψαλμφδὺς,
1676 498 1756 552 δτι
1794 498 1984 566 110τή-

401 595 541 648 pter
589 579 661 633 ἐν
691 580 843 649 χειρί
876 581 1100 650 Κυρίου
1148 584 1323 639 οἴνου
1376 584 1658 654 ἀκράτου,
1701 589 1976 643 τουτέστιν

405 669 594 739 ὀργῆς.
625 670 1019 742 Ἐξεταζόμενα
1041 675 1151 744 γὰρ
1179 673 1250 729 τὰ
1267 675 1662 747 ἁμαρτήματα,
1679 680 1775 733 καὶ
1794 678 1984 752 ὥσπερ

410 761 797 831 ικθλιϐόμενα,
827 763 981 818 θείαν
1007 765 1176 836 ὀργὴν
1194 765 1615 834 ἀποστάζουσιν,
1637 770 1707 841 ἢν
1732 769 1982 835 ποτίζον-

405 865 495 903 ται
530 853 579 904 οί
610 852 1041 924 ἁμαρτάνοντες,
1924 899 1933 909 .

482 961 504 995 ι
553 941 616 997 '0
643 944 925 1015 ὀφθαλμός
969 962 1075 1015 μου
1119 947 1439 1018 κατήγαγεν
1473 947 1639 1021 ὕδωρ.
1673 968 1695 1002 ι
1748 949 1822 1003 Τὸ
1861 950 1981 1004 δια-

403 1035 652 1104 νοητικδν
696 1040 795 1108 τῆς
844 1036 1027 1107 ψυχῆς
1057 1038 1260 1105 τρόπον
1282 1039 1406 1093 τινὰ
1431 1040 1697 1115 δακρύει,
1733 1042 1828 1095 καὶ
1856 1044 1982 1096 ἐπιδ

405 1126 651 1192 στενάζει
679 1130 793 1191 τοῖς
825 1128 1247 1199 ἁμαρτήμασιν.

481 1217 581 1272 «⁸0
607 1219 955 1290 ἔπιστρέφων
972 1219 1154 1292 ψυχήν
1186 1237 1309 1292 μου.
1343 1240 1365 1275 ι
1405 1223 1550 1294 Πρὸς
1584 1224 1684 1296 μὶν
1702 1224 1767 1279 τδ
1791 1225 1980 1297 ῥητὴν,

403 1306 485 1360 ὅτι
517 1309 679 1381 μέχρι
713 1310 809 1364 νῦν
842 1311 1086 1367 Ἰουδαῖοι
1116 1313 1528 1386 ταλαιπωροῦσι
1556 1356 1573 1380 ,
1613 1315 1751 1388 πρὸς
1776 1316 1834 1370 δὲ
1868 1316 1984 1370 διὰ·

404 1417 574 1467 νοιαν,
597 1404 626 1455 ὁ
650 1403 849 1470 τρόπος
876 1407 978 1475 τῆς
1012 1405 1237 1478 μνήμης
1265 1406 1361 1459 τοῦ
1392 1404 1552 1475 Θεοῦ,
1575 1410 1603 1461 ό
1631 1409 1981 1479 ἐπιστρέφων

402 1490 504 1562 τὴν
526 1491 711 1563 ψυχὴν
732 1497 796 1549 ἑκ
825 1493 1060 1550 θανάτου
1091 1497 1175 1561 είς
1199 1498 1368 1568 ζωήν.
1628 1555 1633 1561 ,

473 1605 491 1635 ι
545 1583 829 1651 Ἐγένοντο
860 1586 911 1639 οἱ
938 1586 1048 1639 υίοί
1090 1604 1215 1658 μου.
1257 1607 1276 1640 ι
1329 1590 1397 1643 Ai
1436 1590 1690 1661 διάφοροι
1728 1588 1958 1661 πράξεις

400 1670 498 1725 τοῦ
549 1674 746 1746 ἔχθροῦ
800 1676 958 1747 ἡμῶν
1005 1678 1255 1734 διαϐόλου
1303 1680 1767 1751 ἐπικρατεστέρου
1836 1698 1982 1751 γινο-

402 1764 588 1833 μένου.

476 1874 495 1906 ι
523 1857 823 1912 Διεπέτασε
851 1858 1011 1916 Σιών.
1042 1880 1062 1914 ι
1097 1860 1235 1916 Ὑπὸ
1267 1862 1585 1934 ἐκπλήξεως
1638 1865 1978 1936 παρειμένας

400 1944 526 2017 ἔσχε
551 1948 650 2011 τὰς
675 1953 886 2022 χεῖρας,
915 1953 1096 2016 πάσας
1119 1953 1330 2022 ἀγαθὰς
1355 1954 1561 2026 ῥίψασα
1576 1956 1830 2027 πράξεις.

474 2054 493 2088 ι
531 2038 647 2091 Οὐκ
670 2040 820 2095 ἔστιν
854 2043 883 2095 ὁ
921 2044 1260 2113 παρακαλῶν
1282 2045 1477 2116 αὐτήν.
1520 2062 1541 2097 ι
1582 2046 1657 2100 Οὐ
1686 2048 1873 2119 νόμος,
1914 2051 1975 2105 οὐ

398 2127 706 2199 “90am:-

475 2233 494 2267 ι
541 2215 879 2272 Ἑνετείλατο
904 2218 1133 2292 Κύριος.
1169 2238 1188 2271 ι
1221 2222 1590 2294 Raptim-ede
1609 2266 1624 2291 ,
1650 2225 1787 2296 φησὶ
1810 2266 1825 2291 ,
1863 2227 1978 2281 Κύ-

395 2322 544 2373 οιος.
573 2306 696 2361 Ὀτι
726 2307 913 2380 κύκλῳ
944 2312 1081 2365 εἰσὶν
1112 2312 1162 2364 oi
1193 2312 1470 2379 θλίϐοντες
1506 2332 1564 2369 σε
1584 2354 1600 2379 ,
1631 2316 1820 2387 νῆψον·
1862 2318 1891 2369 ὁ
1915 2317 1975 2371 δὲ

397 2398 480 2460 είς
508 2398 782 2470 ρᾳθυμίαν
823 2400 1120 2466 ἐξέκλινεν.
1154 2404 1225 2458 Ἢ
1254 2404 1462 2470 οὕτως’
1508 2407 1730 2479 Ἐντολὴ
1768 2409 1973 2479 Κυρίου

397 2489 564 2557 φησίν
583 2507 596 2522 ·
642 2490 789 2546 Ἰδοὺ
837 2494 1073 2548 τέθεικα
1119 2498 1233 2566 πρὸ
1279 2499 1607 2567 προσώπου
1650 2499 1820 2569 ὑμῶν
1857 2500 1974 2569 τὴν

395 2579 586 2648 ζωὴν,
615 2582 718 2636 καί
754 2584 862 2638 τὸν
895 2585 1174 2642 θάνατον.
1225 2589 1445 2661 Ἐπειδὴ
1481 2591 1665 2644 τοίνυν
1695 2590 1972 2645 ἀνθείλετο

393 2672 495 2741 τῆς
527 2668 673 2741 ζωῆς
700 2673 793 2726 τὸν
825 2672 1058 2727 θάνατον
1079 2676 1108 2727 ὁ
1142 2674 1355 2743 Ἰακὼϐ,
1381 2676 1634 2746 ἐγένοντο
1658 2676 1845 2748 κύκλῳ
1873 2678 1973 2730 αὐ-

393 2761 490 2814 τοῦ
520 2762 571 2815 οί
602 2762 881 2828 θλίϐοντες
912 2765 1095 2821 αὐτόν.

467 2866 488 2900 ι
518 2848 612 2912 Ei;
666 2852 1120 2924 ἀποκαθημένην.
1163 2871 1182 2906 ι
1235 2857 1383 2911 ’Λντὶ
1440 2855 1568 2911 τοῦ⁸
1609 2857 1781 2929 ’Υπὲρ
1841 2861 1971 2925 τοὺς

395 2939 648 3011 ἐχθροὺς,
678 2935 755 2995 ὧν
796 2944 856 2995 ὲν
901 2942 1057 3014 μέσῳ
1097 2946 1379 3017 τυγχάνει,
1425 2947 1690 3020 βδελυκτὴ
1722 2948 1965 3018 γέγονεν.

2091 501 2189 568 sit;
2214 504 2280 557 de
2311 520 2420 573 quo
2447 503 2739 561 Psalmista
2771 524 2785 560 :
2819 506 2976 561 Catia:
3019 509 3072 561 in
3115 525 3277 562 manu
3314 509 3526 563 Domini
3555 516 3662 572 ciui

2088 594 2219 649 meri
2244 594 2311 661 δ’,
2341 596 2396 650 id
2429 605 2513 651 est
2540 598 2655 651 ira‘.
2680 597 2969 668 Disquisita
3001 601 3146 653 enim
3184 610 3428 673 peccata,
3458 612 3513 657 et
3541 605 3663 658 vel-

2089 684 2168 738 uti
2224 684 2452 749 calcata,
2485 685 2727 741 divinam
2775 688 3040 743 distillant
3084 690 3242 755 iram,
3266 707 3426 761 quam
3471 708 3666 763 pecca-

2089 779 2237 827 tores
2268 774 2481 828 bibunt.

2157 953 2221 1007 ν.
2259 952 2345 1007 16.
2390 972 2409 1004 ι
2444 952 2647 1009 Oculus
2686 968 2842 1009 meus
2884 953 3110 1009 deduxit
3151 970 3368 1025 aquam.
3404 974 3425 1007 ι
3464 955 3658 1011 Facul-

2089 1048 2172 1095 tas
2207 1041 2402 1095 animae
2429 1041 2845 1110 contemplatrix
2879 1044 3281 1112 quodammodo
3311 1046 3658 1116 lacrymatur,

2087 1139 2146 1185 et
2171 1131 2398 1201 ingemit
2425 1146 2592 1201 super
2623 1133 2885 1201 peccatis.

2162 1242 2182 1274 ι
2197 1224 2533 1277 Convertens
2548 1223 2783 1278 animam
2803 1238 3029 1280 meam.»
3057 1225 3137 1279 Ad
3155 1224 3392 1282 litteram
3412 1228 3658 1298 quidem,

2086 1313 2231 1385 quod
2282 1314 2565 1384 hucusque
2609 1312 2781 1369 Judaei
2831 1315 3033 1371 misere
3078 1325 3286 1387 agunt:
3322 1332 3486 1374 sensu
3518 1334 3659 1376 vero

2087 1406 2354 1470 interiori,
2395 1405 2729 1475 propositum
2756 1406 3035 1462 memoriae
3066 1407 3161 1462 Dei
3197 1418 3525 1463 convertens
3550 1411 3660 1464 ani-

2087 1509 2233 1551 mam
2264 1497 2332 1551 de
2360 1503 2537 1551 morte
2564 1495 2630 1550 ad
2661 1495 2847 1550 vitam.

2163 1607 2183 1640 ι
2224 1587 2375 1643 Faeti
2415 1595 2545 1642 sunt
2581 1587 2675 1641 lilii
2704 1587 2830 1641 mei.
2872 1606 2891 1639 ι
2943 1586 3165 1641 Diversa
3208 1602 3392 1656 opera,
3436 1587 3659 1641 inimico

2086 1690 2278 1735 nostro
2304 1680 2519 1735 diabolo
2548 1678 2900 1750 praevalente.

2154 1861 2335 1917 v.17.
2379 1880 2396 1913 ι
2431 1860 2700 1933 Expandit
2749 1859 2902 1915 Sion.
2933 1880 2952 1913 ι
3018 1860 3135 1917 Prae
3180 1872 3404 1932 stupore
3450 1863 3658 1919 solutas

2084 1952 2272 2008 habuit
2300 1967 2518 2015 manus,
2546 1951 2802 2009 omnibus
2829 1952 3056 2023 abiectis
3086 1952 3394 2008 actionibus
3422 1953 3599 2007 bouis.

2156 2062 2174 2095 ι
2217 2044 2284 2098 Ει
2310 2057 2420 2104 non
2453 2055 2535 2099 est
2560 2044 2652 2114 qui
2677 2044 2992 2099 consoletur
3030 2059 3172 2099 eam.
3207 2063 3226 2096 ι
3261 2044 3376 2099 Non
3414 2044 3518 2108 lex,
3546 2061 3655 2099 non

2079 2135 2367 2207 propheta.

2152 2245 2172 2279 ι
2207 2224 2483 2282 Mandavit
2525 2226 2810 2284 Dominus.
2845 2247 2864 2280 ι
2913 2226 3203 2290 Mandonii,
3237 2227 3334 2292 ait,
3375 2226 3650 2282 Dominus.

2076 2319 2347 2387 Quoniam
2388 2321 2447 2375 in
2495 2319 2728 2375 circuitu
2773 2327 2903 2374 sunt
2929 2318 3020 2389 qui
3066 2316 3381 2388 opprimunt
3419 2331 3490 2383 te,
3522 2334 3655 2375 cau-

2076 2422 2165 2470 tus
2189 2421 2343 2478 esto;
2381 2412 2473 2468 ille
2505 2427 2633 2468 vero
2654 2412 2941 2483 segnitiem
2976 2413 3196 2466 amavit.
3228 2411 3322 2466 Vel
3352 2411 3463 2465 sic:
3504 2410 3654 2465 Man-

2075 2504 2264 2560 datum
2294 2502 2512 2558 Domini
2553 2503 2664 2557 ait:
2693 2502 2827 2557 Ecce
2857 2504 3008 2570 posui
3050 2513 3172 2556 ante
3205 2503 3392 2574 faciem
3424 2515 3653 2558 vestram

2073 2600 2238 2653 vitam
2279 2607 2330 2651 et
2356 2604 2577 2651 mortem
2603 2595 2671 2649 ⁵³.
2716 2595 2984 2660 Quoniam
3026 2595 3193 2665 igitur
3223 2593 3390 2649 Jacob
3416 2594 3663 2673 prartulit.

2072 2691 2197 2745 vitae
2226 2698 2477 2753 mortem,
2510 2688 2637 2743 facti
2682 2695 2811 2742 sunt
2848 2687 2902 2741 in
2939 2686 3173 2741 circuitu
3203 2685 3323 2754 ejus
3348 2685 3651 2757 allligentcs

2073 2796 2220 2834 eum.

2147 2889 2165 2921 ι
2192 2870 2354 2936 Quasi
2382 2871 2583 2941 polluta
2604 2869 2903 2925 menstruis
2928 2868 2982 2922 in
3006 2868 3189 2923 medio
3212 2881 3454 2921 eorum.»
3480 2864 3649 2932 Quasi

2070 2962 2277 3017 diceret
2305 2978 2319 3016 :
2349 2961 2639 3032 Plusquam
2677 2959 2915 3015 inimicis
2952 2958 3090 3028 ipsis
3123 2972 3355 3028 quorum
3386 2958 3439 3011 in
3466 2957 3649 3012 medio

395 3035 505 3087 Kal.
556 3034 729 3100 οὕτως
791 3038 934 3108 μετὰ
982 3038 1082 3111 τὴν
1119 3042 1499 3112 αἰχμαλωσίαν
1542 3042 1760 3115 ἔμεινεν
1802 3045 1860 3098 ἐν
1899 3046 1966 3117 τῇ

2073 3063 2177 3120 est,
2204 3054 2584 3110 abominabilis
2621 3053 2761 3108 facta
2789 3061 2892 3107 est.
2924 3051 2985 3104 Et
3016 3051 3093 3105 sic
3120 3060 3243 3121 post
3272 3049 3647 3120 captivitatem

395 3126 502 3199 ἰδίᾳ
530 3128 867 3203 ἀκαθαρσία,
896 3132 970 3205 μὴ
1001 3135 1356 3203 μετανοοῦσα.

467 3239 486 3271 ι
516 3221 783 3276 Ἐκάλεσα
806 3226 915 3295 γὰρ
937 3227 1066 3289 τοὺς
1089 3226 1331 3298 ἐραστάς
1363 3245 1491 3299 μου.
1531 3247 1550 3281 ι
1580 3227 1842 3303 Ἐρασταὶ
1867 3232 1968 3285 αὑ-

390 3308 491 3378 τῆς
530 3309 975 3384 ψευδοπροφῆται
998 3358 1016 3381 ,
1047 3317 1140 3368 καὶ
1163 3319 1558 3387 τερατοσκόποι
1576 3359 1592 3382 ,
1626 3320 1722 3372 καὶ
1751 3321 1801 3372 oi
1831 3321 1970 3374 ἀκά-

391 3401 580 3476 θαρτοι
622 3404 899 3476 δαίμονες.
956 3407 1220 3478 Ἐρασταὶ
1262 3408 1319 3461 δὲ
1355 3408 1528 3479 αὐτῆς
1569 3410 1892 3477 καλοῦνται,
1934 3411 1966 3483 ἢ

387 3499 470 3551 ὅτι
502 3500 641 3570 αὑτὴ
671 3501 775 3571 ἐρᾷ
806 3500 906 3570 τῆς
934 3500 1116 3554 αὐτῶν
1149 3502 1388 3575 ἀπάτης,
1421 3504 1454 3574 ἢ
1487 3504 1568 3558 ὅτι
1593 3506 1751 3559 αὐτοὶ
1793 3521 1968 3577 προσ-

390 3592 708 3661 ποιούμενοι
741 3592 916 3661 φιλεῖν
953 3593 1150 3664 αὐτὴν,
1191 3596 1288 3663 τῆς
1319 3594 1469 3659 θείας
1516 3597 1689 3667 ὀργῆς
1720 3596 1968 3664 ἐγένοντο

392 3683 683 3753 πρόξενοι,
719 3684 873 3737 οὐδὲν
902 3685 1043 3756 αὐτῇ
1080 3686 1406 3755 δυνηθέντες
1452 3687 1752 3756 ἐπαμῦναι.
1797 3688 1966 3742 Τοῦτο

389 3777 499 3849 γὰρ
531 3776 789 3848 σημαίνει
826 3778 908 3843 τὸ,
939 3778 1433 3848 Παρελοτίσαντό
1446 3797 1543 3850 με.

461 3975 481 4009 ι
521 3957 585 4011 Οἱ
628 3958 794 4026 ἱερεῖς
827 3974 948 4045 μου.
1007 3975 1026 4009 ι
1067 3956 1256 4011 Ταῦτα
1307 3956 1409 4026 μὲν
1455 3959 1514 4011 ἐν
1557 3959 1625 4029 τῇ
1675 3957 1960 4030 πολιορκίᾳ

384 4049 607 4121 συνέϐη.
634 4049 777 4121 Πρὸς
810 4050 867 4103 δὲ
900 4049 1165 4114 διάνοιαν,
1212 4048 1263 4102 oi
1293 4048 1630 4111 διδάσκαλοι,
1664 4050 1716 4102 oi
1752 4050 1959 4114 ἀνάξιοι

2072 3146 2129 3200 in
2156 3161 2254 3201 sua
2284 3145 2487 3200 mansit
2517 3143 2882 3209 immunditia,
2924 3142 3298 3212 paenitentiam
3322 3157 3432 3197 non
3457 3156 3645 3211 agens.

2140 3236 2205 3291 ν.
2243 3234 2328 3290 19.
2377 3253 2397 3286 ι
2431 3233 2629 3289 Vocavi
2670 3233 2817 3288 enim
2881 3241 3154 3287 amatores
3188 3244 3359 3286 meos.
3401 3248 3420 3283 ι
3469 3235 3645 3285 Ama-

2071 3336 2218 3381 tores
2240 3325 2359 3395 ejus
2378 3332 2505 3378 sunt
2537 3322 3047 3393 pseudoproplictaa,
3075 3320 3446 3391 prodigiorum
3472 3319 3645 3374 inter-

2068 3426 2271 3489 pretes,
2306 3425 2360 3470 et
2409 3415 2606 3485 impuri
2655 3414 2952 3469 daemones.
2982 3413 3266 3467 Amatores
3294 3427 3425 3466 vero
3451 3412 3646 3466 dicun-

2070 3521 2177 3568 tur.
2210 3508 2297 3562 vel
2339 3508 2482 3577 quod
2525 3506 2639 3577 ipsa
2671 3506 3042 3560 seductionem
3064 3519 3254 3558 corum
3292 3511 3521 3565 amaret,
3558 3500 3645 3556 vel

2065 3604 2211 3674 quod
2240 3601 2313 3656 illi
2342 3600 2662 3656 simulantes
2697 3613 2756 3652 se
2795 3597 2943 3651 illius
2972 3611 3156 3651 amore
3189 3596 3383 3658 teneri,
3403 3595 3641 3649 divinam

2065 3696 2120 3749 in
2147 3708 2268 3748 eam
2296 3693 2641 3747 concitarunt
2684 3689 2842 3751 iram,
2868 3702 2994 3742 cum
3037 3686 3182 3742 l'erre
3208 3687 3283 3741 illi
3306 3686 3507 3739 nullam
3542 3699 3642 3753 po-

2064 3787 2296 3840 tuissent
2329 3798 2523 3854 opem:
2553 3781 2606 3839 id
2646 3780 2793 3837 enim
2831 3778 3102 3851 signiﬁcat
3138 3793 3242 3833 vox
3266 3776 3377 3842 illa,
3417 3777 3642 3844 Πατρε-

2062 3888 2186 3933 runt
2227 3894 2327 3931 me.

2137 3988 2156 4021 ι
2197 3966 2520 4022 Sacerdotes
2545 3963 2674 4018 mei.
2709 3980 2728 4014 ο
2749 3961 2876 4017 Hinc
2898 3959 3116 4030 quidem
3143 3959 3197 4013 in
3224 3959 3341 4029 ipsa
3355 3957 3640 4014 obsidione

2060 4066 2381 4115 evenerunt.
2407 4056 2627 4126 Mystice
2652 4070 2802 4117 vero,
2827 4052 3079 4108 doctores
3105 4051 3272 4105 verbo
3301 4049 3392 4105 Del
3430 4051 3638 4121 indigni

382 4142 473 4196 τοῦ
508 4141 667 4210 λόγου
696 4140 790 4195 τοῦ
822 4140 958 4195 Θεοῦ
983 4139 1287 4213 κριθέντες,
1313 4140 1364 4191 oi
1392 4140 1491 4210 τῆς
1522 4139 1633 4193 τῶν
1665 4140 1810 4193 λαῶν
1847 4158 1956 4194 σω⁶

2082 4150 2304 4215 udicati,
2337 4148 2429 4219 qui
2489 4146 2679 4202 salutis
2707 4144 3033 4215 populorum
3080 4156 3191 4197 non
3253 4141 3440 4197 ﬁdeles
3485 4140 3637 4196 l‘uere

379 4234 576 4305 τηρίας
634 4232 709 4304 μὴ
759 4233 945 4285 πιστοὶ
974 4231 1248 4301 οίκονόμοι
1303 4231 1607 4301 γενόμενοι,
1659 4233 1757 4303 οὐχ
1802 4227 1957 4303 εὗρον

2071 4244 2483 4312 lispensatores,
2502 4252 2609 4292 non
2638 4238 2968 4292 invenerunt
2996 4233 3354 4293 erudiendos.
3376 4233 3468 4303 qui
3503 4244 3637 4287 sunt

377 4328 505 4389 τοὺς
531 4324 979 4392 διδασκομένους,
1005 4324 1204 4385 οἵτινές
1235 4324 1374 4377 είσιν
1394 4324 1576 4378 αὐτῶν
1613 4324 1835 4395 βρῶσις,
1861 4325 1955 4378 τοῦ

2071 4335 2212 4388 :ibus
2244 4347 2455 4394 eorum,
2484 4330 2723 4399 collapsa
2742 4329 2854 4398 jam
2878 4326 3081 4397 populo
3109 4339 3218 4380 una
3245 4339 3371 4380 cum
3428 4340 3636 4394 praece-

380 4414 509 4468 λαοῦ
543 4412 1031 4484 συνολισθήσαντος
1053 4415 1117 4483 τῇ
1142 4412 1252 4466 τῶν
1271 4413 1610 4468 διδασκάλων
1640 4414 1880 4487 ἀσεϐείᾳ.
1992 4414 2032 4467 D
2063 4433 2277 4495 ριοιιιηη
2306 4422 2605 4492 impietate.
3552 4440 3557 4445 -

459 4521 478 4555 ι
531 4502 594 4556 Ἦ
621 4502 800 4555 κοιλία
822 4518 945 4573 μου.
987 4521 1004 4553 ι
1049 4503 1201 4556 Ἀντί
1224 4502 1339 4566 τοῦ,
1366 4504 1626 4559 πάντατὰ
1655 4506 1807 4569 ἐντός
1828 4524 1949 4576 μου.

2128 4506 2193 4571 ν.
2220 4515 2311 4569 20.
2345 4533 2364 4566 ι
2396 4514 2597 4571 Venter
2655 4527 2832 4567 meus.
2864 4530 2882 4562 ι
2923 4511 3037 4565 Hoc
3058 4519 3162 4571 est.
3191 4510 3372 4564 omnia
3423 4509 3634 4563 viscera

383 4592 576 4645 Κοιλία
603 4591 663 4645 δὲ
683 4592 777 4644 καὶ
820 4591 1034 4662 καρδία,
1066 4590 1211 4646 κατὰ
1237 4593 1365 4655 τοὺς
1397 4594 1609 4663 τροπῆς
1638 4594 1858 4663 νόμους,
1896 4597 1951 4647 αἱ

2071 4606 2404 4665 mea.Venter
2419 4616 2600 4663 autem
2632 4613 2689 4660 et
2728 4619 2846 4671 cor,
2888 4604 3191 4659 secundum
3245 4603 3461 4671 regulas
3500 4603 3636 4670 [igtu-

379 4683 693 4738 ἀναδοτικαὶ
756 4684 847 4737 καὶ
886 4683 1117 4748 ξωτικαὶ
1138 4683 1237 4754 τῆς
1271 4684 1447 4756 ψυχῆς
1477 4684 1757 4757 δυνάμεις.
1790 4686 1856 4739 δι’
1877 4681 1951 4740 ὧν

2071 4709 2189 4754 rata!
2215 4697 2525 4763 locutionis,
2541 4695 2940 4752 distributrices
2976 4701 3106 4750 sunt
3134 4703 3190 4750 et
3215 4693 3408 4748 vitales
3438 4693 3634 4745 animae.

377 4776 549 4847 αὐτῆς
579 4775 838 4847 τρέφεται
863 4776 956 4828 καὶ
981 4774 1321 4847 γυμνάζεται
1350 4774 1418 4828 τὰ
1448 4775 1805 4847 αἰσθητήρια.

2071 4791 2366 4852 Γιιειιιιοιεε,
2396 4801 2496 4857 per
2549 4801 2685 4856 quas
2748 4785 2970 4847 aluntur
3010 4791 3065 4839 et
3124 4791 3449 4839 exercentur
3509 4781 3630 4850 ejus

2050 4880 2318 4939 sensoria.

454 4975 475 5010 ι
512 4957 753 5022 Ἐξωθεν
806 4956 1083 5028 ὴτέκνωσέ
1130 4973 1197 5026 με
1252 4956 1521 5026 μάχαιρα.
1582 4975 1599 5007 ι
1660 4955 1805 5021 Πρὸς
1856 4957 1953 5025 μὲν

2130 4994 2148 5026 ι
2184 4971 2340 5027 Foris
2366 4971 2578 5026 orbavit
2603 4985 2690 5026 me
2720 4970 2846 5025 ﬁliis
2865 4970 3105 5042 gladius.
3142 4990 3161 5021 ι
3196 4968 3276 5022 Ad
3308 4962 3629 5019 historicum

376 5050 645 5119 ἱστορίαν,
684 5050 809 5112 τοὺς
839 5053 904 5103 ἐκ
938 5049 1035 5120 τῆς
1074 5048 1394 5118 πολιορκίας
1445 5046 1690 5110 ἐξιόντας
1719 5046 1955 5118 ἀνῄρουν

376 5143 426 5195 oi
443 5140 702 5212 Ῥωμαῖοι
718 5158 731 5172 '
752 5142 886 5211 πρὸς
904 5140 960 5193 δὲ
979 5140 1240 5200 διάνοιαν,
1261 5139 1324 5193 Ἦ
1338 5139 1447 5192 τῶν
1460 5138 1707 5208 ἀοράτων
1721 5138 1953 5208 ἐχθρῶν,

378 5236 564 5305 φησιν,
595 5235 784 5304 ἔφοδος
815 5234 1037 5300 ἔξωθεν,
1085 5233 1365 5287 τουτέστιν
1420 5235 1480 5286 οὐ
1513 5232 1764 5304 συμφυὴς
1824 5235 1955 5302 ἡμῖν

374 5325 531 5391 οὖσα,
563 5329 742 5384 ἀνεῖλέ
790 5346 893 5400 μου
945 5328 1074 5391 τοὺς
1111 5326 1351 5395 ἀγαθοὺς
1397 5324 1696 5395 λογισμούς
1720 5343 1731 5357 ’
1765 5325 1954 5398 ὥσπερ

373 5419 586 5476 ἔνδοθεν
611 5422 646 5491 ἡ
669 5421 769 5491 τῆς
791 5420 1165 5493 προαιρέσεως
1189 5422 1221 5489 ἡ
1231 5418 1346 5490 μῶν
1369 5420 1461 5472 ἐπὶ
1480 5421 1540 5473 τὸ
1558 5422 1738 5491 χεῖρον
1767 5420 1910 5491 ὁρμή
1933 5438 1946 5451 ·

371 5513 532 5566 τοῦτο
556 5514 665 5583 γαρ
693 5513 845 5584 δηλοῖ
866 5511 1119 5577 θάνατος
1155 5512 1223 5564 ἐν
1255 5510 1416 5575 οἴκῳ.

449 5710 493 5743 “
520 5709 662 5766 Psal.
691 5724 869 5779 Lxxtv,
903 5709 955 5764 9.
1034 5710 1074 5742 ³³
1108 5708 1265 5764 Deut.
1294 5722 1422 5769 nx,
1453 5704 1537 5762 19.

2052 5060 2271 5132 quidem
2296 5073 2539 5121 sensum,
2569 5073 2632 5115 ex
2669 5057 2955 5113 obsidione
2982 5056 3254 5128 fugientes
3282 5050 3630 5122 perimebant

2054 5148 2320 5211 Romani;
2381 5150 2448 5202 ad
2478 5162 2701 5204 sensum
2766 5161 2898 5202 vero
2928 5146 3196 5209 altiorem,
3248 5136 3628 5203 'ltostium,iu-

2060 5240 2196 5310 quit,
2239 5236 2591 5294 invisibilinm
2620 5237 2852 5306 irruptio
2887 5236 3037 5298 foris,
3067 5234 3119 5288 id
3175 5241 3278 5297 est,
3309 5246 3417 5286 non
3462 5230 3626 5284 insita

2058 5333 2218 5388 nobis
2275 5348 2303 5385 a
2353 5335 2567 5391 natura.
2600 5330 2769 5383 bonas
2801 5326 3156 5399 cogitationes
3182 5324 3316 5378 milii
3357 5319 3620 5393 peremit;

2058 5423 2512 5494 quemadmodum
2537 5420 2684 5475 inltts
2710 5419 2998 5471 voiunlutis
3031 5427 3229 5476 nostrae
3292 5413 3359 5469 ad
3422 5415 3617 5470 malum

2062 5527 2339 5568 assensus.
2373 5507 2480 5564 lloc
2510 5507 2652 5564 enim
2682 5507 2782 5563 sibi
2810 5508 2921 5563 vult
2952 5525 3089 5563 mors
3120 5510 3280 5567 domi.
