4122 6210
465 313 567 378 135
1550 306 2071 373 OLYMPIODOBI
2103 302 2637 367 ALEXANDRINI
3629 298 3735 359 735

534 425 599 480 ν.
624 423 716 479 21.
755 442 773 475 ι
803 422 1006 483 Omnes
1024 423 1232 479 inimici
1264 422 1394 477 mei.
1431 440 1453 474 ι
1484 421 1700 477 Inimici
1733 421 2040 475 animaeim-

2221 437 2240 469 ε
2285 418 2491 481 Πάντες
2521 418 2572 471 oi
2602 414 2787 486 ἐχθροί
2822 430 2944 485 μου.
2991 432 3007 465 ι
3061 412 3283 485 Ἑχθροὶ
3323 412 3425 483 τῆς
3464 411 3644 484 ψυχῆς
3683 429 3714 464 ο

434 549 441 555 ο
470 516 591 588 puri
615 516 890 571 daemones
919 524 1067 577 sunt,
1099 513 1193 582 qui
1228 522 1283 567 et.
1306 522 1579 567 amatores
1609 513 1732 583 ejus
1764 513 2043 567 dicuntur.

2164 510 2452 579 ideap‘cOt
2484 508 2760 578 δαίμονες,
2790 506 2991 569 οἵτινες
3050 505 3146 560 καὶ
3189 505 3419 570 ἐρασταὶ
3445 504 3616 575 αὐτῆς
3648 504 3736 557 1&-

470 606 604 664 Nam
624 623 746 662 cum
771 608 954 661 hostes
982 604 1112 667 sint,
1131 619 1315 659 amare
1341 605 1628 669 simulant;
1650 605 1743 673 qui
1764 616 2047 674 postquam

2164 616 2359 667 τονται.
2392 599 2504 653 Καὶ
2527 598 2638 666 γάρ
2668 595 2856 666 ἐχθροὶ
2883 595 3059 662 ὄντες,
3092 596 3227 665 ὲρᾷν
3270 595 3735 667 προσποιοῦνταιο

471 698 537 754 ad
567 705 845 768 peccatum
866 695 1244 765 perduxerint,
1278 695 1526 751 demoliri
1560 711 1776 766 quoque
1807 711 1929 750 eam
1953 712 2048 766 ag-

2164 693 2344 754 >ἴτινες
2393 691 2530 758 μετά
2553 690 2613 743 τὸ
2637 689 2859 758 ποιῆσαι
2880 686 3223 758 ἁμαρτάνειν
3266 688 3361 741 καὶ
3389 685 3738 760 ἐπιχειροῦσι

472 790 816 861 grediuntur.

2164 784 2219 853 τῇ
2251 781 2421 849 αὐτῆς
2452 778 2680 833 πτώσει.

548 899 567 930 ι
590 878 873 932 Adduxisti
903 878 1067 932 diem.
1095 897 1114 930 ι
1157 877 1484 933 Punitionis.

2228 892 2247 925 ι
2295 871 2608 941 Ἑπήγαγες
2638 869 2877 940 ἡμέραν.
2914 887 2932 920 ι
2963 868 3074 939 Τὴν
3098 868 3204 939 τῆς
3226 870 3524 935 κολάσεως.

547 986 569 1020 ι
611 966 726 1023 Heu
761 967 916 1029 mihi,
950 968 1054 1022 lacu
1090 967 1244 1022 mihi.
1280 986 1301 1021 ι
1361 966 1636 1037 Repetitio
1656 969 1863 1024 doloris
1886 970 2052 1025 vehe-

2228 983 2251 1016 ι
2277 965 2458 1034 Οῑμοι,
2500 963 2669 1033 οῐμοι.
2706 980 2725 1014 ι
2776 961 2837 1015 '0
2861 960 3261 1033 διπλασιασμὸς
3289 963 3351 1017 τὸ
3408 964 3740 1037 ἐπιτεταμὲ-

473 1059 735 1118 tnentiam
768 1059 1058 1129 signiﬁcat.

2164 1074 2242 1112 νον
2271 1057 2370 1124 τῆς
2396 1055 2590 1125 ὀδύνης
2625 1056 2909 1126 σημαίνει.

544 1148 610 1203 ν.
640 1150 731 1204 2‘2.
771 1169 790 1200 ι
830 1151 1172 1227 lngrediatur
1209 1151 1409 1205 omnis.
1450 1169 1473 1201 ι
1537 1149 1675 1216 Fiat,
1715 1152 1913 1223 inquit,
1966 1154 2052 1207 in-

2231 1169 2248 1201 ι
2290 1149 2533 1202 Εἰσέλθοι
2558 1149 2729 1203 πᾶσα,
2777 1168 2795 1200 ι
2818 1149 3057 1214 Γένοιτο,
3089 1149 3279 1219 φησὶν,
3306 1150 3338 1220 ἡ
3362 1149 3739 1213 ἐξὲτασιςτῶν

475 1240 696 1309 quisitio
717 1242 1082 1310 prementium
1113 1257 1199 1298 me
1224 1243 1530 1298 secundum
1551 1244 1839 1299 veritatem
1876 1253 2048 1300 tuam.

2164 1239 2512 1310 ἀμυνομένων
2558 1255 2627 1308 με
2655 1241 2803 1292 κακὶι
2840 1238 2956 1311 [ῑσ.
2996 1238 3164 1311 κατὰ]
3195 1240 3295 1312 τὴν
3319 1240 3577 1312 ἀλήθειάν
3609 1258 3734 1295 σου·

477 1331 664 1389 Facies
690 1334 835 1388 enim
870 1333 963 1387 Dei
996 1333 1193 1389 veritas
1223 1346 1327 1390 est.

2164 1333 2215 1385 τὸ
2244 1332 2352 1401 γὰρ
2382 1333 2679 1401 πρόσωπον.
2696 1330 2788 1385 τοῦ
2811 1331 2951 1385 Θεοῦ
2982 1334 3015 1402 ἠ
3052 1332 3303 1404 ἀλήθεια.

553 1444 572 1476 ι
612 1423 904 1479 Vindemia
932 1440 1045 1480 eos.
1081 1445 1100 1475 ι
1126 1425 1406 1480 Racemuli
1458 1436 1589 1481 sunt
1642 1428 1841 1482 minuti
1888 1428 2052 1494 botri,

2232 1443 2251 1474 ι
2306 1421 2724 1489 Ἐπιφύλλισσον
2781 1423 2990 1486 αὐτοῖς.
3027 1441 3046 1475 ι
3078 1422 3464 1493 Ἐπιφυλλίδες
3510 1424 3619 1477 εἰσὶ
3666 1423 3736 1476 τὰ

478 1513 574 1583 qui
595 1528 974 1581 saepenumero
1006 1514 1432 1569 vindemiatores
1469 1517 1757 1587 elfugiuut.
1788 1517 1890 1583 Qui
1922 1534 2053 1588 ergo

2164 1513 2334 1584 μικρά
2384 1512 2657 1583 βοτρύδια,
2711 1512 2747 1567 ἃ
2787 1514 3054 1578 πολλάκις
3099 1516 3196 1568 καὶ
3242 1515 3371 1577 τοὺς
3418 1514 3736 1585 τρυγῶντας

479 1604 735 1672 reliquias
752 1604 1028 1675 colligunt,
1061 1606 1183 1660 illos
1237 1607 1574 1662 vindemiant
1614 1610 1826 1665 curiosa
1864 1612 2053 1681 exqui-

2164 1605 2535 1661 λανθάνουσιν.
2553 1607 2616 1659 Οί
2635 1605 2763 1673 γοῦν
2786 1607 3178 1677 καλαμώμενοι
3194 1605 3369 1661 ταῦτα
3397 1606 3732 1673 ἐκλέγονται,

480 1690 678 1744 sitione
703 1691 840 1745 vites
870 1694 1238 1761 explorantcs.
1275 1696 1432 1750 Sicut
1470 1697 1746 1765 igitur'me
1781 1701 2054 1756 daemones

2164 1697 2404 1767 ἀκριϐῶς
2453 1698 2552 1759 τὰς
2616 1696 2898 1767 ἀμπέλους
2945 1698 3318 1763 ἐξετάζοντες.
3376 1699 3587 1769 Ὠσπερ
3639 1693 3733 1750 οὖν

480 1780 677 1834 acerbe
714 1780 1117 1850 impetiverunt,
1150 1786 1238 1840 vel
1271 1788 1412 1841 sicut
1439 1798 1703 1843 curarunt
1725 1800 1785 1845 ut
1829 1792 2058 1862 diligen-

2164 1789 2377 1858 πικρῶς
2427 1788 2690 1841 ἐπέθεντό
2748 1805 2837 1857 μοι
2875 1789 2923 1841 οί
2971 1787 3255 1859 δαίμονες’
3396 1789 3489 1842 καὶ
3545 1788 3732 1859 ὥσπερ

482 1878 567 1924 ter
613 1871 982 1941 inquireretur
1029 1875 1083 1929 in
1122 1886 1343 1946 peccata
1402 1894 1529 1934 mea
1572 1881 2058 1953 pseudoprophetae

2164 1878 2401 1949 ἀκριϐῶς
2451 1877 2808 1950 ἐξετασθῆναι
2862 1880 3200 1949 πεποιήκασι
3243 1879 3313 1933 τά
3360 1878 3736 1950 ἁμαρτήματά

483 1969 538 2015 ct
563 1963 1014 2036 pseudomagistri
1043 1967 1383 2038 decipientes
1413 1986 1519 2037 me,
1545 1972 1620 2026 ita
1654 1973 1946 2045 diligenter
2000 1977 2055 2030 in

2164 1987 2265 2040 μου
2294 1971 2343 2022 οἱ
2392 1968 2873 2038 ψευδοδιδάσκαλοι
2907 1970 3000 2022 καὶ
3033 1968 3477 2040 ψευδοπροφῆται
3519 1970 3733 2036 ἀπατή-

483 2048 541 2105 in
577 2065 693 2117 eos,
726 2051 972 2118 Domine,
1008 2054 1221 2125 inquire
1240 2058 1545 2113 secundum
1579 2059 1853 2129 judicium
1884 2070 2055 2117 tuum.

1153 2231 1301 2288 CAP.
1331 2232 1394 2288 ll.

552 2315 696 2373 v.1.
737 2336 754 2369 ι
790 2307 1075 2385 Quomodo
1125 2323 1337 2379 obtexit
1403 2326 1651 2398 caligine.
1699 2348 1720 2382 ι
1778 2327 2062 2397 Quomodo

484 2407 634 2463 velut
659 2410 872 2464 cuidam
907 2412 1123 2483 caligiui
1190 2415 1429 2472 hostium
1500 2421 1786 2491 irruptioni
1824 2423 2059 2479 tradidit.

560 2516 582 2551 ι
617 2497 851 2569 Projecit
877 2502 946 2556 de
977 2504 1116 2558 caalo
1168 2505 1224 2559 in
1265 2514 1489 2567 terram.
1521 2531 1539 2562 ι
1609 2511 1832 2568 Caelesti
1876 2529 2061 2583 parem

487 2588 784 2661 splendori,
815 2591 907 2656 ait,
932 2592 1183 2650 decorem
1217 2600 1811 2658 convertitlerusalem
1860 2603 1915 2656 in
1965 2604 2062 2658 de-

487 2680 675 2746 decus,
707 2683 948 2752 projecta
985 2685 1075 2741 illa
1104 2688 1172 2742 ab
1206 2689 1378 2759 ipsius
1416 2703 1678 2762 perpetua
1713 2695 2055 2750 visitatione.

562 2872 583 2906 ι
613 2854 677 2911 Et
702 2873 810 2913 non
823 2868 908 2914 est
937 2861 1274 2918 recordatus.
1301 2883 1320 2916 ι
1347 2864 1654 2922 Scabellum
1683 2868 1776 2923 Dei
1800 2870 2061 2939 templum

488 2956 665 3013 vocat,
693 2957 949 3019 tanquam
980 2946 1069 3006 Dei
1103 2956 1390 3023 prazsentia
1409 2957 1475 3011 de
1502 2960 1641 3013 coelo
1688 2960 1742 3013 in
1767 2959 1899 3015 illud
1933 2977 2061 3031 per-

490 3038 753 3111 tingente,
793 3043 878 3097 vel
906 3044 1069 3098 etiam
1088 3046 1445 3103 lsraeliticum
1468 3053 1727 3121 populum
1756 3054 1848 3108 Dei
1875 3056 2061 3125 cOgui-

493 3128 641 3185 tione
668 3130 971 3201 dignatnm.
1010 3134 1264 3191 Throuus
1294 3140 1496 3209 quippe
1531 3140 1622 3195 Dei
1676 3144 1871 3199 cmlum
1901 3162 2062 3201 voca-

492 3226 600 3304 tur,
660 3221 807 3287 quod
852 3222 909 3275 in
965 3225 1274 3293 purissimis
1317 3228 1424 3284 illic
1478 3233 1752 3287 mentibus
1799 3236 2059 3304 quiescat.

491 3302 798 3365 scabellum
828 3321 1011 3369 autem
1039 3315 1187 3371 illius
1218 3327 1381 3384 terra,
1421 3322 1566 3389 quod
1624 3339 1794 3393 usque
1816 3302 1831 3304 _
1852 3327 1919 3381 ad
1963 3344 2064 3383 nos

492 3413 594 3470 pro
614 3410 800 3458 nostra
823 3407 1126 3475 capacitate
1160 3409 1400 3481 cognitio
1434 3412 1564 3483 ejus
1591 3417 1885 3485 perveniat.

561 3694 627 3750 ν.
659 3696 715 3751 2.
746 3713 766 3747 ι
802 3695 995 3754 Omnia
1022 3699 1293 3769 speciosa.
1336 3720 1354 3755 ι
1400 3704 1478 3759 Ad
1516 3704 1749 3759 litteram
1777 3745 1791 3768 ,
1843 3720 2064 3762 onmem

493 3787 718 3858 legalem
744 3790 1073 3856 cultum;ad
1108 3806 1336 3849 sensum
1381 3803 1565 3849 autem
1621 3796 1903 3858 latentem,
1944 3813 2066 3866 pro-

494 3880 667 3948 posita
698 3880 939 3949 pietatis.

568 3989 588 4021 ι
617 3971 911 4028 Destruxit.
952 3992 970 4025 ι
1003 3972 1436 4032 Destructionem
1464 3987 1622 4034 vocat
1644 3979 1713 4033 ab
1759 3980 1894 4051 ipsis
1936 3981 2064 4036 fun-

492 4062 764 4119 damentis
788 4065 1111 4121 motionem.

567 4171 589 4205 ι
626 4153 973 4213 Munitiones.
1010 4179 1030 4211 ο
1091 4159 1172 4215 Ad
1198 4160 1462 4224 litteram,
1497 4164 1780 4233 templum,
1816 4166 1901 4220 vel
1956 4181 2069 4220 ma-

494 4253 681 4313 gnates
705 4247 876 4310 urbis,
902 4248 967 4302 ad
996 4263 1217 4305 sensum
1273 4267 1403 4307 vero
1462 4254 1772 4323 mysticum,
1834 4256 2069 4313 virtutes

493 4333 942 4406 inexpugnabiles
967 4339 1021 4393 in
1057 4349 1257 4397 terram
1279 4342 1500 4410 deiecit.

2162 2061 2354 2124 σαντες
2387 2077 2475 2129 με,
2507 2059 2684 2124 οὕτως
2714 2061 2961 2133 ἀκριϐῶς
3011 2060 3204 2116 ἐτασον
3245 2061 3442 2123 αὐτοὺς
3489 2060 3626 2114 κατά
3670 2059 3736 2113 τὸ

2160 2151 2253 2204 σον
2284 2151 2476 2222 κρίμα,
2508 2148 2705 2221 Κύριε.

2818 2240 2977 2293 ΚΕΦ.
3013 2237 3092 2295 B'.

2239 2351 2259 2384 (
2297 2330 2420 2395 Πῶς
2453 2331 2787 2400 ὲγνόφωσεν.
2828 2349 2848 2383 ι
2896 2329 3045 2393 Πῶς,
3078 2329 3267 2400 ὥσπερ
3293 2330 3400 2387 τινὶ
3429 2330 3636 2402 γνόφῳ,
3668 2335 3739 2402 τῇ

2160 2423 2271 2479 τῶν
2301 2422 2510 2496 ἐχθρῶν
2544 2422 2720 2494 ἐφόδῳ
2752 2420 3158 2491 παραδέδωκεν.

2240 2535 2258 2567 ι
2296 2515 2647 2587 Κατὲρῤιψεν
2686 2513 2747 2579 ἑξ
2779 2512 3014 2584 οὐρανοῦ
3046 2515 3125 2578 είς
3155 2513 3279 2582 γῆν.
3330 2532 3349 2564 ι
3381 2513 3492 2584 Τὴν
3518 2515 3739 2584 οὐρανο-

2163 2607 2383 2678 πρεπῆ,
2434 2602 2642 2677 φησιν’,
2713 2606 3052 2676 εὐπρέπειαν
3107 2607 3205 2675 τῆς
3247 2604 3604 2676 Ἰερουσαλὴμ
3658 2607 3739 2667 είς

2162 2699 2390 2770 ἀτιμίαν
2428 2699 2788 2769 μετέστησεν,
2815 2698 3184 2769 ἀπωσάμενος
3203 2697 3373 2768 αὐτὴν
3395 2697 3461 2750 ἐκ
3485 2698 3584 2767 τῆς
3607 2697 3739 2751 ἐαυ-

2162 2790 2255 2844 τοῦ
2283 2790 2567 2860 διηνεκοῦς
2600 2790 2969 2860 ἐπισκέψεως.

2239 2899 2257 2933 ι
2292 2881 2400 2933 Kal.
2425 2880 2525 2933 οὐκ
2556 2880 2827 2951 ἐμνήσθη.
2872 2898 2891 2933 ι
2943 2878 3268 2933 ’Υποπὸδιόν
3316 2896 3455 2950 φησι
3483 2878 3618 2932 Θεοῦ
3646 2878 3739 2932 τὸν

2165 2968 2312 3034 ναὸν,
2357 2971 2433 3032 ὡς
2465 2968 2776 3040 φθανούσης
2805 2971 2888 3033 είς
2924 2970 3088 3025 αὑτὸν
3134 2970 3199 3022 ὲκ
3237 2969 3333 3022 τοῦ
3378 2968 3612 3040 οὐρανοῦ
3640 2968 3738 3037 τῆς

2168 3061 2317 3125 θείας
2352 3061 2836 3135 ὲπιφοιτήσεως,ᾼῆ
2887 3063 2983 3116 καὶ
3016 3061 3109 3116 τὸν
3164 3061 3561 3133 Ἰσραηλιτικὸν
3588 3060 3737 3123 λαὸν,

2164 3154 2255 3206 τὸν
2286 3153 2592 3223 ἠξιωμένον
2639 3154 2739 3224 τῆς
2779 3152 3035 3223 γνώσεως
3063 3152 3158 3211 τοῦ
3207 3152 3364 3206 Θεοῦ.
3409 3152 3609 3225 Θρόνος
3639 3152 3741 3222 μὲν

2164 3246 2271 3314 γάρ
2297 3245 2434 3299 θεοῦ
2474 3245 2723 3299 καλεῖται
2753 3247 2782 3299 ό
2806 3245 3057 3315 οὐρανὸς,
3094 3244 3172 3308 ὡς
3196 3246 3309 3307 τοῖς
3338 3244 3453 3297 ἐκεῖ
3484 3243 3738 3313 καθαρω-

2163 3333 2346 3396 τάτοις
2387 3332 2627 3400 λογικοῖς
2656 3335 3148 3403 ὲπαναπαυομένου
3175 3332 3267 3386 τοῦ
3297 3333 3456 3389 Θεοῦ.
3500 3333 3738 3388 Ὑποπό-

2163 3424 2274 3477 διον
2319 3425 2377 3477 δὲ
2424 3425 2588 3478 αὑτοῦ
2633 3427 2666 3496 ὴ
2703 3426 2795 3495 γῆ,
2841 3426 2917 3489 ὼς
2955 3425 3047 3478 καὶ
3095 3426 3175 3487 είς
3224 3426 3375 3496 ἡμᾶς
3432 3424 3739 3499 φθανούσης

2166 3515 2306 3569 κατά
2335 3516 2436 3584 τὴν
2488 3516 2889 3572 ἐπιϐάλλουσαν
2919 3519 3050 3587 ἡμῖν
3095 3516 3391 3586 ἀναλογίαν
3432 3520 3530 3588 τῆς
3571 3516 3738 3570 αὐτοῦ

2166 3606 2442 3673 γνώσεως.

2241 3716 2260 3748 ι
2298 3699 2482 3752 Πάντα
2510 3700 2577 3755 τά
2623 3699 2828 3770 ὡραῖα.
2866 3717 2885 3751 ι
2940 3698 3085 3771 Πρὸς
3138 3697 3237 3767 μὲν
3290 3698 3355 3752 τὸ
3416 3700 3601 3771 ῥητὸν,
3640 3699 3739 3770 τὴν

2167 3789 2400 3860 νομικὴν
2427 3793 2611 3865 πᾶσαν
2627 3789 2889 3862 λατρείαν
2911 3808 2926 3823 ·
2957 3791 3094 3863 πρὸς
3123 3791 3181 3845 δὲ
3214 3790 3476 3858 διάνοιαν,
3495 3794 3622 3857 τοὺς
3643 3794 3740 3863 τῆς

2167 3877 2452 3940 εὐσεϐείας
2484 3881 2745 3950 τρόπους.

2243 3990 2262 4023 ι
2299 3971 2584 4027 Καθεῖλεν.
2635 3991 2655 4025 ι
2693 3972 3032 4046 Καθαίρεσίν
3070 3992 3237 4047 φησιν
3266 3975 3365 4044 τὴν
3385 3978 3450 4030 ἐκ
3478 3975 3742 4047 θεμελίων

2168 4062 2407 4133 κίνησιν.

2245 4171 2265 4206 ι
2312 4153 2395 4208 Τά
2423 4154 2778 4227 ὀχυρώματα.
2817 4175 2836 4209 ι
2875 4157 3023 4228 Πρὸς
3063 4158 3164 4228 μὲν
3195 4158 3375 4228 ῥητὸν,
3411 4157 3504 4211 τὸν
3531 4158 3741 4229 ναὸν,ἢ

2169 4245 2264 4298 καὶ
2287 4245 2414 4308 τοὺς
2461 4248 2519 4299 ἐν
2568 4248 2707 4319 αὐτῇ
2739 4247 3031 4313 δυνατούς·
3079 4248 3218 4320 πρὸς
3254 4248 3309 4302 δὲ
3347 4248 3610 4314 διάνοιαν,
3640 4250 3745 4315 τὰς

2169 4338 2630 4407 άκαταμαχὴτους
2658 4338 2864 4409 ἀρετὰς
2902 4342 3022 4405 τοῖς
3038 4342 3250 4411 γηῖνοις
3273 4340 3598 4411 ἀπέρριψεν.

569 4442 588 4476 ι
625 4425 823 4482 ΡοΙΙυίι
849 4444 1032 4500 regem
1059 4430 1198 4501 ejus.
1237 4451 1255 4484 ι
1318 4433 1400 4488 Ad
1431 4434 1693 4497 litteram.
1726 4437 2063 4506 potentiores

2250 4448 2268 4480 ι
2320 4429 2690 4501 Ἐδεδήλωσεν
2723 4432 2949 4500 βασιλέα
2977 4434 3170 4504 αὐτῆς.
3206 4452 3225 4485 ι
3255 4433 3395 4504 [ιρδς
3432 4434 3529 4503 μὲν
3558 4433 3741 4505 ρητδν,

493 4510 646 4580 ejus;
674 4515 993 4585 Spiritaliter
1015 4535 1166 4585 vero,
1209 4521 1476 4591 impuros,
1519 4525 1613 4589 ait,
1664 4526 1903 4581 ostendit
1928 4542 2064 4596 prae-

494 4604 857 4662 stantissimos
894 4610 1191 4667 voluntatis
1224 4614 1345 4684 ejus
1369 4625 1569 4671 motus.

563 4691 706 4748 v.5.
746 4714 764 4745 ι
814 4695 987 4753 Omne
1026 4717 1218 4757 cornu.
1258 4722 1278 4755 ι
1337 4703 1421 4758 Ad
1474 4704 1757 4763 historiam
1820 4706 2062 4775 quidem,

492 4796 687 4839 omnes
722 4786 915 4851 tribus,
956 4791 1039 4845 vel
1085 4807 1277 4848 omnes
1331 4804 1627 4865 potentes:
1666 4798 1731 4852 ad
1794 4797 2063 4854 internam

493 4888 625 4929 vero
646 4875 1078 4949 intelligentiam,
1141 4899 1359 4939 omnem
1420 4886 1589 4940 animi
1638 4886 1900 4942 victorem
1950 4904 2067 4943 mo-

489 4967 644 5025 dum.

566 5077 588 5111 ι
626 5060 949 5141 Rctrorsttm
1000 5065 1256 5121 avertit.»
1291 5065 1389 5121 Vel
1430 5067 1600 5136 ipsius
1663 5066 1823 5123 lsrael
1887 5077 2068 5124 rectas

490 5151 755 5215 actiones.
817 5157 1118 5224 pesteriora
1192 5157 1337 5212 enim
1404 5167 1532 5222 sunt
1594 5158 1812 5213 sinistra
1884 5160 2067 5215 omnia

491 5242 718 5308 dextris,
744 5245 800 5299 in
833 5247 987 5315 pejus
1012 5247 1228 5309 avertit,
1255 5249 1358 5303 hoc
1382 5251 1534 5304 estin
1564 5250 1752 5305 laevam
1776 5269 1789 5303 :
1820 5251 1901 5305 vel
1926 5251 2070 5305 Deus

494 5349 621 5387 snas
646 5336 790 5391 vires
811 5337 1065 5403 detinuit,
1089 5354 1190 5394 nec
1217 5340 1325 5395 illis
1344 5356 1502 5411 opem
1534 5342 1675 5401 tulit.
1704 5357 1828 5396 cum
1864 5344 1932 5398 ab
1964 5343 2066 5397 ho-

494 5424 673 5479 stibus
704 5426 845 5483 bello
873 5442 1273 5499 premerentur.

573 5531 591 5562 ε
624 5511 687 5567 Et
705 5520 972 5575 accendit.
1015 5542 1033 5573 ιι
1078 5523 1299 5579 Factum
1348 5539 1445 5593 per
1476 5524 1752 5580 Romanos
1775 5525 2067 5581 excidium.

500 5600 581 5656 lra
611 5603 789 5675 itaque
818 5610 908 5665 Dei
935 5614 1085 5680 quasi
1121 5615 1299 5684 ignem
1333 5617 1579 5673 accendit
1608 5618 1870 5673 adversus
1903 5617 2070 5675 Iacob

502 5690 746 5751 ultricem
777 5698 894 5768 ejus
913 5701 1185 5757 virtutem.

2144 4521 2295 4583 ’τοὺς
2311 4521 2368 4573 ὲν
2388 4521 2524 4592 αὐτῇ
2543 4521 2802 4585 δυνατούς
2825 4540 2839 4554 ο
2858 4523 2994 4594 πρὸς
3015 4522 3071 4576 δὲ
3097 4522 3357 4585 διάνοιαν,
3379 4523 3744 4596 ἀκαθάρτους,

2172 4614 2361 4682 φησὶν.
2389 4613 2641 4678 ἀπέδειξε
2667 4615 2794 4678 τοὺς
2818 4615 2940 4668 κατ’
2970 4613 3159 4685 ἐξοχὴν
3185 4615 3353 4683 αὐτῆς
3386 4616 3642 4685 τρόπους.

2248 4720 2266 4752 ι
2310 4703 2429 4755 Πᾶν
2470 4703 2660 4772 κέρας.
2726 4722 2745 4754 ι
2804 4702 2943 4757 Καθ’
2996 4700 3236 4772 ἱστορίαν
3281 4703 3404 4772 μὲν,
3437 4703 3616 4768 πάσας
3649 4704 3749 4769 τὰς

2173 4793 2364 4862 φυλὰς,
2395 4795 2428 4864 ἦ
2466 4796 2676 4858 πάντας
2712 4795 2839 4858 τοὺς
2875 4794 3140 4859 δυνατούς
3160 4808 3174 4822 ·
3225 4795 3367 4866 πρὸς
3399 4794 3458 4849 δὲ
3488 4794 3749 4867 θεωρίαν,

2172 4886 2353 4940 πάντα
2384 4886 2651 4940 ἐπινίκιον
2684 4886 2783 4957 τῆς
2814 4885 2995 4957 ψυχῆς
3022 4887 3249 4959 τρόπον.

2253 5085 2271 5116 α
2316 5062 2710 5135 Ἀπέστρεψεν.
2746 5080 2766 5114 ι
2802 5064 2874 5116 Ἦ
2905 5063 3072 5119 αὑτοῦ
3101 5064 3198 5119 τοῦ
3264 5065 3484 5137 Ἰσραὴλ
3526 5067 3628 5133 τὰς
3657 5068 3745 5123 δε-

2140 5155 2145 5161 ’
2176 5155 2295 5222 ξιάς
2319 5155 2548 5226 πράξεις
2576 5156 2655 5217 είς
2684 5154 2747 5208 τὺ
2784 5148 2949 5226 ἦττον
2975 5156 3337 5227 ἀπέστρεψεν,
3367 5159 3646 5215 τουτέστιν
3669 5163 3748 5223 είς

2173 5249 2243 5302 τά
2262 5248 2565 5320 ἀριστερά’
2600 5248 2778 5300 ὀπίσω
2820 5248 2930 5318 γὰρ
2959 5246 3067 5302 τῶν
3110 5249 3301 5313 δεξιῶν
3342 5250 3413 5304 τά
3452 5252 3746 5324 ἀριστερά·

2173 5341 2207 5411 ἢ
2239 5342 2267 5394 ό
2288 5340 2422 5403 Θεὸς
2451 5338 2550 5409 τὴν
2599 5338 2765 5392 αὐτοῦ
2787 5337 3019 5409 δύναμιν
3064 5340 3318 5409 ἐπέσχεν,
3349 5342 3446 5435 καὶ
3487 5343 3587 5395 οὐκ
3646 5344 3745 5394 ἐπ-

2180 5433 2391 5501 ήμυνεν
2425 5431 2611 5494 αὐτοῖς
2642 5430 3075 5501 πολεμουμένοις
3107 5431 3215 5485 ὑπὸ
3249 5430 3369 5485 τῶν
3390 5434 3627 5504 ἔχθξῶν,

2253 5543 2271 5574 ι
2316 5523 2425 5575 Kal.
2456 5524 2685 5593 ἀνῆψεν.
2743 5542 2762 5574 ι
2815 5524 2927 5593 Τὴν
2959 5524 3050 5577 διὰ
3097 5524 3386 5594 Ῥωμαίων
3426 5525 3649 5580 ἅλωσιν.
3688 5526 3752 5578 'll

2176 5614 2316 5686 ὀργὴ
2348 5614 2443 5667 οῦν
2471 5614 2565 5667 τοῦ
2608 5614 2743 5668 Θεοῦ
2774 5614 2849 5678 ὡς
2882 5614 2991 5685 πῦρ
3017 5615 3223 5687 ἀνῆψεν
3256 5616 3396 5670 κατὰ
3429 5619 3525 5671 τοῦ
3558 5617 3753 5670 Ἰακωὸ

2179 5709 2276 5776 τὴν
2317 5705 2607 5777 ὲταστικὴν
2643 5708 2814 5777 αὐτῆς
2836 5706 3083 5778 δύναμιν.
