4122 6210
398 278 501 344 737

1397 268 1862 329 FRAGMENTA
1897 269 1977 328 IN
2018 265 2290 328 JEREM.
2330 265 2661 326 LAMENT.

3561 266 3663 326 ’ῑ38

475 417 493 447 ι
540 392 805 447 Ἐνέτεινε
835 387 991 454 τόξον
1021 382 1209 439 αὐτοῦ.
1249 401 1268 435 ι
1296 381 1408 455 Τὴν
1439 380 1686 452 παντελῆ
1714 382 1983 451 ἀποστρο-

2166 381 2231 436 ν.
2261 379 2309 434 ι.
2344 400 2361 431 ι
2397 378 2652 433 Tetendit
2678 392 2866 432 arcum
2922 391 3104 431 suum.
3145 393 3162 426 ι
3228 373 3532 429 Perit-ctam
3571 372 3663 429 hei

403 489 508 562 φὴν
531 483 627 560 τοῦ
663 480 798 536 Θεοῦ
829 479 1017 547 λέγει’
1049 473 1432 549 ἧςγινομένης
1459 471 1677 545 καιρίαι
1709 471 1861 543 παρὰ
1878 470 1988 525 τῶν

400 581 613 655 ἐχθρῶν
644 573 1000 643 ἐπιφέρονται
1041 566 1270 638 πληγαί.

476 691 497 725 ι
540 669 652 724 Καὶ
681 665 1030 720 ἀπέκτεινεν.
1072 677 1093 711 ι
1148 658 1295 728 Πρὸς
1343 655 1446 728 μὲν
1487 654 1652 727 ῥητὸν
1682 655 1809 717 τοὺς
1837 653 1989 716 υἱοὺς

402 765 603 825 αὐτῶν,
646 756 871 820 καὶτὰς
914 752 1247 824 θυγατέρας,
1292 750 1396 805 καὶ
1445 747 1502 802 εῐ
1532 765 1587 801 τι
1618 747 1751 818 παρ’
1800 747 1988 808 αὐτοῖς

403 858 543 923 ζῶον
573 856 754 925 τίμιον
777 867 792 881 ·
821 847 958 919 πρὸς
1000 845 1058 899 δὲ
1102 844 1366 906 διάνοιαν,
1406 842 1506 903 τὰς
1545 840 1861 909 κρείττονας
1889 836 1989 905 τῆς

402 947 582 1018 ψυχῆς
628 941 861 1013 ὀρέξεις.
917 935 1090 989 Τοῦτο
1128 935 1240 1004 γὰρ
1289 934 1434 985 ποιεῖ
1460 933 1494 1002 ἡ
1525 928 1847 999 ἀποστροφὴ
1890 927 1985 980 τοῦ

404 1038 562 1093 Θεοῦ.
608 1035 673 1087 Ἡ
705 1032 815 1104 γὰρ
849 1026 1147 1097 ἐπίσκεψις
1176 1024 1347 1080 αὑτοῦ
1378 1022 1494 1093 ζωὴ
1522 1021 1801 1093 τυγχάνει.

481 1149 500 1181 ι
536 1128 719 1197 Σκηνῇ
758 1119 1032 1192 θυγατρὸς
1068 1118 1229 1172 Σιών.
1287 1136 1307 1169 ι
1358 1114 1499 1170 Καθ’
1563 1112 1810 1184 ἱστορίαν
1865 1110 1984 1182 μὲν,

407 1218 570 1290 ὲντῷ
606 1217 721 1286 ναῷ
755 1207 799 1283 ᾧ
848 1210 1261 1282 ἐφονεύθησαν
1308 1207 1446 1277 πρὸς
1492 1205 1550 1258 δὲ
1603 1204 1878 1269 διάνοιαν,
1928 1203 1987 1256 ἐν

407 1311 530 1372 ταῖς
567 1307 668 1374 τῆς
695 1306 876 1375 ψυχῆς
914 1299 1313 1355 ἀναπαύσεσιν.

486 1418 505 1451 ι
547 1395 817 1466 Ἐγενήθη
854 1392 1080 1464 Κύριος.
1135 1409 1155 1442 ι
1197 1387 1387 1442 Αὐτῶν
1436 1388 1670 1449 ἑαυτοὺς
1713 1402 1989 1455 καταστη-

413 1491 627 1543 σάντων
660 1487 893 1557 ὲχθροὺς
932 1482 1028 1535 τοῦ
1059 1480 1201 1535 Θεοῦ
1238 1479 1327 1533 διὰ
1355 1478 1464 1532 τῶν
1493 1479 1577 1542 εἰς
1600 1478 1767 1532 αὐτὸν
1801 1493 1981 1548 παρα-

409 1578 613 1649 νομιῶν
635 1594 648 1608 ·
685 1577 817 1638 Θεὸς
848 1574 957 1645 γὰρ
981 1573 1041 1627 ού
1077 1574 1246 1642 μισεῖ.

486 1684 506 1717 ο
548 1664 838 1734 Διέφθειρε
864 1664 954 1716 τά.
990 1682 1014 1715 ι
1054 1661 1200 1733 Πρὸς
1234 1660 1335 1732 μὲν
1372 1660 1554 1733 ῥητὸν,
1585 1659 1654 1712 τὰ
1677 1657 1857 1729 τείχη,
1894 1659 1990 1711 καὶ

2095 473 2439 527 aversionem
2468 470 2598 525 dicit
2629 486 2640 521 :
2669 483 2737 524 ex
2762 483 2872 538 quo
2903 467 2962 522 lit
2993 477 3052 522 ut
3084 466 3301 522 lethalia
3330 468 3557 520 vulnera
3584 483 3668 519 lil-

2088 562 2366 635 ﬂigantur.

2171 674 2188 707 ι
2225 655 2290 709 Ει
2322 653 2538 708 occidit.
2582 672 2602 706 ι
2633 651 2711 707 Ad
2741 650 3000 717 litteram,
3037 650 3176 704 lilios
3190 661 3382 703 eorum
3424 657 3479 701 et
3509 648 3669 719 tilias,

2094 756 2148 801 et
2171 746 2220 801 si
2260 746 2405 816 quod
2432 743 2629 799 animal
2660 744 2855 798 eratin
2903 742 3079 812 pretio
3108 741 3253 811 apud
3287 755 3402 793 eos.
3439 740 3516 792 Ad
3538 753 3659 793 sen-

2094 853 2213 892 sum
2244 852 2376 891 vero
2403 835 2743 901 interiorem,
2777 835 3017 904 potiores
3060 831 3227 885 animi
3255 830 3619 900 appetitioncs

2094 929 2260 999 hujus
2282 929 2428 983 enim
2456 942 2620 982 causa
2645 934 2730 980 est
2781 925 2998 980 aversio
3032 924 3151 979 Dei.
3176 924 3391 979 Etenim
3434 921 3669 975 visitatio

2092 1022 2211 1092 ejus
2236 1020 2343 1074 vita
2381 1028 2484 1074 est.

2172 1130 2189 1163 ς
2226 1111 2279 1164 In
2300 1109 2649 1165 tabernaculo
2667 1108 2789 1162 lilia:
2807 1108 2957 1162 Sion.
2975 1126 2992 1159 ι
3025 1105 3338 1160 Secundum
3362 1104 3670 1171 historiam,

2094 1202 2150 1255 in
2182 1202 2385 1272 templo
2414 1200 2467 1254 in
2491 1216 2600 1270 quo
2623 1199 2795 1253 necati
2819 1207 2944 1252 sunt
2970 1216 2983 1250 :
3012 1195 3349 1267 spiritaliter,
3369 1195 3460 1249 ubi
3489 1194 3670 1248 anima

2094 1294 2427 1364 quiescebat.

2166 1384 2231 1440 ν.
2271 1385 2324 1439 5.
2358 1404 2377 1436 ι
2411 1383 2611 1438 Factus
2659 1391 2744 1437 est
2787 1381 3071 1436 Dominus.
3108 1398 3128 1432 ι
3179 1378 3314 1449 Ipsis
3351 1376 3673 1447 semetipsos

2095 1473 2347 1530 inimicos
2367 1474 2460 1527 Dei
2492 1471 2955 1527 constituentibus
2972 1478 3195 1539 propter
3219 1477 3443 1537 peccata
3475 1465 3529 1518 in
3547 1481 3671 1518 cum

2096 1566 2334 1622 admissa
2370 1584 2384 1619 :
2419 1566 2565 1619 Deus
2602 1563 2750 1618 enim
2791 1561 3067 1616 neminem
3104 1560 3239 1614 odit.
3410 1622 3413 1625 _

2173 1678 2193 1710 ι
2231 1658 2504 1727 Corrupit.
2534 1677 2555 1708 ι
2582 1656 2662 1711 Ad
2694 1656 2953 1718 litteram,
2987 1660 3044 1707 et
3065 1650 3287 1714 mania,
3312 1657 3368 1704 et
3389 1648 3671 1718 templum,

408 1758 501 1811 τὸν
530 1757 680 1819 ναὸν,
731 1756 826 1809 καὶ
855 1754 954 1818 τὰς
986 1754 1163 1817 οἰκίας
1212 1752 1385 1822 φησί’
1434 1751 1572 1823 πρὸς
1622 1742 1682 1803 δὲ
1727 1750 1992 1815 διάνοιαν,

2095 1757 2152 1803 et
2175 1748 2366 1803 domos
2392 1749 2485 1801 ait.
2508 1745 2747 1817 Spiritali
2778 1759 2963 1806 sensu,
2979 1743 3152 1797 bonas
3176 1741 3532 1811 cogitationes
3557 1739 3676 1793 ani-

408 1849 536 1911 τοὺς
564 1845 1042 1918 περιφράττοντας
1072 1842 1170 1915 τὴν
1191 1842 1371 1914 ψυχὴν
1404 1842 1648 1911 ἀγαθοὺς
1675 1834 1995 1911 λογισμούς.

2100 1855 2248 1896 mam
2313 1838 2601 1893 vallantes.
2651 1834 2933 1907 [Aliterz]
2992 1833 3258 1899 Quoniam
3286 1831 3431 1901 apud
3459 1831 3676 1886 ludens

414 1938 549 2013 [Καὶ
578 1936 812 2010 ἄλλως
841 1938 965 1992 Ὀτι
998 1936 1185 1991 ούκέτι
1213 1934 1367 2007 παρὰ
1425 1934 1699 1998 Ἰουδαίοις
1730 1935 1866 2004 μετὰ
1901 1932 1992 2004 τὴν

2100 1940 2226 2003 post
2257 1930 2457 1993 scelus,
2490 1927 2636 1998 quod
2667 1928 2720 1981 in
2744 1926 3029 1981 Christum
3069 1925 3189 1979 ausi
3221 1932 3371 1988 sunt,
3414 1938 3525 1977 non
3556 1938 3675 1976 amo

338 2021 342 2024 ⁴
413 2029 559 2085 κατὰ
596 2028 692 2083 τοῦ
739 2027 983 2099 Χριστοῦ
1017 2027 1228 2099 τόλμαν
1260 2027 1322 2081 ού
1364 2026 1818 2098 προφήτης,ὀύκ
1865 2027 2002 2079 ἀπο·

422 2121 678 2187 κάλυψις,
708 2121 810 2175 οὐκ
842 2120 1067 2191 ἔννομος
1099 2119 1403 2191 ἱερουργία.

492 2234 510 2268 ι
551 2212 995 2284 Ταπεινούμενα.
1031 2230 1051 2264 ο
1087 2210 1243 2265 Μετὰ
1288 2209 1389 2280 τὴν
1417 2207 1680 2280 ἱστορίαν,
1726 2209 1852 2272 τοὺς
1896 2209 2002 2264 ὑπὸ

416 2305 517 2377 τῆς
542 2305 816 2377 ἁμαρτίας
847 2302 1242 2372 ἁλισκομένους
1279 2301 1467 2372 φησιν.

494 2416 513 2448 ι
557 2396 667 2450 Καὶ
707 2393 1032 2450 διεπέτασεν
1067 2393 1144 2457 ὡς
1171 2392 1437 2464 ἄμπελον.
1483 2411 1502 2445 ι
1543 2394 1615 2447 ’Ἡ
1652 2392 1810 2446 τοῦτό
1841 2408 1998 2462 φησι,

2100 2022 2245 2094 plius
2269 2020 2555 2090 propheta,
2578 2033 2689 2072 non
2719 2017 3000 2080 revelatio,
3029 2030 3138 2070 non
3173 2014 3474 2086 legitimum
3503 2012 3676 2067 sacri-

2100 2113 2307 2169 licium.

2177 2223 2197 2256 ι
2228 2203 2601 2259 Humiliatam.
2647 2220 2665 2254 ι
2703 2201 2833 2255 Post
2862 2199 3186 2254 historicum
3212 2213 3433 2254 sensum
3456 2211 3551 2252 eos
3586 2196 3675 2251 in-

2100 2295 2314 2363 telligit,
2345 2295 2437 2364 qui
2466 2292 2842 2362 iniquitatibus
2870 2290 3214 2364 captivantur

2173 2362 2245 2438 Υ.
2268 2382 2321 2438 6.
2363 2362 2381 2434 ἱ
2420 2383 2488 2436 Ει
2507 2381 2765 2450 expandit
2791 2380 2943 2449 quasi
2978 2362 3162 2433 vitem.
3196 2397 3215 2430 δ
3246 2377 3339 2433 Vel
3375 2378 3480 2433 h'oc
3498 2376 3669 2432 dicit:

417 2487 500 2541 l’m
532 2488 633 2557 τὴν
667 2483 862 2557 πρώην
894 2484 970 2547 ὡς
1027 2482 1276 2553 ἄμπελον
1306 2481 1631 2537 ἐκταθείσαν
1669 2483 1992 2552 Συναγωγὴν

2104 2472 2462 2545 Synagogam,
2492 2487 2612 2540 qua:
2634 2478 2795 2525 antea
2841 2479 3099 2539 tanquam
3158 2467 3284 2522 vitis
3317 2467 3538 2522 dilatata
3559 2474 3676 2521 erat

417 2556 853 2649 παρέδωκείτοίς
881 2572 1102 2646 ἐχθροῖς
1122 2589 1137 2606 ·
1166 2572 1201 2644 ἢ
1232 2570 1426 2640 οὕτως,
1450 2574 1533 2627 ὅτι
1549 2574 1720 2643 αὐτὴν
1745 2572 1992 2644 ἥπλωσεν

2101 2565 2352 2621 traditam
2385 2563 2677 2618 hostibus:
2711 2561 2798 2616 vel
2835 2561 2936 2626 sic,
2972 2560 3116 2630 quod
3144 2560 3317 2629 ipsam
3375 2556 3676 2628 diripienti-

417 2674 528 2737 τοῖς
568 2670 966 2742 διαρπάζουσιν
993 2668 1071 2732 ὡς
1099 2667 1348 2738 ἄμπελον
1377 2668 1745 2722 ἀσκὲπαστον.

492 2781 511 2814 σ
547 2761 868 2832 Διέφθειρεν
892 2760 1087 2831 ἑορτὴν
1107 2758 1295 2814 αὐτοῦ.
1328 2777 1348 2812 ι
1373 2758 1487 2830 Τῆς
1511 2758 1612 2831 μὲν
1646 2758 2002 2830 Ἰερουσαλὴμ

417 2854 520 2918 τὰς
549 2853 782 2924 νομικὰς
810 2852 1005 2925 ἑορτάς
1026 2867 1041 2883 ⁸
1065 2851 1168 2922 τῆς
1194 2849 1254 2904 δὲ
1274 2851 1455 2922 ψυχῆς
1478 2850 1579 2924 τὴν
1611 2852 1705 2904 ἐπὶ
1726 2851 1803 2922 τῷ
1819 2851 2002 2922 κρείτ-

418 2963 536 3001 τονι
561 2945 869 3018 χαρμονήν.

501 3053 523 3088 α
563 3033 891 3089 Ἐπελὰθετο
928 3030 1158 3105 Κύριος.
1198 3050 1219 3085 ι
1242 3032 1676 3121 ⁹Κειτεφριίνησε,
1715 3034 1869 3106 φησὶ,
1906 3033 2002 3088 καὶ

420 3128 520 3198 τῆς
550 3126 745 3181 ἑαυτοῦ
776 3125 1123 3197 νομοθεσίας,
1140 3125 1242 3195 τῆς
1270 3123 1791 3197 παρακελευομένης
1812 3125 2002 3194 ἑορτά-

418 3216 536 3283 ζειν
570 3217 667 3271 καὶ
690 3202 1065 3281 σασϐατίζὲιν.

496 3324 518 3361 ι
557 3308 668 3363 Καὶ
717 3304 1060 3379 παρώξυνεν.
1103 3322 1125 3359 ι
1169 3304 1466 3363 Ἐπιπλίον
1513 3302 1864 3360 ἐκθλίϐεσθαι
1898 3306 1999 3360 αύ-

2102 2657 2206 2712 bus
2234 2655 2572 2726 expanderit,
2606 2652 2761 2725 quasi
2785 2653 2949 2708 vitem
2975 2652 3313 2707 derelictam.

2179 2766 2198 2799 ε
2231 2745 2489 2816 Corrupit
2516 2745 2867 2800 festivitatem
2891 2759 3069 2798 suam.
3099 2762 3117 2794 ι
3155 2741 3459 2798 Jerusalem
3478 2738 3678 2812 legales

2102 2837 2495 2901 solemnitates,
2521 2835 2719 2890 animae
2740 2849 2870 2889 vero
2904 2833 3162 2906 gaudium
3193 2832 3262 2888 de
3293 2833 3427 2887 Deo.

2181 3054 2202 3089 ι
2236 3036 2452 3093 Oblitus
2480 3043 2564 3090 est
2594 3033 2879 3090 Dominus.
2907 3051 2928 3083 ›
2950 3030 3089 3088 Suas
3105 3032 3291 3098 etiam,
3322 3031 3517 3101 inquit,
3532 3031 3677 3103 leges

2028 3083 2075 3147 ϐ
2104 3128 2455 3197 contempsit,
2485 3142 2607 3196 quae
2632 3125 2748 3182 dies
2775 3124 2945 3181 festos
2980 3139 3161 3195 agere,
3187 3132 3243 3179 et
3285 3124 3510 3179 sabbata
3536 3083 3678 3194 ριῗιιι-

2102 3220 2373 3277 ciniebanl
2386 3258 2400 3271 .

2194 3236 2400 3275 tenam.

2156 3236 2198 3361 pc
2238 3310 2308 3364 Et
2339 3307 2589 3363 irritavit.
2626 3305 2921 3362 tPermisit
2965 3315 3026 3362 ut
3067 3306 3449 3363 vehementius
3477 3307 3679 3379 adlige-

421 3400 550 3464 τοὺς
581 3398 984 3471 συνεχώρησεν,
1032 3397 1067 3470 ἢ
1117 3396 1282 3462 αὐτὸς
1321 3396 1784 3469 παροξυνόμενος,
1817 3398 1853 3470 ἢ
1904 3397 1992 3450 καὶ

2103 3409 2315 3466 rentur,
2354 3401 2439 3455 vel
2468 3401 2583 3470 ipse
2603 3398 2865 3465 irritatus,
2890 3400 2977 3455 vel
3003 3407 3064 3455 et
3087 3399 3202 3469 ipse
3233 3400 3453 3455 irritans
3475 3401 3543 3455 de
3574 3401 3677 3455 bo-

422 3493 585 3557 αύτδς
617 3490 941 3564 παροξύνων
963 3490 1060 3544 επὶ
1098 3490 1166 3562 τῇ
1195 3489 1307 3544 τῶν
1347 3490 1561 3561 ἐχθρῶν
1584 3490 1829 3563 εύθηνίςι.

500 3603 519 3636 ι
552 3585 843 3637 ’Δπώσατο
903 3580 1131 3654 Κύριος.
1164 3600 1185 3633 ι
1217 3580 1293 3634 Τὸ
1337 3579 1584 3651 νομικὸν,
1646 3579 1736 3633 ἵνα
1787 3582 2001 3634 ἀντεισ-

2104 3493 2269 3547 stium
2291 3492 2673 3563 prossperitate.

2174 3583 2239 3638 ν.
2273 3585 2326 3639 7.
2356 3602 2385 3635 ι.
2413 3585 2633 3654 Repulit
2670 3582 2955 3639 Dominus.
2995 3602 3014 3635 ι
3050 3583 3267 3653 Legale,
3300 3594 3361 3640 ut
3387 3586 3676 3656 spirituale

420 3674 617 3746 ενεχθῇ
634 3673 698 3727 τὸ
720 3668 827 3743 τῆς
842 3670 1056 3742 Καινῆς
1083 3670 1364 3743 Διαθήκης
1384 3672 1776 3740 πνευματικόν.
1794 3672 1918 3724 Ἐὰν
1941 3671 1992 3726 δὲ

2100 3676 2240 3732 Νονί
2267 3676 2600 3731 Testamenti
2620 3676 2955 3731 succederet.
2985 3676 3140 3743 Quod
3168 3678 3212 3731 si
3249 3677 3317 3732 de
3367 3678 3549 3732 anima
3585 3695 3675 3733 ca-

424 3766 518 3820 ιπι
540 3765 638 3837 τῆς
652 3760 1000 3836 αἰχμαλώτου
1022 3762 1202 3834 ψυχῆς
1220 3760 1662 3834 ἐκλαμϐάνηται,
1687 3762 1778 3816 διὰ
1810 3763 1869 3816 τὸ
1901 3764 1992 3818 ἁν-

2101 3773 2246 3842 ptiva
2282 3773 2385 3828 hoc
2408 3773 2725 3843 accipiatur,
2754 3771 3011 3842 quoniam
3061 3772 3249 3828 divino
3276 3772 3427 3828 cultu
3454 3773 3675 3845 indigna

425 3855 583 3922 αξίαν
611 3853 785 3927 αὐτὴν
808 3850 1044 3926 φανῆναι
1066 3853 1169 3926 τῆς
1196 3851 1294 3907 τοῦ
1324 3852 1463 3907 Θεοῦ
1492 3852 1765 3923 λατρείας.
1867 3889 1878 3900 .

501 3967 521 4002 ι
568 3944 943 4011 ’Ᾱπετίναξεν.
989 3961 1014 3997 ι
1064 3944 1389 4014 ’Δποτόμως
1419 3943 1749 3998 ἀπεσάλετο.

502 4058 522 4094 ι
567 4037 758 4111 1ὶωνὴν
808 4035 1050 4093 ἔδωκαν.
1110 4055 1131 4090 ι
1202 4036 1330 4091 Ἐπὶ
1390 4035 1557 4091 πλέον
1615 4035 1898 4108 χαίροντες
1946 4038 1997 4090 οἱ

423 4131 515 4203 ὲχθ
525 4132 629 4204 ροί.

498 4241 518 4276 ι
557 4224 748 4293 Τεῖχος
776 4220 1070 4293 θυγατρός.
1101 4237 1120 4272 ι
1148 4218 1372 4292 Ἔκρινε
1390 4219 1501 4292 [ῐσ.
1527 4220 1770 4295 ἔφθειρε]
1797 4224 1995 4293 τεῖχος,

420 4312 511 4369 τὸν
547 4314 733 4384 νόμον.

2101 3863 2216 3919 visa
2250 3870 2354 3919 est.

2177 3974 2197 4007 ι
2228 3954 2494 4011 Excussit.
2530 3973 2549 4006 ι
2570 3953 2767 4009 Severe
2787 3954 3002 4024 abjecit.

2177 4064 2196 4098 ‹
2236 4044 2435 4101 Vocem
2456 4045 2747 4101 dederunt.
2786 4062 2807 4097 ι
2846 4043 3045 4099 Hostes
3072 4042 3303 4097 nimium
3350 4042 3670 4112 gaudentes.

2170 4220 2237 4275 ν.
2270 4221 2324 4276 8.
2352 4238 2371 4272 ι
2421 4219 2635 4275 Murum
2678 4218 2823 4275 tiliae.
2869 4237 2889 4272 ι
2943 4218 3227 4276 Destruxit
3290 4232 3530 4284 murum,
3590 4215 3672 4273 lc-

2101 4326 2241 4382 gem.

501 4423 522 4457 (
556 4405 671 4459 Ούκ
720 4402 1057 4473 ἀπέστρεψε.
1109 4421 1126 4455 ι
1167 4401 1240 4456 Τὸ
1283 4402 1567 4476 σύγκριμα
1607 4404 1717 4476 [ἵσ.
1760 4404 1822 4458 τὸ
1877 4404 1992 4458 σύν-

2178 4421 2197 4455 ι
2233 4400 2354 4459 Non
2384 4402 2599 4459 avertit.
2640 4422 2660 4456 ι
2687 4403 3169 4459 (Ioneulcationem
3198 4402 3367 4459 auxit.

424 4512 550 4566 τριμ
564 4495 662 4567 μα]
693 4496 1029 4565 παρέτεινεν.

503 4602 523 4636 ι
556 4585 667 4638 Καὶ
705 4584 991 4654 ἐπένθησε.
1030 4603 1051 4636 ι
1091 4584 1207 4638 Οὐκ
1238 4584 1497 4654 ἐφείσατο
1524 4584 1619 4639 τοῦ
1651 4586 1996 4659 παραρρίψαι

426 4673 507 4738 είς
536 4673 933 4745 καταπάτημα,
983 4674 1110 4738 τοὺς
1135 4677 1216 4739 είς
1249 4676 1413 4730 αὑτὸν
1458 4677 1712 4747 ἐμμόνως
1744 4679 1997 4749 ἁμαρτά-

423 4782 614 4829 νοντας
619 4805 633 4819 .

497 4875 520 4911 ε
553 4856 955 4926 Ἐνεπάγησαν.
990 4877 1009 4910 ι
1036 4860 1100 4914 Oi
1129 4858 1228 4930 τὴν
1258 4859 1607 4913 διδασκαλίαν
1634 4861 1995 4932 πεπιστευμέ-

421 4962 502 5002 νοι
530 4946 1019 5018 κατεσυθήσθησαν
1044 4948 1126 5011 είς
1162 4948 1233 5001 τὰ
1261 4949 1779 5019 γήϊναπράγματα.

495 5057 516 5091 ε
553 5036 851 5092 ’Δπώλεσε.
878 5056 898 5090 ι
924 5038 1220 5107 Ἦφάνισεν
1238 5039 1407 5108 αὐτῆς
1436 5039 1503 5092 τὰ
1530 5039 1991 5109 παραγγέλματα,

419 5129 561 5184 ὥστε
603 5128 694 5183 τὸν
738 5129 1062 5199 βουλόμενον
1103 5129 1448 5200 εἰσέρχεσθαι
1487 5131 1743 5199 ἀπορεῖν.
1775 5133 1868 5182 καὶ
1898 5130 1990 5202 ζη-

419 5222 553 5278 τεῖν,

494 5328 514 5362 ι
549 5310 841 5365 Ἐκάθισαν
868 5310 949 5373 είς
968 5310 1068 5380 τὴν
1101 5310 1223 5382 γῆν.
1255 5329 1274 5362 ι
1294 5309 1698 5380 Ἦδαφίσθησαν
1733 5311 1802 5365 τὰ
1831 5315 1992 5384 γήϊνα

421 5403 813 5472 φρονήσαντες.

493 5511 513 5545 ι
550 5492 951 5566 Ἐσιὼπησαν.›
980 5493 1298 5549 Ἀπώλεσαν
1328 5494 1387 5547 τὸ
1417 5494 1798 5549 διδασκαλικὸν
1826 5494 1991 5563 ἀξίω-

422 5603 517 5656 μα,
549 5586 1024 5656 ἁποκωφὼθησαν.

494 5696 513 5728 ι
551 5677 927 5732 Ἀνεϐίὸασαν.
970 5696 989 5729 ι
1028 5677 1184 5731 Κατὰ
1227 5677 1325 5747 μὲν
1366 5678 1463 5749 τὴν
1489 5680 1733 5750 ἱστορίαν
1761 5679 1820 5732 τὸ
1853 5682 1989 5750 σχῆ-

2173 4596 2191 4628 ι
2230 4577 2518 4649 Luxitque.
2544 4598 2569 4645 ι,
2594 4579 2687 4635 Eis
2725 4594 2835 4634 non
2866 4581 3131 4649 pepercit,
3161 4581 3257 4637 sed
3274 4582 3673 4639 conculcandos

2096 4670 2342 4739 proiecit,
2383 4670 2477 4740 qui
2496 4671 2712 4727 assidue
2732 4672 2789 4726 in
2813 4687 2937 4726 eum
2962 4674 3280 4744 peccabant.

2167 4847 2231 4903 ν.
2264 4850 2318 4905 9.
2355 4869 2373 4900 ι
2399 4848 2596 4905 Delixze
2616 4859 2763 4905 sunt.
2791 4869 2809 4901 ›
2841 4850 3053 4916 Quibus
3077 4850 3305 4905 docendi
3332 4863 3532 4903 munus
3553 4861 3671 4904 ere-

2096 4940 2267 4995 ditum
2300 4950 2403 5001 est,
2439 4942 2494 4995 in
2522 4958 2610 4997 res
2648 4951 2893 4997 terrenas
2921 4942 3166 4995 immersi
3213 4948 3361 4995 sunt.

2175 5046 2193 5078 ‹
2230 5027 2494 5083 Perdidit.
2534 5047 2553 5081 ι
2592 5029 2794 5084 Monita
2825 5045 2920 5084 seu
2944 5028 3170 5083 consilia
3225 5026 3372 5081 illius
3407 5022 3669 5095 perdidit,

2096 5128 2157 5175 ut
2183 5120 2277 5190 qui
2306 5120 2511 5175 intrare
2540 5121 2692 5188 velit,
2715 5122 2920 5175 haereat
2947 5129 3003 5176 et
3031 5126 3258 5189 quaerat.

2164 5316 2230 5372 ν.
2272 5318 2356 5374 10.
2388 5337 2407 5369 ι
2447 5318 2719 5373 Sederunt
2749 5319 2802 5372 in
2853 5328 3018 5372 terra.
3046 5336 3065 5370 ι
3110 5316 3384 5373 Sederunt
3409 5316 3467 5372 in
3523 5324 3669 5373 term

2096 5418 2311 5467 terrena
2342 5410 2634 5480 sapientes.

2170 5504 2624 5559 «Conticuerunt.
2658 5520 2677 5552 ι
2742 5501 3035 5572 Magisterii
3097 5500 3413 5574 dignitatem
3467 5503 3668 5558 amise-

2093 5602 2240 5658 runt,
2270 5593 2402 5647 muti
2438 5590 2560 5645 facti
2586 5598 2733 5645 sunt.

2170 5703 2188 5733 ι
2229 5683 2630 5754 lmpusucrunt.
2663 5700 2679 5732 ι
2716 5681 3027 5737 Secundum
3071 5683 3373 5741 historiam.
3425 5682 3669 5755 lugubris
