4122 6210
487 287 588 350 730

1567 283 2088 343 OLYMPIODORI
2126 285 2370 342 ALEXA
2383 285 2426 344 Ν
2439 283 2660 342 ῡιιιΝι

3640 277 3744 348 746

486 393 705 450 habitus
729 393 1058 464 captivitatis
1085 406 1343 464 tempore.
1363 395 1426 448 At
1449 394 1694 464 mystice,
1725 404 1922 464 sponte
1948 410 2062 456 sua.

2175 411 2249 464 μα
2287 395 2540 448 πενθικδν
2563 435 2578 459 ,
2611 396 2685 456 ὼς
2711 395 2770 448 ὲν
2792 392 3160 466 αἰχμαλωσίᾳ.
3212 394 3369 449 Κατὰ
3393 397 3450 451 δὲ
3475 396 3711 471 θεωρίαν
3733 439 3752 462 ,

486 486 583 546 ait,
605 500 693 538 res
717 494 964 540 terrenas
996 500 1106 541 sure
1147 486 1308 540 saluti
1362 495 1802 555 prmposuerunt.

563 689 580 719 σ
625 669 976 723 Deduxerunt
1003 669 1056 723 in
1102 679 1324 724 terram.
1365 689 1382 720 ι
1426 670 1506 725 Ad
1548 687 1637 725 res
1699 680 1948 726 terrenas
1975 689 2064 743 sy-

484 775 723 829 nagogas
756 761 1097 814 deduxerunt
1137 760 1220 814 vel
1255 760 1468 816 animas
1528 777 1650 830 quae
1678 761 1878 816 salvari
1909 775 2064 832 pote-

487 859 630 902 fill".

556 947 620 1000 V.
661 949 746 1004 H.
781 967 798 999 ι
840 947 1169 1002 Defecerunt
1204 948 1256 1002 in
1295 949 1564 1018 lacrymis.
1609 968 1625 999 ι
1661 948 1926 1014 Quoniam
1956 966 2065 1005 non

484 1053 514 1093 a
543 1040 838 1109 gentilibus
857 1039 1031 1108 pietas
1063 1040 1325 1108 impedita
1383 1048 1487 1104 est,
1523 1041 1617 1093 sed
1649 1056 1678 1093 a
1718 1041 1918 1109 spuriis
1947 1040 2066 1095 ﬁliis

487 1127 769 1196 depravati
791 1137 938 1181 sunt.

559 1217 622 1271 V.
661 1220 747 1271 12.
779 1238 795 1270 ι
839 1219 1102 1274 Matribus
1137 1219 1271 1273 suis.
1304 1239 1320 1269 ι
1380 1219 1720 1274 l’cccatriccs
1741 1221 1939 1276 animrc
1964 1221 2065 1278 Ec-

485 1311 686 1366 clesiis.

565 1422 581 1452 ι
614 1401 716 1456 Ubi
737 1411 820 1480 est
844 1401 1117 1456 triticum?
1144 1422 1160 1452 ι
1188 1402 1287 1457 Ubi
1306 1404 1628 1457 sacramenti
1657 1403 1918 1459 libertas?
1941 1403 2067 1458 llzec

486 1495 640 1548 aiunt
698 1505 953 1562 tanquam
1012 1511 1046 1548 α
1113 1497 1476 1550 sacramentis
1559 1497 1789 1566 repulsa:
1844 1505 2067 1568 propter

487 1594 730 1654 peccata.

561 1696 581 1728 ι
611 1678 744 1731 Cum
772 1677 1218 1734 dissolverentur.
1255 1699 1273 1732 ι
1323 1680 1436 1736 Hoc
1463 1691 1567 1748 est,
1594 1682 1664 1737 ob
1691 1691 1974 1752 peccatum
2006 1682 2064 1736 in

490 1779 739 1824 mortem.

564 1879 582 1911 ι
615 1862 750 1915 Cum
786 1861 1152 1916 eﬁ'underent.
1193 1882 1210 1913 θ
1239 1862 1501 1928 Quamvis
1557 1863 1610 1918 in
1662 1865 1786 1918 sinu
1828 1874 2063 1920 matrum

485 1963 689 2016 essent,
729 1963 906 2007 tamen
931 1955 1194 2009 doctrina:
1214 1955 1356 2008 fame
1377 1955 1660 2010 deﬁciunt.

561 2135 622 2188 V.
659 2137 741 2190 15.
771 2156 788 2186 ‹
829 2135 967 2201 Quid
1001 2135 1331 2190 testiﬁcabor
1363 2136 1501 2191 tibi?
1530 2156 1547 2188 ι
1571 2136 1711 2204 Quid
1735 2137 1862 2194 boni
1884 2139 2063 2192 inesse

487 2227 583 2282 tibi
621 2229 882 2281 attestcr?

563 2335 580 2367 ι
614 2317 720 2370 Aut
742 2316 870 2386 quid
895 2317 1206 2370 assimilabo
1231 2316 1373 2370 tibi?
1410 2335 1428 2368 ι
1462 2315 1748 2382 Quodnam
1777 2327 2062 2387 peccatum

486 2423 612 2460 cum
649 2416 740 2461 tuo
764 2409 1077 2462 conferam?
1111 2408 1247 2462 Vere
1273 2410 1417 2463 enim
1451 2409 1628 2465 caedes
1660 2410 1874 2466 Domini
1899 2426 2063 2481 supe-

489 2508 573 2550 rat
611 2499 813 2551 umnin‘.

567 2589 876 2654 (Quoniam
925 2589 1324 2661 magniﬁcatum
1383 2598 1484 2645 est.
1531 2609 1550 2643 ι
1606 2591 1910 2662 lniquitatis
1959 2604 2063 2650 tua:

490 2680 644 2732 ιιιιὶει.

565 2790 582 2819 ε
624 2769 758 2834 Quis
780 2771 1082 2826 medebitur
1111 2771 1246 2826 tibi?
1277 2792 1294 2823 ι
1323 2771 1438 2830 Hoc
1461 2780 1566 2840 cst,
1590 2788 1754 2829 nemo
1783 2775 1887 2829 nisi
1916 2777 2064 2831 solus

491 2862 653 2914 Deus.

560 2953 622 3008 V.
664 2955 749 3008 14.
786 2974 803 3006 ‹
839 2953 1241 3025 Ρι-οῃΙιοιεειυί.
1280 2976 1297 3007 ι
1326 2955 1818 3028 Pseudopmpbeta:
1841 2959 2060 3028 quidem

2169 488 2233 540 ἐκ
2258 488 2650 558 προαιρέσεως,
2675 487 2860 558 φησὶν,
2883 486 2948 540 τά
2976 487 3142 557 γήϊνα
3168 487 3473 558 πράγματα
3491 490 3590 561 τῆς
3617 492 3753 546 ἑαυ-

2169 579 2276 632 τῶν
2308 581 2583 650 σωτηρίας
2613 581 2967 650 προέκριναν.

2243 689 2261 721 ι
2297 672 2625 741 Κατήγαγον
2663 674 2740 733 είς
2769 671 2894 740 γῆν.
2929 689 2950 724 ι
2990 672 3351 740 Κατήνεγκαν
3375 673 3454 736 εἰς
3481 672 3552 724 τὰ
3585 677 3756 743 γηῖνα

2167 761 2474 833 πράγματα
2501 763 2598 825 τὰς
2627 763 2970 830 συναγωγάς,
3007 762 3040 833 ἢ
3064 763 3157 816 καὶ
3181 763 3279 826 τὰς
3305 762 3610 834 δυναμένας
3643 763 3754 818 σώο

2169 854 2360 918 ζεσθαι
2389 856 2587 926 ψυχάς.

2251 967 2270 1000 ι
2305 947 2581 1012 Ἐξέλιπον
2603 948 2662 1000 tv
2691 946 2973 1016 δάκρυσιν.
3013 964 3032 996 ι
3067 946 3186 998 Ὀτι
3218 947 3320 1017 οὐχ
3349 947 3455 1000 ὑπὸ
3474 946 3580 1000 τῶν
3610 949 3752 1001 ὲθνι-

2167 1038 2282 1092 κῶν
2331 1038 2550 1109 ὠχλήθη
2587 1039 2622 1108 ἡ
2651 1037 2907 1091 εὐσέϐεια
2931 1077 2946 1102 ,
2970 1037 3086 1091 ἀλλ’
3129 1036 3236 1091 ὑπὸ
3278 1037 3386 1091 τῶν
3422 1037 3593 1093 νόθων
3620 1039 3754 1092 υίῶν

2168 1129 2623 1200 παρεφθάρησαν,

2244 1238 2262 1269 ι
2302 1219 2434 1282 Ταῖς
2466 1219 2759 1290 μητράσιν.
2789 1237 2807 1271 ι
2837 1220 2900 1272 At
2936 1219 3261 1290 ἁμαρτωλαὶ
3289 1218 3460 1290 ψυχαὶ
3485 1223 3606 1284 ταῖς
3621 1221 3750 1276 Ἐκ-

2169 1311 2439 1381 κλησίαις.

2244 1421 2261 1453 ι
2300 1403 2410 1457 Ποῦ
2462 1405 2627 1465 σῖτος.
2675 1423 2693 1454 ι
2737 1401 2850 1457 Ποῦ
2879 1401 2976 1456 τοῦ
3015 1401 3317 1473 μυστηρίου
3357 1403 3388 1473 ἡ
3427 1403 3746 1474 παρρησίας

2167 1491 2354 1548 Ταῦτά
2382 1507 2567 1562 φασιν,
2597 1495 2673 1557 ὡς
2705 1494 2782 1565 μὴ
2817 1492 3137 1564 ἀξιούμεναι
3163 1493 3271 1546 τῶν
3307 1494 3620 1564 μυστηρίων
3659 1495 3750 1547 διά

2166 1586 2265 1650 τὰς
2291 1587 2590 1658 ἁμαρτίας.

2243 1695 2262 1728 ι
2296 1679 2386 1731 Ἐν
2410 1678 2488 1748 τῷ
2515 1677 2821 1732 ἐκλύεσθαι.
2860 1697 2878 1730 ι
2909 1677 3203 1732 Τουτέστιν
3235 1677 3324 1746 ὑφ’
3353 1677 3627 1749 ἁμαρτίας
3651 1679 3747 1732 καί

2095 1743 2138 1801 Β
2170 1770 2281 1843 [ῖσ.
2323 1767 2426 1840 είς]
2459 1743 2721 1823 θάνατον.

2245 1882 2262 1915 ι
2312 1863 2403 1917 Ἐν
2456 1861 2534 1931 τῷ
2583 1860 2882 1932 ἐκκεῖσθαι.
2923 1878 2942 1912 ι
2981 1858 3175 1912 Καίτοι
3222 1858 3282 1911 tv
3307 1856 3527 1920 κόλποις
3575 1857 3747 1930 μητὲ-

2167 1973 2276 2026 ρων
2323 1953 2700 2023 ὑπάρχοντες,
2749 1951 2896 2022 λιμῷ
2941 1949 3292 2013 διδασκαλίας
3331 1949 3414 2002 ἔτι
3457 1949 3745 2003 ἐκλείπου-

2223 2068 2272 2102 ν.

2223 2068 2272 2102 ν.

2167 2066 2218 2103 σι
2241 2159 2259 2192 ι
2286 2139 2352 2192 Τί
2378 2137 2716 2209 μαρτυρήσω
2742 2152 2857 2202 σοι;
2887 2154 2906 2188 ι
2936 2134 3001 2186 Τί
3021 2133 3256 2204 χρηστόν
3285 2149 3367 2186 σοι
3389 2147 3743 2202 προσμαρτυ-

2167 2232 2372 2375 Mf
2398 2321 2448 2373 τί
2471 2317 2728 2390 ὁμοιώσω
2759 2334 2877 2381 σοι;
2913 2335 2931 2368 ι
2970 2315 3136 2368 Ποίαν
3158 2310 3431 2383 ἁμαρτίαν
3461 2309 3744 2381 συγκρίνω

2164 2413 2298 2483 πρὸς
2324 2410 2422 2482 τὴν
2449 2413 2548 2482 σήν
2567 2427 2582 2475 ;
2603 2409 2710 2462 Καὶ
2733 2406 2843 2478 γὰρ
2867 2405 3084 2476 άληθῶς
3105 2403 3519 2476 ὑπερϐάλλουσα
3535 2403 3572 2473 ἡ
3601 2402 3745 2456 κατὰ

2162 2502 2257 2556 τοῦ
2297 2501 2503 2572 Κυρίου
2533 2501 2742 2570 σφαγή.

2241 2615 2258 2645 ι
2301 2595 2424 2647 Ὀτι
2454 2590 2824 2664 ὲμεγαλύνθη.
2877 2609 2896 2642 ι
2941 2589 3006 2643 Ἦ
3034 2588 3311 2660 ἐκδίκησις
3337 2587 3438 2658 τῆς
3468 2585 3742 2657 ἁμαρτίας

2166 2703 2389 2840 σωἴΤίς
2419 2773 2629 2829 ἰάσεταί
2662 2790 2756 2838 σε;
2796 2791 2815 2825 ι
2843 2767 3008 2826 κἈντὶ
3036 2770 3150 2836 τοῦ,
3182 2771 3378 2838 οὐδεὶς,
3403 2770 3452 2822 εί
3479 2768 3556 2842 μὴ
3578 2768 3741 2841 μόνος

2165 2869 2316 2922 Θεός.

2243 2885 2265 2920 ο
2302 2907 2316 2922 .

2243 2885 2720 3033 «ςΠροφῆταισου.
2774 2975 2793 3010 ι
2831 2957 2893 3011 Οῑ
2937 2957 3036 3026 μὲν
3077 2953 3520 3027 ψευδοπροφῆται
3569 2950 3740 3020 ψευδῆ

489 3043 618 3098 falsa
659 3047 1040 3114 praedicentes,
1077 3047 1326 3101 doctores
1371 3057 1550 3102 autem
1589 3049 1749 3105 falsas
1775 3050 2062 3119 opiniones

2166 3054 2542 3122 προλέγοντες,
2565 3055 2614 3107 oi
2641 3052 2700 3107 δὲ
2719 3049 3032 3106 διδάσκαλοι
3050 3049 3264 3120 ψευδεῖς
3295 3047 3455 3112 δόξας
3481 3045 3738 3116 εἰσηγού-

489 3137 924 3194 introducentes.

565 3250 581 3276 ε
616 3227 680 3281 Et
707 3245 814 3282 non
871 3231 1206 3285 revelarunt.
1255 3251 1272 3283 ι
1337 3232 1457 3286 Non
1519 3233 1898 3291 indicaverunt
1941 3233 2058 3298 tibi,

488 3317 584 3379 ait.
615 3319 758 3386 quod
782 3335 970 3372 verum
993 3330 1098 3384 est,
1133 3331 1192 3376 ut
1223 3338 1545 3392 agnoscens,
1576 3332 1628 3378 te
1655 3322 1838 3392 iniqua
1871 3339 2057 3394 agere,

490 3411 905 3474 convertet-eris,
937 3419 991 3464 et
1030 3411 1248 3482 captiva
1281 3429 1388 3467 non
1419 3415 1598 3468 lieres.

567 3519 583 3550 ι
614 3500 678 3553 Ει
711 3501 963 3556 viderunt
993 3504 1108 3559 tibi.
1149 3523 1167 3556 ι
1193 3503 1457 3560 Vaticinia
1487 3505 1640 3570 falsa,
1665 3505 1950 3576 opiniones
1967 3519 2062 3560 va-

492 3609 612 3659 nas,
641 3612 760 3664 qua:
788 3605 840 3650 te
875 3615 904 3650 a
930 3597 1042 3652 Dco
1063 3600 1345 3667 ejicerent.

566 3687 738 3742 v.15.
775 3707 792 3738 ι
840 3688 1180 3748 l‘lauserunt.
1219 3710 1238 3743 ›
1289 3690 1598 3746 Secundum
1625 3689 1930 3755 historiam,
1971 3688 2064 3759 qui

487 3780 671 3848 populi
708 3780 917 3835 ruinam
947 3782 1298 3837 intuebantur
1312 3791 1536 3852 stupore
1551 3781 1785 3851 correpti
1805 3780 2062 3835 manibus

488 3872 771 3940 plaudunt.
803 3873 1129 3942 sibilumque
1151 3874 1342 3938 edunt,
1403 3881 1570 3942 caput
1612 3881 1917 3927 moventes.
1958 3869 2065 3926 Oc—

487 3961 701 4016 CUlllOI'i
733 3978 863 4022 vero
910 3978 1096 4026 sensu,
1134 3963 1228 4034 qui
1259 3972 1410 4018 extra
1463 3962 1716 4033 pietatem
1759 3961 2061 4029 ambulant,

487 4053 739 4107 homines
764 4055 938 4124 impii.
970 4055 1056 4110 vel
1075 4055 1237 4110 etiam
1269 4053 1467 4125 impuri
1490 4053 1764 4109 daemones
1818 4055 1936 4110 haec
1985 4054 2066 4107 fai-

487 4145 640 4198 ciunt
666 4145 818 4216 lapsu
842 4160 1031 4200 eorum
1063 4147 1155 4215 qui
1182 4154 1344 4199 antea
1382 4145 1567 4200 virtuti
1601 4145 1892 4201 studebant
1930 4161 2063 4215 gau-

486 4237 699 4293 dentes.

565 4347 584 4378 ι
617 4329 864 4384 Ιιιεοείηε
911 4337 996 4383 est
1026 4327 1176 4381 urbs.
1217 4344 1238 4380 ι
1282 4326 1356 4380 De
1388 4327 1593 4396 templo
1642 4327 1884 4396 quidem.
1938 4327 2062 4395 quia

2167 3162 2335 3216 μενοι.

2241 3259 2258 3290 ι
2300 3237 2411 3304 Καὶ
2453 3237 2554 3292 οὐκ
2600 3236 2980 3307 ἀπεκάλυψαν.
3021 3255 3039 3289 ι
3074 3237 3192 3290 Οὐκ
3229 3231 3581 3304 ἐφανέρωσάν
3612 3247 3736 3296 σοι,

2165 3332 2321 3402 φησι,
2349 3330 2410 3383 τὸ
2435 3328 2658 3400 ἀληθὲς,
2681 3329 2768 3382 ἵνα
2793 3327 3086 3398 γνοῦσαιὶκ
3113 3327 3276 3382 ἄδικα
3308 3325 3589 3396 πράττεις,
3620 3323 3742 3375 επι-

2167 3421 2426 3492 στρέψῃς,
2453 3421 2548 3472 καὶ
2576 3419 2652 3490 μὴ
2689 3419 2821 3489 γένῃ
2852 3416 3220 3488 αἰχμάλωτος.

2241 3532 2260 3565 ι
2298 3513 2409 3567 Καὶ
2443 3512 2656 3566 είδοσάν
2685 3527 2790 3564 σοι.
2831 3529 2850 3562 ι
2882 3508 3225 3580 Προφητείας
3255 3505 3492 3577 ψευδεῖς,
3523 3507 3619 3561 καὶ
3651 3505 3739 3559 δό-

2166 3607 2262 3672 ξας
2298 3605 2556 3678 ματαίας,
2583 3603 2892 3669 ὲξωθούσας
2923 3619 2986 3655 σε
3018 3601 3125 3655 ἀπὸ
3151 3599 3314 3656 Θεοῦ.

2241 3720 2259 3750 ι
2290 3699 2650 3768 Ἐκρότησαν.
2692 3714 2712 3748 ι
2743 3693 2880 3749 Καθ’
2908 3692 3148 3768 ἱστορίαν
3173 3691 3273 3761 μὲν
3293 3731 3309 3757 ,
3332 3691 3381 3746 ot
3409 3687 3743 3763 θεωροῦντες

2167 3791 2267 3863 τὴν
2287 3790 2496 3844 πτῶσιν
2518 3789 2612 3844 τοῦ
2633 3787 2789 3854 λαοῦ,
2807 3785 3232 3856 ἐκπληττόμενοι
3255 3781 3512 3854 κροτοῦσι
3528 3783 3740 3852 χεῖρας,

2166 3884 2264 3938 καὶ
2287 3882 2598 3953 συρίζουσιν
2629 3877 2909 3940 κινοῦντες
2941 3876 3186 3946 κεφαλήν
3205 3891 3219 3906 ·
3247 3874 3381 3945 πρὸς
3400 3873 3458 3927 δὲ
3477 3873 3740 3937 διάνοιαν,

2165 3973 2215 4026 οί
2263 3971 2366 4036 ἔξω
2411 3971 2508 4040 τῆς
2561 3967 2875 4030 θεοσεϐείας
2917 3965 3225 4036 βαδίζοντες
3263 3963 3457 4034 ἄνδρες
3495 3963 3666 4028 ἄθεοι,
3707 3961 3741 4032 ἢ

2168 4065 2264 4118 καὶ
2300 4063 2604 4132 ἀκάθαρτοι
2637 4059 2892 4130 δαίμονες
2923 4059 3094 4114 ταῦτα
3128 4057 3397 4126 ποιοῦσιν,
3427 4058 3742 4128 ἐπιχαίρον-

2165 4173 2257 4218 τες
2285 4159 2352 4227 τῇ
2384 4153 2589 4208 πτώσει
2627 4151 2734 4206 τῶν
2764 4151 2956 4223 πρώην
2989 4154 3047 4205 tv
3069 4153 3269 4223 ἀρετῇ,

2245 4349 2263 4382 ι
2298 4331 2358 4384 Et
2385 4328 2523 4400 αὕτη
2555 4330 2590 4398 ὴ
2643 4327 2816 4392 πόλις.
2864 4346 2882 4378 ι
2931 4327 3054 4380 Ἐπὶ
3095 4327 3193 4396 μὲν
3234 4323 3322 4378 τοῦ
3363 4322 3526 4390 ναοῦ,
3556 4323 3646 4378 διὰ
3678 4323 3738 4376 τὸ

489 4421 686 4488 ubique
717 4429 987 4473 terrarum
1010 4419 1226 4473 celebre
1256 4427 1405 4483 erat;
1463 4420 1531 4472 de
1569 4419 1749 4473 anima
1789 4434 1919 4473 vero
1971 4421 2058 4474 di-

2166 4419 2443 4488 πανταχοῦ
2479 4419 2646 4472 αὑτοῦ
2677 4418 2975 4490 περιφανές
3005 4434 3020 4449 ο
3055 4417 3150 4471 ἐπὶ
3179 4417 3236 4470 δὲ
3259 4416 3354 4487 τῆς
3375 4415 3552 4486 ψυχῆς
3575 4414 3736 4488 εροῦ-

488 4521 615 4566 cent
647 4528 661 4563 :
688 4511 815 4565 Haec
863 4519 947 4564 est
975 4525 1097 4578 qua:
1122 4509 1404 4564 dicebatur
1468 4512 1726 4580 perfecta,
1765 4520 1820 4564 et
1865 4511 2062 4566 virtute

487 4603 714 4658 illustris
738 4602 762 4654 ?

557 4693 622 4749 ν.
655 4694 738 4748 l6.
776 4713 793 4743 ι
857 4693 1206 4764 Aperuerunt
1256 4705 1424 4764 super
1473 4703 1546 4748 te.
1608 4712 1626 4743 ι
1668 4691 2056 4758 Sibilaverunt,

488 4798 742 4858 tanquam
764 4785 892 4841 fera:
910 4800 1175 4858 aggressa:
1201 4796 1329 4842 sunt
1352 4804 1365 4853 ;
1389 4786 1625 4840 ferarum
1653 4785 1851 4854 quippe
1869 4785 2062 4838 sibilus

488 4890 588 4936 est.

568 4993 586 5024 ι
621 4971 688 5025 Ει
716 4970 1076 5028 fremuerunt.
1113 4989 1131 5022 ι
1169 4967 1424 5024 Fremere
1468 4978 1550 5023 est
1594 4968 1850 5023 dentibus
1872 4969 2061 5038 strepi-

485 5073 598 5119 tum
635 5064 815 5120 edere.

561 5176 577 5207 ι
622 5155 870 5211 Profecto
903 5156 1020 5210 haec
1041 5162 1125 5209 est
1157 5153 1294 5208 dies.
1327 5172 1344 5204 ι
1391 5151 1672 5214 Confusio.
1701 5168 1821 5222 qua:
1836 5143 2059 5222 ex'pec-

483 5249 618 5304 catis
646 5249 850 5312 oritur;
882 5246 1301 5316 exspectabatur
1343 5259 1492 5310 vero,
1523 5245 1648 5314 quia
1689 5244 1832 5300 Deus
1863 5244 2063 5315 praedi-

483 5346 662 5403 cenat,
686 5346 742 5391 et
759 5337 1114 5408 peccantibus
1141 5333 1472 5390 minabatur.

559 5427 622 5482 γ.
653 5427 739 5480 l7.
773 5445 793 5480 ι
824 5427 976 5482 Fecit
999 5427 1282 5481 Dominus.
1324 5443 1342 5476 ι
1376 5423 1584 5478 Justam
1619 5423 1947 5479 sententiam
1974 5431 2060 5476 tu-

484 5515 563 5569 lit.

559 5628 576 5660 ι
619 5608 920 5678 Complevit
954 5620 1258 5660 sermonem
1288 5620 1467 5659 suum.
1501 5623 1518 5655 ι
1585 5603 1667 5657 Ad
1736 5602 1898 5656 ﬁnem
1947 5615 2065 5671 per-

489 5699 641 5754 duxit
665 5707 867 5752 acterna
889 5697 1110 5766 judicia,
1146 5711 1254 5751 non
1282 5696 1451 5751 inulta
1475 5703 1698 5767 peccata
1723 5693 2056 5763 relinquens.

2163 4527 2272 4574 σιν,
2306 4507 2455 4578 Αὕτη
2489 4507 2637 4559 ἐστὶν
2676 4509 2708 4577 ἡ
2754 4505 3027 4576 λεγομένη
3061 4502 3277 4568 τελεία,
3311 4502 3405 4556 καὶ
3435 4500 3640 4566 ἔνδοξος
3681 4502 3739 4554 tv

2163 4603 2331 4673 ἀρετῇ
2360 4617 2375 4666 ;

2239 4716 2257 4748 ι
2311 4693 2593 4767 Διήνοιξαν
2620 4694 2714 4746 ἐπὶ
2772 4693 2850 4747 σέ.
2889 4712 2906 4743 ι
2944 4690 3263 4761 Ἐσύρισαν,
3315 4687 3602 4760 θηριωδῶς
3643 4687 3740 4740 t1:-

2163 4788 2346 4842 ἐθεντο
2366 4805 2380 4818 ο
2402 4787 2608 4858 θηρίων
2635 4787 2743 4857 γὰρ
2773 4786 2800 4837 ὁ
2823 4783 3107 4853 συριγμός.

2239 4984 2257 5017 ι
2298 4965 2408 5019 Καὶ
2441 4963 2693 5034 εόρυξαν.
2737 4979 2754 5012 ι
2808 4957 3013 5030 Βρύξαι
3052 4957 3199 5010 ἐστὶν
3249 4958 3310 5010 τὺ
3359 4954 3561 5028 τρίζειν
3613 4955 3740 5020 τοὺς

2161 5059 2399 5121 ὀδόντας.

2237 5169 2256 5202 ι
2294 5149 2440 5219 Πλὴν
2483 5147 2624 5217 αὕτη
2657 5147 2690 5216 ἡ
2732 5145 2935 5214 ἡμέρα.
2974 5160 2991 5192 ι
3038 5140 3101 5193 Ἦ
3130 5140 3188 5207 ἐξ
3215 5137 3497 5210 ἁμαρτιῶν
3540 5136 3742 5210 σύγχυ-

2165 5261 2246 5306 σις
2274 5259 2288 5273 °
2317 5240 2688 5312 προσεδοκᾶτο
2721 5237 2799 5300 δὲ,
2830 5235 2918 5288 διὰ
2949 5236 3009 5287 τὸ
3043 5234 3332 5304 προλέγειν
3359 5232 3453 5286 τὸν
3473 5231 3629 5299 Θεὸν,
3651 5232 3741 5284 καὶ

2161 5335 2412 5390 ἀπειλεῖν
2445 5335 2558 5396 τοῖς
2592 5331 3018 5402 ἁμαρτάνουσιν.

2241 5445 2260 5477 ι
2302 5425 2561 5495 Ἐποίησε
2598 5423 2823 5494 Κύριος.
2864 5440 2882 5472 ι
2919 5419 3156 5483 Δικαίως
3185 5417 3422 5489 ἔκρινεν.

2242 5615 2258 5645 ι
2291 5593 2613 5647 Συνετέλεσε
2637 5591 2808 5661 ῥῆμα.
2844 5609 2861 5642 ›
2892 5592 2984 5656 Εἰς
3010 5591 3181 5661 πέρας
3205 5590 3438 5660 ἤνεγκεν
3461 5588 3530 5642 τά
3549 5589 3746 5643 αίὼνια

2168 5687 2411 5758 κρίματα
2451 5724 2466 5752 ,
2543 5684 2604 5736 τὸ
2671 5683 2746 5755 μὴ
2827 5685 3193 5754 παρασιωπᾷν
3274 5682 3332 5736 tv
3419 5682 3739 5753 ἁμαρτίαις.
