4122 6210
418 246 510 310 741

1414 235 1876 295 FRAGMENTA
1918 232 1996 291 IN
2039 231 2307 292 JEBEM.
2353 231 2676 290 LAMENT.

3575 226 3681 290 762

418 359 564 428 Πλὴν
612 356 705 411 καὶ
761 353 848 408 διά
889 348 1168 408 Μωῦσέως
1219 341 1574 414 ἐμαρτύρατο
1622 343 1735 401 τοῖς
1788 341 2002 408 Ἰσραη-

2108 340 2243 403 Quin
2322 356 2418 408 per
2482 339 2698 408 Moysen
2783 338 2946 390 etiam
3013 336 3270 392 lsraciitis
3341 347 3678 393 contestatus

418 449 615 504 λίταισ.

493 467 615 512 ταις.

493 559 512 591 ι
546 537 852 608 ’Δνάστηθι.
896 553 913 586 ι
950 530 1295 600 Διεγέρθητι,
1331 526 1494 596 φησὶν
1517 563 1530 587 ,
1575 519 1670 578 καὶ
1697 522 1838 576 κατά
1871 540 1998 575 σαυ-

417 633 514 702 τὴν
557 629 890 696 ὲξετάζουσα
917 625 1072 686 σύνες
1095 665 1106 687 ,
1151 621 1244 674 καὶ
1281 615 1664 689 προκατάλαδε
1703 615 1802 678 τὰς
1823 614 1998 684 ἀρχὰς

417 725 515 790 τῆς
543 720 792 790 φυλακῆς
819 761 834 784 ,
865 715 1151 770 τουτέστιν
1179 709 1246 763 τὰ
1277 706 1643 776 δικαιώματα.
1681 704 1830 760 Ἀντὶ
1877 702 1994 765 τοῦ,

422 815 632 883 Πρᾶξον
661 812 731 865 τὰ
759 807 1138 876 δικαιώματα,
1166 803 1258 856 καὶ
1287 799 1574 864 ὲξιΑέωσαι
1615 796 1707 849 τὸν
1740 795 1896 848 Θεόν.
1923 794 1997 846 Τὸ

419 903 473 954 δὲ
507 906 574 956 ἐν
603 901 778 956 νυκτὶ
807 899 895 952 διὰ
923 898 1020 968 τὴν
1060 893 1170 948 τῶν
1202 891 1477 961 πολεμίων
1508 887 1694 957 ἔφοδόν
1723 901 1910 955 φησιν.

495 1097 513 1130 ι
574 1078 804 1146 Ἔκχεον
847 1073 922 1135 ὡς
967 1070 1133 1139 ὕδωρ.
1182 1087 1200 1119 ι
1252 1068 1378 1120 Ἐπὶ
1419 1065 1605 1117 πλεῖον
1633 1063 1875 1118 ἔκτεινον
1903 1061 2002 1132 τὴν

423 1168 738 1240 προθυμίαν
763 1183 857 1218 σου
891 1163 1025 1233 πρὸς
1056 1161 1146 1213 τὸν
1174 1159 1326 1212 Θεόν.

498 1278 514 1308 ι
555 1256 722 1326 Ἀρον
743 1257 878 1326 πρὸς
906 1253 1090 1308 αὐτόν.
1123 1271 1142 1302 ι
1175 1249 1295 1306 Τῶν
1329 1247 1675 1316 ἐκλυομένων
1711 1245 1804 1297 ἐπὶ
1825 1242 1998 1312 ἀρχῆς

420 1350 599 1418 πάσης
631 1346 830 1416 ἀρετῆς
858 1360 870 1373 ⁸
901 1339 1032 1407 οἷον,
1061 1341 1264 1412 ήρξατό
1296 1356 1378 1401 τις
1400 1337 1562 1406 τυχὸν
1587 1332 1958 1405 ἐλεημοσύνη-ς
1983 1371 1997 1395 ,

420 1443 516 1493 οὐκ
547 1440 673 1508 ἔσχε
711 1439 803 1491 τὸν
839 1436 1216 1506 προτρέποντα
1241 1471 1257 1496 ,
1289 1432 1385 1486 καὶ
1415 1430 1756 1491 διδάσκοντα,
1788 1426 2000 1496 ἔμεινεν

418 1535 535 1582 ἐκεῖ
571 1531 917 1599 ἐκλυόμενος.
952 1525 1145 1588 ’Ἄλλος
1194 1524 1524 1594 ἐγκρατείας
1553 1561 1568 1586 ,
1600 1521 1696 1573 καὶ
1736 1516 1996 1584 καθεξῆς.

419 1620 778 1681 Ἑκκοπέντες
823 1617 932 1686 γὰρ
987 1617 1084 1684 τῆς
1134 1613 1456 1684 προκοπῆς,
1509 1614 1564 1666 ὲν
1623 1604 1668 1678 ᾧ
1708 1611 1846 1662 εἰσιν
1905 1605 2000 1660 καὶ

420 1709 675 1777 μένουσιν
704 1748 718 1773 ,
749 1707 781 1776 ἢ
832 1707 926 1758 καὶ
961 1704 1288 1770 ἀναποδίζον
1331 1703 1390 1755 ὲν
1438 1701 1516 1771 τῷ
1551 1701 1694 1771 λιμῷ
1738 1698 2013 1767 ἐκλυόμεο.

420 1819 527 1855 νοι.

491 1890 680 1952 «Ἰδον,
701 1889 924 1960 Κύριος.
963 1907 978 1938 ι
1013 1888 1238 1958 Είρήκει
1273 1886 1381 1956 γὰρ
1400 1887 1428 1938 δ
1467 1883 1688 1954 Κύριος,
1710 1882 1793 1935 ὅτι
1822 1881 1881 1933 οὐ
1905 1878 1998 1947 γέε-

420 1999 540 2051 γονε
572 1981 794 2049 τοιαύτη
823 1980 1028 2049 θλίψις,
1061 1978 1186 2032 οὐδὲ
1211 1978 1385 2030 ἔσται.

498 2179 516 2211 ι
552 2159 615 2210 Εἰ
657 2157 940 2225 φάγονται.
995 2173 1015 2207 ι
1072 2152 1227 2208 Μετὰ
1271 2152 1340 2206 τὰ
1387 2151 1670 2222 συμϐάντα
1716 2149 1862 2204 κατά
1901 2148 1999 2220 τὴν

427 2251 666 2319 ἱστορίαν
692 2287 706 2312 ,
740 2249 834 2306 ea;
890 2246 998 2299 τῶν
1027 2243 1369 2315 Ἑκκλησιῶν
1400 2259 1570 2313 φησιν
1601 2243 1694 2295 ἐπὶ
1737 2241 1808 2294 τὰ
1835 2240 2001 2293 τέκνα

425 2341 847 2399 ἐπαναστάσεις.

501 2447 519 2478 ι
562 2427 936 2496 Ἐπιφυλλίδα.
983 2445 1002 2477 ι
1054 2425 1437 2496 Ὠπτήθησαν,
1477 2422 1663 2494 φησιν.
1692 2421 1726 2492 ἢ
1755 2420 1850 2474 καὶ
1873 2420 2002 2490 ἑψή·

427 2520 599 2588 θησαν
627 2518 696 2570 τὰ
722 2518 906 2581 τέκνα,
934 2517 969 2570 δι
993 2517 1197 2584 ἔφαγον
1233 2518 1290 2569 ὲν
1320 2516 1386 2586 τῇ
1423 2512 1736 2584 πολιορκίᾳ.
1771 2512 1914 2582 Πρὸς
1942 2511 2000 2566 δὲ

424 2613 685 2672 διάνοιαν,
709 2611 736 2662 ό
765 2609 858 2661 ἀπ’
884 2607 1060 2679 ἀρχῆς
1081 2608 1144 2661 τὸ
1165 2606 1412 2676 φονεύειν
1436 2603 1738 2675 μελετήσας
1755 2603 2001 2665 Σατανᾶς

426 2705 495 2755 τὰ
553 2702 743 2771 καίρια
798 2701 903 2753 τῶν
955 2698 1191 2770 ἀρετῶν,
1241 2697 1304 2750 αἵ
1335 2696 1473 2749 είσιν
1522 2694 1732 2766 μυελοὶ,
1767 2696 1834 2765 τῇ
1861 2694 1998 2765 ὀργῇ

430 2795 804 2863 ὑπέστρωσεν.

503 2905 520 2937 ι
560 2884 1003 2953 Φονευθήσονται.
1033 2899 1050 2932 ι
1077 2881 1224 2944 Ἐὰν,
1257 2881 1442 2950 φησὶν,
1477 2878 1764 2949 ἀποδείξῃς
1791 2878 2001 2948 ἀνῃρη-

2101 439 2205 483 Col.

2175 519 2233 572 ι’.
2278 521 2342 574 19
2399 539 2415 569 ι
2446 520 2636 590 Surge.
2682 538 2698 570 ι
2735 519 3138 589 Estpergiscere,
3176 521 3270 582 ait,
3296 530 3352 574 et
3377 531 3556 574 tecutn
3587 537 3675 576 res

2102 621 2221 664 luas
2247 613 2566 664 examinans
2626 609 2884 680 intellige,
2933 619 2989 664 et
3045 626 3365 679 pra'occupa
3407 608 3676 680 principia

2100 701 2316 771 vigiliae,
2348 701 2449 754 hoc
2483 701 3018 769 estjustiiicationes.
3037 700 3197 766 Quasi
3226 701 3434 755 diceret
3465 718 3478 751 :
3507 700 3562 753 In
3591 702 3678 769 ju-

2100 793 2516 846 stiﬁeationibus
2567 802 2616 847 te
2662 809 2874 858 exerce,
2906 801 2960 846 et
3013 794 3182 848 Deum
3229 793 3523 861 propitium
3579 793 3676 847 tibi

2101 885 2283 938 redde.
2320 885 2454 938 Illud
2478 895 2682 950 autem,
2708 887 2760 938 in
2783 895 2930 939 nocte
2977 895 3196 955 propter
3228 885 3460 940 hostium
3493 884 3679 939 incur—

2100 991 2218 1030 sum
2243 977 2514 1046 apposuit.

2178 1088 2196 1120 ι
2233 1070 2466 1123 ΕΠιιιιᾱθ
2501 1070 2640 1123 sicut
2671 1085 2885 1138 aquam.
2929 1089 2946 1120 ι
3001 1069 3247 1124 Extende
3294 1069 3676 1124 vehementius

2100 1159 2350 1215 ali‘ectutu
2383 1167 2536 1214 tuum
2570 1161 2635 1214 ad
2669 1162 2858 1215 Deum.

2181 1269 2199 1302 ι
2230 1251 2368 1304 Leva
2399 1253 2466 1305 ad
2500 1250 2689 1306 Deum.
2731 1271 2747 1302 ι
2793 1251 2897 1318 Qui
2932 1253 3302 1306 dissolvuntur
3323 1253 3378 1307 in
3412 1253 3676 1323 principio

2102 1342 2364 1410 cujusque
2396 1341 2656 1395 virtutis:
2707 1342 2855 1396 verbi
2887 1342 3076 1412 gratia,
3123 1343 3496 1412 eleemosyuas
3554 1344 3676 1412 quis

2101 1429 2282 1484 facere
2313 1430 2498 1498 cmpit,
2528 1445 2628 1484 nec
2654 1429 2842 1484 habuit
2891 1432 3218 1493 hortantem,
3249 1439 3342 1484 aut
3367 1431 3673 1494 docentem,

2103 1511 2302 1576 mansit
2326 1521 2399 1575 ibi
2438 1521 2750 1576 dissolutus.
2792 1522 2945 1576 Alius
2997 1521 3284 1577 continens
3317 1535 3438 1574 esse
3487 1521 3674 1588 erepit,

2103 1621 2158 1666 et
2180 1610 2258 1665 sic
2277 1612 2342 1664 de
2365 1611 2506 1664 aliis.
2548 1610 2694 1666 Ultra
2720 1612 2868 1666 enim
2923 1627 3033 1664 non
3075 1611 3440 1680 proﬁcientes,
3496 1625 3674 1664 rema-

2102 1711 2238 1758 nent
2275 1701 2370 1756 ubi
2406 1709 2554 1766 sunt,
2591 1702 2674 1756 vel
2705 1702 2864 1755 etiam
2926 1700 3277 1754 retrocedunt
3316 1699 3455 1753 fame
3509 1697 3676 1750 «Πεδο-

2101 1793 2221 1848 luti.

2171 1883 2236 1937 ν.
2268 1885 2358 1939 20.
2410 1901 2429 1934 ι
2468 1883 2622 1946 Vide,
2661 1884 2906 1938 Domine.
2942 1902 2960 1934 ι
3018 1882 3237 1938 Dixerat
3290 1883 3436 1937 enim
3492 1881 3676 1935 Domi-

2101 1991 2206 2031 nus
2238 1977 2285 2007 “
2336 1992 2616 2046 nunquam
2649 1976 2818 2032 fuisse
2876 1977 3036 2030 talctn
3076 1975 3445 2043 aliiictioncm,
3494 1990 3564 2028 ne
3585 1989 3674 2043 tuo

2098 2068 2356 2124 futuram.

2177 2178 2196 2211 ι
2233 2159 2288 2213 Si
2323 2159 2630 2215 comedent.
2664 2179 2682 2210 ι
2717 2160 2844 2213 Post
2879 2174 3098 2213 sensum
3128 2158 3445 2213 historicum
3472 2156 3674 2212 iutelli-
3743 2147 3747 2155 ’

2101 2251 2176 2322 git
2207 2253 2603 2307 commotiones
2626 2251 2990 2306 Ecclesiarum
3011 2252 3064 2304 in
3100 2252 3258 2307 ﬁlios.

2173 2445 2190 2478 ι
2229 2425 2593 2482 Vindemiam.
2637 2444 2656 2478 ι
2689 2427 2869 2482 Assati
2901 2436 3052 2490 sunt,
3085 2427 3180 2491 ait,
3233 2427 3318 2482 vel
3371 2427 3504 2483 elixi
3552 2427 3672 2494 ﬁlii,

2101 2533 2236 2588 quos
2262 2519 2315 2572 in
2345 2518 2631 2573 obsidione
2659 2519 3034 2573 comederunt.
3057 2517 3388 2589 Spiritaliter
3412 2533 3564 2581 vero,
3581 2521 3673 2588 qui

2101 2610 2352 2665 abiuitio
2376 2611 2478 2664 fuit
2513 2611 2782 2666 homicida
2840 2611 3068 2666 Satanas
3123 2612 3362 2681 potiores
3412 2613 3674 2668 virtutum

2101 2701 2245 2756 fetus
2270 2718 2389 2770 quae
2419 2711 2546 2756 sunt
2574 2703 2845 2768 medullae,
2880 2704 2974 2759 irae
2997 2704 3254 2773 subjecit.

2180 2899 2197 2931 ι
2243 2878 2592 2936 Occidentur.
2627 2901 2644 2933 ι
2674 2882 2728 2936 Si
2753 2882 2894 2948 illos,
2928 2884 3028 2950 ait,
3058 2883 3374 2940 interfectos
3397 2887 3676 2950 ostendes,

431 2983 623 3051 μένους
645 2981 766 3041 τοὺς
789 2976 1125 3042 ὲξιλεοῦσθαί
1151 2992 1209 3030 σε
1239 2977 1331 3029 καὶ
1350 2975 1620 3030 διδάσκειν
1643 2973 1996 3043 δυναμένους.

2108 2971 2195 3042 qui
2225 2980 2276 3026 te
2298 2973 2531 3041 placare,
2557 2981 2611 3027 et
2635 2973 2725 3043 qui
2756 2975 2951 3029 docere
2970 2985 3214 3044 possunt,
3239 2976 3557 3031 occidentur
3575 2977 3675 3033 Ec-

431 3073 852 3142 φονευθήσονται
886 3071 933 3122 cl
988 3069 1244 3139 τρόφιμοι
1290 3066 1392 3136 τῆς
1424 3065 1758 3135 Ἐκκλησίας
1792 3081 1805 3092 ·
1857 3063 1918 3114 τὸ
1945 3062 2002 3115 δὲ

2112 3063 2288 3118 εἰσεῖδε
2312 3065 2516 3118 alumni
2553 3082 2564 3117 :
2594 3065 2724 3120 illud
2776 3081 2958 3134 porro,
2987 3068 3040 3120 in
3092 3069 3396 3122 sanctuario
3437 3069 3676 3123 Domini:

427 3166 494 3216 ἐν
515 3163 834 3232 ἁγιάσματι
886 3161 1132 3227 Κυρίου,
1155 3159 1236 3215 ὅτι
1259 3159 1309 3212 οι
1342 3159 1438 3228 μὲν
1468 3157 1660 3228 τρόποι
1691 3155 1801 3228 ila.
1829 3152 2006 3225 τόποι]

429 3255 526 3324 τῆς
552 3252 864 3321 ἁγιωσύνης
883 3251 1136 3304 δοκοῦσιν
1168 3249 1413 3312 ἑστάναι,
1444 3251 1477 3320 ἡ
1506 3247 1561 3302 δὲ
1591 3247 1818 3317 δύναμις
1842 3247 2009 3318 ἤρνη-

427 3365 538 3400 ται.
573 3345 760 3398 Ταῦτα
787 3344 842 3396 δὲ
869 3343 1008 3413 μετά
1028 3342 1127 3412 τήν
1159 3341 1404 3412 ἱστορίαν
1447 3340 1769 3412 θεωρήσεις.

505 3459 522 3488 ι
575 3435 980 3505 Ἐκοιμήθησαν
1026 3436 1127 3496 είς.
1172 3452 1190 3485 ι
1239 3432 1380 3505 Πρὸς
1412 3433 1509 3502 μὲν
1539 3431 1725 3503 ῥητὸν,
1755 3429 2010 3484 οίδιανα-

432 3526 700 3580 παύεσθαι
739 3523 1168 3594 δφείλοντες,είς
1211 3523 1315 3591 γῆν
1366 3522 1591 3582 ἑαυτοὺς
1629 3518 2007 3589 ἐκοιμήθησαν

437 3618 546 3689 [ἷσ.
583 3612 912 3686 ὲκοίμισαν].
945 3615 1086 3685 Πρὸς
1115 3614 1170 3667 δὲ
1204 3614 1468 3679 διάνοιαν,
1497 3615 1553 3666 ’0
1579 3611 1802 3680 ἄπειρός
1832 3626 1888 3662 τε
1916 3611 2010 3664 καὶ

437 3711 760 3778 ἐπιστήμων
808 3709 866 3760 ὲν
895 3707 1006 3768 τοῖς
1037 3706 1136 3775 τῆς
1176 3704 1536 3775 ἀποστροφῆς
1561 3704 1744 3767 τόποις
1768 3701 2008 3756 ἀνεπαύ-

438 3818 602 3854 σαντο
633 3818 645 3830 ο
699 3799 760 3851 τὸ
817 3798 920 3869 γὰρ
955 3796 1219 3864 ἐξοδεύειν
1257 3796 1410 3848 ἐστὶν
1437 3795 1498 3848 τὸ
1543 3792 2005 3865 ἀποστρέφεσθαι.

439 3895 556 3945 Ἵνα
595 3891 760 3954 εἴποι,
783 3889 1090 3954 ἐξελθόντες
1119 3889 1228 3941 τῶν
1263 3887 1360 3958 τῆς
1405 3886 1716 3949 θεοσεϐείας
1749 3886 1912 3958 ὅρων,
1940 3885 2007 3938 τά

442 3984 598 4054 γήϊνα
633 3982 1021 4052 φρονήσαντες.

511 4095 528 4126 ι
561 4073 822 4145 Παρθένοι
855 4089 980 4144 μου.
1022 4091 1042 4122 ι
1071 4071 1182 4126 Καὶ
1201 4071 1252 4123 οί
1287 4071 1346 4123 ὲν
1373 4068 1670 4140 ἀφθαρσίᾳ,
1697 4068 1791 4121 καὶ
1815 4067 2006 4139 ἀνδρίᾳ

437 4165 698 4236 βιοῦντες,
728 4165 914 4235 φησιν,
947 4161 1300 4232 ὑπεσύρησαν
1331 4163 1397 4231 τῇ
1421 4160 1690 4232 ἁμαρτίᾳ.

512 4358 530 4392 ι
576 4341 664 4392 Ἐν
699 4338 964 4410 ῥομφαία.
1008 4355 1026 4387 ι
1077 4336 1166 4390 Ἐν
1196 4338 1262 4406 τῇ
1294 4335 1386 4388 τοῦ
1411 4334 1608 4406 ἐχθροῦ
1639 4333 1952 4404 ἐπιστασίᾳ.
2040 4357 2082 4411 D

511 4449 528 4481 ι
571 4431 680 4482 Καὶ
708 4432 765 4482 ἐν
791 4428 956 4500 λιμῷ.
989 4447 1006 4480 ι
1037 4429 1126 4483 Ἐν
1153 4431 1219 4500 τῇ
1254 4426 1346 4480 τοῦ
1375 4424 1536 4495 λόγου
1573 4425 1827 4495 ἀπουσίᾳ.

515 4539 533 4570 ι
579 4520 892 4582 Ἐκάλεσας.
941 4537 960 4570 ι
996 4519 1138 4589 Πρὸς
1171 4518 1272 4588 μὲν
1300 4517 1465 4588 ῥητὸν
1491 4516 1664 4580 οὕτως
1695 4515 1858 4586 φησίν
1884 4533 1896 4547 ο
1944 4517 2008 4570 οι

439 4609 620 4681 πάσης
653 4612 749 4680 τῆς
773 4610 1098 4680 περιοικίδος
1119 4609 1428 4678 κατέφυγον
1452 4609 1531 4674 είς
1557 4609 1658 4680 εμὲ
1684 4608 1782 4678 τὴν
1809 4608 2009 4679 Ἰερου-

439 4699 622 4768 σαλὴμ
651 4701 728 4763 ὡς
779 4699 1004 4770 ισχυράν
1033 4699 1188 4752 πόλιν
1211 4740 1225 4764 ,
1269 4697 1457 4770 ὥσπερ
1477 4700 1568 4753 ὅτε
1597 4702 1656 4754 ὲν
1701 4699 2009 4770 πανηγύρει

437 4788 782 4859 συνέτρεχον.
827 4789 970 4860 Πρὸς
1012 4787 1070 4842 δὲ
1103 4789 1347 4844 διάνοιαν
1381 4789 1415 4859 ή
1446 4788 1592 4858 ψυχή
1625 4805 1789 4858 φησιν
1815 4805 1830 4818 ο
1884 4789 2006 4841 Ὀτι

436 4879 784 4949 ἁπέστρεψας
811 4881 871 4932 τὸ
893 4879 1180 4949 πρόσωπόν
1211 4896 1304 4932 σου
1335 4880 1430 4932 ἀπ’
1461 4879 1619 4950 ἐμοῦ,
1661 4877 2007 4950 παρεσκεύα-

437 4985 533 5030 σας
563 4971 688 5034 τοὺς
714 4970 942 5040 ἐχθρούς
973 4987 1074 5041 μου
1101 4971 1399 5042 ἑορτάζειν.
1425 4971 1728 5041 Παροίκους
1752 4970 1860 5039 γὰρ
1881 4969 2009 5032 τοὺς

438 5058 836 5128 παροικοῦντας
876 5063 1007 5130 ἡμῖν
1037 5059 1266 5131 ἀχθρούς
1299 5077 1484 5129 φησιν.

512 5166 531 5200 ι
571 5149 680 5203 Καὶ
703 5150 802 5202 οὐκ
826 5150 1092 5218 ἐγένοντο.
1131 5169 1148 5202 ι
1179 5151 1239 5204 El
1267 5151 1340 5221 μὴ
1365 5151 1472 5220 γάρ
1495 5167 1578 5212 τις
1611 5149 1794 5219 τελεία
1826 5149 2007 5218 ἀμαρ-

434 5240 526 5310 τίᾳ
559 5241 847 5309 περιπέσοι
883 5282 896 5304 ,
929 5241 1190 5312 ἀποτόμῳ
1218 5243 1354 5314 ὀργῇ
1393 5244 1450 5296 οὐ
1485 5241 1860 5312 παραδίδοται.

507 5347 526 5380 ι
575 5329 660 5394 Ὠς
689 5332 1060 5402 ὲπεκράτησα.
1079 5352 1096 5384 ι
1118 5333 1260 5404 Πρὸς
1286 5333 1386 5404 μὶν
1406 5332 1595 5404 ῥητὸν,
1621 5331 2003 5402 Ἐνισχύσασα,

435 5423 616 5491 φησὶν.
642 5424 699 5475 ὲν
724 5425 786 5493 τῇ
811 5423 1054 5494 ἁμαρτίᾳ
1079 5425 1466 5496 παρεσκεύασα
1489 5443 1548 5480 σι
1572 5423 1774 5495 πλῆθος
1797 5423 2004 5493 ἐχθρῶν

512 5624 554 5658 ⁸³
583 5622 768 5680 Matth.
800 5637 942 5689 xxtv,
975 5624 1059 5678 21.

2109 3157 2364 3224 quoniam
2393 3157 2695 3213 sanctitatis
2722 3157 2837 3213 loca
2870 3158 3123 3214 videntur
3174 3169 3338 3226 stare,
3386 3161 3470 3217 vis
3495 3169 3676 3216 tamen

2110 3247 2425 3318 denegatur.
2459 3249 2582 3304 Haec
2608 3258 2785 3304 autem
2817 3260 2938 3320 post
2971 3267 3190 3307 sensum
3224 3252 3542 3308 historicum
3563 3268 3679 3322 spe-

2109 3338 2400 3393 culaberis.

2181 3429 2245 3485 V.
2275 3430 2362 3486 2i.
2401 3450 2420 3482 ι
2452 3433 2802 3489 Dormierunt
2835 3434 2890 3489 in
2918 3435 3023 3490 via.
3088 3455 3106 3486 ι
3151 3435 3230 3493 Ad
3276 3436 3530 3502 litteram,
3580 3437 3676 3507 qui

2109 3523 2288 3592 quiete
2319 3522 2419 3576 frui
2445 3523 2722 3585 deberent,
2750 3525 2803 3578 in
2855 3533 2999 3579 terra
3039 3525 3396 3580 dormierunt.
3449 3528 3673 3597 Myslico

2108 3629 2260 3680 vero,
2287 3615 2671 3684 inexpertuset
2697 3616 2875 3670 sciens
2907 3615 2960 3669 in
2991 3616 3288 3672 aversionis
3334 3617 3466 3672 locis
3490 3617 3679 3686 jacue-

2109 3715 2268 3772 ruut;
2308 3707 2457 3762 exire
2485 3707 2626 3764 enim
2669 3717 2753 3762 est
2786 3709 2978 3763 averti.
3005 3706 3170 3774 Quasi
3206 3708 3429 3773 diceret,
3470 3709 3674 3779 egressl

2107 3796 2325 3865 pietatis
2351 3796 2507 3862 ﬁnes,
2541 3806 2756 3852 terrena
2786 3799 3077 3868 sapientes.

2184 4062 2202 4095 ι
2242 4041 2490 4115 Virgines
2521 4059 2672 4099 mea.
2712 4062 2730 4094 ι
2760 4041 2895 4097 Tam
2931 4042 3023 4113 qui
3085 4040 3458 4097 castimoniam
3485 4054 3673 4095 serva-

2108 4138 2256 4198 bant,
2287 4149 2449 4204 quam
2475 4135 2567 4204 qui
2608 4133 2982 4189 fortitudinem
3019 4135 3120 4189 sibi
3149 4133 3481 4203 propositam
3509 4131 3678 4187 hahe-

2107 4231 2257 4297 bant,
2281 4231 2348 4286 ad
2372 4230 2726 4300 peccandum,
2762 4230 2856 4295 ait,
2879 4230 3129 4299 pertracti
3153 4237 3301 4284 sunt.

2183 4344 2200 4374 ι
2234 4323 2290 4378 In
2315 4323 2508 4394 gladio.
2547 4343 2566 4376 ι
2615 4321 2672 4377 in
2705 4324 2816 4393 ipsa
2851 4323 3086 4378 hostium
3114 4321 3416 4378 invasione.

2189 4435 2206 4466 ι
2247 4413 2313 4469 Ει
2335 4415 2388 4468 in
2421 4413 2583 4469 fante.
2615 4433 2633 4466 ι
2672 4413 2853 4484 ln0pia
2876 4413 3045 4469 verbi.

2180 4503 2244 4558 ν.
2267 4504 2356 4558 22.
2405 4524 2425 4557 ι
2463 4504 2696 4560 Vocasti.
2739 4523 2756 4556 ι
2796 4505 2872 4560 Ad
2909 4505 3147 4560 litteram
3183 4505 3289 4560 hoc
3327 4504 3404 4558 ait
3437 4522 3449 4556 :
3477 4502 3679 4558 Omnes

2109 4598 2468 4652 circumcirca
2501 4597 2690 4653 incolae
2743 4598 2809 4653 ad
2851 4613 2936 4653 mc
2978 4598 3275 4653 Jerusalem
3319 4596 3680 4668 confugerunt

2110 4701 2362 4762 tanquam
2393 4693 2665 4750 civitatem
2687 4694 2904 4759 fortem,
2953 4695 3235 4749 sicutcum
3266 4694 3332 4748 ad
3367 4691 3680 4747 solemnita—

2111 4792 2192 4838 tes
2237 4783 2652 4839 concurrebant.
2712 4783 3036 4854 Spiritaliter
3099 4799 3226 4838 vero
3282 4783 3462 4838 anima
3503 4780 3673 4833 dicit:

2111 4873 2373 4940 Quoniam
2405 4875 2643 4930 avertisti
2676 4875 2869 4930 faciem
2896 4885 3042 4930 tuam
3069 4889 3100 4930 a
3149 4890 3256 4938 me,
3289 4871 3522 4928 inimicis
3542 4869 3680 4923 meis

2107 4965 2298 5037 gaudia
2331 4966 2592 5020 tribuisti.
2638 4966 2890 5022 Paraecos
2940 4967 3085 5021 enim
3137 4973 3292 5019 vocat
3341 4963 3544 5024 hostes,
3587 4961 3678 5029 qui

2106 5074 2274 5128 prope
2299 5074 2399 5112 nos
2436 5059 2702 5113 habitant.

2184 5170 2202 5202 ι
2249 5151 2315 5204 Et
2349 5165 2460 5204 non
2491 5150 2729 5204 fuerunt.
2778 5170 2795 5201 ι
2835 5151 2945 5205 Nisi
2993 5149 3136 5202 enim
3166 5145 3286 5215 quis
3317 5145 3369 5198 in
3398 5155 3680 5214 peccatum

2106 5242 2406 5311 perfectum
2427 5241 2610 5309 lapsus
2639 5239 2823 5303 fuerit,
2851 5254 3038 5293 severe
3069 5239 3161 5290 ine
3194 5251 3299 5296 non
3327 5236 3574 5292 traditur.

2190 5353 2207 5384 ι
2239 5333 2392 5388 Sicut
2423 5331 2756 5385 invalescere
2789 5330 2910 5383 ieci.
2947 5347 2964 5379 ι
2999 5327 3078 5383 Ad
3101 5329 3334 5382 litteram
3369 5346 3384 5380 :
3412 5324 3682 5393 Cum,ait.

2113 5426 2166 5480 in
2198 5434 2420 5495 peccato
2445 5421 2815 5480 invaluissem.
2875 5421 2995 5488 feci,
3029 5429 3087 5476 ut
3135 5412 3533 5475 multitudinem
3591 5419 3688 5474 ho-
