4122 6210
505 186 610 251 ’143

1582 191 2102 253 OLYMPIODORI
2144 195 2220 253 ΑΙ
2225 195 2340 254 ,ΕΧ
2349 196 2448 257 AN
2455 197 2643 259 DRIN
2653 199 2675 256 Ι

3653 204 3768 267 744

502 299 663 353 stium
695 297 749 353 in
780 314 864 355 me
891 299 1214 356 adduceres.
1252 301 1475 373 Mystice
1512 318 1675 358 vero:
1708 304 1925 360 Perdita
1945 322 2080 371 sum,

2190 308 2490 375 ἐπαγαγεῖν
2527 327 2637 380 μοι.
2673 310 2815 381 Πρὸς
2861 311 2917 364 δὲ
2953 312 3193 366 διάνοιαν
3221 327 3235 343 ·
3272 313 3620 387 Ἐπετύςρθην
3652 319 3787 394 [lar

507 400 789 462 tutoresque
816 388 1063 446 inimicos
1085 391 1461 462 multiplicavi.

1172 565 1327 621 CAP.
1356 566 1441 621 lll.

574 658 639 715 ν.
668 662 716 713 1.
745 679 763 702 ε
801 661 914 731 Ego
950 664 1034 715 vir
1079 661 1293 717 videns.
1327 681 1345 712 ι
1411 663 1470 717 1η
1527 677 1815 733 personam
1870 665 2085 734 quidem

504 750 739 815 Domini,
773 752 842 806 ob
877 753 1267 808 exinanitionis
1301 755 1545 809 modum.
1588 754 1647 808 In
1673 757 1937 826 propheta
1958 774 2087 812 vero

502 841 705 894 fatetur
729 841 963 911 ingenue
991 853 1367 914 paupertatem
1431 846 1959 918 mutabilitatemque
1986 864 2086 904 na-

505 938 673 996 turae;
708 932 911 986 malum
934 934 1080 1003 enim
1109 951 1221 989 non
1250 945 1442 990 natura
1483 945 1591 1002 est,
1626 939 1720 993 sed
1750 947 2083 996 transmuta-

510 1021 681 1076 tione.

570 1113 637 1168 V.
669 1115 723 1167 Ξ.
763 1134 781 1166 ι
822 1113 879 1168 In
914 1115 1063 1187 virga
1106 1116 1328 1172 furoris.
1360 1138 1380 1172 ι
1442 1119 1520 1174 Ex
1577 1136 1808 1191 persona
1861 1123 2080 1193 quidem

506 1205 716 1260 Domini
741 1208 1040 1261 secundum
1067 1209 1199 1264 illud
1228 1227 1241 1263 :
1284 1210 1342 1264 In
1379 1229 1458 1265 me
1517 1214 1856 1286 conﬁrmatus
1891 1225 1966 1269 est
1997 1217 2081 1283 fu-

504 1313 591 1350 ror
619 1308 739 1351 tuus
764 1298 829 1352 "‘.
864 1299 941 1353 Ex
990 1316 1222 1370 persona
1272 1318 1402 1356 vero
1446 1305 1747 1373 prophetae,
1804 1306 2080 1371 Inimicus,

505 1388 699 1458 inquit,
731 1390 979 1446 diabolus
1002 1392 1148 1463 virga
1171 1392 1373 1448 furoris
1391 1395 1474 1448 sui
1499 1411 1628 1450 usus
1654 1407 1737 1451 est
1766 1398 1818 1451 in
1846 1414 1932 1453 me
1950 1415 2082 1453 con-

505 1480 761 1534 versione
792 1480 846 1534 in
879 1492 1200 1551 peccatum;
1237 1498 1365 1553 ergo
1401 1500 1682 1540 assumens
1729 1487 1817 1541 ille
1880 1505 1960 1541 me
1989 1489 2086 1542 ab-

2188 398 2488 470 ὲπετύφην]
2514 439 2530 463 ,
2567 403 2664 454 καὶ
2712 402 3159 458 ὲπολυπλασίασα
3196 406 3320 469 τοὺς
3359 405 3590 477 ἐχθροὺς
3638 413 3770 482 τρό-

2189 504 2342 550 πους.
2592 520 2603 525 -
3228 512 3233 517 ’

2842 585 2996 640 ΚΕΦ.
3038 586 3113 641 I".

2264 689 2282 721 ι
2334 671 2473 739 Ἐγὼ
2504 673 2642 745 ἀνὴρ
2670 678 2720 728 6.
2760 695 2779 725 ι
2807 676 2932 729 Ἐπὶ
2972 677 3071 747 μὲν
3097 676 3194 732 τοῦ
3226 681 3521 753 προσώπου
3562 686 3773 757 Κυρίου

2185 764 2275 818 διὰ
2299 766 2365 819 τὰ
2396 768 2571 839 μέτρα
2610 769 2708 836 τῆς
2742 771 3045 835 κενώσεως.
3099 775 3221 833 Ἐπὶ
3256 775 3313 830 δὲ
3343 777 3438 832 τοῦ
3475 785 3773 854 προφήτου

2187 855 2549 925 εὐγνωμόνως
2582 859 2853 928 ὁμολογεῖ,
2904 861 2965 914 τὸ
3012 865 3230 933 πτωχὸν
3259 867 3350 920 καὶ
3399 872 3638 938 τρεπτδν
3665 873 3775 943 τῆς

2188 943 2404 1014 φύσεως
2428 964 2443 980 ο
2485 949 2546 1001 οὐ
2580 948 2689 1021 γὰρ
2721 950 2881 1019 φύσει
2914 952 2976 1006 τὸ
3005 954 3208 1021 κακὸν,
3242 955 3379 1011 ἀλλὰ
3408 963 3611 1030 τροπῇ.

2263 1138 2283 1171 ι
2331 1122 2409 1193 Τῇ
2441 1121 2622 1195 ῥάϐδῳ
2648 1121 2845 1194 θυμοῦ.
2878 1141 2897 1176 ι
2940 1125 3036 1179 Ἐκ
3067 1125 3165 1196 μὲν
3200 1127 3296 1180 τοῦ
3329 1128 3625 1199 προσώπου
3652 1133 3774 1186 Κυ-

2191 1212 2305 1285 ρίου
2333 1214 2475 1268 κατὰ
2511 1216 2573 1268 τὸ
2602 1216 2895 1287 εἰρημένον
2928 1234 2945 1249 ⁸
2990 1220 3115 1274 Ἐπ’
3148 1219 3253 1289 ἐμὲ
3279 1221 3682 1294 ὲπεστηρίχθη
3734 1229 3774 1280 ὁ

2187 1308 2371 1376 θυμός
2422 1322 2560 1362 σου.
2616 1309 2715 1363 Ἐκ
2755 1311 2814 1363 δὲ
2846 1312 3141 1381 προσώπου
3184 1311 3277 1365 τοῦ
3316 1316 3601 1385 προφήτου
3630 1331 3646 1346 ο
3706 1315 3771 1367 '0

2187 1398 2375 1471 ἐχθρὸς
2395 1440 2411 1466 ,
2447 1404 2581 1472 φησι
2609 1439 2626 1466 ,
2655 1402 2904 1466 διάϐολος
2936 1406 3003 1474 τῇ
3028 1403 3211 1474 ῥάϐδῳ
3246 1404 3341 1458 τοῦ
3390 1406 3564 1477 θυμοῦ
3599 1407 3769 1463 αὐτοῦ

2188 1490 2464 1561 ἐχρήσατό
2495 1508 2606 1561 μοι,
2635 1496 2700 1565 τῇ
2732 1496 2907 1565 τροπῇ
2947 1497 3013 1566 τῇ
3044 1496 3125 1559 είς
3170 1496 3447 1568 ἁμαρτίαν
3470 1514 3484 1528 ⁸
3520 1498 3643 1552 ὅθεν
3673 1499 3772 1552 καὶ

507 1571 660 1626 duxit
683 1573 738 1626 in
768 1574 1026 1639 tenebras,
1055 1586 1102 1628 et
1129 1591 1233 1628 non
1284 1575 1473 1629 lucem.
1500 1575 1625 1632 Haec
1654 1587 1836 1633 autem
1864 1579 2080 1634 nomine

2190 1580 2520 1650 παραλαϐών
2554 1599 2644 1652 με,
2677 1583 2988 1655 ἀπήγαγέν
3033 1603 3110 1656 με
3133 1589 3222 1654 είς
3250 1590 3503 1656 σκότος,
3553 1590 3651 1644 καί
3692 1593 3771 1645 οὐ

512 1663 683 1718 totius
708 1672 920 1720 natura:
946 1666 1200 1721 humanae
1223 1667 1449 1737 profert.

572 1856 640 1910 ν.
666 1859 720 1911 3.
760 1876 779 1910 ι
820 1858 1055 1914 Tantum
1096 1861 1150 1915 in
1182 1877 1289 1917 me.
1322 1882 1340 1913 ι
1393 1862 1513 1918 Non
1538 1864 1689 1929 satis,
1746 1866 1939 1937 inquit,
1978 1868 2084 1924 ini-

504 1949 647 2005 mico
663 1949 784 2015 fuit,
815 1967 900 2006 me
922 1952 975 2006 in
996 1954 1249 2008 tenebras
1270 1955 1560 2021 abducere,
1591 1957 1686 2011 sed
1714 1961 1875 2013 etiam
1906 1962 2084 2028 poenis

508 2037 720 2092 afﬂixit.
752 2036 889 2093 illud
916 2054 1079 2108 porro
1107 2050 1218 2094 tota
1248 2042 1351 2106 die,
1407 2042 1547 2096 idem
1578 2052 1663 2098 est
1692 2058 1754 2098 ac
1787 2044 1831 2098 si
1856 2045 2080 2109 diceret,

503 2127 652 2182 omni
677 2135 922 2198 tempore
948 2144 1057 2198 quo
1076 2129 1179 2184 sub
1209 2130 1329 2199 ejus
1363 2139 1633 2200 potestate
1659 2131 1781 2187 fuit.

573 2216 638 2271 V.
670 2219 722 2273 ά.
761 2237 778 2270 ι
820 2217 1100 2274 Vetustam
1126 2220 1252 2276 fecit
1288 2237 1509 2277 carnem
1533 2238 1731 2279 meam.
1768 2243 1787 2276 ι
1821 2225 1900 2279 Ex
1954 2242 2081 2296 per-

500 2322 633 2364 sona
663 2309 881 2377 quidem
940 2310 1174 2377 Domini,
1211 2310 1575 2377 Mendacium,
1604 2314 1700 2379 ait,
1756 2316 2081 2372 aediﬁcatum

500 2409 585 2456 est
610 2409 798 2455 contra
829 2417 936 2456 me.
963 2400 1094 2454 Nam
1120 2402 1288 2458 multa
1325 2403 1587 2460 adversus
1610 2420 1739 2460 eum
1796 2406 2082 2465 etl'utivere

501 2490 804 2544 mendacia.
844 2491 923 2544 Ex
960 2506 1195 2561 persona
1224 2508 1357 2548 vero
1409 2494 1665 2549 humana:
1695 2505 1936 2562 naturae,
1961 2498 2080 2554 Non

502 2581 632 2644 hoc,
665 2581 764 2646 ait,
799 2582 1020 2661 inimico
1066 2584 1197 2639 satis
1214 2583 1339 2650 fuit,
1369 2584 1504 2639 mihi
1557 2601 1749 2669 poenas
1803 2588 2077 2660 inﬂigere;

500 2673 599 2729 sed
638 2673 711 2729 ita
730 2674 875 2730 circa
900 2691 986 2731 me
1007 2677 1202 2732 extulit
1222 2677 1465 2743 aedilicia,
1490 2687 1550 2733 ut
1571 2677 1811 2751 eﬁ‘ugere
1829 2697 1941 2738 non
1957 2698 2082 2753 pos-

502 2764 629 2821 sim.
1934 2762 1949 2767 ”

576 2876 596 2909 ι
631 2856 690 2911 In
720 2858 1099 2914 tenebricosis.
1139 2878 1158 2911 ι
1218 2858 1334 2915 Hoc
1391 2861 1541 2931 prior
1592 2863 1759 2919 David
1792 2864 1839 2899 “
1869 2864 1936 2922 de
1964 2866 2078 2923 Do-

2186 1671 2333 1741 φῶς.
2373 1673 2561 1729 Ταῦτα
2597 1675 2655 1729 δὲ
2686 1677 2955 1748 προφέρει
2984 1678 3093 1732 ἀπὸ
3124 1680 3306 1735 κοινοῦ
3334 1681 3434 1752 τῆς
3477 1681 3770 1755 ἀνθρωπό-

2184 1779 2366 1832 τητος.

2261 1871 2280 1905 ι
2346 1852 2493 1925 Πλὴν
2551 1856 2608 1908 ὲν
2656 1856 2801 1927 ὲμοί.
2841 1874 2861 1907 ι
2910 1857 2986 1913 Οὐ
3041 1859 3226 1930 μόνον,
3264 1864 3421 1933 φησι,
3465 1864 3709 1937 ἠρκέσθη
3741 1869 3774 1921 6

2183 1944 2377 2016 ὲχθρδς
2396 1948 2706 2016 ἀπαγαγεῖν
2738 1966 2806 2019 με
2839 1951 2921 2012 είς
2951 1953 3160 2019 σκότος,
3198 1937 3338 2008 ἁλλίὶ
3362 1957 3457 2010 καὶ
3496 1959 3773 2030 ἐτιμωρή-

2186 2037 2316 2089 σατὸ
2338 2037 2506 2107 με.Τὸ
2525 2038 2601 2103 δὲ,
2621 2037 2776 2108 ὅλην
2794 2039 2910 2107 τὴν
2922 2041 3171 2111 ἡμέραν,
3191 2045 3315 2098 ἀντὶ
3337 2044 3450 2113 τοῦ,
3468 2046 3645 2100 πάντα
3669 2049 3769 2102 τὸν

2187 2125 2399 2195 καιρὸν,
2430 2124 2491 2178 ὃν
2527 2126 2752 2196 γέγονεν
2783 2127 2873 2181 ὑπ’
2908 2129 3080 2200 αὐτῷ.

2257 2234 2279 2266 ι
2334 2218 2674 2273 Ἐπαλαίωσε
2732 2220 2910 2291 σάρκα
2967 2238 3091 2292 μου.
3130 2242 3151 2276 ι
3196 2224 3293 2279 Ἐκ
3339 2225 3437 2295 μὲν
3465 2228 3769 2299 προσώπου

2181 2308 2275 2362 τοῦ
2304 2311 2533 2381 Κυρίου,
2559 2311 2619 2363 τὸ
2640 2311 2857 2380 ψεῦδος,
2886 2316 3072 2384 φησὶν,
3103 2316 3427 2389 ᾠκοδομήθη
3452 2321 3573 2374 κατ’
3602 2322 3768 2392 ἐμοῦ,

2182 2401 2358 2457 πολλὰ
2397 2403 2504 2474 γὰρ
2554 2404 2722 2458 αὐτοῦ
2762 2407 3178 2478 κατεψεύδοντο.
3231 2409 3328 2464 Ἐκ
3368 2411 3426 2465 δὲ
3469 2414 3769 2485 προσώπου

2180 2494 2284 2566 τῆς
2309 2495 2655 2567 ἀνθρωπείας
2684 2497 2924 2566 φύσεως,
2944 2502 3017 2554 Οὐ
3050 2501 3235 2572 μόνον,
3254 2503 3441 2574 φησὶν,
3462 2506 3707 2580 ἠρκέσθη
3733 2509 3767 2562 6

2182 2585 2377 2656 ἐχθρὸς
2434 2589 2855 2658 τιμωρήσασθᾶ
2918 2606 3009 2661 με,
3037 2591 3176 2646 ἀλλὰ
3201 2593 3298 2646 καὶ
3325 2592 3471 2650 οὕτω
3499 2613 3766 2669 περιῳκο-

2179 2676 2385 2749 δόμησε
2438 2680 2559 2733 κατ’
2619 2679 2779 2751 ἐμοῦ,
2829 2681 2907 2746 ὡς
2963 2682 3039 2754 μὴ
3090 2683 3352 2740 δύνασθαί
3412 2703 3485 2758 με
3536 2688 3762 2759 διαφεύ-

2181 2786 2322 2839 γειν.

2255 2882 2275 2915 ι
2299 2863 2386 2917 Ἐν
2425 2866 2745 2929 σκοτεινοῖς.
2786 2884 2805 2917 ι
2857 2866 3029 2922 Τοῦτο
3060 2869 3327 2942 πρότερος
3353 2871 3384 2926 6
3426 2872 3593 2928 Δασὶδ
3633 2878 3766 2947 περὶ

500 2947 650 3003 mino
677 2958 902 3018 propter
928 2950 1264 3019 sepulturam
1322 2952 1444 3022 eius
1497 2955 1982 3022 pra-nuntiaverat.
2018 2958 2075 3013 Si

2183 2953 2277 3009 τοῦ
2318 2957 2528 3027 Κυρίου
2585 2959 3060 3031 προκατήγγειλεν
3097 2962 3189 3016 διὰ
3228 2963 3322 3018 τὸν
3375 2966 3565 3036 τάφον.
3599 2968 3663 3021 Εἰ
3702 2968 3764 3023 δὲ

500 3055 630 3096 vero
656 3041 820 3095 etiam
850 3041 919 3097 de
944 3043 1122 3097 anima
1156 3043 1508 3115 intelligatur,
1542 3046 1664 3100 ideo
1705 3046 1922 3114 dicitur,
1956 3052 2082 3120 quia

502 3133 743 3189 tenebris
783 3148 904 3188 eam
930 3133 1233 3204 oppleverit
1286 3135 1607 3206 intelligibili
1642 3137 1847 3194 lumine
1900 3142 2083 3210 priva-

500 3232 636 3278 tam.

570 3311 633 3367 V.
669 3315 720 3367 7.
766 3333 784 3365 ι
815 3313 1140 3370 Αῖάἰῦοιινίι.
1176 3333 1197 3366 ›
1246 3315 1324 3371 De
1380 3316 1610 3371 Domino
1659 3319 1898 3388 quidem,
1943 3336 2081 3391 quo-

500 3400 649 3456 niam
681 3400 775 3471 qui
804 3417 937 3475 eum_
958 3403 1012 3456 in
1041 3404 1296 3473 sepulcro
1326 3415 1625 3474 posuerant
1648 3407 1872 3463 minime
1903 3426 2083 3466 resur-

500 3501 780 3546 recturum
809 3493 1193 3561 opinabantur.
1223 3494 1299 3549 De
1326 3496 1507 3549 anima
1547 3510 1699 3561 vero,
1732 3507 1956 3568 propter
1985 3516 2081 3556 cu-

497 3582 727 3639 stodiam
749 3600 869 3655 quae
897 3585 949 3639 in
987 3585 1131 3641 illam
1160 3587 1403 3643 adhibita
1437 3597 1544 3644 est.

572 3694 592 3726 ι
629 3676 954 3746 Aggravavit
994 3692 1070 3733 res
1122 3693 1326 3733 meum.
1358 3698 1378 3732 ι
1417 3678 1493 3735 De
1545 3681 1799 3748 Domino,
1857 3693 2080 3754 propter

497 3766 652 3836 signa
714 3768 835 3837 ejus
887 3780 1245 3825 monumento
1293 3771 1547 3840 adjecta;
1578 3773 1647 3828 de
1693 3774 1871 3830 anima
1898 3816 1914 3840 ,
1950 3792 2079 3850 pro-

496 3870 617 3928 pter
640 3867 861 3916 catenas
890 3862 1119 3932 peccati,
1146 3863 1345 3934 quibus
1369 3880 1485 3919 eam
1529 3864 1786 3922 inimicus
1838 3868 2075 3924 obstrin-

495 3949 594 4005 xit.

564 4039 629 4096 ν.
662 4041 715 4096 8.
751 4060 771 4093 ι
808 4041 984 4097 Etiam
1012 4058 1136 4097 cum
1197 4044 1560 4100 vociferabor.
1601 4064 1622 4099 ι
1683 4046 2075 4118 Multiplicalis,

494 4128 591 4194 ait,
620 4140 966 4199 peccatorum
997 4132 1190 4187 studiis
1216 4134 1470 4202 precibus
1501 4134 1641 4189 viam
1676 4136 1741 4190 ad
1772 4137 1942 4191 Deum
1990 4138 2074 4192 in-

496 4218 765 4273 terclusit.
793 4218 920 4274 Haec
941 4231 1124 4275 autem
1158 4222 1291 4277 dicit
1319 4223 1521 4290 anima,
1541 4224 1798 4294 quoniam
1826 4236 1883 4280 et
1933 4227 2075 4282 idola

493 4308 766 4362 adoravit.

570 4395 631 4450 V.
664 4397 717 4452 9.
751 4415 768 4449 ι
804 4396 1332 4455 Circumaadificavit.
1371 4420 1391 4454 ι
1423 4403 1502 4458 Ex
1534 4420 1767 4474 persona
1793 4407 2072 4475 Ecclesiae,

495 4486 736 4558 P0pulus
764 4488 1100 4555 Iudaeorum,
1132 4491 1228 4558 ait,
1258 4508 1449 4550 omnes
1502 4496 1739 4552 intendit
1786 4501 1951 4565 vires,
2008 4518 2077 4558 ne

494 4581 743 4657 doctrina
766 4582 1190 4652 praedicaretur;
1228 4586 1458 4642 ethunc
1486 4588 1631 4643 leoni
1678 4598 1734 4644 et
1760 4606 1891 4646 urso
1939 4595 2078 4648 assi-

495 4672 645 4727 niilat
694 4683 916 4743 propter
976 4674 1334 4742 iracundiam,
1396 4688 1452 4733 et
1483 4681 1680 4749 quoad,
1726 4682 1921 4754 inquit,
1975 4686 2080 4741 fuit

493 4767 546 4818 in
582 4765 693 4831 illo,
724 4767 908 4836 posuit
936 4782 1023 4823 me
1062 4770 1382 4827 desolatam.
1405 4772 1485 4826 Ex
1515 4788 1744 4844 persona
1793 4795 1924 4833 vero
1955 4780 2076 4834 ani-

493 4873 595 4913 ma:
624 4874 639 4914 :
674 4857 938 4927 Occlusit,
972 4862 1167 4932 inquit,
1194 4862 1311 4918 vias
1338 4880 1489 4921 meas
1512 4868 1786 4924 inimicus.

563 5036 626 5092 V.
668 5037 753 5091 10.
812 5036 1221 5095 «ϐοηιιιώονὶῑ
1277 5057 1456 5098 ursus.
1493 5062 1511 5099 ι
1564 5043 1739 5102 Ursus
1791 5059 2075 5120 peccatum

489 5138 601 5193 est;
633 5129 896 5183 insidians
946 5146 1099 5196 vero,
1137 5132 1188 5186 id
1213 5140 1297 5187 est
1326 5136 1493 5200 varie,
1523 5145 1580 5191 et
1607 5140 1827 5195 saeviter
1881 5158 2075 5214 aggre-

490 5221 665 5275 diens.

565 5334 583 5366 ι
622 5314 694 5371 Ut
728 5318 832 5372 leo.
870 5335 889 5369 ι
920 5317 1091 5374 Ursus
1115 5319 1181 5374 ad
1215 5319 1466 5375 timorem
1528 5316 1709 5379 mitior
1762 5336 1847 5381 est
1895 5326 2072 5384 leone.

491 5402 680 5474 Itaque
706 5407 972 5474 diabolus,
1000 5412 1216 5466 turbata
1240 5414 1395 5484 prius
1423 5428 1524 5485 per
1558 5426 1841 5485 peccatum
1871 5418 2072 5485 anima,

563 5605 609 5638 "
632 5606 773 5662 Psal.
801 5624 1038 5678 Lxxxvn,
1073 5614 1123 5666 8.
1204 5615 1247 5648 ιθ
1279 5614 1409 5670 ibid.
1462 5619 1511 5672 7.

2181 3049 2292 3103 ἀπὸ
2327 3049 2507 3103 κοινοῦ
2532 3051 2630 3121 τῆς
2661 3050 2862 3122 ψυχῆς,
2898 3052 3153 3121 λέγεται,
3192 3055 3274 3110 ὅτι
3316 3059 3543 3124 σκότους
3587 3061 3763 3132 αὐτὴν

2182 3143 2320 3214 ἑπλή
2330 3160 2525 3214 ρωσεν,
2549 3146 2935 3217 ἀποστερήσας
2955 3145 3050 3200 τοῦ
3075 3150 3270 3219 νοητοῦ
3302 3152 3499 3221 φωτός.

2259 3341 2277 3373 ι
2325 3321 2754 3397 Ἀνῳκοδόμησε.
2787 3342 2807 3375 ι
2838 3322 2962 3377 Ἐπὶ
2984 3323 3089 3394 μὲν
3112 3325 3207 3379 τοῦ
3230 3327 3439 3399 Κυρίου
3458 3366 3475 3394 ,
3493 3329 3576 3384 ὅτι
3592 3330 3763 3403 ᾤοντο

2184 3415 2383 3484 μηκέτι
2404 3414 2567 3469 αὑτὸν
2586 3414 2991 3486 ἀναστήσεσθαι
3015 3419 3065 3471 οἱ
3094 3418 3460 3488 ἐμϐάλλοντες
3488 3422 3651 3477 αὐτὸν
3682 3423 3764 3495 τῷ

2179 3508 2357 3578 τάφῳ.
2408 3508 2533 3560 Ἐπὶ
2560 3506 2617 3561 δὲ
2651 3507 2753 3577 τῆς
2780 3509 2981 3580 ψυχῆς,
3016 3509 3109 3565 διὰ
3132 3510 3234 3585 τὴν
3260 3514 3382 3568 κατ’
3408 3514 3580 3587 αὐτῆς
3601 3533 3763 3586 γενο-

2183 3600 2353 3671 μένην
2380 3600 2649 3673 φρουράν.

2258 3709 2277 3742 ι
2326 3692 2594 3763 Ἐὅάρυνε
2631 3692 2834 3763 χαλκόν
2886 3711 3010 3765 μου.
3046 3715 3065 3747 ι
3113 3698 3236 3751 Ἐπὶ
3271 3697 3373 3769 μὲν
3401 3698 3499 3756 τοῦ
3530 3699 3759 3771 Κυρίου,

2178 3784 2270 3839 διὰ
2315 3785 2415 3849 τὰς
2446 3786 2751 3856 σφραγῖδας
2778 3786 2878 3851 τὰς
2904 3787 3195 3859 βληθείσας
3232 3792 3291 3844 ιν
3315 3790 3397 3862 τῷ
3428 3791 3597 3846 αὑτοῦ
3628 3792 3765 3864 μνή-

2182 3891 2315 3945 ματι
2334 3891 2348 3907 ·
2381 3875 2477 3929 ἐπὶ
2499 3876 2558 3930 δὲ
2583 3877 2683 3946 τῆς
2707 3877 2887 3949 ψυχῆς
2907 3920 2923 3946 ,
2948 3879 3037 3934 διὰ
3058 3882 3183 3945 τοὺς
3211 3881 3428 3946 κλοιοὺς
3454 3883 3553 3955 τῆς
3578 3884 3761 3957 ἀμαρ-

2178 3966 2322 4032 τίας,
2351 3966 2445 4031 οὓς
2476 3969 2807 4040 περιέθηκεν
2835 3971 2973 4043 αὐτῇ
2994 3974 3023 4025 δ
3050 3972 3266 4044 ἐχθρός.

2255 4077 2277 4110 ι
2305 4060 2415 4114 Καί
2442 4077 2508 4129 γε
2527 4062 2609 4114 ὃτι
2633 4061 3030 4133 κεκράξομαι.»
3059 4065 3362 4135 Πληθύνας,
3388 4068 3633 4139 matura
3646 4070 3758 4124 ἐπι-

2176 4149 2494 4221 τηδεύματα
2519 4151 2627 4205 τῶν
2652 4154 2938 4226 ἁμαρτιῶν
2955 4197 2970 4222 ,
2993 4156 3093 4230 τὴν
3122 4158 3257 4229 πρὸς
3283 4160 3374 4213 τὸν
3402 4161 3536 4214 Θεὸν
3570 4163 3757 4231 δέησιν

2178 4241 2517 4313 ἁπέφραξεν.
2552 4243 2714 4310 Λέγει
2750 4245 2808 4299 δὲ
2836 4246 3009 4301 ταῦτα
3036 4251 3070 4320 η
3091 4249 3257 4322 ψυχὴ,
3289 4250 3378 4306 διὰ
3403 4252 3464 4306 τὸ
3485 4254 3581 4306 καὶ
3602 4254 3760 4308 είδώ-

2105 4315 2152 4371 ι)
2180 4334 2292 4397 λοις
2316 4334 2713 4405 προσκυνῆσαι.

2261 4445 2280 4477 ι
2343 4425 2809 4497 ’Λνῳκοδόμησεν.
2863 4447 2883 4481 ι
2930 4431 3026 4485 Ἐκ
3071 4432 3172 4500 μὲν
3225 4433 3329 4505 τῆς
3394 4434 3758 4510 Ἐκκλησίας,

2198 4516 2491 4582 Ἰουδαίων,
2510 4518 2701 4589 φησὶν,
2729 4518 2858 4584 λαὸς
2912 4525 3163 4587 παντοῖος
3194 4525 3425 4593 γέγονεν
3472 4528 3763 4598 ἐμποδίσαι

2183 4611 2250 4679 τῇ
2305 4608 2628 4682 διδασκαλίᾳ
2679 4611 2775 4665 τοῦ
2851 4614 3209 4686 κηρύγματος
3234 4632 3249 4648 ⁸
3304 4618 3495 4674 τοῦτον
3544 4620 3603 4675 δὲ
3667 4624 3762 4677 καὶ

2185 4700 2361 4754 λέοντι
2388 4702 2482 4754 καὶ
2506 4703 2694 4773 ἄρκτῳ
2717 4704 2923 4770 εἰκάζει
2976 4708 3067 4761 διὰ
3091 4709 3151 4761 τὸ
3173 4708 3479 4780 θυμιτικόν·
3505 4714 3598 4768 καὶ
3617 4715 3762 4784 τόγε,

2185 4794 2370 4863 φησὶν,
2411 4793 2497 4863 ἐφ’
2547 4796 2760 4866 ἐαυτῷ,
2806 4798 2960 4852 ἔθετό
3002 4818 3069 4871 με
3113 4803 3517 4877 ἠφανισμένην.
3565 4806 3659 4861 Ἐκ
3704 4807 3765 4861 δὲ

2176 4884 2476 4953 προσώπου
2502 4884 2603 4955 τῆς
2628 4885 2829 4959 ψυχῆς,
2858 4889 3203 4961 Συνέκλεισε,
3231 4895 3386 4966 φησὶ,
3414 4895 3515 4959 τὰς
3541 4897 3767 4970 πορείας

2181 4992 2287 5044 μου
2317 4976 2346 5028 ὁ
2374 4975 2597 5050 ἐχθρός.

2254 5080 2272 5112 ι
2296 5061 2590 5135 Ἐτάραξεν
2603 5065 2826 5137 ἄρκτος.
2839 5085 2858 5119 ι
2872 5069 3108 5141 ’Ἄρκτος
3126 5073 3159 5143 ἡ
3178 5073 3444 5146 ἁμαρτία.
3463 5074 3738 5146 Ἐνεὸρεύ
3752 5108 3766 5119 -

2177 5170 2337 5210 ουσα
2365 5155 2445 5222 δὲ,
2475 5159 2738 5224 ποικίλως
2779 5163 3130 5238 ἐπιτιθεμένη
3163 5167 3255 5221 καὶ
3287 5168 3591 5240 Θηριωδῶς.

2262 5350 2282 5384 ι
2319 5335 2493 5401 Αὐτός
2520 5354 2612 5407 μοι
2644 5339 2719 5404 ὡς
2744 5340 2903 5397 λέων.
2944 5360 2963 5395 ι
3004 5343 3064 5398 Ὀ
3084 5345 3288 5417 ἄρκτος
3310 5345 3448 5418 πρὸς
3473 5346 3638 5418 φόϐον
3664 5343 3764 5420 ἧτ-

2183 5426 2418 5481 τόνέστι
2465 5428 2562 5483 τοῦ
2621 5429 2853 5496 λέοντος.
2894 5434 3295 5507 Προταράττων
3333 5433 3428 5492 οὖν
3453 5438 3554 5509 τὴν
3583 5437 3765 5509 ψυχὴν
