4122 6210
712 224 743 240 α

374 332 476 395 ’ῖό3

1383 339 1845 400 FRAGMENTA
1882 339 1963 401 IN
2001 340 2275 402 JEREM‘.
2310 343 2637 406 LAMENT.

3538 353 3641 414 ’⁷54

443 456 659 527 ι’Υπὶρ
704 455 928 512 λίθου.)
964 456 1179 528 Τίμιος,
1217 456 1408 528 φησὶν,
1459 457 1554 510 καὶ
1596 457 1873 530 ἄφθαρτος
1923 460 1955 530 ἡ

2137 477 2155 513 ι
2192 457 2370 530 Super
2407 459 2662 530 lapidem.
2709 479 2727 512 ι
2783 460 3047 529 Pretiosa,
3087 462 3194 529 ait,
3219 463 3642 536 iucorruptaquc

369 547 569 617 ἐκλογὴ
599 547 804 601 αὐτῶν.

443 661 464 694 ε
507 641 856 697 Ἐσκότασεν.
904 662 934 692 ι.
976 641 1096 695 Τῶν
1145 642 1204 694 ἐν
1260 641 1550 712 ὑποκρίσει
1606 642 1706 713 τὴν
1755 641 1957 714 ἀρετὴν

367 734 621 805 ἐχόντων.

443 847 462 880 r
507 828 620 882 Οὐκ
671 825 1119 896 ἐπεγνώσθησαν.
1161 844 1182 878 ι
1250 826 1679 898 Ἑϐὁελύχθησαν
1732 830 1791 882 ἐν
1833 831 1958 891 ταῖς

365 920 613 992 πορείαις
635 919 840 974 αὐτῶν.

443 1033 462 1064 ι
508 1012 719 1082 Ἐπάγη
748 1011 949 1086 δέρμα.
984 1031 1003 1062 ι
1039 1010 1140 1064 Διὰ
1163 1011 1225 1064 τὸ
1249 1011 1324 1082 μὴ
1347 1011 1490 1082 ἔχειν
1518 1012 1616 1084 τὴν
1636 1012 1840 1081 ἰκμάδα
1860 1012 1955 1066 τοῦ
2017 1054 2021 1057 -

362 1105 700 1176 πνεύματοςο
733 1105 908 1159 ταῦτα
957 1105 1016 1158 δὲ
1062 1104 1263 1176 συνέϐη
1306 1107 1401 1160 καὶ
1439 1108 1548 1170 τοῖς
1586 1105 1958 1176 αἰχμαλώτοις

364 1198 431 1250 ἐκ
455 1197 554 1265 τῆς
577 1196 975 1257 κακοπαθείας.

442 1307 462 1340 ι
507 1288 938 1360 Ἑξηράνθησαν.
977 1307 995 1340 ι
1055 1289 1416 1356 Ἐκκοπέντες
1453 1292 1517 1348 ὲκ
1553 1293 1653 1362 τῆς
1683 1291 1828 1366 ζωῆς
1859 1290 1956 1344 τοῦ

368 1380 526 1447 Θεοῦ,
558 1383 653 1436 καὶ
677 1383 1070 1454 μαρανθέντες.

445 1493 464 1532 ί
516 1474 687 1528 Καλοὶ
711 1471 873 1547 ἦσαν.
915 1495 932 1528 ι
980 1477 1300 1542 Καλλίονες,
1329 1478 1518 1550 φησὶν,
1561 1473 1700 1548 ἦσαν
1737 1479 1786 1532 οἱ
1833 1475 1958 1546 μηδ’

365 1565 505 1630 ὅλως
535 1569 915 1634 ἐπεγνωκότες
951 1569 1054 1639 τὴν
1087 1569 1209 1624 ὁδὸν
1237 1571 1335 1640 τῆς
1379 1569 1662 1638 ἀληθείας,
1692 1567 1808 1622 ἀλλ’
1853 1567 1960 1620 ὑπὸ

365 1655 598 1710 θάνατον
641 1657 818 1724 ὄντες,
849 1660 882 1730 ἢ
937 1661 986 1712 ot
1021 1660 1401 1728 ἐπεγνωκότες
1445 1660 1568 1732 μέν,
1598 1656 1956 1729 στερηθέντες

361 1747 420 1800 δὲ
458 1749 559 1820 τῆς
586 1750 824 1822 ἀληθοῦς
861 1753 1103 1823 τροφῆς,
1130 1753 1167 1824 ἦ
1205 1752 1355 1805 ἐστιν
1395 1753 1424 1806 6
1460 1751 1620 1820 λόγος
1655 1751 1753 1821 τῆς
1793 1747 1956 1819 ὀρθοο

362 1841 565 1908 εοξίας.

439 1955 458 1986 ‹
507 1935 920 2008 Ἐπορεύθησαν
955 1938 1422 2010 ἐκκεκεντημένοι
1448 1936 1556 1991 ἀπὸ
1594 1935 1960 2006 γεννημάτων

365 2029 572 2098 ἀγρῶν.
609 2049 628 2081 ι
677 2031 810 2084 Ἀπὸ
849 2032 1107 2102 πράξεων
1132 2030 1435 2103 κοσμικῶν.
1472 2029 1665 2102 ’Δγρὸς
1685 2028 1794 2100 γάρ
1825 2027 1957 2082 πολ-

365 2118 531 2189 λαχοῦ
559 2122 587 2174 ό
614 2119 819 2192 κόσμος
849 2121 1160 2191 θεωρεῖται.

445 2232 463 2263 ι
495 2215 690 2284 Χεῖρες
719 2213 1020 2282 γυναικῶν.
1055 2233 1074 2267 ι
1115 2214 1258 2285 Πρὸς
1289 2215 1389 2286 μὲν
1413 2210 1676 2284 ἱστορίαν,
1703 2211 1800 2282 μία
1827 2207 1954 2263 τού-

366 2323 474 2360 των
498 2302 565 2375 ἦν
586 2307 776 2377 Μαρία
800 2323 906 2369 τις,
931 2307 1055 2376 ἣτις
1081 2307 1188 2360 ὑπὸ
1215 2309 1314 2377 τῆς
1341 2306 1460 2377 βίας
1477 2305 1586 2358 τῶν
1611 2301 1955 2364 στασιαστῶν

367 2395 694 2466 πιεζομένη,
727 2397 812 2449 ἀεὶ
849 2397 910 2449 τὸ
937 2397 1294 2468 ποριζόμενον
1327 2395 1707 2468 ἁρπαζόντων,
1736 2394 1829 2448 καὶ
1858 2392 1953 2447 τοῦ

369 2485 530 2555 λιμοῦ
575 2485 670 2538 τοῦ
715 2486 846 2538 ίδίου
893 2487 1088 2540 τέκνου
1135 2488 1235 2551 τὰς
1287 2487 1498 2558 σάρκας
1533 2485 1758 2555 ἔφαγεν.
1810 2483 1956 2553 Πρὸς

365 2575 422 2629 δὲ
457 2576 714 2647 θεωρίαν,
756 2579 811 2631 αί
841 2577 951 2631 τῶν
1001 2578 1342 2649 Ἐκκλησιῶν
1376 2577 1634 2633 δοκοῦσαι
1665 2573 1806 2630 εἶναι
1842 2577 1954 2646 χεῖ·-

318 2733 320 2736 ν
370 2685 484 2738 pag,
515 2670 566 2722 οί
591 2669 1062 2741 ψευδοπροφῆται,
1105 2672 1199 2724 καὶ
1229 2669 1734 2741 ψευδοδιδάσκαλοι,
1763 2668 1858 2731 οὓς
1883 2669 1952 2737 τῇ

365 2762 549 2814 πίστει
585 2762 900 2832 ἐγέννησαν,
926 2763 1187 2832 συνέσχον
1217 2763 1274 2815 ἐν
1308 2762 1662 2832 πειρασμοῖς,
1688 2758 1784 2811 καὶ
1819 2757 1952 2820 ἴσως

363 2849 633 2918 ἀργυρίου
671 2849 856 2922 χάριν,
903 2847 938 2922 ἧ
986 2869 1135 2914 τινος
1170 2851 1364 2924 ἐτέρου
1409 2852 1509 2916 τὰς
1549 2847 1728 2921 ψυχὰς
1772 2847 1953 2902 αὐτῶν

361 2941 737 2998 ἐθανάτωσαν.

441 3053 462 3088 ι
513 3036 906 3108 Ἐγενήθησαν.
939 3055 959 3090 ι
999 3037 1064 3090 Ui
1113 3035 1446 3108 θεοκάπηλοι
1482 3035 1550 3088 δι’
1583 3035 1782 3088 οἰκεῖον
1823 3031 1954 3105 κέρ-

362 3124 452 3188 δος
484 3125 796 3180 κατεσθίειν
828 3125 1083 3196 λέγονται
1126 3125 1226 3188 τὰς
1261 3125 1440 3196 ψυχὰς
1485 3122 1596 3176 τῶν
1645 3120 1951 3192 ἀνθρώπων

364 3217 506 3270 κατὰ
545 3216 607 3270 τὸ
661 3218 719 3273 ἐν
752 3218 1036 3288 1ιδάλμοῖς·
1063 3219 1128 3270 01
1176 3203 1620 3279 κατεσθίοντεςζ
1654 3213 1762 3268 τὸν
1794 3209 1950 3265 λαόν

360 3325 480 3378 μου
503 3308 574 3361 ἐν
595 3307 829 3378 βρώσει
865 3309 1072 3378 ἀρτοῦ.

439 3422 459 3453 ε
508 3401 599 3455 Ἐν
629 3401 708 3473 τῷ
752 3401 1146 3474 συντρίμματι.
1178 3419 1197 3454 ι
1242 3399 1342 3454 Διὰ
1389 3399 1490 3463 τὰς
1539 3397 1741 3460 πολλὰς
1771 3397 1955 3467 ἁμαρ-

361 3495 483 3558 τίας
509 3494 615 3548 ὑπὸ
644 3495 909 3558 τοιούτοις
938 3493 1264 3565 ἡγουμένοις
1302 3483 1764 3563 συγχωρουμένου
1801 3486 1955 3556 γενέ·

360 3585 492 3639 σθαι
519 3586 614 3640 τοῦ
645 3586 800 3640 λαοῦ.

439 3699 457 3729 ι
489 3680 599 3732 Καὶ
629 3679 908 3748 κατέφαγε
945 3678 1014 3732 τὰ
1061 3678 1293 3746 θεμέλια
1327 3675 1518 3743 αὐτῆς.
1560 3695 1578 3726 ι
1614 3674 1690 3727 Τὸ
1717 3672 1954 3744 ἑδραῖον,

360 3768 462 3841 τὴν
504 3769 693 3823 στάσιν
718 3770 818 3840 τῆς
859 3768 1066 3840 ψυχῆς·
1115 3767 1292 3822 ταῦτα
1313 3767 1371 3822 δέ
1400 3767 1523 3820 καθ’
1553 3763 1794 3836 ἱστορίας
1826 3780 1954 3818 συν-

361 3861 488 3932 έεη.
1149 3913 1152 3918 .

437 3972 459 4008 ε
486 3953 602 4008 Οὐκ
632 3951 980 4010 ἐπίστευσαν.
1031 3973 1049 4006 ι
1082 3953 1149 4011 Ol
1195 3955 1321 4008 κατ’
1355 3951 1549 4026 ἐξοχὴν
1576 3953 1635 4006 ἐν
1666 3943 1861 4023 ἀρετῇ,
1893 3950 1954 4007 τὸ

363 4045 638 4118 βασίλειον
676 4045 1002 4118 ίεράτευμα.

439 4157 460 4192 ι
499 4137 710 4202 Πάντες
759 4140 808 4192 οί
859 4135 1268 4199 κατοικοῦντες.
1316 4154 1336 4188 ι
1392 4134 1455 4189 Ἦ
1509 4134 1616 4189 ὑπὸ
1667 4134 1762 4188 τοῦ
1814 4133 1951 4188 Θεοῦ

357 4229 450 4288 διά
493 4229 692 4298 παντὸς
735 4229 1053 4300 σκεπομένη
1094 4217 1324 4299 πληθύς·
1365 4229 1400 4298 ἡ
1452 4226 1562 4299 γὰρ
1602 4225 1767 4298 ἑτέρα
1817 4227 1951 4300 ἐρη-

405 4339 486 4385 ος.
1693 4359 1696 4362 ~
1913 4377 1918 4382 .

363 4340 486 4466 me”
512 4413 638 4466 ὐτι
669 4409 1060 4467 εἰσελεύσεται.
1102 4429 1120 4463 ι
1163 4409 1263 4464 Διά
1300 4406 1363 4465 τὸ
1395 4408 1488 4464 τὸν
1521 4408 1724 4481 Κύριον
1750 4377 1948 4464 εἰπεῖν’

2059 561 2248 606 eorum
2278 553 2490 608 electio.

2128 643 2192 696 V.
2226 643 2280 696 8.
2317 663 2335 694 ι
2375 642 2674 699 Obscuram
2694 653 2794 699 est.
2827 663 2846 697 ι
2875 645 3076 702 Eorum
3105 645 3196 716 qui
3230 646 3482 704 virtutem
3515 665 3641 705 eum

2059 733 2491 790 dissimulatione
2526 736 2826 806 possident.

2134 845 2154 879 ι
2181 827 2300 882 Non
2338 837 2468 885 sunt
2508 829 2732 900 cogniti.
2783 849 2815 882 ι.
2859 830 3264 889 Abominationi
3320 833 3539 898 fuerunt
3586 834 3642 890 in

2059 920 2160 975 viis
2174 919 2322 975 .suis.
3260 983 3266 989 ,

2137 1032 2157 1065 ι
2195 1013 2449 1068 Adhaesit
2466 1014 2646 1084 pellis.
2689 1033 2708 1066 ι
2743 1015 2898 1082 Quod
2933 1017 3220 1073 humorem
3260 1018 3486 1088 spiritus
3532 1036 3642 1075 non

2060 1105 2364 1172 habebant;
2398 1107 2513 1162 haec
2541 1090 2672 1162 vero
2701 1107 2865 1163 etiam
2893 1109 3124 1180 captivis
3149 1111 3219 1166 ob
3244 1113 3508 1177 malorum
3531 1113 3641 1170 vim

2058 1215 2179 1269 qua:
2210 1198 2574 1268 patiebantur,
2611 1209 2935 1256 evenerunt.

2133 1308 2154 1341 ε
2197 1294 2494 1348 Arueruut.
2538 1310 2558 1343 ι
2594 1293 2829 1348 Excisie
2859 1292 2968 1349 vita
3002 1293 3120 1360 Dei,
3159 1304 3214 1351 et
3239 1299 3496 1352 emortui.
3536 1347 3538 1350 ,

2130 1469 2268 1527 v.9.
2302 1470 2552 1528 .‘lleliores
2584 1482 2763 1528 erant.
2812 1492 2830 1524 ι
2890 1473 3162 1541 Meliores,
3220 1477 3416 1546 inquit,
3460 1492 3639 1538 erant.

2059 1564 2152 1632 qui
2180 1563 2320 1618 viam
2352 1565 2594 1619 veritatis
2624 1566 2851 1621 omnino
2886 1566 3294 1641 ignoraverant,
3324 1570 3420 1624 sed
3481 1573 3639 1626 morti

2059 1652 2288 1722 subjecti
2331 1664 2511 1720 erant,
2555 1670 2717 1724 quam
2765 1658 2882 1725 qui,
2916 1658 3006 1712 ubi
3057 1673 3178 1712 eam
3236 1660 3640 1730 cognovissent,

2061 1760 2188 1798 vero
2216 1743 2474 1800 alimento
2505 1746 2704 1817 privati
2743 1760 2894 1813 sunt,
2919 1750 3065 1819 quod
3103 1759 3188 1807 est
3220 1760 3381 1806 recta:
3426 1751 3644 1822 pietatis

1989 1819 2030 1874 Β
2059 1854 2263 1895 sermo.

2141 1949 2161 1982 ι
2197 1931 2468 1988 Abierunt
2491 1934 2762 1990 vulnerati
2794 1951 2826 1990 a
2857 1934 3104 2008 frugibus
3127 1939 3260 2010 agri.
3304 1939 3436 1996 mAh
3472 1943 3643 1997 actio.

2054 2022 2218 2079 nibus
2247 2025 2562 2093 mundanis.
2599 2026 2741 2099 Ager
2765 2029 2912 2084 enim
2953 2044 3098 2101 saepe
3133 2047 3234 2103 pro
3262 2033 3468 2089 mundo
3495 2036 3642 2091 acci-

2054 2113 2222 2184 pitur.

2130 2206 2195 2260 V.
2249 2205 2336 2262 l0.
2383 2225 2401 2258 ι
2439 2207 2629 2263 Manus
2683 2208 2998 2268 mulierum.
3027 2231 3049 2266 ι
3104 2211 3373 2272 llistorice
3414 2217 3640 2286 quidem

2055 2312 2162 2350 una
2195 2296 2298 2351 fuit
2337 2297 2530 2352 harum
2555 2297 2721 2354 Maria
2735 2301 3006 2369 quaedam,
3038 2319 3160 2374 qure
3191 2305 3240 2360 vi
3257 2305 3640 2362 seditiosorum

2053 2403 2333 2458 oppressa,
2395 2388 2486 2458 qui
2534 2390 2795 2460 quidquid
2849 2391 3186 2450 invenissent
3226 2395 3530 2466 rapiebant,
3585 2406 3643 2453 et

2055 2479 2197 2535 fame
2233 2492 2441 2545 coacta,
2487 2482 2686 2553 proprii
2727 2484 2820 2538 lilii
2869 2500 3065 2543 carnes
3105 2489 3362 2544 comedit.
3408 2488 3641 2560 Spirita-

2054 2570 2178 2626 liter
2216 2587 2364 2636 vero,
2396 2573 2488 2643 qui
2547 2574 2918 2631 Ecclesiarutn
2949 2593 3146 2634 manus
3189 2595 3312 2634 esse
3364 2579 3638 2647 videntur,

2054 2662 2544 2734 pseudopmphctac
2569 2675 2627 2719 et
2655 2668 3135 2740 pseudomagistri,
3166 2687 3306 2742 quos
3334 2672 3440 2729 ﬁde
3472 2689 3642 2744 pepe-

2054 2764 2266 2821 rerum,
2297 2755 2367 2821 in_
2394 2757 2870 2825 perseeutionibus
2901 2761 3288 2830 detinuerunt,
3324 2775 3381 2820 et
3408 2763 3643 2821 fortasse

2051 2848 2264 2920 argenti
2319 2850 2514 2920 gratia,
2562 2851 2648 2907 vel
2694 2853 3000 2924 cuiuspiam
3060 2855 3137 2912 rei
3180 2857 3383 2914 alerius
3431 2858 3643 2914 animas

2051 2954 2244 3004 eorum
2271 2940 2615 3010 occiderunt.

2129 3051 2148 3084 ε
2189 3032 2336 3088 Facti
2365 3042 2514 3090 sunt.
2555 3053 2574 3085 ι
2614 3033 2807 3092 Divina
2840 3050 3214 3109 cauponantes
3249 3041 3320 3097 ob
3355 3043 3640 3114 proprium

2051 3137 2344 3196 quaestum,
2400 3127 2611 3184 animas
2684 3128 2966 3186 hominum
3016 3133 3277 3190 dicuntur
3352 3135 3637 3200 devorare,

2049 3222 2206 3292 juxta
2227 3222 2359 3280 illud
2389 3225 2589 3282 Psalmi
2625 3227 2771 3294 ιριιί
2797 3231 3052 3286 devorant
3098 3231 3302 3302 plebem
3356 3249 3530 3288 meum
3584 3239 3640 3286 ut

2053 3315 2228 3370 cibum
2250 3319 2404 3385 panis
2434 3319 2501 3374 ⁸³.

2127 3427 2148 3461 ι
2177 3408 2235 3464 In
2282 3412 2634 3470 contritione.
2673 3434 2692 3468 ι
2737 3415 2969 3487 Propter
3009 3416 3182 3472 multa
3235 3425 3481 3488 peccata,
3530 3417 3642 3472 Deo

2054 3501 2404 3572 permittente
2445 3516 2504 3562 ut
2557 3507 2660 3564 sub
2690 3508 2889 3564 talibus
2913 3508 3148 3564 ducibus
3185 3517 3333 3566 esset
3382 3509 3637 3580 pepulus.

2125 3681 2192 3736 V.
2223 3682 2312 3739 il.
2349 3705 2368 3738 ‹
2404 3684 2469 3741 Et
2490 3685 2776 3744 devoravit
2806 3686 3165 3744 fundamenta
3196 3687 3320 3758 ejus
3374 3706 3394 3740 ι
3442 3687 3641 3744 Firmi-

2054 3779 2218 3826 tatem
2247 3774 2706 3848 stabilitatemque
2734 3779 2933 3835 anima;
2962 3797 2977 3834 :
3008 3779 3127 3835 haec
3153 3778 3320 3834 etiam
3335 3777 3639 3836 secundum

2054 3863 2342 3923 historiam
2367 3869 2736 3941 contigerunt.

2073 4009 2076 4012 .
2129 3957 2193 4013 V.
2221 3959 2309 4017 η.
2345 3980 2365 4014 ι
2401 3959 2518 4017 Non
2553 3964 2930 4022 crediderunt.
2971 3985 2992 4019 ι
3038 3963 3143 4032 Qui
3169 3978 3385 4021 summa
3437 3963 3640 4024 virtute

2053 4049 2349 4118 pollebant,
2379 4055 2557 4126 regale
2589 4051 2981 4115 Sacerdotium.

2128 4160 2147 4194 ι
2193 4141 2445 4202 Universi
2484 4149 2841 4206 habitatores.
2884 4171 2902 4202 ι
2938 4151 3033 4208 llla
3057 4169 3179 4224 qua:
3207 4170 3238 4210 a
3269 4153 3383 4210 Deo
3421 4169 3640 4224 semper

2052 4237 2439 4309 protegebatur
2464 4241 2756 4298 multitudo
2778 4260 2794 4309 ;
2817 4243 2988 4300 altera
3017 4246 3471 4318 quippe-deserta
3497 4253 3636 4300 erat.

2128 4432 2148 4466 ι
2185 4414 2454 4482 Quoniam
2485 4417 2840 4490 ingredietur.
2879 4440 2898 4474 ι
2925 4375 3191 4493 Eo.quod
3220 4423 3426 4480 dixerit
3454 4423 3639 4479 Doml~

361 4505 556 4558 Πύλαι
585 4504 736 4571 ᾅδου
764 4505 836 4561 οὐ
867 4503 1359 4578 κατισχύσουσιν
1385 4501 1598 4570 αὐτῆς,
1630 4502 1820 4572 ὥσπερ
1853 4498 1950 4557 οὖν

2056 4523 2158 4562 nus
2196 4525 2210 4562 :
2265 4507 2334 4562 Et
2386 4520 2551 4578 porta:
2607 4512 2781 4583 inferi.
2827 4529 2951 4568 non.
2987 4515 3341 4583 praeualebunt
3391 4516 3640 4570 adversus

360 4595 483 4650 οὐδὲ
525 4599 886 4666 κατίσχυσαν,
909 4595 962 4649 εί
1006 4596 1104 4649 καὶ
1129 4594 1269 4667 πρὸς
1298 4594 1494 4667 καιρὸν
1523 4592 1763 4666 ταράξαι
1819 4611 1948 4650 συν-

360 4687 744 4758 εχωρήθησαν.

435 4795 454 4831 ι
496 4778 588 4846 Ἐξ
625 4778 946 4851 αμαρτιῶν.
989 4799 1007 4833 ι
1044 4775 1363 4844 Τουτέστιν,
1411 4781 1512 4834 οὐκ
1563 4777 1624 4844 ἐξ
1665 4779 1950 4845 ἀσθενείας

356 4871 452 4925 τοῦ
507 4872 839 4942 μυστηρίου,
875 4872 992 4926 ἀλλ’
1023 4873 1084 4940 ἐξ
1135 4872 1428 4944 ἁμαρτιῶν
1471 4872 1580 4928 τῶν
1618 4871 1754 4926 αὐτὸ
1789 4873 1949 4935 ἐγκε-

357 4964 722 5036 χειρισμένων
753 4967 1079 5036 οἰκονομεῖν.

433 5075 453 5108 ι
490 5056 631 5110 Τῶν-
659 5057 966 5127 ἐκχεόντων
1016 5054 1180 5130 αἷμα.
1231 5077 1249 5111 ι
1296 5061 1375 5131 Τῇ
1437 5061 1538 5130 μὲν
1591 5057 1948 5129 Ἰερουσαλὴμ

356 5146 532 5203 ταῦτα
570 5146 768 5218 συνέϐη
819 5147 924 5200 ὑπὸ
975 5148 1264 5219 Ῥωμαίων
1302 5151 1393 5203 δια
1428 5150 1489 5203 τὸ
1517 5144 1658 5218 αἷμα
1677 5147 1771 5201 τοῦ
1811 5150 1948 5220 Χρι-

357 5235 506 5291 στοῦ.
540 5238 782 5292 Καθόλου
815 5238 874 5292 δέ
905 5257 1040 5310 φησι
1080 5242 1209 5312 περὶ
1241 5241 1362 5294 τῶν
1397 5242 1946 5309 ἀνασταυρούντων

357 5328 467 5384 τὸν
490 5329 627 5385 Flor
660 5331 766 5386 τοῦ
809 5331 981 5397 Θεοῦ,
1026 5333 1125 5388 καί
1166 5332 1818 5404 παραδειγματιζόντων
1854 5334 1946 5388 διὰ

355 5424 452 5477 τοῦ
497 5424 598 5496 τὴν
647 5424 794 5493 ἅπαξ
838 5427 1145 5498 γενομένην
1191 5427 1464 5500 λύτρωσιν
1505 5427 1838 5499 ἀνατρέπειν
1859 5427 1950 5481 διὰ

356 5518 702 5586 κενοφωνῶν.
1653 5551 1656 5556 -

433 5627 452 5662 ι
478 5609 918 5685 Ἐσαλεύθησαν.
944 5632 963 5667 ι
985 5614 1041 5667 ‘E
1054 5614 1111 5668 πὶ
1145 5613 1247 5684 μὲν
1267 5611 1512 5685 Χριστοῦ
1541 5612 1632 5667 διὰ
1663 5612 1756 5667 τὸν
1780 5611 1946 5684 φόϐον

428 5808 476 5843 ³³
511 5807 660 5866 Psal.
688 5825 786 5880 ut,
809 5811 860 5869 5.
939 5813 982 5846 δι
1012 5810 1204 5873 Matth.
1238 5829 1347 5880 ιιι-ι,
1394 5814 1476 5873 18.

1574 5817 1618 5851 ³³
1643 5815 1810 5872 llcbr.
1841 5831 1910 5881 ιι,
1943 5813 1995 5868 6.

2059 4616 2178 4654 eam
2200 4600 2268 4667 ⁸⁸,
2298 4601 2441 4658 sicut
2456 4605 3180 4676 etiamnonpraavaluerunt.
3203 4609 3307 4664 etsi
3325 4607 3396 4664 ad
3427 4617 3641 4680 tempus

2059 4691 2166 4748 illis
2188 4709 2308 4750 eam
2341 4697 2577 4754 turbare
2593 4699 2921 4769 permissum
2958 4711 3066 4757 est.

2128 4787 2193 4843 V.
2227 4789 2312 4844 15.
2352 4809 2374 4842 ι
2411 4789 2639 4860 Ρτοιιιοι-
2663 4803 2908 4862 peccata.
2936 4812 2953 4844 ι
2982 4793 3097 4849 Hoc
3115 4803 3220 4858 est.
3249 4810 3359 4850 non
3380 4810 3448 4848 ex
3473 4793 3642 4859 impo-

2057 4879 2225 4934 tentia
2256 4883 2520 4951 mystcrii.
2546 4884 2638 4938 sed
2677 4893 2902 4954 propter
2935 4895 3156 4955 peccata
3187 4901 3379 4941 eorum
3442 4883 3641 4952 quibus

2057 4971 2409 5028 incumbebat
2438 4973 2558 5044 ejus
2586 4975 3012 5031 administratio.

2130 5085 2148 5116 ι
2178 5065 2586 5122 Eﬂ’undentium
2615 5068 2957 5139 sanguinem.
2985 5087 3002 5119 ι
3024 5066 3639 5137 llierosolymaaquidem

2055 5159 2170 5214 haec
2197 5159 2512 5231 obtigerunt
2533 5163 2605 5216 ob
2636 5161 2956 5233 sanguinem
2983 5159 3208 5215 Christi.
3237 5157 3296 5212 In
3325 5157 3637 5213 universum

2055 5268 2181 5308 vero
2233 5252 2365 5308 dicit
2413 5253 2482 5308 de
2534 5254 2620 5310 his
2661 5272 2675 5308 :
2736 5253 2839 5320 Qui
2890 5270 3073 5308 rursus
3107 5253 3253 5306 cruci
3321 5250 3559 5321 aﬂigunt,
3589 5260 3638 5304 et

2051 5346 2277 5402 ostentui
2300 5345 2488 5399 habent
2518 5347 2585 5412 ⁸⁵,
2613 5346 2758 5416 quod
2793 5345 3227 5416 redemptionem
3253 5345 3423 5401 semel
3440 5343 3652 5404 tactam.

2055 5451 2154 5508 per
2184 5451 2382 5494 vocum
2407 5437 2679 5493 novitates
2708 5443 2978 5494 evertant.
3336 5445 3344 5453 ’

2128 5615 2192 5672 V.
2231 5616 2317 5672 14.
2377 5633 2396 5670 ι
2441 5611 2712 5670 Commoti
2785 5621 2935 5670 sunt.
2969 5633 2987 5667 ι
3027 5609 3087 5668 ln
3141 5611 3362 5670 Christo
3415 5607 3653 5685 quidem.
