4122 6210
509 291 618 356 767

1570 287 2091 349 OLYMPIODORI
2147 288 2679 352 ALEXANDRINI

3673 293 3785 358 768

510 423 687 468 rantes
713 415 852 468 enim
883 412 975 468 Dei
997 412 1287 482 justitiam,
1319 419 1368 464 et
1399 409 1673 479 propriam
1702 407 1922 478 ﬁrmare
1943 425 2088 471 aule-

2206 410 2584 478 Ἆτνοοῦντες
2645 406 2758 478 γὰρ
2797 406 2911 475 τὴν
2957 403 3065 459 τοῦ
3120 403 3274 457 Θεοῦ
3339 404 3780 473 δικαιοσύνην,

511 516 702 572 rentes,
730 505 959 576 justitia:
994 504 1091 558 Dei
1122 519 1235 557 -ιιοη
1267 501 1598 556 obedioerunt
1629 501 1697 555 ⁸⁸.

584 707 604 739 ι
649 686 1028 758 Negotiatores
1061 685 1282 740 Meram.
1325 705 1342 738 ι
1407 685 1782 758 Negotiatorcs
1835 702 1931 742 eos
1989 701 2089 758 ap-

509 779 692 849 pellat,
726 785 784 831 ut
810 776 1155 848 agriculturae
1187 778 1521 847 inexpertos.
1563 777 1731 832 Positi
1765 781 1912 832 enim
1947 779 2090 833 viui-

512 878 679 931 tores,
716 858 835 924 loco
865 884 984 923 uvae
1018 869 1205 938 spinas
1237 869 1662 924 vindemiarum.
1705 869 1906 925 Merum
1937 886 2090 935 vero,

512 971 566 1016 ct
595 959 842 1014 Theman
884 960 1130 1015 barbara.-
1174 971 1384 1031 gcntes,
1433 961 1501 1015 ad
1541 976 1698 1030 quas,
1737 961 1994 1017 videlicet
2021 964 2090 1018 ad

512 1053 717 1106 ferinos
748 1068 949 1120 mores,
980 1053 1335 1121 negotiantur
1373 1052 1427 1106 hi
1467 1053 1561 1122 qui
1593 1053 1712 1108 vitae
1741 1053 1906 1125 hujus
1934 1055 2091 1110 vani-

511 1158 620 1201 tate
648 1147 1063 1216 pertrahuntur.
1885 1157 1889 1163 ‘

584 1255 602 1288 ι
659 1235 726 1290 Et
774 1236 1182 1292 fabulatorcs.-o
1243 1237 1350 1305 Qui
1403 1241 1522 1295 loco
1573 1240 1850 1311 prmcepti,
1888 1240 2092 1311 Deique

448 1327 453 1331 ’
504 1314 868 1396 iudiciorum,
929 1343 1220 1391 urceorum
1291 1331 1720 1401 poculorumque
1769 1330 2094 1386 ‘ablutiones

510 1418 811 1472 commenti
862 1427 1012 1474 sunt.
1051 1417 1318 1494 Draeterea
1353 1421 1642 1490 judicium,
1685 1430 1740 1476 et
1784 1421 2094 1476 misericOr-

509 1506 655 1562 diam
687 1509 766 1572 ⁸⁸,
819 1506 1092 1580 ﬁdemque
1147 1509 1459 1579 rejicientes
1488 1551 1503 1576 ,
1564 1519 1714 1566 rutas
1770 1523 2093 1583 mentesque

511 1595 880 1651 decimabant.

585 1704 609 1738 ι
651 1686 718 1742 Ει
766 1689 1145 1758 ex'quisitores.
1202 1709 1220 1742 ›
1276 1689 1378 1757 Qui
1437 1692 1799 1762 exquirebant
1846 1696 2092 1765 quidem,

511 1777 608 1833 sed
633 1779 1055 1849 esquisitionem
1083 1783 1383 1853 prudenter
1405 1799 1566 1854 agere
1592 1786 1929 1841 nesciebant.

599 1887 624 1922 τ
657 1867 812 1924 Viam
851 1881 1034 1928 autem
1063 1875 1345 1944 sapientiae
1379 1876 1716 1932 nescierunt.
1741 1895 1760 1929 ι
1800 1877 2090 1934 Dominum

513 1959 788 2019 videlicet.
1077 2030 1082 2036 _
1338 1972 1340 1974 '
1566 1970 1580 1982 '
1630 2029 1632 2032 I
1968 1953 1972 1956 ’

585 2071 606 2106 ι
672 2053 860 2126 Neque
913 2057 1328 2113 commemorati
1401 2068 1532 2114 sunt
1597 2061 1824 2117 semitas
1883 2062 2022 2133 eius.
2065 2080 2087 2114 ι

509 2144 786 2203 Doctrina}
824 2149 1036 2214 modos.

577 2236 643 2293 ν.
677 2239 768 2294 24.
810 2257 830 2293 ι
857 2237 911 2296 O-
935 2239 1120 2306 Israel,
1143 2231 1306 2311 quam
1344 2257 1536 2314 magna
1573 2253 1656 2297 est
1684 2243 1878 2299 domus
1915 2245 2030 2300 Dei.
2066 2266 2086 2299 ι

503 2332 766 2399 Ecclesia,
803 2321 859 2388 et
888 2334 1128 2406 mysterii
1174 2335 1332 2391 ratio.
1364 2365 1434 2375 —
1462 2335 1600 2402 Quia
1654 2351 1803 2392 nunc
1827 2353 1891 2392 ex
1937 2347 2092 2407 parte

503 2424 904 2494 cognoscimus,
933 2425 1280 2496 cognitioque
1324 2425 1562 2495 perlecta
1607 2443 1716 2481 non
1749 2435 1852 2482 est.
1887 2426 2090 2483 Locum

503 2527 633 2568 vero
681 2512 939 2583 pietatem
988 2514 1266 2584 appellat:
1298 2515 1573 2586 ingentem
1625 2529 1810 2572 autem
1866 2525 2093 2589 propter

501 2612 856 2675 augmentum
879 2606 1029 2676 quod
1049 2622 1266 2677 semper
1296 2607 1351 2662 iu
1389 2607 1584 2664 melius
1615 2609 1695 2664 lit.

578 2714 598 2749 ι
631 2695 809 2750 Locus
833 2697 1218 2766 possessionis.
1264 2717 1282 2751 ι
1319 2698 1588 2765 Quoniam
1639 2689 1880 2756 coélcstis
1926 2699 2089 2773 Regis

502 2787 765 2860 mysteria
791 2789 1060 2844 continet.

577 2882 641 2935 V.
669 2882 760 2937 5:6.
799 2901 819 2935 ι
852 2881 928 2937 lbi
990 2881 1213 2938 luerunt
1257 2883 1523 2955 gigantes.
1559 2902 1577 2936 ι
1618 2883 1694 2940 De
1747 2885 2092 2942 daemonibus

500 2974 761 3045 loquitur,
795 2975 890 3045 qui
919 2976 988 3031 ab
1017 2975 1311 3032 initio-una
1335 2992 1462 3032 cum
1507 2978 1714 3050 angelis
1758 2979 2090 3044 enumerati,

2191 503 2287 555 καὶ
2323 503 2436 569 τὴν
2471 502 2630 554 ἰδίαν
2672 497 2990 567 ζὴτοῦντες
3027 497 3279 566 στῆσαι,
3309 495 3384 566 τῇ
3417 497 3782 568 δικαιοσύνῃ

2189 593 2298 647 τοῦ
2331 594 2482 649 Θεοῦ
2511 595 2625 662 οὐχ
2659 590 3075 661 ὑπετάγησαν.

2267 705 2286 738 ι
2331 684 2396 740 Ol
2435 684 2670 755 ἔμποροι
2717 683 2818 753 τῆς
2867 681 3117 755 Μεῤῥάν.
3158 699 3178 732 ι
3226 681 3542 764 Ἐμπόρους
3578 681 3784 745 αὐτούς

2193 794 2327 848 φησι
2380 776 2471 830 διὰ
2519 777 2580 830 τὸ
2637 777 2890 847 ἀπειρεϊν
2949 775 3246 848 γεωργίας.
3301 774 3608 845 Ταχθέντες
3669 775 3782 845 γὰρ

2195 869 2597 940 ἀμπελουργοὶ,
2661 869 2784 923 ἀντὶ
2831 867 3111 938 σταφυλῆς
3149 865 3400 943 ἀκάνθας
3441 866 3778 935 ὲτρὺγησαν.

2191 960 2421 1031 Μερῤὰν
2448 959 2506 1013 δὲ
2543 959 2636 1012 καὶ
2682 957 2901 1028 Θαιμὰν
2941 956 3198 1027 βάρϐαρα
3231 954 3396 1025 φῦλα,
3425 956 3508 1018 εις
3541 953 3577 1008 ἃ
3607 955 3784 1023 ἐμπο-

2195 1050 2466 1121 ρεύονται,
2508 1049 2653 1121 ἅπερ
2689 1049 2826 1102 εἰσιν
2851 1051 2900 1102 ol
2929 1047 3219 1120 θηριώδεις
3249 1048 3466 1118 τρόποι,
3497 1047 3547 1098 oi
3575 1048 3646 1117 τῇ
3677 1063 3785 1115 μα-

2192 1142 2438 1210 ταιότητι
2461 1141 2559 1196 τοῦ
2591 1141 2709 1212 βίου
2725 1140 2921 1194 τούτου
2947 1138 3477 1210 συγκαθελκόμενοι.

2273 1251 2288 1284 ι
2327 1232 2438 1286 Καὶ
2466 1233 2516 1286 οἱ
2550 1233 2860 1304 μυθολόγοι.
2906 1251 2925 1284 ι
2983 1231 3048 1284 Οἳ
3079 1232 3203 1286 ἀντὶ
3244 1231 3468 1302 ἐντολῆς
3513 1231 3611 1285 καὶ⁵
3659 1249 3786 1301 κρι-

2196 1325 2417 1395 μάτων·
2453 1323 2624 1386 Θεοῦ,
2681 1324 3028 1395 βαπτισμοὺς
3083 1324 3364 1393 ποτηρίων
3425 1324 3522 1376 καὶ
3575 1323 3785 1389 ξεστῶν

2193 1416 2632 1487 ἐμυθολόγησαν.
2668 1418 2793 1471 Ἔτι
2815 1416 2873 1469 δὲ
2903 1417 2998 1469 καὶ
3041 1416 3143 1485 τὴν
3166 1417 3372 1486 κρίσιν,
3400 1417 3496 1470 καὶ
3519 1415 3582 1470 τὺ
3609 1408 3782 1479 ἔλεος,

2195 1507 2292 1562 καὶ
2319 1508 2420 1581 τὴν
2443 1509 2628 1562 πίστιν
2667 1505 3074 1578 ἀπωθούμενοι,
3123 1510 3350 1578 πήγανα
3391 1510 3490 1562 καὶ
3533 1508 3786 1580 ἠδύοσμα

2194 1599 2645 1654 ἀπώεκάτωσαν.

2271 1704 2295 1742 ‹
2347 1693 2459 1746 Καὶ
2502 1692 2552 1744 οἱ
2592 1691 2914 1762 ὲκζητηταί.
2957 1689 2983 1741 ι’
3013 1689 3077 1742 0i.
3122 1689 3486 1759 ἐπιζητοῦντες
3538 1691 3654 1761 μὲν,
3702 1691 3783 1761 μὴ

2194 1785 2396 1848 εἰδότες
2423 1783 2481 1837 δὲ
2512 1783 2750 1846 συνετῶς
2785 1783 2882 1852 τὴν
2914 1783 3150 1852 ζήτησιν
3176 1783 3476 1836 ποιεῖσθαι.

2271 1891 2289 1922 ι
2342 1871 2491 1925 ὐδδν
2541 1870 2598 1925 δὲ
2649 1870 2842 1942 σοφίας
2879 1872 2984 1926 οὐκ
3031 1872 3309 1941 ἔγνωσαν.
3354 1892 3382 1925 ι
3415 1873 3523 1926 Τὸν
3579 1873 3786 1943 Κύριον

2191 1963 2462 2038 δηλονότι.
2737 1992 2739 1994 -
3244 1983 3248 1985 ·

2241 2075 2290 2128 ,ι
2331 2057 2467 2109 Οὐδὲ
2516 2055 2876 2126 ἐμνήσθησαν
2903 2054 3004 2119 τὰς
3055 2053 3283 2126 τρίϐους
3329 2052 3525 2126 αῠτῆςο
3563 2071 3582 2106 ³
3639 2054 3786 2120 Τοὺς

2191 2147 2430 2220 τρόπους
2458 2147 2560 2216 τῆς
2590 2147 2966 2212 διδασκαλίας.

2269 2262 2310 2294 ι.
2333 2239 2406 2295 Ὦ
2453 2241 2700 2312 Ἰσραὴλ,
2737 2240 2815 2304 ὡς
2863 2242 3042 2311 μέγας
3085 2235 3286 2302 δοῖκος
3323 2238 3414 2294 τοῦ
3451 2239 3611 2294 Θεοῦ.
3649 2258 3670 2290 ι
3714 2239 3786 2292 'Il

2191 2334 2491 2404 Ἐκκλησία
2513 2374 2529 2398 ,
2575 2333 2670 2386 καὶ
2696 2333 2724 2384 ό
2763 2319 2859 2386 τοῦ
2907 2332 3210 2403 μυστηρίου
3245 2331 3423 2400 λόγος.
3457 2359 3530 2370 --
3556 2329 3789 2397 Ἐπειδὴ

2193 2425 2288 2480 νῦν
2317 2426 2381 2479 ἐκ
2411 2425 2612 2496 μέρους
2646 2423 3012 2494 γινώσκομεν,
3049 2424 3146 2477 καὶ
3190 2422 3347 2477 οὔπω
3373 2424 3476 2491 τῆς
3523 2421 3785 2490 γνώσεως

2181 2518 2252 2571 τὸ
2283 2518 2516 2571 τέλειον.
2561 2516 2738 2571 Τόπον
2771 2515 2830 2569 δὲ
2866 2516 3024 2569 καλεῖ
3054 2517 3154 2588 τὴν
3180 2517 3464 2570 εὐσέϐειαν
3489 2533 3505 2549 ο
3531 2516 3787 2587 ἐπιμήκη

2191 2604 2248 2658 δὲ
2269 2604 2360 2658 διὰ
2383 2604 2482 2675 τὴν
2504 2603 2594 2658 ἀεὶ
2623 2605 2722 2658 ἐπὶ
2749 2604 2811 2660 τὸ
2840 2607 3089 2675 κρεῖττον
3111 2605 3368 2682 αὔξησιν.

2271 2715 2292 2748 ι
2343 2697 2404 2750 '0
2433 2697 2598 2760 τόπος
2622 2697 2722 2767 τῆς
2742 2699 3013 2767 κτήσεως.
3052 2717 3074 2750 ι
3110 2699 3233 2752 Ὀτι
3258 2683 3590 2768 ἐπουρανίου
3625 2699 3784 2770 βασιτ

2192 2787 2329 2852 λὲως
2358 2789 2633 2860 μυστήρια
2663 2788 2932 2859 περιέχει.
3080 2857 3086 2864 1

2267 2897 2287 2930 ι
2326 2879 2476 2932 Ἐκεῖ
2521 2879 2872 2950 ,ἐγενήθησαν
2909 2880 2962 2934 οἱ
2993 2881 3269 2950 γίγαντες.
3315 2900 3336 2934 ι
3381 2882 3518 2953 Περὶ
3535 2881 3646 2936 τῶν
3669 2882 3789 2940 6m.-

2197 2970 2376 3043 μόνων
2405 2973 2590 3040 φησὶν,
2625 2971 2709 3024 ὅτι
2757 2971 2852 3025 ἀπ’
2892 2973 3068 3043 ἀρχῆς
3105 2976 3244 3043 μετὰ
3265 2974 3375 3028 τῶν
3401 2974 3652 3042 ἀγγέλων
3689 2993 3791 3027 ταο

501 3065 720 3138 propria
755 3066 1060 3130 temeritate
1087 3083 1119 3122 a
1148 3067 1354 3124 caelesti
1379 3068 1618 3136 culmine
1645 3069 1920 3124 deturbati
1937 3077 2085 3124 sunt.

2195 3064 2402 3131 γέντες,
2433 3063 2494 3127 ἐξ
2525 3063 2786 3128 ἀϐουλίας
2819 3064 2929 3118 τῶν
2959 3066 3231 3136 οὐρανίων
3256 3066 3462 3135 ἀψίδων
3489 3067 3791 3137 ἐκϐέϐλην-

501 3157 773 3214 Nominati
822 3167 1027 3226 autem,
1072 3159 1332 3230 quoniam
1391 3165 1459 3216 de
1506 3160 1612 3216 illis
1663 3161 2090 3232 praenuntiatum

502 3252 680 3308 fuerat
714 3269 728 3305 :
757 3261 962 3308 statura
994 3252 1123 3307 item
1153 3268 1374 3324 magna,
1401 3261 1658 3323 tanquam
1683 3253 1933 3308 iastuosi.

580 3362 599 3396 ι
631 3343 878 3401 Scieutes
910 3345 1136 3400 bellum.
1183 3363 1202 3397 ι
1255 3343 1469 3417 lndigni
1507 3347 1653 3401 enim
1704 3362 1836 3417 pace
1886 3345 2092 3404 Christi

503 3437 818 3494 maluerunt
849 3439 1050 3494 bellum
1075 3447 1133 3495 et
1153 3438 1450 3503 dmmones,
1476 3447 1532 3494 et
1564 3439 1826 3513 haeretici.

575 3615 639 3671 ν.
669 3616 761 3672 29.
791 3636 808 3668 ι
835 3616 972 3684 Quis
997 3617 1246 3690 ascendit
1267 3617 1319 3672 in
1338 3618 1577 3674 coelum?
1607 3637 1626 3670 ι
1655 3619 2093 3690 Sicutscriptum

503 3718 625 3765 est:
652 3708 770 3764 Non
789 3710 928 3781 quod
967 3726 1060 3781 nos
1094 3710 1260 3764 Deum
1285 3709 1646 3777 dilexerimus,
1676 3711 1766 3765 sed
1800 3714 1938 3783 quod
1982 3713 2094 3782 ipse

503 3801 689 3856 dilexit
719 3819 811 3856 nos
844 3805 940 3869 “',
963 3810 1018 3858 ct
1051 3817 1174 3858 cum
1206 3803 1509 3870 dilexisset,
1545 3803 1818 3858 inclinavit
1838 3806 2011 3874 mlas,
2041 3817 2092 3862 et

505 3895 773 3950 descendit
801 3895 871 3949 ".

580 3988 643 4042 γ.
676 3987 764 4043 50.
798 4006 817 4040 ι
846 3986 981 4055 Quis
1012 3987 1402 4043 transiretavit.
1439 4006 1458 4040 ι
1491 3987 1770 4054 Dominus,
1793 3988 1885 4060 qui
1917 3989 2091 4047 dixit:

505 4079 782 4150 Couﬁdite,
809 4097 900 4152 ego
923 4082 1023 4136 vici
1043 4083 1298 4136 mundum
1325 4082 1392 4135 ".
1423 4081 1583 4137 Solus
1606 4081 1752 4138 enim
1779 4083 1895 4154 ipse
1915 4093 2094 4140 trans-

506 4173 656 4228 navit
715 4170 1018 4243 peccat'um.
1061 4173 1198 4237 illud
1241 4189 1392 4241 vero,
1437 4157 1634 4229 invenit
1685 4175 1858 4240 illam,
1907 4185 1988 4231 est
2031 4193 2100 4234 ac

508 4267 554 4321 si
586 4267 828 4322 diceret:
856 4263 1108 4339 Ostendit
1139 4265 1298 4323 nobis
1323 4266 1598 4338 quomodo
1650 4267 2000 4325 inveniamus
2030 4269 2096 4324 il-

509 4356 638 4411 lam.
1051 4354 1053 4357 ’
1221 4404 1223 4406 .
1909 4359 1912 4363 ’

2191 3174 2304 3210 ται.
2333 3157 2660 3227 Ὀνομαστοὶ
2689 3158 2766 3224 δὲ,
2807 3159 2998 3229 ἐπειδὴ
3029 3159 3492 3230 προκατηγγέλθη
3527 3161 3656 3232 περὶ
3683 3162 3788 3214 αὖ·

2190 3250 2301 3305 τῶν
2323 3267 2338 3281 ’
2367 3251 2684 3322 εὐμεγέθεις
2709 3253 2786 3318 δὲ,
2815 3253 2892 3315 ὡς
2925 3253 3253 3324 ὑπέρογκοι.

2263 3363 2282 3398 ι
2327 3345 2722 3414 Ἐπιστάμενοι
2764 3347 3025 3418 πόλεμον.
3065 3366 3084 3399 ι
3130 3347 3245 3417 Τῆς
3281 3344 3392 3417 γὰρ
3433 3347 3660 3419 εἰρήνης
3687 3348 3797 3402 τοῦ

2193 3437 2432 3508 Χριστοῦ
2457 3437 2670 3509 ἀνάξιοι
2692 3439 2845 3502 ὄντες
2866 3477 2882 3505 ,
2909 3439 3144 3512 πόλεμον
3167 3439 3418 3510 ῆσκησαν
3451 3440 3566 3494 οἵτε
3589 3439 3793 3512 δαίμορ

2193 3546 2302 3596 νες,
2332 3533 2429 3586 καὶ
2449 3533 2500 3584 οἱ
2527 3532 2819 3603 αίρετικοί.
2929 3553 2937 3558 ’
3196 3561 3197 3564 η

2270 3641 2289 3674 ι
2328 3623 2425 3687 Τίς
2454 3623 2619 3694 ἀνέϐη
2643 3625 2724 3687 εἰς
2749 3625 2841 3678 τὸν
2863 3622 3126 3694 οὐρανόν;
3157 3641 3175 3672 ι
3207 3621 3404 3685 Καθὼς
3428 3623 3747 3693 γέγραπται
3771 3641 3786 3654 ·

2185 3716 2320 3784 ,Οὐχ
2354 3715 2446 3770 ὅτι
2489 3715 2661 3787 ἡμεῖς
2701 3715 3112 3785 ἠγαπήσαμεν
3152 3714 3262 3768 τὸν
3303 3715 3456 3768 Θεὸν
3479 3755 3494 3779 ,
3526 3715 3664 3769 ἀλλ’
3696 3715 3789 3767 ὅτι

2193 3809 2380 3871 αὐτὸς
2408 3807 2730 3877 ἠγάπησεν
2753 3805 2912 3877 ἡμᾶς
2947 3807 3044 3884 καὶ
3081 3807 3382 3876 ἀγαπήσας
3407 3807 3656 3890 ἔκλινεν
3687 3809 3798 3862 οὑ-

2187 3900 2418 3969 ρανοὺς
2446 3901 2545 3954 καὶ
2571 3899 2817 3967 κατέϐη.

2271 4011 2289 4044 ι
2324 3992 2420 4056 Τίς
2451 3992 2628 4063 διέϐη.
2673 4009 2691 4043 ι
2747 3992 2805 4046 '0
2840 3992 3044 4063 Κύριος
3067 3992 3272 4058 εἰπὼν,
3302 3991 3625 4059 Θαρσεῖτε,
3672 3991 3792 4060 ἐγὼ

2194 4084 2489 4154 νενίκηκα
2531 4083 2640 4137 τὸν
2665 4083 2923 4152 κόσμον.
2952 4084 3132 4149 Μόνος
3166 4083 3277 4156 γὰρ
3314 4084 3480 4149 αὐτὸς
3507 4083 3661 4155 διέϐη
3687 4083 3794 4154 τὴν

2196 4177 2491 4248 ἁμαρτίαν.
2522 4177 2597 4231 Τὸ
2620 4177 2700 4240 δὲ,
2723 4173 2918 4246 Εὗρεν
2949 4178 3167 4248 αὐτὴν,
3191 4177 3312 4232 ἀντὶ
3325 4177 3443 4244 τοῦ,
3476 4175 3793 4242 ’Υπὲδειξεν

2195 4273 2327 4344 ἡμῖν
2349 4272 2531 4343 εὑρεῖν
2570 4270 2763 4341 αὐτήν.

586 4465 606 4498 ι
637 4445 910 4503 Etall‘eret
927 4461 1066 4502 eam.
1101 4466 1120 4499 ι
1162 4445 1430 4514 Quoniam
1457 4449 1724 4520 sapientia
1756 4465 1922 4506 omne
1969 4467 2093 4523 pre-

2272 4469 2293 4503 ι
2332 4450 2441 4504 Καὶ
2463 4450 2602 4503 οἴσει
2624 4448 2822 4519 αὑτήν.
2861 4466 2882 4499 ι
2913 4449 3039 4502 Ὅτι
3059 4447 3388 4521 ἀτίμητοςή
3418 4446 3602 4518 σοφία.
3639 4447 3791 4520 Πρδς

511 4539 645 4592 tium
673 4549 928 4609 supcrat:
964 4532 1190 4610 mystico
1237 4556 1368 4596 vero
1396 4557 1582 4605 sensu,
1607 4557 1803 4596 aurum
1858 4542 2094 4600 electum

509 4639 594 4687 est
629 4631 783 4696 ﬁdes,
812 4647 910 4702 per
937 4648 1098 4702 quam
1133 4630 1327 4687 Filium
1356 4633 1756 4703 cognoscimus.

587 4741 606 4776 ι
636 4723 755 4778 Non
785 4733 870 4780 est
896 4725 987 4796 qui
1027 4725 1163 4781 sciat
1190 4725 1330 4778 viam
1361 4725 1499 4796 ejus.
1533 4744 1551 4777 ›
1585 4724 1641 4779 Si
1671 4725 1794 4796 quis
1820 4725 1968 4781 enim
1994 4728 2097 4784 ali-

509 4811 639 4881 quid
667 4829 829 4870 nosse
850 4814 1085 4881 videtur,
1118 4814 1364 4870 nondum
1392 4816 1544 4872 novit.
1593 4817 1671 4871 uti
1715 4833 1879 4875 nosse
1935 4834 2101 4890 opor-

513 4914 611 4974 tet,
638 4923 740 4964 nec
769 4908 861 4980 qui
891 4910 1185 4981 excogitet.

586 5018 606 5053 ι
639 4999 900 5056 Semitam
919 5001 1062 5072 ejus.
1103 5019 1122 5053 ι
1170 5001 1472 5065 Doctrinas,
1513 5002 1790 5058 vaticinia.

585 5177 647 5233 V.
671 5179 760 5235 52.
797 5197 817 5233 ι
853 5179 959 5236 Sed
985 5181 1078 5251 qui
1104 5180 1447 5250 scitlomnia.
1478 5199 1498 5234 ι
1530 5180 1690 5237 Solus
1721 5199 1960 5256 namque
1993 5184 2098 5240 Pa-

513 5278 600 5325 ter
631 5269 827 5326 Filium
859 5274 1031 5328 novit.

592 5380 613 5436 ι
641 5363 935 5420 Διίἰιινοιιίι
963 5382 1104 5421 eam.
1149 5384 1168 5418 ι
1204 5364 1465 5421 Patefecit
1487 5382 1617 5422 vero
1655 5368 1805 5423 illum
1847 5378 1904 5424 et
1936 5369 2099 5426 nobis

519 5469 614 5522 per
643 5455 863 5525 sapiens
889 5457 1283 5515 incarnationis
1306 5460 1645 5530 mysterium.

593 5563 612 5597 ι
649 5545 751 5612 Qui
792 5551 1135 5618 praeparavit.
1169 5571 1189 5604 ι
1226 5549 1306 5606 Ad
1338 5551 1593 5618 litteram,
1618 5553 1764 5623 quod
1793 5569 1891 5624 per
1926 5553 2104 5610 incar-

609 5743 654 5774 ⁸⁸
696 5743 854 5799 Rom.
883 5761 935 5809 ι,
965 5762 1044 5801 ιιι.

2192 4541 2250 4595 δὲ
2287 4539 2546 4603 διάνοιαν,
2578 4536 2802 4610 χρυσίον
2832 4537 3089 4592 ἐκλεκτὸν
3122 4540 3156 4611 ἠ
3183 4539 3391 4604 πίστις,
3421 4539 3493 4593 δι’
3530 4532 3598 4612 ἧς
3628 4536 3792 4608 γινὼ-

2110 4699 2112 4701 _
2197 4648 2402 4704 σκομεν
2427 4630 2517 4684 τὸν
2545 4629 2696 4683 Υἱόν.

2272 4741 2293 4776 ι
2341 4724 2455 4777 Οὐκ
2481 4721 2630 4775 εστιν
2651 4723 2680 4776 ό
2719 4719 3010 4789 γινώσκων
3036 4721 3136 4792 τὴν
3175 4720 3295 4774 ὁδὸν
3324 4721 3519 4792 αὐτῆς.
3558 4738 3576 4772 ι
3609 4719 3678 4773 Εῖ
3704 4738 3792 4783 τις

2198 4817 2310 4887 γὰρ
2360 4815 2509 4869 δοκεῖ
2559 4814 2860 4886 ἐγνωκέναι
2926 4831 3003 4877 τι,
3067 4812 3224 4868 οὔπω
3278 4813 3422 4882 ἔγνω
3477 4811 3660 4877 καθὼς
3711 4813 3794 4865 δεῖ

2205 4910 2431 4980 γνῶναι.
2921 4911 2927 4916 ’

2279 5021 2298 5053 ι
2343 5000 2453 5072 Τὴν
2487 4981 2672 5072 τρίϐον
2694 5000 2892 5071 αὐτῆς.
2927 5018 2946 5052 ι
2979 5000 3091 5066 Τὰς
3124 4998 3498 5064 διδασκαλίας,
3531 4996 3632 5061 τὰς
3657 5015 3793 5070 προ-

2202 5095 2454 5164 φητείας.
3041 5165 3043 5167 _
3229 5167 3236 5172 ἑ

2276 5206 2294 5238 ι
2337 5185 2480 5239 Ἀλλ’
2505 5185 2533 5236 ό
2565 5182 2722 5245 εἰδὼς
2764 5182 2835 5235 τὰ
2875 5181 3078 5238 πάντα..
3122 5200 3141 5234 ι
3181 5181 3361 5244 Μόνος
3393 5180 3503 5252 γὰρ
3545 5179 3576 5232 ὁ
3601 5178 3792 5251 Πατὴρ

2201 5279 2458 5348 γινώσκει
2493 5276 2586 5330 τὸν
2619 5275 2771 5329 Υἰόν.
3105 5336 3108 5338 η
3751 5267 3754 5270 ’

2282 5387 2301 5419 ι
2345 5366 2598 5438 Ἐξεῦρεν
2647 5365 2844 5437 αὑτήν.
2886 5383 2904 5416 ι
2937 5363 2951 5382 ⁵
2986 5362 3351 5434 Εφανὲρωσεν
3397 5361 3456 5415 δὲ
3499 5359 3665 5416 αὐτὸν
3696 5363 3792 5414 καὶ

2199 5459 2331 5530 ἡμῖν
2355 5459 2446 5510 διὰ
2473 5457 2566 5511 τοῦ
2595 5456 2762 5524 σοφοῦ
2788 5457 2888 5526 τῆς
2918 5451 3392 5528 ὲνανθρωπήσεως
3426 5452 3754 5526 μυστηρίου.

2278 5570 2298 5603 ι
2343 5551 2401 5604 '0
2425 5552 2860 5615 κατασκευάσας.
2901 5570 2920 5602 ι
2952 5551 3094 5622 Πρὸς
3131 5548 3230 5619 μὲν
3257 5547 3320 5602 τὸ
3357 5549 3520 5621 ῥητὸν
3543 5588 3558 5614 ,
3593 5549 3675 5603 ὃτι
3702 5545 3794 5602 διὰ

1143 5749 1185 5780 ⁸³
1212 5747 1402 5803 Matth.
1431 5764 1584 5816 mu,
1623 5753 1712 5809 23.
1791 5753 1856 5786 ⁸³⁸
1887 5752 1908 5805 1
1939 5749 2093 5807 Joau.

2193 5793 2208 5818 ,
2234 5750 2318 5806 10.
2397 5752 2439 5784 ⁷⁰
2469 5749 2610 5806 Psal.
2650 5766 2775 5816 mi,
2811 5749 2892 5807 ιο.
2971 5751 3010 5784 ⁷⁸
3039 5749 3195 5807 .loau.
3234 5749 3454 5816 “1,55.
