4122 6210
340 241 452 308 ’189

1329 256 1798 322 FRAGMENTA
1835 257 1920 323 IN
1962 260 2261 328 LIBRUM
2302 266 2632 335 BARUCH.

3509 284 3618 353 7³70

330 355 426 407 τοῦ
447 355 974 430 ὲιανθρωτεήσαντος
993 361 1153 433 λόγου
1183 365 1251 420 τὰ
1275 369 1453 423 πάντα
1476 371 1906 442 κατεσκευάσθη.

336 445 664 465 τιμε...
909 454 936 465 ..
1053 455 1064 465 .
1220 459 1244 465 _
1403 462 1424 465 -
1541 463 1550 465 μ
1649 463 1664 465 _

2021 384 2210 430 natum
2271 376 2512 435 Verbum
2548 381 2733 438 omnia
2787 388 3008 443 condita
3061 401 3226 447 sunt:
3293 393 3615 465 Spiritalitcr

334 445 476 516 Πρὸς
503 447 559 501 δὲ
582 448 840 519 διάνοιαν,
871 454 974 526 γῆν
1013 455 1114 527 τὴν
1142 459 1343 524 γνῶσιν
1367 462 1469 525 τῆς
1502 463 1806 529 εὐσεϐείας.

407 557 428 591 ι
465 541 816 612 Ἑνέπλησεν.
857 566 876 598 ι
913 549 1183 618 ’Λγαυοὺς
1208 552 1266 605 δὲ
1297 554 1392 608 καὶ
1426 557 1704 628 πονηροὺς
1725 557 1919 611 ἐκάλε-

331 647 424 684 σεν
458 636 538 697 εἰς
586 638 712 700 τοὺς
766 641 982 710 γάμους
1048 644 1079 695 6
1129 643 1354 714 Κύριος.
1412 648 1600 718 κτήνη
1639 649 1698 702 δὲ
1747 649 1957 718 λέγει..

327 722 455 786 τοὺς
493 725 598 796 πρὸ
618 727 810 782 τούτου
841 733 1102 802 κτήνεσιν
1146 733 1400 808 ἀνοήτοις
1427 739 1860 809 συμϐληθέντας.

290 851 293 854 -
406 832 425 865 ι
460 818 520 869 Ui
549 817 606 870 δὲ
637 819 888 891 ἀστέρες,
938 839 956 874 ι
993 824 1132 888 Τοὺς
1167 826 1506 893 ἀποστόλους
1539 831 1674 902 πρὸς
1717 831 1810 896 οὒς
1836 827 1916 884 εῖ-

329 921 451 971 πεν,
501 907 689 980 Ὑμεῖς
717 913 841 966 ἐστε
873 915 934 968 τὸ
965 915 1082 986 φῶς
1106 917 1201 971 τοῦ
1225 919 1452 990 κόσμου.

402 1017 422 1050 ι
454 1001 746 1059 Ἐκάλεσεν
793 1006 1012 1072 αὐτούς.
1054 1030 1074 1060 ι
1111 1003 1202 1063 Ἐν
1241 1014 1354 1076 τοῖς
1395 1013 1704 1086 δεδομένοις
1731 1016 1917 1082 αὐτοῖς

327 1091 633 1174 χαρίσμασι
665 1095 1073 1168 διαλάμψαντες
1103 1102 1406 1174 ἐχάρησαν.

400 1169 570 1240 Οὗτος
605 1180 632 1229 ὁ
657 1179 812 1240 Θεός.
856 1197 874 1232 ι
929 1183 994 1235 υἱ
1032 1169 1528 1259 τὴννὴάιιτοστολικὴν
1553 1189 1751 1259 κλῆσιν
1777 1209 1914 1262 προ-

327 1263 518 1332 θυμως
548 1267 980 1337 ὑπακούσαντες,
1010 1274 1108 1326 καὶ
1144 1275 1446 1347 ίπιϐυμίαν
1463 1277 1679 1347 ἔχοντες
1717 1282 1917 1336 ἀναλῦ-

329 1370 441 1415 σαι.
465 1357 561 1411 καὶ
590 1360 686 1412 σὺν
737 1349 958 1434 Χριστῷ
999 1361 1166 1429 εἶναι,
1207 1368 1299 1420 καὶ¹
1327 1369 1495 1439 μηδὲν
1537 1373 1917 1443 προτιμῶντες

323 1446 417 1497 τοῦ
449 1450 674 1517 ποιῆσαι
693 1451 753 1504 τὸ
780 1456 1274 1525 προσταττόμενον.
1309 1487 1380 1498 -
1417 1459 1476 1512 Ὀ
1498 1461 1566 1514 δι’
1593 1463 1743 1532 ἡμᾶς
1762 1481 1916 1532 γεγο-

324 1537 432 1599 νὼς
484 1537 796 1611 ἄνθρωπος,
850 1543 944 1596 τοῦ
1001 1545 1216 1624 Πατρδς
1272 1548 1513 1618 γεγονὼς
1555 1552 1762 1620 Λόγος,
1819 1555 1914 1606 καὶ

323 1623 417 1675 ἐπὶ
465 1626 570 1695 γῆς
623 1629 830 1697 ὀφθεὶς,
889 1633 984 1685 καὶ
1046 1637 1159 1698 τοῖς
1203 1635 1512 1708 ἀνθρώποις
1535 1655 1912 1716 συναναστρα-

323 1728 389 1780 φε
400 1713 467 1776 ἐς.

395 1807 568 1862 «Καὶ
620 1807 823 1864 ἔδωκεν
869 1813 1062 1884 αὐτήν.
1090 1841 1094 1843 Α
1121 1806 1152 1868 ν’
1180 1815 1304 1870 Ὅτι
1357 1819 1506 1874 πᾶσα
1565 1821 1910 1895 πνευματικὴ

324 1897 600 1970 ἐπιστήμη
617 1900 827 1969 ἄγουσα
854 1905 987 1976 πρὸς
1009 1907 1238 1979 οὐρανὸν
1263 1911 1430 1966 αὑτοῦ
1450 1911 1562 1986 [ῖσ.
1585 1913 1679 1968 ὑπ’
1717 1914 1910 1988 αὐτοῦ]

326 1995 744 2064 κατεργάζεται.
1150 2006 1153 2008 ’
1307 2047 1314 2055 .
1846 2041 1868 2049 -›

400 2101 420 2137 ι
449 2086 604 2140 Μετὰ
635 2086 798 2142 τοῦτο
823 2088 916 2143 ἐπὶ
946 2089 1048 2161 τῆς
1073 2091 1378 2166 γῆςῶφθη.
1421 2116 1439 2148 ι
1476 2099 1585 2152 Καὶ
1632 2100 1742 2174 γὰρ
1764 2104 1908 2159 κατὰ

321 2177 475 2242 τάξιν
507 2178 570 2231 τὸ
593 2179 650 2231 ἓν
678 2182 774 2235 καὶ
803 2182 866 2235 τὸ
880 2184 1013 2238 αὐτὸ
1039 2189 1340 2260 μυστήριον
1378 2189 1616 2264 ἔλαμψε,
1640 2191 1903 2268 νομικῶς,

324 2273 700 2342 προφητικῶς,
735 2275 1130 2348 εὐαγγελικῶς.

991 2391 1147 2445 ΚΕΦ.
1176 2395 1252 2450 A'.

401 2495 422 2527 ι
466 2463 614 2548 Λῦτη
645 2480 677 2550 ἡ
707 2479 908 2550 βίϐλος.
953 2501 975 2534 9
1047 2485 1110 2539 Ἦ
1144 2486 1232 2541 διὰ
1271 2488 1378 2542 τῶν
1423 2492 1774 2562 Εὑαγγελίων
1809 2495 1906 2552 τοῦ

325 2571 628 2640 μυστηρίου
651 2573 869 2644 ποικίλη
894 2577 1118 2644 γνῶσις,
1151 2581 1184 2651 ἡ
1215 2582 1311 2635 καὶ
1335 2582 1741 2651 διαιωνίζουσα.

399 2677 418 2712 ι
454 2662 757 2717 Διόδευσον.
807 2683 826 2718 ι
884 2667 1058 2731 Αὐτὸς
1113 2671 1418 2741 γὰρ’καλεῐ
1455 2675 1630 2745 λέγων
1660 2693 1676 2706 °
1720 2677 1901 2734 Δεῦτε

319 2749 472 2815 πρός
490 2767 569 2818 με
607 2750 833 2818 πάντες
853 2756 906 2808 οἱ
935 2755 1259 2825 κοπιῶντες
1287 2760 1389 2815 καί
1410 2766 1902 2836 πεφορτισμένοι,

318 2839 481 2910 κάγὼ
503 2842 838 2898 ἀναπαύσω
861 2845 1038 2915 ὑμᾶς.

395 2950 414 2983 ι
472 2933 751 3004 Μακάριοι
789 2937 975 3008 ἐσμεν.
1027 2958 1045 2992 ι
1089 2941 1364 3016 Παρορμᾷ
1405 2946 1534 3011 τοὺς
1570 2946 1630 3015 ἐξ
1681 2950 1900 3023 Ἰσραὴλ

315 3029 677 3096 προαρπάσαι
701 3029 799 3100 τὴν
829 3032 1012 3100 χάριν.
1039 3034 1259 3106 Ἐἰτειδη
1291 3038 1385 3091 καὶ
1412 3040 1595 3105 αὐτοῖς
1633 3037 1700 3112 ἦν
1726 3044 1898 3114 ἀναγ-

280 3119 284 3122 ’
317 3118 470 3169 καῖον
508 3117 724 3189 πρῶτον
769 3122 1090 3190 ἀναγγεῖλαι
1123 3124 1214 3178 τὸν
1239 3125 1400 3196 λόγον
1432 3128 1526 3182 τοῦ
1549 3129 1707 3187 Θεοῦ.
1736 3165 1803 3177 —
1839 3135 1899 3190 ’0

316 3213 686 3280 πνευματικὸς
710 3213 925 3284 Ἰσραὴλ
952 3215 1125 3271 ταῦτα
1158 3220 1324 3290 φησίν
1343 3238 1358 3253 ο
1395 3223 1533 3294 πρὸς
1561 3225 1654 3288 οὖς
1677 3245 1843 3298 φησιν
1871 3229 1900 3282 6

315 3299 506 3373 Σωτήρ
528 3319 544 3334 ο
590 3302 784 3373 ’Υμῶν
806 3306 874 3359 δὲ
895 3308 1177 3378 μακάριοι
1207 3314 1263 3366 οί
1291 3313 1610 3385 ὀφθαλμοὶ,
1640 3318 1727 3372 ὅτι
1753 3319 1902 3385 ,βλέ-

313 3409 520 3462 novat,
554 3399 652 3452 καὶ
695 3399 767 3453 τὰ
793 3396 915 3456 ὦτα
937 3404 1127 3472 ὑμῶν,
1156 3405 1247 3460 ὅτι
1277 3409 1632 3466 ἁκούουσιν.

389 3507 410 3540 ι
447 3489 733 3559 Θαρσεῖτε,
766 3492 898 3558 λαός
933 3513 1059 3565 μου.
1085 3517 1103 3549 ι
1130 3495 1200 3552 Ὦ
1221 3503 1353 3573 παρ’
1382 3502 1520 3572 ἐμοῦ
1558 3507 1897 3578 μνημονευό-
1961 3532 1967 3538 ·

314 3593 446 3648 μενε
473 3579 716 3652 Ἰσραήλ.

389 3689 410 3723 ι
449 3672 784 3761 Ἐπράοητε.
830 3695 849 3730 ι
879 3679 941 3732 Ei
969 3681 1078 3752 γὰρ
1107 3681 1194 3736 διὰ
1234 3684 1336 3754 τὴν
1367 3686 1647 3760 ἁμαρτίαν
1675 3689 1803 3761 ἔσχε
1837 3693 1898 3746 τὸ

311 3763 438 3818 καθ’
490 3764 648 3835 ἡμῶν
679 3759 1045 3842 χειρόγραφον
1091 3775 1120 3827 ὁ
1152 3771 1421 3846 διάϐολος,
1459 3781 1576 3836 ἀλλ’
1598 3784 1628 3838 6
1663 3759 1900 3857 Χριστὸς

311 3858 462 3929 ημᾶς
487 3859 567 3930 τῷ
598 3861 715 3932 ἰδίῳ
737 3863 928 3934 αἵματι
951 3863 1340 3940 ὲξηγοράσατο.

390 4058 410 4092 ι
448 4041 922 4109 Ἐπελάθεσθσςδέ.
961 4068 980 4102 ι
1018 4050 1140 4106 Ὀτι
1164 4051 1309 4124 λόγῳ
1331 4055 1460 4128 θείῳ
1483 4060 1785 4131 τραφέντες
1815 4061 1895 4128 ὡς

309 4130 540 4202 λογικοὶ,
571 4138 653 4198 είς
679 4139 900 4209 ἀλογίαν
933 4146 1471 4221 καταπεπώκαμεν.

383 4349 402 4383 ι
423 4333 744 4398 Ἀκούσατε,
763 4337 821 4390 αἱ
835 4336 1091 4408 πάροικοι
1113 4339 1268 4395 Σιών.
1297 4361 1315 4392 ι
1347 4343 1457 4408 Τὰς
1481 4345 1777 4416 παροίκους
1793 4366 1894 4405 κα·-

2022 475 2182 531 vocat
2213 475 2434 535 terram,
2469 471 2688 541 pietatis
2720 478 3103 548 cognitionem.

2093 573 2117 605 τ
2149 555 2426 627 Replevit.
2468 577 2486 611 ι
2524 559 2730 617 Probos
2757 581 2990 634 namque
3019 578 3074 621 et
3094 569 3376 640 improbos
3414 577 3479 628 ad
3513 592 3614 628 nu-

2019 646 2165 714 ptias
2199 647 2463 705 Dominus
2510 655 2830 708 convocavit
2859 672 2874 709 :
2903 657 3149 725 jnmunta
3179 674 3310 716 vero
3358 679 3452 718 eos
3514 668 3614 730 ait,

2019 733 2111 802 qui
2132 744 2291 789 antea
2318 735 2582 806 iumentis
2612 739 2993 810 insipientibus
3027 748 3324 814 comparati
3357 759 3504 804 sunt.

2092 825 2156 880 ν.
2194 827 2284 890 54,
2317 844 2337 880 ι
2359 827 2546 884 Stella:
2566 840 2767 893 autem.
2789 851 2810 885 ι
2835 836 3080 904 Apostoii
3109 837 3175 891 ad
3202 853 3338 908 quos
3362 839 3574 896 dixerat
3598 861 3611 898 :

2024 916 2119 971 Vos
2145 921 2268 974 estis
2302 919 2394 974 tua:
2423 922 2605 976 mundi
2635 923 2704 976 ".
2755 919 2760 922 ’

2085 1009 2151 1064 ν.
2185 1011 2276 1065 55.
2312 1030 2331 1063 ‹
2364 1011 2590 1068 Vocavit
2650 1030 2766 1070 eas.
2799 1033 2818 1068 ι
2866 1015 2926 1071 In
2984 1019 3143 1075 donis
3177 1021 3280 1076 sibi
3339 1024 3480 1080 datis
3523 1041 3617 1082 co-

2018 1111 2304 1158 ruscantes
2332 1105 2503 1174 gavisi
2529 1115 2680 1161 sunt.

2091 1191 2153 1250 V.
2179 1195 2269 1250 56.
2309 1215 2328 1246 ι
2363 1197 2463 1252 Hic
2487 1207 2576 1252 est
2604 1197 2750 1253 Deus
2795 1209 3004 1256 noster.
3041 1221 3059 1255 ι
3116 1203 3219 1270 Qui
3262 1207 3329 1262 ad
3368 1212 3614 1266 vocatio-

2015 1297 2142 1337 nem
2185 1287 2537 1355 apostolicam
2570 1299 2822 1360 prompte
2860 1292 3240 1360 obediverunt.
3274 1307 3326 1352 et
3383 1302 3614 1372 cupiunt

2015 1375 2260 1446 dissolvi,
2284 1389 2338 1434 et
2386 1395 2507 1448 esse
2529 1397 2654 1436 eum
2685 1383 2903 1439 Christo
2927 1387 2996 1448 ",
3023 1387 3269 1459 nihilque
3311 1394 3613 1461 pneferunt

2014 1470 2379 1528 observantia:
2408 1475 2810 1532 mandatorum.
2851 1507 2920 1519 —-
2949 1479 3104 1545 Quod
3131 1498 3230 1551 pro
3252 1487 3414 1539 nobis
3441 1487 3610 1544 homo

2015 1560 2190 1616 factus
2235 1574 2321 1619 est
2364 1563 2601 1620 Verbum
2652 1565 2846 1632 Patris,
2885 1579 2940 1623 et
2999 1569 3053 1624 in
3105 1579 3250 1627 terra
3297 1575 3496 1646 visum,
3555 1588 3611 1635 et

2014 1668 2142 1707 cum
2172 1652 2489 1712 hominibus
2517 1670 2900 1716 conversatum
2931 1661 3000 1716 ⁷⁸.

2090 1851 2110 1885 ι
2141 1833 2211 1889 Et
2231 1833 2382 1890 dedit
2412 1849 2556 1891 eam.
2600 1856 2618 1888 ι
2659 1836 2928 1904 Quoniam
2961 1843 3143 1898 Omnis
3188 1847 3486 1916 spiritualis
3517 1849 3609 1908 di-

2013 1922 2266 1994 sciplina,
2300 1941 2423 1996 quae
2451 1926 2519 1982 ad
2545 1927 2946 1998 caalumducit,
2975 1933 3044 1988 ab
3081 1933 3198 2005 ipso
3231 1937 3539 1997 conﬁcitur.
3636 2003 3642 2011 ,

2086 2101 2147 2158 ν.
2180 2101 2268 2158 38.
2312 2121 2331 2154 ι
2363 2102 2494 2158 Post
2523 2104 2642 2161 Iure
2675 2105 2731 2161 in
2778 2116 2919 2163 terra
2970 2110 3120 2168 visus
3167 2125 3272 2171 est.
3307 2136 3328 2170 ι
3392 2116 3608 2178 Etenim

2012 2208 2178 2247 unum
2201 2203 2255 2249 et
2279 2194 2421 2250 idem
2451 2197 2770 2277 mysterium
2802 2199 2995 2257 ordine
3038 2205 3398 2277 resplenduit,
3451 2210 3601 2285 lega-

2010 2283 2154 2352 litcr,
2190 2288 2532 2359 pr0phetice,
2554 2293 2888 2364 evangelice.

2642 2405 2791 2460 CAP.
2822 2405 2910 2463 IV.

2082 2491 2146 2549 V.
2180 2493 2229 2549 i.
2261 2512 2280 2545 ι
2310 2492 2410 2549 llic
2452 2494 2609 2551 liber.
2647 2513 2666 2548 ι
2704 2495 3049 2555 Multiformis
3096 2517 3194 2573 per
3245 2503 3604 2580 Evangelium

2006 2567 2246 2656 mysterii
2276 2582 2536 2655 cognitio,
2563 2600 2684 2655 quae
2707 2588 2869 2642 etiam
2900 2589 2956 2644 in
2986 2601 3252 2648 :elernum
3277 2598 3405 2653 erit.

2075 2672 2142 2729 ν.
2176 2674 2228 2729 2.
2271 2693 2290 2727 ι
2321 2675 2572 2736 Ambula.
2599 2662 2626 2730 θ’
2656 2679 2776 2749 Ipse
2801 2681 2947 2736 enim
2985 2692 3142 2739 vocat
3161 2686 3388 2744 dicens:
3426 2691 3604 2749 Venite

2005 2767 2077 2820 ad
2100 2782 2203 2830 me,
2235 2783 2412 2821 omnes
2437 2767 2528 2837 qui
2554 2767 2807 2824 laboratis
2838 2783 2887 2826 et
2910 2775 3114 2828 onerati
3146 2779 3290 2843 estis,
3323 2788 3373 2834 et
3401 2797 3494 2853 ego
3514 2793 3604 2839 re-

2002 2859 2182 2929 ﬁciunt
2203 2875 2292 2914 vos
2325 2860 2392 2915 ".
2756 2922 2759 2924 .

2088 2950 2147 3006 ν.
2186 2951 2240 3005 4.
2277 2970 2295 3003 ι
2324 2951 2471 3008 Beati
2510 2969 2720 3010 sumus.
2757 2974 2776 3008 ι
2828 2956 3041 3016 Excitat
3085 2961 3353 3019 lsraelitas
3392 2972 3449 3020 ut
3473 2983 3600 3039 gra-

2007 3043 2134 3098 tiam
2163 3045 2500 3116 praeripiant.
2530 3045 2664 3102 Nam
2692 3058 2747 3103 et
2773 3048 2876 3105 illis
2898 3067 3124 3108 necesse
3149 3063 3265 3109 erat
3294 3056 3444 3126 prius
3487 3074 3594 3114 an-

2002 3136 2242 3192 nuntiari
2275 3138 2500 3193 verbum
2531 3139 2644 3195 Dei.
2669 3171 2740 3184 —-
2774 3140 3084 3213 Spiritualis
3115 3144 3277 3202 Israel
3305 3149 3419 3204 haec
3457 3148 3592 3205 οσο-

2005 3235 2112 3294 tur,
2145 3229 2214 3284 ad
2243 3244 2382 3299 quos
2425 3229 2564 3286 dixit
2597 3230 2884 3288 Salvator:
2922 3235 3087 3290 Vestri
3135 3255 3255 3293 vero
3283 3241 3420 3295 oculi
3451 3243 3596 3297 beati

2002 3327 2122 3372 sunt
2150 3318 2400 3388 quoniam
2427 3321 2622 3388 vident,
2653 3331 2704 3376 et
2757 3339 2912 3378 aures
2952 3336 3156 3394 vestm,
3197 3331 3444 3397 quoniam
3493 3349 3596 3388 au.

2002 3410 2152 3464 diunt
2172 3411 2234 3464 ⁷⁸.

2081 3521 2103 3554 ι
2131 3503 2424 3568 Conﬂdite,
2456 3504 2694 3575 populus
2733 3521 2908 3574 meus,
2943 3510 3256 3568 memoriale
3275 3512 3460 3571 Israel.
3496 3534 3516 3571 ι
3549 3517 3598 3574 0

2004 3591 2189 3660 Israel,
2225 3596 2293 3651 de
2324 3611 2434 3666 quo
2461 3597 2652 3666 loquar
2677 3613 2797 3670 ego.

2076 3684 2143 3740 ν.
2176 3687 2228 3742 6.
2268 3691 2292 3740 ὁ
2320 3688 2634 3744 V’enundati
2665 3693 2822 3745 estis.
2856 3709 2874 3742 ι
2906 3692 3039 3746 Nam
3065 3693 3164 3748 esti
3193 3705 3416 3766 propter
3466 3713 3598 3768 pec-

2003 3785 2184 3832 catum
2243 3780 2507 3835 adversus
2559 3795 2662 3836 nos
2721 3781 2969 3838 diabolus
3027 3784 3448 3858 chirographum
3493 3791 3595 3848 ba-

2003 3865 2158 3930 hoit,
2198 3866 2448 3925 Christus
2505 3879 2688 3926 tamen
2734 3885 2836 3927 nos
2878 3874 3100 3944 proprio
3150 3879 3418 3948 sanguine
3466 3882 3595 3938 red-

2003 3959 2158 4013 emit.

2075 4049 2140 4104 V.
2167 4050 2221 4105 8.
2252 4068 2272 4104 ι
2322 4049 2485 4107 Obliti
2533 4068 2666 4110 vero
2711 4054 2864 4111 estis.
2904 4075 2922 4109 ι
2960 4057 3113 4125 Quod
3151 4060 3340 4117 divino
3395 4065 3590 4122 nutriti

2003 4143 2190 4208 verbo,
2232 4142 2311 4198 uti
2332 4144 2558 4201 rationis
2589 4155 2890 4218 compotes,
2924 4150 2992 4205 ab
3031 4165 3139 4227 usu
3191 4155 3424 4212 rationis
3455 4157 3596 4215 exci-

2004 4235 2212 4291 dimus.

2078 4327 2139 4382 ιν.
2172 4328 2225 4385 9.
2272 4347 2290 4382 ι
2317 4329 2536 4397 Audite,
2567 4329 2810 4387 conﬁnes
2833 4329 2985 4388 Sion.
3019 4351 3038 4386 ι
3082 4335 3299 4393 Vicinas
3327 4347 3487 4396 vocat
3523 4343 3620 4397 ad'

307 4423 392 4476 λεί
419 4425 556 4496 πρὸς
575 4426 674 4498 τὴν
699 4427 827 4482 θέαν
855 4429 948 4484 τοῦ
975 4431 1225 4498 πένθους,
1252 4435 1328 4505 τῷ
1352 4438 1758 4511 παραδείγματι
1791 4436 1906 4496 om?

2004 4415 2296 4472 videndum
2361 4418 2592 4485 luctum,
2653 4421 2890 4478 reddens
2936 4438 3029 4478 eas
3074 4427 3326 4498 exemplo
3378 4431 3591 4490 cautio-

311 4518 682 4586 φρονεστέρας
723 4519 892 4584 αὐτὰς
928 4522 1378 4598 ἀπεργασομὲνη.
1407 4557 1477 4568 ο-
1513 4529 1598 4594 Ὠς
1629 4533 1767 4604 πρὸς
1790 4535 1891 4600 τὰς

312 4605 590 4677 ὑπηκόους
616 4610 799 4677 πόλεις
834 4613 862 4666 6
889 4613 1068 4684 λόγος.

383 4692 404 4750 ι
449 4697 654 4770 Μηδεὶς
678 4703 1010 4776 ἐπιχαιρέτω
1037 4725 1126 4777 μοι
1152 4710 1218 4780 τῇ
1254 4709 1420 4783 χήρᾳ.
1463 4730 1482 4764 ι
1519 4714 1693 4769 Καλεί
1711 4715 1767 4770 δὲ
1790 4719 1890 4782 αὐ-

303 4787 406 4860 τὴν
426 4790 624 4860 Χήραν,
650 4791 726 4855 ὡς
755 4792 960 4866 ἔρημον
984 4798 1081 4867 τῆς
1107 4798 1256 4864 θείας
1278 4801 1609 4873 κηδεμονίας
1629 4847 1644 4872 ,
1661 4803 1762 4877 τὴν
1792 4809 1892 4878 μό-

201 4936 210 4944 ,
304 4895 403 4951 νην
417 4880 737 4952 ἠρεμοῦσαν
765 4883 1217 4962 [ὲρημωθεῖσαν],
1243 4893 1344 4962 τὴν
1381 4893 1478 4948 νῦν
1511 4897 1679 4967 μόνην
1699 4899 1891 4971 δηλον-

302 4974 417 5024 (mn
457 4972 514 5044 ἢ,
537 4975 599 5057 ⁴εί
634 4975 710 5048 μὴ
741 4976 920 5040 τοῦτο,
954 4979 1029 5044 ὡς
1069 4982 1240 5052 μόνην
1293 4986 1594 5057 ἐσχηκυῖαν
1632 4989 1725 5042 τὸν
1753 4991 1895 5044 θεῖον

303 5060 438 5115 νεών
464 5079 479 5094 ·
607 5065 683 5131 ὡς
727 5067 898 5140 μόνην
939 5070 1045 5124 ὑπὸ
1090 5051 1895 5149 Ἀσσυρίιονῠπεριλειφθείσαν

300 5152 573 5208 ἀνάλωτον
598 5155 708 5228 [ἷσ.
748 5159 929 5234 item]
959 5191 1030 5203 -
1049 5163 1112 5215 Εἰ
1141 5163 1250 5235 γὰρ
1277 5166 1371 5219 καὶ
1399 5167 1705 5222 Παιδεύων
1734 5171 1897 5226 ἐπαί-

299 5243 485 5298 δευσέ
509 5263 587 5315 με
608 5251 642 5302 ὁ
669 5250 906 5320 Κύριος,
932 5253 1095 5307 ἀλλὰ
1130 5253 1208 5319 τῷ
1238 5254 1474 5322 θανάτῳ
1495 5259 1568 5311 οὐ
1591 5258 1896 5326 παρέδωκέ

293 5351 392 5401 με.
410 5336 495 5408 Χή
507 5337 650 5410 ραιδὲ
675 5342 880 5412 κυρίως
896 5342 1104 5414 ἐκλήθη
1124 5347 1156 5413 ἠ
1188 5345 1488 5416 Συναγωγὴ
1513 5349 1660 5411 τότε,
1683 5349 1773 5403 ὅτε
1805 5351 1885 5412 είς

299 5436 392 5484 τὸν
444 5431 646 5504 ἑαυτῆς
709 5436 946 5506 νυμφίον
1009 5439 1246 5511 Χριστὸν
1289 5440 1626 5512 ἐξυϐρίσασα
1688 5445 1889 5514 ἐγκατ-

298 5521 543 5593 ελείφυη.

369 5654 414 5739 ξ’
439 5653 634 5739 blatth.
653 5675 706 5727 v,
729 5659 816 5715 14.
896 5661 941 5695 ⁷³
971 5661 1208 5738 Philipp.
1250 5679 1289 5731 I,
1315 5664 1406 5722 25.
1495 5668 1540 5700 ⁷⁵
1563 5666 1800 5725 Baruch.
1826 5685 1906 5739 In,

2007 5709 2021 5724 .
2101 5669 2144 5700 ⁷⁸
2210 5663 2399 5720 Matth.
2427 5680 2498 5733 ιι,
2529 5665 2620 5723 28.

296 5737 459 5792 mn,
494 5727 581 5779 18.

1998 4521 2106 4562 res.
2133 4536 2199 4551 --
2226 4507 2455 4565 Videtur
2467 4509 2534 4565 ad
2563 4511 2810 4569 subditas
2839 4514 3088 4572 civitates
3120 4517 3279 4596 dirigi
3304 4535 3512 4580 sermo.

2067 4687 2246 4743 v.12.
2282 4706 2302 4739 ι
2326 4688 2494 4744 Nemo
2523 4690 2758 4761 gaudeat
2784 4707 2950 4763 super
2983 4707 3069 4748 me
3103 4693 3284 4749 vidua.
3319 4713 3340 4748 ι
3385 4696 3587 4767 Appel-

1994 4778 2072 4833 lat
2097 4794 2228 4833 vero
2253 4794 2312 4834 se
2335 4779 2570 4846 viduam,
2597 4781 2672 4835 uti
2723 4781 2909 4838 divina
2953 4798 3084 4838 cura
3113 4785 3380 4851 orbatam,
3413 4787 3583 4841 solam

1997 4870 2354 4936 derelictam;
2407 4888 2554 4928 nunc
2593 4874 2803 4930 scilicet
2846 4876 3036 4930 solam.
3081 4877 3176 4932 Vel
3226 4877 3271 4932 si
3325 4893 3434 4931 non
3482 4877 3580 4943 ita,

1997 4963 2142 5033 quod
2173 4963 2286 5033 ipsa
2315 4963 2426 5018 sola
2461 4981 2676 5020 sacrum
2715 4966 2970 5023 habuerit
2997 4969 3280 5039 templum.
3320 4968 3413 5022 Vel
3461 4977 3581 5023 tan-

1994 5068 2158 5124 quam
2200 5054 2366 5110 solam
2413 5056 2482 5109 ab
2540 5057 2772 5128 Assyriis
2804 5058 3119 5114 derelictam
3168 5059 3288 5115 sine
3323 5057 3470 5114 ﬁliis.
3510 5091 3584 5102 —

1993 5145 2132 5199 Nam
2182 5154 2237 5200 et
2278 5145 2322 5199 si
2383 5145 2669 5218 Castigam
2707 5150 2982 5222 castigavit
3027 5166 3110 5204 me
3151 5150 3446 5216 Dominus,
3489 5152 3584 5206 sed

1995 5236 2153 5291 morti
2181 5252 2284 5290 non
2321 5237 2536 5292 tradidit
2569 5255 2652 5293 me
2675 5240 2739 5296 ⁷⁷.
2772 5241 2943 5316 Vidua
2971 5257 3100 5297 vero
3161 5243 3381 5314 proprie
3438 5244 3580 5316 Syn-

1993 5342 2160 5400 agoga
2188 5335 2318 5382 tunc
2342 5336 2530 5382 vocata
2559 5327 2680 5394 fuit,
2707 5345 2832 5386 cum
2857 5333 2914 5387 in
2947 5347 3210 5403 sponsum
3237 5349 3395 5390 suum
3421 5335 3580 5394 Chri-

1999 5431 2142 5476 stum
2165 5419 2517 5484 debacchata.
2553 5421 2810 5478 derelicta
2834 5423 2957 5481 fuit.

2721 5670 2766 5703 ⁷⁸
2800 5669 2993 5731 Matth.
3023 5677 3250 5745 1111,16.
3355 5678 3572 5772 "-Psal.
