4076 6188
417 277 522 340 ’177

1330 268 1790 330 FRAGMENTA
1828 266 1910 326 IN
1957 264 2314 328 JEREMI/E
2345 261 2791 324 EPISTOLAM.

3578 260 3685 328 7'78

418 393 530 446 τῶν
560 389 752 461 ἱερέων
788 384 971 456 ψυχὰς
1008 383 1109 437 οὐκ
1137 381 1396 447 ἐκλύτους
1436 377 1576 434 εἶναι
1619 381 1717 446 δεῖ,
1747 379 1862 432 ἀλλ’
1908 380 2002 432 ἁν-

2111 376 2395 430 cerdotum
2436 375 2646 429 animas
2689 372 2984 429 dissolutas
3019 387 3139 427 esse
3174 387 3280 427 non
3312 372 3529 443 decere,
3590 382 3688 436 sed

422 483 608 552 δρείας
640 480 739 534 καὶ
773 477 1022 548 γενικὰς.

497 593 516 626 ι
561 570 665 625 Ὧν
695 573 752 626 αί
778 569 1014 640 κεφαλαὶ
1043 567 1347 623 ἀκάλυπτοί
1378 565 1539 620 εἰσιν.
1587 584 1606 617 ι
1645 563 1761 617 Οὐκ
1791 561 2012 633 ἔχουσαι

420 684 517 740 τοῦ
551 682 823 757 σωτηρίου
854 681 954 755 τὴν
984 680 1444 752 περικεφαλαίαν.

503 798 707 852 Ἐ’νεόν
754 813 888 866 φησι
937 795 1000 848 τὸ
1046 793 1261 846 εἴδωλον
1309 791 1370 844 τὸ
1427 789 1658 859 ἄφωνον.
1685 787 1888 855 Βῆλον
1913 788 2011 841 Δία

421 888 516 943 καὶ
536 888 799 958 Ἕλληνες
829 883 1227 955 ὲσεὸάσθησαν.

502 1020 521 1054 ι
557 1005 622 1056 Αἱ
665 1003 723 1055 δὲ
751 1003 1012 1070 γυναῖκες
1067 997 1426 1069 περιθέμεναι
1457 995 1690 1066 σχοινία.
1732 1012 1750 1045 ι
1788 994 2008 1064 Σχοινία

423 1093 588 1163 φησὶν
611 1094 680 1146 τὰ
706 1091 1070 1163 περιζώματα
1092 1106 1108 1120 ο
1140 1088 1513 1143 καλύπτουσαι
1531 1086 1640 1157 γὰρ
1671 1086 1805 1156 μόνα
1825 1086 1893 1138 τὰ
1911 1086 2004 1138 τοῦ

424 1186 680 1258 σώματος
700 1187 844 1255 ἁσχή
856 1201 1013 1255 μονα,
1040 1183 1109 1237 τὰ
1127 1183 1292 1236 λοιπὰ
1321 1181 1726 1252 παρεγύμνουν,
1761 1197 2006 1250 προσκα-

421 1277 685 1347 λούμεναι
717 1278 844 1339 τοὺς
876 1277 1134 1346 ἐραστάς.

497 1385 517 1418 ι
555 1366 841 1436 Θυμιῶσαι
866 1366 935 1418 τὰ
962 1367 1189 1436 πίτυρα.
1229 1385 1250 1420 ι
1289 1363 1574 1438 Ἀφροδίτῃ
1608 1363 1790 1434 τυχὸν,
1823 1363 1857 1434 ἡ
1897 1381 2002 1416 τινι

423 1455 928 1526 προαγωγῷῦἰσως
956 1455 1013 1508 δὲ
1043 1457 1138 1510 καὶ
1172 1457 1253 1514 είς
1277 1455 1561 1526 καθαρμὸν
1591 1455 1750 1508 τοῦτο
1783 1454 2001 1508 ἐποίουν

419 1550 468 1600 οἱ
501 1547 562 1600 δυ
571 1549 803 1616 στυχεῖς.

471 1657 516 1706 ⁴ι
559 1639 679 1690 Ὅτι
701 1638 802 1690 οὐκ
824 1637 1071 1706 ἠξίωται.
1115 1655 1132 1690 ι
1173 1639 1294 1690 Ὅτι
1343 1637 1444 1690 οὐκ
1473 1635 1678 1706 ἠξιώθη
1710 1634 1844 1689 Θεοῦ
1871 1636 1994 1688 ἐπι-

2118 464 2323 531 viriles,
2359 478 2414 521 et
2444 481 2762 538 generosas.

2189 577 2250 631 V.
2278 577 2366 632 50.
2402 595 2420 626 ‹
2457 577 2698 644 Quorum
2721 577 2898 649 capita
2921 579 3066 633 nuda
3105 587 3250 634 sunt.
3293 598 3310 631 ι
3338 577 3454 634 Non
3483 580 3692 636 baben-

2112 670 2184 725 tia
2215 671 2467 725 salutaris
2495 672 2726 742 galeam.

2182 785 2246 839 V.
2301 787 2390 841 40.
2449 787 2652 840 Mutum
2697 795 2854 841 vocat
2899 785 3098 839 idolum
3162 786 3280 840 sine
3299 800 3448 840 voce.
3478 785 3687 852 Belum,

2107 877 2295 933 Jovem
2321 877 2494 933 Graeci
2523 895 2740 948 quoque
2783 879 3091 944 coluerunt.

2180 989 2246 1045 V.
2280 991 2372 1046 42.
2411 1009 2428 1041 ι
2466 989 2721 1046 Mulieres
2765 1002 2946 1046 autem
2985 990 3335 1046 circumdata:
3382 984 3625 1044 funibus.
3665 1011 3683 1042 ι

2107 1083 2290 1138 Funes
2306 1092 2463 1138 vocat
2490 1078 2821 1154 subligacula
2845 1103 2859 1138 :
2889 1083 3030 1137 solas
3051 1084 3197 1136 enim
3227 1091 3468 1153 tegentes
3495 1083 3688 1138 obsce-

2105 1190 2204 1229 nas
2229 1176 2477 1245 corporis
2511 1185 2711 1246 partes,
2732 1185 2927 1232 eti-tera
2958 1175 3256 1240 nudabant,
3285 1174 3350 1228 ad
3371 1171 3690 1230 alliciendos

2105 1279 2396 1324 amatores.

2183 1378 2202 1412 ι
2250 1359 2550 1416 Adolentes
2629 1357 2859 1417 furfura.
2921 1377 2939 1412 ι
3032 1361 3227 1416 Veneri
3296 1363 3545 1422 fortasse,
3606 1360 3690 1414 rel

2107 1454 2264 1508 alteri
2295 1455 2532 1516 numini,
2563 1457 2708 1524 quod
2732 1455 3020 1509 lenociniis
3073 1456 3279 1525 praesit.
3307 1454 3468 1509 Forte
3522 1455 3688 1507 etiam

2105 1547 2171 1600 ad
2204 1563 2263 1602 se
2290 1548 2602 1602 lustrandos
2631 1549 2816 1603 miseri
2847 1549 2952 1602 hoc
2967 1550 3217 1618 agebant.

2177 1639 2235 1690 V.
2251 1641 2339 1693 45.
2359 1659 2378 1691 ι
2407 1640 2558 1706 Quod
2581 1657 2689 1696 non
2715 1641 2787 1695 sit
2805 1641 2966 1711 digna
2988 1641 3187 1695 habita.
3203 1659 3218 1688 ι
3243 1638 3507 1705 Quoniam
3529 1637 3690 1706 digna

420 1730 690 1799 σκέψεως.
723 1760 797 1770 -—
827 1728 952 1792 Πῶς
982 1746 1046 1798 γε
1077 1729 1141 1799 δὴ
1171 1729 1356 1799 μέλλοι
1390 1729 1457 1782 τὰ
1488 1731 1580 1782 ὑπ’
1617 1729 1798 1783 αὐτῶν
1825 1743 1998 1782 κατα-

2105 1746 2213 1785 non
2244 1731 2364 1792 fuit,
2408 1748 2529 1801 quae
2562 1748 2604 1786 a'
2640 1733 2751 1787 Deo
2778 1732 3198 1786 inviseretur.-——
3224 1727 3691 1797 Quomodoigitur

421 1821 788 1875 σκευασθέντα
815 1818 951 1875 εἶναι
975 1821 1108 1888 θεοὶ,
1139 1823 1221 1875 ὅτι
1243 1822 1304 1875 τδ
1327 1822 1432 1874 ὑπὸ
1457 1821 1617 1875 ἄλλου
1638 1822 1922 1892 γινόμενον
1943 1812 2004 1875 οὗ

418 1911 574 1975 Θεός.

495 2023 514 2056 ι
551 2003 930 2074 Γνωσθησεται
961 2004 1100 2075 μετὰ
1129 2003 1302 2083 ταῦτα
1327 1998 1410 2058 ὅτι
1436 2001 1554 2057 ἐστὶ
1577 2003 1769 2073 ψευδῆ.
1810 2022 1829 2055 ι
1857 1998 1922 2059 Ὃ
1941 2003 2005 2075 δὴ

421 2097 516 2148 καὶ
545 2095 769 2162 γέγονεν
801 2094 890 2147 διὰ
913 2095 1013 2165 τῆς
1035 2093 1129 2146 τοῦ
1153 2091 1408 2164 Σωτῆρος
1443 2093 1790 2161 ἐπιφανείαςι

497 2201 516 2233 ι
551 2183 765 2254 ’Ὥσπερ
796 2184 905 2252 γὰρ
926 2182 1185 2253 κορῶναι.
1222 2200 1241 2233 ι
1287 2183 1352 2235 Ἦ
1385 2181 1600 2252 κορώνη
1631 2182 1832 2253 πτηνὸν
1863 2183 2004 2236 ἀκά-

425 2276 646 2347 θαρτον.
691 2277 1019 2346 ’Δκάθαρτοι
1044 2272 1136 2329 οὖν
1158 2277 1296 2329 είσιν
1318 2278 1368 2328 οί
1389 2275 1660 2347 δαίμονες,
1688 2276 1813 2330 οὔτε
1844 2279 2006 2332 ἐπου-

429 2368 604 2436 ράνιοι
636 2367 788 2430 ὄντες
805 2368 892 2420 διὰ
919 2367 980 2420 τὸ
1017 2366 1290 2437 ἄτιμοι,οῦ
1313 2384 1372 2420 τε
1406 2367 1663 2436 ἐπίγειοι,
1696 2368 1831 2422 διότι
1852 2369 2008 2438 ψευδ-

426 2457 636 2527 ώνυμοι
663 2474 679 2490 ο
735 2459 829 2510 καὶ
886 2457 1057 2518 ἄλλως
1088 2457 1184 2521 δὲ,
1236 2458 1344 2510 ἀπὸ
1382 2459 1480 2526 μὲν
1504 2448 1772 2528 οὐρανίων
1801 2458 2006 2528 ἀψίδων

428 2550 535 2602 ὑπὸ
564 2550 700 2604 Θεοῦ
728 2550 1122 2621 ἐξεϐλήθησαν,
1150 2550 1257 2604 ἀπὸ
1290 2550 1350 2604 δὲ
1379 2551 1479 2620 τῆς
1499 2551 1601 2620 γῆς
1631 2550 2007 2622 περιελαύνον-

426 2660 518 2696 ται
560 2644 666 2697 ὑπὸ
704 2643 875 2713 ἁγίων
911 2643 1214 2714 ἀνθρώπων
1247 2643 1334 2697 διὰ
1363 2643 1461 2714 τῆς
1486 2643 1580 2697 τοῦ
1609 2643 1846 2714 Χριστοῦ
1879 2644 2006 2714 βοη-

428 2735 600 2799 θείας.
639 2736 798 2788 Κατὰ
827 2735 884 2788 δὲ
921 2735 1077 2804 λόγον
1115 2736 1374 2806 μυστικὸν
1407 2737 1503 2789 καὶ
1528 2737 1557 2788 ὁ
1587 2736 1778 2807 Σωτὴρ
1809 2739 1886 2802 είς
1912 2737 2004 2791 τὸν

427 2829 663 2897 σταυρὸν
704 2827 958 2898 ἀνῆλθεν,
1001 2829 1095 2882 τὸν
1125 2828 1264 2900 ἀέρα
1287 2827 1568 2900 καθαίρων
1599 2829 1663 2882 ὲκ
1689 2830 1787 2899 τῆς
1823 2829 2004 2883 αὐτῶν

425 2919 773 2990 ἀκαθαρσίας
795 2936 809 2949 ⁶
867 2920 962 2974 καὶ
994 2922 1074 2983 είς
1107 2921 1173 2974 τὰ
1225 2919 1559 2991 καταχθόνια
1598 2921 1999 2992 παραγέγονεν,

425 3011 717 3065 καταλύων
743 3011 924 3065 αὐτῶν
962 3013 1078 3065 ἐκεῖ
1101 3012 1201 3083 τὴν
1227 3011 1534 3082 τυραννίδα.

2111 1822 2406 1878 fabrefacta
2440 1823 2510 1876 ab
2545 1823 2648 1877 illis
2709 1823 2914 1878 fuerint
2943 1823 3037 1889 dii,
3072 1836 3196 1878 cum
3237 1823 3288 1877 id
3316 1819 3459 1892 quod
3485 1820 3554 1874 ab
3584 1818 3691 1874 alio

2111 1914 2191 1977 fit,
2230 1915 2374 1969 Deus
2391 1929 2500 1969 non
2524 1917 2635 1970 sit?

2181 1992 2248 2058 ν.
2287 2004 2376 2059 50.
2411 2021 2430 2055 ‹
2467 2002 2683 2060 Scietur
2704 2009 2889 2076 postea
2916 2005 3043 2076 quia
3068 2004 3202 2060 falsa
3237 2017 3383 2060 sunt.
3411 2000 3601 2070 )QUOd
3633 2008 3690 2056 et

2111 2096 2314 2151 factum
2338 2107 2422 2152 est
2445 2110 2541 2168 per
2559 2098 2856 2154 Salvatoris
2878 2099 3194 2154 adventum.

2186 2189 2248 2243 V.
2283 2190 2370 2244 5‘5.
2400 2208 2418 2240 ι
2467 2188 2622 2246 Sicut
2653 2191 2801 2245 enim
2833 2191 3145 2246 corniculae.
3185 2209 3204 2242 ι
3263 2187 3553 2244 Cornicula
3582 2189 3688 2242 im-

2112 2282 2317 2336 munda
2357 2283 2595 2337 volucris
2621 2293 2726 2337 est.
2753 2284 3025 2338 lmmundi
3053 2299 3181 2353 ergo
3217 2293 3346 2338 sunt
3382 2284 3684 2343 dzemones,

2111 2389 2290 2444 neque
2320 2376 2594 2441 caelestes,
2623 2376 2747 2446 quia
2773 2375 2924 2446 pleni
2954 2377 3271 2446 ignominia,
3332 2389 3510 2444 neque
3572 2382 3686 2429 ter-

2111 2463 2251 2528 reni,
2277 2464 2531 2533 quoniam
2555 2464 2672 2518 falsi
2692 2465 2929 2519 nominis
2945 2475 3092 2529 Sunt,
3117 2475 3171 2520 et
3197 2453 3453 2534 praeterea
3478 2465 3544 2519 de
3571 2477 3687 2518 coe-

2111 2555 2336 2611 lestibus
2391 2556 2691 2611 fornicibus
2728 2555 2888 2627 ejectl
2913 2573 2942 2611 a
2995 2558 3105 2613 Deo
3135 2565 3290 2622 sunt;
3317 2573 3346 2611 e
3374 2565 3516 2610 terra
3556 2565 3688 2611 vero

2110 2660 2210 2715 per
2233 2657 2452 2700 sanctos
2487 2646 2737 2701 homines
2767 2646 2969 2700 Christi
3019 2661 3122 2717 ope
3182 2647 3456 2718 fugantur.
3493 2648 3562 2701 At
3596 2662 3688 2701 ra-

2112 2738 2260 2792 tione
2284 2737 2510 2808 mystica
2533 2738 2780 2794 Salvator
2800 2755 3017 2809 quoque
3062 2740 3118 2793 in
3149 2752 3367 2795 crucem
3417 2741 3681 2799 ascendit.

2110 2844 2419 2901 expurgans
2447 2846 2630 2886 acrem
2670 2833 2737 2886 ab
2766 2849 2954 2886 eorum
3005 2833 3376 2900 immunditia;
3407 2841 3462 2888 et
3503 2844 3687 2903 partes

2109 2922 2298 2976 mundi
2330 2922 2718 2978 subterraneos
2749 2922 2902 2990 adiit,
2953 2938 3142 2978 eorum
3198 2923 3271 2978 ibi
3341 2925 3683 2994 tyrannidem

2109 3016 2428 3073 demoliens.

504 3142 522 3175 ι
560 3122 744 3178 Ταῦτα
785 3124 841 3178 δὲ
868 3123 991 3177 οῦτε
1030 3127 1149 3187 ταῖς
1174 3124 1358 3188 ἰδέαις.
1398 3143 1416 3176 ι
1456 3123 1536 3177 Τὰ
1571 3123 1782 3190 εἴδωλα,
1818 3122 2002 3194 φησὶν,

2182 3123 2245 3186 ν.
2279 3129 2367 3186 62.
2410 3149 2428 3184 ι
2473 3123 2599 3188 llaec
2643 3131 2825 3187 autem
2876 3147 3054 3203 neque
3097 3134 3401 3204 speciebus.
3441 3153 3460 3187 ›
3512 3128 3681 3200 idola,

426 3216 550 3270 οὔτε
580 3217 812 3288 λαμπρά
850 3219 1009 3281 εἰσιν,
1041 3216 1115 3280 ὡς
1140 3217 1291 3288 ἥλιος
1323 3216 1419 3270 καὶ
1454 3215 1648 3286 σελήνη
1676 3230 1690 3246 ο
1723 3215 1846 3269 οὔτε
1876 3216 2007 3286 δρα-

428 3305 610 3373 στικὰ,
638 3306 714 3368 ὡς
746 3304 855 3376 πῦρ
894 3306 987 3358 καὶ
1027 3305 1246 3376 ἄνεμος.
1281 3305 1344 3358 El
1374 3305 1433 3358 δὲ
1459 3307 1576 3368 ταῖς
1610 3305 1779 3368 ἰδέαις
1816 3305 1910 3358 καὶ
1937 3301 2004 3376 τῇ

423 3396 652 3466 δυνάμει
714 3397 1061 3467 ἀσυγκρίτως
1116 3396 1295 3449 αὐτῶν
1350 3397 1676 3467 διαφέροντα
1720 3396 1822 3449 οὐκ
1867 3395 2005 3448 είσὶν

425 3489 562 3550 θεοὶ,
598 3488 716 3551 πῶς
749 3488 891 3540 αὐτὰ
919 3487 1200 3556 νομιστέον
1229 3483 1367 3540 εἶναι
1400 3487 1590 3553 θεούςς

505 3599 522 3630 ι
558 3580 767 3649 Σημεῖά
789 3596 850 3630 τε
892 3581 950 3632 ὲν
984 3579 1182 3632 ἔθνεσι.
1218 3597 1236 3629 ›
1275 3579 1374 3631 Διὰ
1410 3577 1568 3632 τοῦτο
1601 3579 1732 3642 ἴσως
1771 3579 1867 3632 καὶ
1902 3580 2006 3632 Φα-

430 3673 631 3742 ρισαῖοι
674 3671 902 3740 ἠρώτων
931 3670 1023 3722 τὸν
1066 3670 1316 3740 Σωτῆρα,
1338 3669 1588 3738 λέγοντες
1612 3687 1627 3702 ο
1664 3671 1724 3724 Τί
1753 3671 2006 3740 σημεῖον

428 3763 725 3826 δεικνύεις
762 3761 907 3831 ἡμῖν
960 3762 1062 3815 ἀπ’
1105 3760 1364 3829 οὐρανοῦ
1385 3777 1406 3825 ;
1440 3763 1636 3834 Ἤρκει
1672 3761 1727 3816 δὲ
1777 3763 1940 3842 μόνος
1976 3764 2005 3816 ὁ

428 3858 606 3926 ἀστὴρ
638 3855 807 3922 δεῖξαι
842 3855 932 3909 τὸν
981 3853 1241 3924 τεχθέντα
1288 3856 1372 3910 ὅτι
1407 3855 1526 3908 ἐστὶ
1571 3855 1706 3919 Θεός
1733 3871 1747 3885 ο
1796 3856 1891 3909 καὶ
1934 3856 2004 3910 τὰ

429 3951 522 4002 ἐπὶ
553 3948 644 4001 τοῦ
683 3947 919 4020 σταυροῦ
947 3948 1313 4019 γεγενημένα,
1340 3946 1542 4012 ἔδειξεν
1570 3947 1733 4002 αὐτοῦ
1763 3948 1862 4018 τὴν
1892 3947 2004 4000 θεό-

428 4061 591 4114 τητα,
631 4042 720 4095 ὅτε
763 4043 792 4094 ὁ
833 4041 984 4110 ἥλιος
1027 4040 1127 4103 τὰς
1163 4039 1299 4104 ἰδίας
1340 4039 1678 4093 συνέστειλεν
1720 4040 1944 4104 ἀκτῖνας
1985 4055 1998 4068 °

429 4133 530 4187 καὶ
557 4134 596 4202 ἠ
621 4133 950 4200 οὐρανόθεν
973 4131 1285 4201 ἐνεχθεῖσα
1314 4131 1508 4200 φωνὴ,
1547 4127 1736 4197 Οὗτός
1762 4132 1934 4186 ἐστιν
1968 4129 2000 4185 ό

437 4227 571 4289 Υἱός
593 4242 714 4294 μου
759 4225 790 4277 ὁ
819 4224 1154 4291 ἀγαπητός.
1217 4223 1346 4277 Ἰδοὺ
1379 4223 1668 4294 τοιγαροῦν
1719 4223 1810 4276 καὶ
1843 4223 1914 4277 τὰ
1942 4223 2002 4288 ἐξ

425 4317 658 4389 οὐρανοῦ
686 4333 751 4386 ση
761 4316 905 4386 μεῖα.

2109 3221 2306 3292 inquit,
2356 3235 2534 3293 neque
2583 3224 2874 3294 splendent
2935 3235 2995 3279 ut
3046 3226 3124 3281 sol
3178 3235 3233 3280 et
3291 3227 3456 3293 luna;
3505 3243 3684 3297 neque

2106 3313 2284 3366 activa
2316 3321 2520 3368 suntut
2549 3313 2686 3384 ignis
2738 3322 2792 3368 et
2815 3324 3028 3370 ventus.
3083 3314 3238 3382 Quod
3275 3315 3318 3370 si
3361 3315 3474 3370 lucc
3501 3316 3683 3387 specie

2106 3405 2162 3458 et
2189 3403 2389 3458 virtute
2421 3403 2923 3474 incomparabiliter
2957 3407 3061 3461 illis
3101 3396 3411 3477 praestantia
3443 3407 3516 3462 dii
3572 3423 3678 3462 non

2106 3506 2254 3562 sunt,
2285 3498 2561 3566 quomodo
2585 3497 2700 3568 ipsa
2731 3511 2831 3567 pro
2861 3499 2968 3553 diis
3003 3489 3250 3555 habenda
3271 3499 3436 3555 sunt?

2179 3587 2242 3642 V.
2273 3589 2361 3644 66.
2407 3608 2425 3640 ι
2467 3589 2630 3660 Signa
2661 3590 2826 3644 etiam
2880 3589 2936 3644 in
2986 3589 3256 3660 gentibus.
3293 3610 3311 3644 ι
3377 3582 3678 3664 Propterea

2105 3679 2336 3736 fortasse
2355 3680 2697 3736 etPhariscei
2743 3680 3076 3736 Salvatorem
3131 3681 3536 3752 interrogabant
3590 3683 3676 3737 di-

2106 3784 2295 3831 centes
2321 3774 2502 3840 :Quod
2528 3777 2735 3847 signum
2779 3763 3004 3830 ostendis
3033 3776 3177 3829 nobis
3200 3777 3263 3829 de
3297 3771 3420 3830 caelo
3439 3774 3522 3829 "‘1’
3580 3777 3676 3830 Sat

2105 3876 2290 3923 autem
2323 3876 2439 3924 erat
2460 3869 2544 3923 vel
2580 3871 2692 3924 sola
2725 3869 2905 3935 stella,
2938 3869 3005 3923 ad
3055 3870 3454 3925 ostendendum
3503 3864 3673 3926 Deum

2104 3975 2225 4016 esse
2250 3960 2341 4030 qui
2373 3970 2536 4014 natus
2566 3968 2684 4014 erat
2713 3977 2726 4014 :
2755 3969 2946 4031 etquae.
2993 3961 3048 4015 in
3098 3977 3261 4015 cruce
3305 3962 3673 4032 contigerunt,

2102 4048 2404 4119 probarunt
2441 4049 2562 4118 ejus
2593 4047 2957 4110 divinitatem,
2988 4048 3208 4118 quando
3253 4047 3333 4102 sol
3391 4062 3520 4102 suos
3541 4064 3676 4101 cou-

2102 4141 2270 4195 traxit
2293 4140 2494 4204 radios,
2523 4150 2688 4228 etvoa:
2713 4141 2776 4195 de
2808 4141 2932 4195 calo
2966 4129 3118 4210 lapsa
3147 4157 3167 4195 :
3235 4129 3336 4192 Hic
3391 4148 3465 4193 est
3505 4136 3673 4193 Filius

2101 4247 2246 4286 meus
2273 4228 2493 4286 dilectus
2513 4223 2583 4288 ⁸⁸.
2606 4233 2686 4288 En
2719 4232 2885 4304 igitur
2912 4247 2944 4288 e
2964 4231 3101 4288 coelo
3118 4228 3281 4286 etiam
3311 4223 3486 4302 signa.

501 4429 520 4462 ι
554 4410 986 4480 ΙΙροϐασκὰνιον.
1017 4428 1036 4462 ι
1058 4409 1321 4478 Ἐλλήνων
1346 4408 1395 4462 οἱ
1423 4408 1570 4478 λόγοι
1597 4405 1996 4480 προϐασκάνια,

2178 4399 2350 4464 v.69.
2386 4427 2405 4460 ι
2465 4393 2910 4464 l’robascanium.
2953 4429 2972 4462 ι
3017 4405 3206 4464 ϐτίεοο
3261 4419 3510 4462 sermone
3547 4423 3673 4476 pro-

427 4504 520 4556 mi.
560 4501 884 4573 κεράμϐηλα
929 4500 1205 4568 καλοῦσιν,
1245 4504 1401 4556 ᾶτινα
1430 4501 1651 4554 ἱστῶσιν
1681 4502 1728 4555 οἱ
1753 4499 2000 4574 ἁγροφύ-

427 4593 593 4655 λακες
630 4593 763 4664 πρὸς
804 4593 968 4662 φόϐον
999 4597 1198 4665 ὀρνέων
1243 4592 1276 4664 ἢ
1314 4595 1408 4646 καὶ
1443 4593 1750 4664 ἀνθρώπων
1774 4610 1787 4623 ·
1825 4582 1998 4646 ταῦτα

425 4687 480 4738 δὲ
517 4687 610 4739 καὶ
643 4685 1012 4758 μορμολύκεια
1046 4686 1358 4740 καλοῦνται.

501 4798 518 4829 ι
567 4781 716 4834 Αὑτά
761 4797 820 4832 τε
855 4779 914 4844 ἐξ
945 4781 1175 4850 ὑστέρου
1218 4777 1611 4849 βρωθήσονται.
1651 4796 1669 4829 ι
1726 4775 1862 4832 Ὑπὸ
1901 4775 2002 4833 τοιῒ

423 4871 620 4942 χρόνου
646 4872 910 4941 δηλονότι.
948 4872 1052 4924 Τοῦ
1088 4871 1230 4924 θείου
1262 4871 1684 4941 προστάγματος
1723 4861 1998 4940 τηροῦντα

422 4981 452 5015 τ
465 4965 545 5025 3b;
577 4965 754 5034 ὄρους.
1291 4953 1302 4957 ﬁ

497 5074 516 5106 ι
551 5057 818 5124 Κρεῖσσον
849 5050 944 5108 οὖν
965 5053 1256 5124 ἄνθρωπος
1275 5050 1500 5115 δίκαιος.
1535 5071 1554 5103 ι
1580 5049 1654 5103 Τὸ
1683 5050 1993 5118 κρεῖσσον,

420 5149 481 5200 οὐ
521 5149 660 5200 κατᾶ
705 5149 994 5218 σύγκρισιν
1017 5189 1031 5213 ,
1076 5143 1191 5201 ἀλλ’
1219 5150 1339 5201 ἀντὶ
1377 5147 1492 5213 τοῦ,
1529 5145 1814 5211 ἐπαινετὸς
1848 5145 1998 5216 παρὰ

420 5237 560 5313 Θεῷ,
617 5239 716 5292 οὒκ
772 5240 909 5310 ἔχων
938 5232 994 5293 δὲ
1040 5239 1256 5305 εἴδωλα,
1285 5239 1346 5293 οὐ
1381 5233 1540 5308 μόνον
1583 5236 1836 5308 αἰσθητὰ,
1876 5236 1995 5290 ἀλλ’

418 5330 540 5384 οὐδὲ
582 5332 723 5384 κατὰ
759 5331 938 5402 ψυχὴν
973 5331 1041 5384 τὰ
1076 5331 1498 5414 τῆς-ἁμαρτίας.
1530 5329 1725 5382 εἴδωλα
1760 5328 1991 5400 περιφὲέ

422 5440 555 5495 ρων.

495 5535 513 5567 ι
556 5517 749 5568 Ἔσται
787 5516 896 5588 γὰρ
947 5513 1166 5585 μακρὰν
1201 5514 1307 5568 ἀπὸ
1348 5513 1672 5585 ὀνειδισμοῦ.
1713 5531 1731 5565 ι
1782 5513 1840 5568 '0
1883 5512 1992 5583 γὰρ

493 5691 800 5751 "103nm.
833 5694 913 5747 18.
986 5693 1032 5723 ³⁸
1059 5691 1246 5745 Matth.
1283 5707 1411 5750 xvn,
1437 5691 1488 5743 5.

788 5789 1059 5848 ΡΑτιιοῐ..
1105 5787 1220 5847 Gn.
1271 5785 1494 5847 XCIII.

2095 4500 2352 4556 bascania
2376 4509 2432 4556 et
2455 4502 2756 4556 cerambela
2789 4495 2896 4556 dici
2959 4497 3156 4564 solent,
3211 4515 3333 4569 quae
3385 4497 3672 4570 praefigunt

2095 4595 2348 4664 agrorum
2381 4597 2638 4648 custodes
2660 4593 2726 4648 ad
2761 4591 3118 4669 deterrendas
3155 4608 3304 4660 aves,
3335 4589 3451 4646 sive
3487 4589 3668 4646 homi-

2099 4699 2220 4749 nes,
2253 4699 2376 4753 qua:
2402 4686 2569 4740 etiam
2602 4685 2857 4740 terricula
2886 4678 3173 4739 vocant'ur.

2165 4775 2228 4830 V.
2256 4776 2344 4832 7i.
2380 4795 2398 4828 ι
2429 4773 2498 4831 Ει
2529 4777 2642 4847 ipsa
2667 4787 2938 4847 postremo
2996 4774 3370 4832 comedentur.
3412 4794 3430 4825 ι
3467 4773 3669 4841 Nempe

2095 4882 2124 4922 a
2154 4875 2421 4938 tempore.
2451 4868 2627 4922 Divini
2655 4871 2909 4940 praecepti
2943 4868 3208 4923 terminos
3235 4864 3526 4920 servantia.

2167 5045 2230 5099 V.
2261 5045 2349 5099 7?...
2384 5065 2403 5098 σ
2439 5045 2625 5102 Melior
2651 5046 2814 5117 igltur
2864 5046 3027 5102 homo
3059 5044 3256 5112 justus.
3303 5059 3322 5090 ι
3355 5036 3538 5092 Melior
3580 5037 3672 5092 hic

2097 5153 2206 5194 non
2241 5141 2610 5210 comparative
2642 5141 2846 5195 dictum
2876 5143 2976 5203 est,
3033 5138 3128 5191 sed
3160 5149 3260 5207 pro
3283 5148 3349 5187 eo
3375 5131 3520 5202 quod
3563 5139 3668 5195 est,

2100 5231 2239 5301 apud
2273 5229 2440 5284 Deum
2469 5233 2752 5300 probatus,
2784 5248 2890 5286 non
2923 5231 3128 5285 habens
3158 5241 3322 5299 porro
3361 5225 3526 5290 idola,
3558 5239 3668 5277 non

2104 5331 2310 5377 tantum
2336 5323 2638 5389 sensibilia,
2670 5323 2763 5377 sed
2794 5339 2894 5378 nec
2946 5322 3002 5375 in
3033 5320 3216 5374 animo
3247 5318 3429 5372 ferens
3462 5316 3668 5386 peccati

2175 5431 2262 5472 ua.

2175 5431 2262 5472 )a.

2099 5417 2235 5567 imi.
2272 5511 2361 5564 79.
2397 5529 2413 5562 ι
2446 5507 2596 5579 δΝιιιῐι
2645 5507 2750 5563 erit
2791 5507 2949 5577 longe
3007 5504 3074 5560 ab
3124 5503 3436 5575 opprobrio.
3481 5521 3499 5555 ι
3564 5498 3668 5567 Qui

3229 5777 3400 5872 25_
