4076 6188
446 298 556 364 789
1243 338 1293 370 ρ

1624 296 1708 360 ΙΝ
1736 299 2173 362 LEVITICUM.
2210 324 2281 335 —-
2310 301 2457 360 LIB.
2492 300 2541 360 Ι.

3568 296 3734 367 ,τω

450 413 682 482 Spiritu
713 419 760 467 et
779 412 1006 476 virtutis,
1038 420 1093 466 ut
1120 412 1250 482 ﬁda
1281 420 1449 467 vestra
1471 427 1573 466 non
1601 412 1669 466 sit
1692 413 1749 466 in
1771 412 2036 483 sapientia
2067 418 2112 476 Α
2142 413 2238 468 sed
2264 421 2557 483 propterea
2601 408 2869 465 modicam
2900 406 3191 478 quamdam
3246 405 3480 478 gratiam
3521 422 3729 465 conse—

453 505 740 570 Itominum,
778 505 869 558 sed
912 505 967 557 in
995 504 1184 558 virtute
1211 502 1310 558 Dei
1337 506 1378 558 ¹.
1414 504 1720 570 Quomodo,
1752 536 1765 543 κ
1785 513 1881 561 aut
1942 503 2038 558 ubi

454 600 543 663 sit,
601 608 658 654 et
686 598 830 668 apud
883 612 1022 666 quos
1073 596 1304 661 habitet,
1341 597 1516 667 ipsius
1566 597 1911 653 demonstrat
1942 590 2039 652 Dei

455 689 691 752 bonitas,
730 689 951 758 quando
977 687 1146 743 Paulo
1168 688 1371 743 auferri
1401 688 1682 744 stimulum
1700 688 1883 749 carnis
1904 703 2036 752 suat,

454 790 509 836 et
537 780 972 851 colaphizantem
1010 780 1226 835 Satanae
1276 780 1531 851 angelum
1558 780 1845 836 discedere
1889 795 1921 834 a
1978 794 2039 835 se

457 872 690 942 roganti,
708 871 953 931 dicebat:
981 870 1178 940 Suﬁicit
1202 872 1298 925 tibi
1325 873 1502 943 gratia
1524 888 1643 925 mea
1670 887 1689 927 :
1724 887 1848 925 nam
1874 871 2040 926 virtus

459 964 513 1017 in
527 964 836 1033 inﬁrmitate
847 963 1117 1032 perﬁcitur
1132 964 1191 1018 ³⁸.
1218 962 1329 1018 Hoc
1345 979 1476 1034 ergo
1495 963 1725 1020 credens
1739 964 1940 1019 debere
1953 979 2041 1019 me

461 1057 639 1112 facere
666 1071 789 1126 quae
816 1056 909 1110 alii
929 1071 1040 1110 non
1072 1055 1342 1120 fecerunt,
1369 1056 1678 1126 praecepisti
1723 1064 1784 1111 ut
1811 1056 2038 1113 Levitici

460 1148 580 1202 libri
608 1147 908 1217 spiritalem
940 1148 1298 1202 intentionem
1337 1164 1436 1218 per
1468 1149 1715 1204 ordinem
1768 1150 2043 1220 interpre-

464 1250 627 1306 tarer,
654 1239 1112 1309 defenderemque
1138 1240 1373 1295 litteram
1397 1241 1582 1296 multis
1603 1241 2040 1297 adversariorum

464 1328 908 1384 accusationibus
943 1329 1340 1399 subjaeentem,
1372 1332 1441 1386 ad
1483 1331 1737 1386 altiorem
1777 1347 1899 1386 eam
1955 1335 2045 1387 iu—

468 1419 741 1475 tellectum
796 1420 1135 1476 deducendo.
1201 1421 1457 1478 Facerem
1511 1434 1696 1480 autem
1757 1424 1882 1489 hoc,
1933 1441 2045 1481 non

465 1512 923 1579 quemadmodum
974 1515 1103 1568 olim
1121 1514 1365 1583 quidam,
1397 1531 1517 1571 rara
1539 1518 1785 1587 quaedam
1808 1519 2045 1588 capitula

464 1611 840 1671 ercet-pontes,
872 1605 967 1659 sed
994 1606 1176 1660 omnia
1205 1621 1300 1675 per
1318 1606 1565 1662 ordinem
1593 1623 1765 1678 usque
1794 1609 1860 1664 ad
1884 1609 2044 1667 ﬁnem

451 1694 781 1750 discutiens.
832 1693 989 1762 Quod
1036 1712 1200 1766 quam
1246 1698 1316 1752 sit
1359 1698 1596 1763 difﬁcile,
1638 1715 1704 1754 ex
1750 1701 1871 1756 hoc
1934 1719 2045 1759 uno

464 1802 754 1858 perparvo,
782 1797 1051 1857 quantum
1087 1790 1153 1843 ad
1185 1798 1442 1844 cunctum
1472 1791 1718 1860 praedicti
1757 1792 1880 1848 libri
1910 1810 2044 1849 cou-

467 1888 673 1934 textum
705 1888 855 1935 tanta
891 1880 1152 1937 varietate
1193 1881 1436 1951 plenum,
1475 1899 1743 1953 cognosce
1787 1886 2045 1956 capitulo.

468 1970 604 2026 Eum
627 1972 720 2042 qui
754 1971 1079 2027 sacriﬁcium
1104 1974 1476 2043 paciﬁcorum,
1509 1990 1608 2031 seu
1641 1977 1883 2033 salutare
1911 1979 2051 2035 οπε-

470 2072 573 2128 ret,
603 2063 648 2118 si
669 2064 890 2133 quidem
920 2080 1022 2135 pro
1052 2065 1350 2135 gratiarum
1379 2068 1595 2123 actione
1623 2068 1839 2133 oli'eret,
1883 2070 1939 2125 in
1961 2073 2051 2127 die

469 2169 576 2222 qua
608 2154 891 2220 obtulerit,
921 2156 1018 2221 ait,
1037 2157 1356 2212 comedetur
1379 2174 1393 2211 :
1420 2173 1527 2214 non
1548 2161 1853 2217 remanebit
1868 2176 1935 2216 ex
1970 2162 2052 2217 eis

470 2259 643 2314 usque
664 2261 845 2301 mane.
869 2246 1026 2313 Quod
1055 2248 1102 2302 si
1139 2256 1267 2303 voto
1305 2249 1384 2304 vel
1414 2259 1609 2319 sponte
1631 2253 1920 2323 quisquam
1949 2253 2051 2307 ob-

473 2337 657 2391 tulerit
685 2338 941 2401 hostiam,
974 2341 1164 2395 eadem
1191 2341 1281 2396 die
1330 2357 1439 2412 qua
1468 2342 1753 2408 obtulerit,
1800 2345 2053 2400 similiter

473 2428 688 2496 edetur,
721 2444 935 2485 necnon
954 2433 1201 2502 sequenti
1226 2434 1334 2489 die.
1365 2433 1500 2490 Cum
1526 2450 1656 2507 ergo
1681 2436 1927 2505 ejusdem
1959 2452 2053 2509 ge-

474 2519 643 2582 neris,
668 2521 812 2577 sicut
841 2532 1089 2592 apparet,
1119 2525 1385 2581 sacriﬁcia
1425 2526 1554 2593 sint,
1588 2536 1879 2599 utrumque
1904 2531 2054 2586 enim

475 2612 841 2681 paciﬁcorum,
876 2630 973 2671 seu
1004 2616 1262 2684 salutare,
1288 2617 1402 2672 ait:
1435 2633 1500 2674 ex
1546 2632 1613 2675 eo
1654 2621 1875 2690 quidem
1908 2623 2054 2692 quod

474 2709 560 2756 est
593 2705 887 2773 gratiarum
926 2708 1177 2770 actionis,
1226 2722 1323 2764 seu
1374 2710 1726 2779 laudationis,
1788 2714 1841 2769 in
1892 2730 2055 2771 mane

476 2808 586 2848 non
618 2796 851 2867 relinqui
881 2800 1141 2870 praecepit
1178 2818 1193 2855 ε
1229 2801 1359 2856 illud
1391 2812 1574 2858 autem
1597 2805 1741 2874 quod
1771 2818 1856 2861 est
1889 2821 2055 2876 spon-

477 2900 718 2957 taneum,
752 2891 898 2946 vesci
945 2893 1193 2965 praecipit
1227 2904 1285 2950 et
1318 2895 1373 2950 in
1422 2899 1746 2953 crastinum.
1787 2899 2052 2970 Equidem

476 2981 523 3035 si
552 2982 754 3037 malum
781 2993 900 3039 erat
932 2986 1141 3041 servari
1191 2988 1259 3043 de
1307 2989 1574 3044 sacriﬁcio
1625 2991 1681 3045 in
1732 2994 2052 3059 crastinum,

2140 511 2349 566 cutum,
2408 512 2469 558 ut
2489 518 2553 557 ea
2579 517 2701 573 qua:
2725 500 2869 570 apud
2905 498 3154 554 homines
3182 498 3539 570 impossibilia
3569 510 3723 564 sunt.

2140 594 2421 667 possibilia
2440 594 2585 665 apud
2607 594 2776 648 Deum
2805 599 3123 661 appareant,
3147 605 3270 645 cum
3295 591 3415 661 ejus
3439 590 3734 661 sapientia-

2142 686 2396 743 homincs
2423 683 2744 741 deserviunt
2760 680 3019 751 imperiti.
3047 680 3204 746 Quod
3229 693 3412 736 autem
3429 698 3729 753 argumen-

2142 786 2256 832 tum
2276 760 2442 847 hujus
2470 774 2614 838 libri,
2637 773 2705 827 de
2720 787 2828 842 quo
2847 772 2951 826 hoc
2971 771 3093 825 loco
3111 769 3407 841 loquimur,
3431 770 3521 836 sit,
3547 771 3722 841 ipsum

2142 868 2418 938 inquirere
2444 866 2770 934 scriptorem
2805 868 3026 931 oportet
3071 878 3083 913 :
3130 874 3195 918 ea
3231 860 3380 914 enim
3421 860 3489 915 de
3527 860 3729 930 quibus

2143 959 2358 1014 sancire
2384 954 2675 1026 disposuit,
2698 954 2939 1010 breviter
2959 952 3233 1007 instruere
3249 952 3492 1022 legentes
3513 951 3723 1017 volens,

2144 1050 2448 1106 Leviticum
2475 1048 2647 1111 hunc,
2676 1046 2822 1101 sicut
2852 1045 3151 1110 cernimus,
3185 1043 3477 1113 appellavit
3504 1060 3518 1097 :
3543 1042 3726 1114 appel-

2144 1143 2401 1198 lationem
2427 1138 2784 1195 adiuveniens
2809 1152 2931 1207 quae
2967 1150 3077 1190 uno
3129 1136 3431 1205 eodemque
3485 1142 3729 1205 tempore

2143 1251 2307 1291 omne
2353 1233 2515 1303 hujus
2539 1231 2663 1286 libri
2696 1228 3069 1284 manifestaret
3102 1237 3486 1298 argumentum
3532 1245 3547 1280 :
3599 1225 3730 1296 quia

2145 1326 2275 1383 Levi
2299 1326 2471 1382 tribus
2489 1324 2629 1379 sacri
2655 1320 2987 1377 tabernaculi
3005 1318 3372 1373 ministerium
3400 1317 3592 1374 sortita
3620 1326 3728 1382 est,

2146 1418 2203 1473 in
2246 1432 2357 1488 quo
2415 1414 2706 1487 oportebat
2760 1410 3050 1475 sacriﬁcia,
3090 1408 3475 1478 fructuumque
3532 1406 3729 1479 primi».

2147 1512 2271 1574 tias,
2301 1520 2356 1566 et
2384 1507 2869 1581 primogenitorum
2885 1503 3211 1566 oblationes,
3229 1502 3528 1557 secundum
3555 1500 3730 1572 legem

2147 1601 2356 1665 oﬂ’erri,
2411 1600 2703 1665 celebrari,
2759 1598 2924 1653 etiam
2962 1609 3323 1667 quascunque
3377 1593 3466 1651 lex
3519 1592 3577 1646 in
3624 1592 3733 1647 im-

2150 1692 2368 1748 mundis
2409 1707 2475 1747 ex
2508 1690 2751 1762 qualibet
2774 1704 2939 1744 causa
2994 1685 3416 1743 emundationes
3464 1682 3730 1754 praecipit,

2083 1754 2127 1808 Β
2153 1784 2397 1840 exhiberi
2431 1802 2442 1837 :
2483 1754 2597 1838 liaee
2619 1766 2860 1852 praesens
2885 1780 3024 1835 liber
3061 1777 3327 1842 continet,
3368 1775 3583 1845 aliaque
3609 1787 3732 1843 qua;

2152 1874 2529 1946 hujuscemodi
2566 1881 2696 1932 sunt
2717 1870 3014 1928 eruditioni
3057 1870 3372 1940 conjuncta.
3415 1868 3542 1923 Sive
3582 1864 3731 1921 enim

2153 1968 2476 2024 festivitates
2498 1966 2724 2029 dixeris,
2759 1963 2875 2019 sive
2904 1962 3153 2018 ciborum
3190 1958 3548 2021 differentias,
3612 1970 3734 2027 qua:

2152 2062 2376 2133 quidem
2413 2075 2603 2116 eorum
2662 2057 2889 2121 munda,
2923 2070 3045 2126 quae
3110 2062 3295 2109 autem
3331 2058 3587 2122 oporteat
3624 2048 3731 2105 dici

2154 2153 2454 2214 immunda.
2482 2151 2599 2207 sive
2621 2148 2941 2220 nuptiarum
2984 2145 3321 2206 illicitarum,
3360 2142 3476 2200 sive
3526 2139 3732 2197 sacriﬁ-

2153 2247 2362 2302 ciorum
2393 2244 2664 2300 maoulam
2701 2239 3021 2297 habentium
3046 2236 3500 2309 prohibitio,tum
3539 2232 3729 2288 altaris

2154 2337 2531 2400 sanctiﬁcatio,
2558 2335 2627 2390 ad
2656 2333 2875 2389 Levitas
2914 2330 3192 2401 pertinent
3229 2340 3284 2384 et
3318 2328 3455 2392 hwc,
3486 2336 3542 2381 et
3577 2340 3731 2396 quae-

2155 2444 2373 2500 cunque
2399 2427 2506 2484 alia
2549 2425 2803 2498 praesenti
2839 2426 2958 2494 lege
2996 2423 3308 2492 conscripta
3353 2428 3504 2476 sunt.
3534 2417 3645 2473 Sed
3674 2428 3736 2473 ut

2156 2534 2266 2574 non
2321 2514 2660 2586 superﬂuum
2714 2514 3132 2569 dinumeremus
3174 2509 3420 2580 singula,
3474 2506 3739 2563 faciemus

2157 2611 2463 2668 exordium.
2506 2606 2643 2663 illud
2686 2622 2799 2677 pra:
2838 2604 3095 2660 omnibus
3139 2618 3322 2659 sermo
3368 2617 3466 2659 eos
3492 2601 3586 2673 qui
3622 2601 3742 2656 haec

2158 2702 2348 2758 lecturi
2366 2709 2495 2756 sunt
2523 2705 2889 2762 contestatur,
2928 2696 3075 2767 quod
3101 2710 3330 2752 necesse
3359 2695 3434 2751 sit
3455 2694 3740 2764 interpre-

2157 2795 2420 2851 tationem
2446 2792 2513 2847 ad
2543 2806 2823 2863 anagngen
2857 2790 3023 2853 trahi.
3049 2798 3104 2846 et
3126 2788 3371 2845 auditum
3397 2788 3468 2843 ab
3513 2785 3741 2842 humili-

2154 2887 2260 2943 bus
2283 2885 2353 2941 ad
2381 2884 2695 2940 sublimiora
2738 2881 3044 2949 transferri,
3093 2882 3503 2953 spiritalemque
3534 2878 3741 2934 intelli-

2159 2977 2393 3049 gentiam
2440 2977 2494 3030 iu
2540 2976 2723 3031 littera
2786 2973 3143 3045 perscrutari.
3202 2972 3391 3043 Neque
3437 2970 3587 3026 enim
3638 2970 3743 3024 hoc

476 3088 579 3129 nec
608 3075 675 3130 de
696 3074 877 3146 aliquo
900 3093 1090 3132 eorum
1121 3079 1224 3135 hoc
1251 3080 1514 3137 debuerat
1544 3083 1763 3152 praecipi
1799 3103 1811 3138 :
1849 3085 1897 3139 si
1927 3102 2055 3141 vero

2159 3069 2483 3124 contradicit
2512 3067 2639 3139 legi,
2664 3067 2759 3123 sed
2781 3066 2893 3123 imo
2915 3066 3089 3138 magis
3110 3065 3357 3122 defendit
3379 3074 3435 3120 et
3452 3062 3743 3120 conﬁrmat

476 3166 703 3231 bonum,
732 3167 965 3225 debebat
995 3171 1048 3224 in
1082 3179 1313 3242 utroque
1337 3175 1558 3229 sanciri.
1611 3176 1819 3231 Similia
1873 3187 2055 3234 autem

479 3255 583 3323 bis,
618 3265 674 3312 et
712 3273 808 3328 per
845 3276 1063 3314 omnem
1110 3262 1517 3331 quodammodo
1555 3274 1870 3321 contextum
1924 3267 2059 3339 legis

479 3346 642 3418 hujus
672 3351 913 3405 invenies
929 3352 1104 3422 egisse
1118 3367 1215 3422 per
1227 3354 1480 3423 spiritum
1501 3355 1886 3426 legislatorem,
1902 3357 1953 3414 id
1974 3368 2060 3414 est

478 3440 885 3510 praecipientem
919 3458 1041 3512 qua:
1064 3454 1331 3509 vetuerat,
1358 3462 1658 3517 rursusque
1677 3450 2057 3517 prohibentem

475 3546 599 3603 qua:
617 3530 823 3601 pridem
834 3542 1187 3602 praeceperat.
1213 3534 1368 3601 Quod
1391 3545 1446 3591 et
1468 3537 1631 3592 nimis
1651 3540 2057 3596 observantiam

481 3621 835 3690 reprehendit
876 3623 1071 3678 littera:
1099 3665 1114 3689 ,
1164 3626 1512 3696 ostenditque
1561 3631 2057 3688 considerationem

483 3712 850 3767 necessariam
888 3730 1009 3770 esse
1040 3716 1301 3785 spiritalis
1360 3717 1735 3789 intelligentia:
1779 3740 1792 3775 :
1842 3739 2059 3779 necnon

482 3804 851 3874 evangelicam
898 3806 1143 3863 defendit
1192 3810 1635 3879 praedicationem
1673 3812 2061 3884 prohibentem

482 3894 726 3964 quwdam
744 3895 811 3951 de
835 3895 920 3951 his
940 3913 1060 3968 qua:
1074 3898 1327 3955 videntur
1349 3903 1471 3972 legi,
1500 3906 1800 3961 secundum
1825 3908 2060 3964 litteram

484 3985 705 4057 intelligi
730 3987 847 4043 sive
874 3989 983 4059 agi,
1006 3999 1057 4044 et
1086 4007 1252 4046 unum
1282 3994 1644 4065 eumdemque
1683 4011 1804 4052 esse
1846 3999 2061 4070 legisla-

487 4086 654 4131 torem
688 4078 1025 4135 demonstrat
1046 4082 1172 4135 novi
1206 4083 1367 4137 simul
1388 4101 1452 4140 ac
1478 4086 1676 4141 veteris
1726 4092 2058 4154 testamenti.

482 4169 611 4224 dum
634 4185 699 4223 es
733 4173 1059 4228 auctoritate
1084 4174 1199 4229 sive
1230 4184 1521 4245 potestate,
1564 4194 1687 4248 quae
1729 4181 1864 4246 vult,
1914 4198 2064 4238 nunc

483 4260 759 4331 praecipit.
787 4278 932 4317 nunc
973 4273 1156 4319 autem
1226 4266 1500 4335 prohibet.
1544 4269 1690 4325 Nihil
1735 4281 1917 4327 autem
1959 4274 2062 4328 sibi

480 4351 815 4407 contrarium
869 4353 1045 4422 jubet.
1078 4356 1202 4410 licet
1229 4358 1509 4427 praecipiat
1552 4376 1616 4416 ea
1670 4378 1793 4432 quae
1850 4365 2063 4434 pridem

484 4442 779 4509 prohibuit,
814 4454 870 4498 et
901 4445 1188 4514 prohibeat
1227 4464 1348 4517 qu:e
1396 4426 1526 4504 olim
1579 4426 1866 4523 praecepta.
1905 4464 2056 4511 sunt.
2098 4426 2137 4479 θ

484 4532 590 4586 Sed
632 4543 685 4586 et
710 4534 873 4589 nimis
908 4538 1085 4591 sancit
1132 4542 1532 4607 convenientia,
1574 4543 1678 4598 scit
1715 4561 1745 4599 a
1792 4561 1901 4615 quo
1942 4548 2063 4617 ejus

485 4624 707 4696 intelligi
763 4629 934 4697 possit
993 4630 1246 4694 intentio,
1293 4643 1349 4688 et
1381 4634 1445 4688 ad
1473 4651 1635 4705 quem
1670 4636 1834 4693 ﬁnem
1885 4640 2063 4709 respi-

482 4717 631 4772 ciant
659 4720 778 4788 ejus
810 4730 1011 4776 statuta
1032 4724 1240 4781 sentiri.
1274 4725 1379 4781 Sed
1408 4728 1533 4797 quia
1573 4730 1707 4784 mihi
1735 4730 1803 4786 de
1838 4732 1922 4786 his
1939 4747 2065 4787 ver-

482 4808 610 4863 bum
643 4808 756 4862 dari
786 4812 840 4863 in
868 4812 1206 4881 apertionem
1235 4814 1367 4876 oris,
1397 4815 1452 4871 in
1479 4818 1652 4873 omni
1693 4820 1958 4889 patientia
2009 4830 2067 4877 et

481 4896 860 4954 obsecratione
919 4900 1143 4956 fecisti:
1182 4906 1640 4972 quemadmodum
1699 4908 2063 4974 Ephesiorum

483 4984 777 5042 Ecclesiam
805 4988 1001 5045 Paulus
1028 5006 1215 5056 orans,
1248 4992 1544 5062 deprecare
1574 4994 1593 5026 ³
1631 5001 1691 5049 ιιι
1734 4995 1829 5049 ﬁat
1862 4996 2065 5051 oblatio

483 5079 631 5131 verbi
663 5080 770 5135 mei
796 5084 1163 5153 aceeptahilis,
1191 5102 1300 5140 non
1330 5088 1506 5142 solum
1531 5088 1585 5142 in
1611 5088 1940 5153 Jerusalem,
1969 5090 2066 5146 scd

482 5173 538 5221 ct
573 5167 627 5221 in
655 5172 802 5225 omni
838 5180 983 5228 terra
1021 5175 1077 5229 in
1116 5191 1223 5246 qua
1266 5177 1377 5231 Deo
1401 5188 1678 5234 annuente
1711 5180 1978 5243 defertur,
2006 5190 2068 5237 ut

482 5258 812 5329 gloriﬁcetur
832 5265 1105 5331 Christus,
1152 5270 1245 5338 qui
1304 5272 1471 5326 stulta
1502 5272 1710 5338 mundi,
1739 5283 1793 5328 et
1821 5272 2058 5341 inﬁrma,

482 5361 539 5425 et
562 5352 838 5422 ignobile.
874 5367 931 5413 et
966 5376 1031 5414 ea
1058 5376 1179 5431 quae
1209 5377 1319 5417 non
1354 5374 1501 5428 sunt,
1539 5364 1704 5434 elegit
1740 5384 1753 5420 :
1791 5365 1952 5420 sicuti
2008 5377 2064 5421 et

482 5459 570 5499 me
590 5450 659 5502 ab
684 5450 832 5503 omni
866 5451 1078 5520 justitia
1107 5455 1450 5522 destitutum,
1479 5466 1534 5512 et
1564 5473 1594 5511 a
1628 5457 1896 5528 sapientia
1927 5457 2064 5512 alie-

484 5553 639 5605 nunt,
665 5556 772 5596 non
804 5543 1080 5613 idoneum,
1121 5564 1224 5604 nec
1246 5546 1461 5606 servum
1496 5550 1737 5607 inutilem
1766 5550 2062 5615 nominari,

557 5735 619 5790 ἰ
650 5737 776 5794 Cor.
819 5757 878 5809 ιι,
904 5743 958 5810 4,
984 5744 1035 5799 5.
1118 5750 1160 5777 ²⁹
1194 5748 1231 5801 ll
1256 5747 1379 5803 Cor.
1424 5765 1516 5816 xu,
1558 5752 1612 5804 9.

2160 3160 2332 3231 legem
2371 3177 2385 3212 :
2416 3159 2540 3229 quia
2574 3174 2680 3213 nec
2708 3167 2901 3214 contra
2925 3171 3067 3221 eam,
3105 3157 3197 3212 sed
3219 3155 3404 3227 potius
3440 3154 3741 3209 resistenti-

2159 3254 2261 3309 bus
2291 3267 2390 3322 pro
2434 3268 2499 3306 ea
2542 3266 2786 3322 pugnare
2833 3250 3198 3321 suscepimus.
3261 3247 3609 3303 Manifestum
3659 3255 3746 3300 est

2160 3356 2340 3401 autem
2371 3346 2495 3407 hoc,
2525 3360 2591 3399 ex
2617 3358 2685 3399 eo
2701 3343 2847 3415 quod
2872 3342 3077 3397 inimici
3109 3341 3242 3413 legis
3264 3341 3500 3396 maxime
3527 3355 3646 3395 eam
3674 3339 3741 3391 ‘ill

2161 3438 2344 3491 multis
2373 3436 2509 3490 nihil
2528 3434 2810 3505 juvantem
2832 3442 2887 3489 et
2912 3433 3161 3488 inutilem
3196 3439 3458 3487 accusant
3482 3449 3495 3484 :
3525 3429 3620 3485 sed
3644 3446 3744 3483 nos

2163 3524 2326 3593 hujus
2370 3523 2661 3577 maximam
2704 3522 2994 3577 utilitatem
3021 3537 3120 3592 per
3151 3521 3573 3592 iutelligihilium
3607 3536 3742 3575 ana-

2161 3630 2332 3686 gogeu
2358 3612 2714 3669 ostendimus.
2739 3612 2849 3667 Nec
2868 3612 3013 3666 enim
3041 3611 3445 3681 reprehendere
3469 3610 3593 3681 quis
3610 3625 3745 3663 aua-

2163 3722 2311 3777 gogte
2336 3704 2837 3775 interpretationes,
2880 3718 2981 3757 nec
3020 3702 3396 3758 intellecluum
3426 3701 3745 3755 considera-

2166 3799 2388 3863 tionem,
2421 3812 2525 3853 nec
2550 3797 2747 3852 litterae
2761 3805 3056 3866 praesumat
3075 3793 3537 3865 explanationem,
3566 3808 3741 3864 ncqtte

2163 3901 2351 3946 noster
2371 3891 2660 3962 quispiam,
2677 3905 2856 3960 neque
2885 3888 3115 3943 alienus.
3147 3886 3279 3941 Nam
3304 3896 3495 3942 uoster
3518 3888 3740 3958 quidem

2167 3982 2474 4037 testimonia
2524 3988 2729 4050 apertas
2775 3978 3082 4034 istiusmodi
3149 3979 3508 4048 expositionis
3576 3979 3745 4032 niufta

2166 4072 2912 4142 habet.atqucdilferentia:
2959 4071 3124 4128 veluti
3184 4071 3386 4125 Christi
3438 4070 3743 4140 parabolas,

2165 4164 2218 4217 iu
2250 4164 2449 4232 quibus
2475 4179 2662 4234 agrum
2708 4163 2995 4224 mundum;
3059 4160 3351 4232 agricolam
3419 4176 3499 4222 se.
3556 4175 3746 4216 semen

2165 4254 2366 4309 bonum
2390 4255 2589 4323 justos,
2620 4253 2829 4308 zizania
2868 4253 3156 4325 malignos,
3186 4266 3458 4307 messores
3501 4250 3743 4322 angelos,

2166 4347 2444 4402 inimicum
2478 4346 3007 4418 superseminantem
3027 4346 3207 4402 tritico
3236 4345 3445 4400 zizania
3475 4343 3748 4400 diabolum

2168 4454 2469 4508 exponens.
2521 4438 2951 4509 unumquodque
2995 4438 3382 4507 prmdictorum
3432 4434 3746 4506 appellavit.

2168 4529 2306 4599 Quid
2338 4547 2466 4604 ergo
2492 4531 2873 4602 incongruum,
2910 4530 2958 4585 si
2981 4529 3103 4600 quis
3130 4529 3296 4584 etiam
3325 4543 3474 4584 nunc
3504 4541 3748 4598 praesens

2170 4624 2302 4696 legis
2338 4624 2618 4696 negotium
2648 4638 2953 4694 exponens,
3003 4623 3196 4677 bovem
3224 4622 3369 4678 dicat
3416 4637 3539 4678 esse
3579 4621 3753 4677 homi-

2169 4733 2294 4771 nem
2343 4717 2434 4788 qui
2486 4727 2744 4788 operatur
2790 4716 3094 4788 justitiam;
3137 4732 3296 4771 ovem
3343 4715 3647 4785 simplicem
3695 4721 3752 4767 ct

2171 4810 2543 4876 innocentem,
2565 4809 2874 4865 columbam
2912 4816 3004 4865 aut
3033 4817 3301 4863 turturem
3327 4848 3342 4873 ,
3367 4807 3617 4860 viventes
3655 4819 3752 4857 su-

2172 4901 2411 4965 blimius,
2440 4901 2998 4973 contemplationique
3025 4909 3299 4956 vacantes.
3321 4897 3511 4969 Sedue
3530 4894 3752 4951 Judazus

2169 4994 2390 5063 quidem
2412 4995 2786 5051 contradicere
2809 4994 3122 5065 huiusmodi
3147 4992 3283 5062 legis
3314 4986 3751 5059 interpretationi

2171 5086 2404 5156 poterit:
2435 5086 2685 5156 nunquid
2731 5101 2840 5140 non
2882 5084 3183 5141 Jerusalem
3231 5081 3455 5137 leaenam
3499 5078 3752 5133 Ezechiel

2170 5177 2435 5249 prepheta
2450 5179 2469 5210 "
2485 5177 2811 5248 appellavit?
2826 5176 3066 5231 catulum
3093 5184 3274 5231 autem
3289 5174 3407 5243 ejus
3427 5170 3748 5232 Heliachim,

2170 5270 2261 5340 qui
2289 5270 2487 5326 ductus
2512 5279 2598 5325 est
2628 5270 2684 5324 in
2715 5267 3049 5339 Egyptum?
3081 5266 3263 5323 Alium
3289 5280 3480 5321 rursus
3511 5265 3753 5320 catulum

2169 5361 2438 5429 Joachim,
2460 5376 2621 5431 quem
2654 5362 2710 5415 in
2744 5359 2990 5419 vinculis.
3020 5360 3154 5424 sive,
3180 5367 3241 5414 ut
3270 5358 3412 5413 LXX
3442 5358 3749 5417 ediderunt.

2177 5455 2232 5513 in
2263 5469 2426 5510 cavea
2465 5442 2974 5509 Nabuchodonosor
2996 5452 3269 5522 Babylona
3296 5452 3573 5524 perduxit.
3612 5449 3752 5516 Quia

2171 5558 2360 5604 autem
2387 5545 2708 5617 intelligitur
2738 5543 2918 5614 aquila
2947 5547 3156 5617 magnis
3182 5544 3302 5614 alis,
3343 5546 3480 5615 quid
3532 5546 3769 5603 inaures,

1712 5751 1731 5781 ³
1764 5749 1963 5819 Ειιιιυε.
2003 5765 2074 5813 ιι,
2121 5750 2200 5805 18.
2280 5759 2301 5785 ⁸
2330 5749 2528 5807 Ezech.
2557 5767 2669 5819 nx,
2708 5750 2729 5806 Ι
2763 5764 2914 5821 seqq.
