4076 6188
366 304 468 375 ⁵191

1555 310 1915 372 HESYCHII
1967 308 2440 372 PRESBYTERI

3527 304 3636 374 792

366 429 424 477 et
447 415 860 484 discriminalia,
895 417 1220 490 hyacinthus
1240 419 1526 491 etbyssus,
1545 431 1601 476 et
1621 423 1725 476 alia
1751 422 1950 492 quibus
1980 428 2022 478 Α
2055 418 2195 473 Deus
2225 417 2539 488 appellavit.
2569 416 2758 472 dicens
2789 435 2802 472 :
2838 416 2989 487 Ε]εεί
3020 433 3103 471 eos
3129 407 3191 472 de
3221 406 3364 471 terra
3395 415 3634 488 Egypti,

362 508 666 567 Jerusalem
710 509 873 579 Deus,
897 512 1198 567 secundum
1228 513 1371 581 quod
1416 515 1493 568 ait
1525 515 1612 570 hic
1644 515 1760 584 ipse
1817 530 1945 583 pro-

364 605 554 675 pheta,
587 604 848 659 vestivit?
877 603 1018 669 Quid
1049 613 1234 659 autem
1271 615 1326 659 et
1385 606 1542 671 later,
1590 607 1646 661 in
1670 623 1780 676 quo
1807 609 1946 663 civi-

365 702 534 750 tatem
587 694 876 763 depinxit?
921 695 1052 763 quid
1093 695 1270 750 ferrea
1302 699 1568 768 sartago?
1607 700 1736 768 quid
1788 701 1945 770 panis

361 799 525 854 quem
547 783 616 838 de
657 784 854 849 tritico,
884 794 939 838 et
968 785 1194 849 hordeo,
1225 797 1280 841 et
1319 786 1460 853 laba,
1493 789 1657 857 lente,
1686 791 1856 856 milio,
1889 801 1946 846 et

363 877 524 940 vicia,
554 875 667 929 Deo
687 875 917 944 iubente
953 877 1272 932 comedebat
1298 879 1321 931 ’ἰ
1345 878 1482 944 Quia
1519 897 1628 936 non
1654 883 1830 936 solum
1879 899 1943 938 ea

362 983 484 1037 qua:
514 967 568 1020 in
593 967 865 1036 parabolis
895 968 1036 1023 dicta
1065 978 1212 1033 sunt,
1251 972 1346 1025 sed
1377 983 1433 1026 et
1470 987 1534 1026 ea
1589 989 1710 1042 qua:
1741 990 1943 1029 secun-

362 1060 493 1115 dum
536 1059 816 1114 bismriam
866 1070 1016 1128 sunt,
1062 1063 1127 1116 ad
1165 1063 1539 1120 sublimiorem
1604 1067 1941 1122 intellectum

363 1167 459 1222 per
492 1150 805 1222 allegoriam
838 1152 961 1208 duci
992 1163 1289 1224 oporteret,
1312 1166 1497 1226 aperte
1523 1157 1719 1214 Paulus
1741 1169 1796 1214 et
1823 1160 1941 1216 sine

361 1241 541 1311 aliqua
563 1241 825 1296 dilatione
853 1241 1058 1298 Galatis
1115 1245 1361 1299 scribens
1412 1246 1487 1300 ait
1531 1265 1544 1300 :
1595 1247 1765 1302 Dicite
1811 1251 1939 1304 mihi

361 1335 452 1404 qui
480 1334 572 1388 sub
595 1333 705 1403 lege
730 1335 886 1389 vultis
916 1352 1043 1400 esse,
1077 1336 1238 1406 legem
1278 1353 1380 1390 non
1409 1338 1650 1409 legistis?
1673 1340 1938 1409 Scriptum

360 1433 433 1477 est
470 1425 631 1486 enim,
662 1427 787 1494 quia
819 1425 1085 1478 Abraham
1119 1430 1248 1479 duos
1279 1427 1416 1495 ﬁlios
1441 1428 1644 1493 habuit,
1687 1444 1847 1483 unum
1876 1447 1940 1484 ex

361 1513 580 1578 ancilla,
611 1514 839 1568 alterum
872 1531 938 1569 ex
960 1516 1142 1570 libera.
1176 1516 1280 1570 Sed
1305 1518 1394 1585 qui
1412 1534 1476 1570 ex
1500 1519 1718 1581 ancilla,
1749 1536 1938 1574 secun-

359 1607 486 1659 dum
523 1621 738 1660 carnem
773 1618 930 1661 natus
960 1618 1056 1672 est,
1087 1610 1175 1678 qui
1207 1619 1384 1662 autem
1424 1627 1488 1664 ex
1507 1610 1690 1676 libera,
1729 1628 1822 1680 per
1852 1629 1937 1666 re-

358 1698 787 1767 promissionem;
821 1715 938 1770 qua:
959 1709 1078 1753 sunt
1110 1717 1202 1769 per
1224 1699 1533 1771 allegoriam
1570 1704 1710 1756 dicta
1737 1707 1777 1757 ⁵.
1801 1703 1936 1769 Qui-

358 1803 466 1856 que
485 1789 587 1843 hoc
614 1789 825 1855 dicens,
860 1791 1006 1846 illico
1027 1791 1339 1861 allegoriam
1361 1793 1629 1858 exhibuit,
1653 1795 1728 1848 ait
1749 1795 1894 1850 enim
1917 1814 1932 1854 :

362 1879 492 1935 Haec
512 1889 632 1934 sunt
661 1881 766 1935 duo
799 1891 1130 1947 testamenta,
1187 1900 1348 1938 unum
1401 1887 1610 1955 quidem
1657 1888 1722 1940 de
1764 1899 1938 1944 monte

358 1969 511 2034 Sina,
533 1971 589 2024 in
612 1972 912 2026 servitutem
937 1989 1214 2043 generatis,
1245 1990 1362 2043 qua:
1389 1983 1463 2028 est
1505 1976 1648 2048 Agar
1668 1977 1710 2043 ⁸,
1755 1989 1809 2032 et
1847 1995 1938 2034 re-

358 2061 505 2132 liqua
525 2077 647 2132 quae
672 2071 1000 2133 sequuntur.
1036 2065 1143 2119 Sed
1171 2081 1318 2119 nunc
1344 2075 1400 2121 et
1433 2067 1548 2122 haec
1573 2083 1638 2122 eo
1680 2071 1841 2124 modo
1868 2070 1936 2124 ad

359 2155 697 2225 allegoriam,
733 2170 844 2225 quo
873 2156 1455 2226 reliquasScripturas,
1484 2159 1627 2213 trahi
1671 2169 1886 2230 oportet
1918 2178 1932 2214 :

355 2260 460 2300 nec
489 2246 948 2314 quemadmodum
963 2247 1086 2310 illae,
1111 2264 1234 2302 cum
1274 2264 1525 2319 magnam
1545 2265 1611 2304 ex
1629 2251 1936 2320 semetipsis

357 2334 596 2388 habeant
626 2335 756 2397 vim,
791 2337 1055 2407 majorem
1099 2347 1279 2392 tamen
1313 2353 1411 2408 per
1447 2339 1816 2394 contentionis
1846 2340 1935 2394 in-

357 2425 802 2494 terpretationem
827 2426 1132 2496 suscipiunt
1177 2427 1486 2492 utilitatem,
1521 2428 1592 2483 ita
1623 2437 1935 2498 etpraesens

356 2515 586 2577 sanctio,
616 2531 780 2585 parva
807 2517 939 2570 mibi
973 2527 1028 2570 et
1049 2516 1296 2582 minima,
1331 2527 1388 2572 et
1415 2519 1824 2573 utcredendum
1851 2527 1936 2574 est

354 2616 458 2657 nec
486 2604 871 2670 reticendum,
897 2605 1108 2660 inutilis
1159 2607 1242 2660 vel
1285 2606 1533 2663 fortassis
1566 2609 1732 2662 etiam
1776 2609 1933 2663 noxia

355 2702 443 2747 est
472 2691 561 2747 hic
621 2694 823 2760 littera,
879 2694 925 2750 si
971 2697 1235 2766 spolietur
1255 2697 1522 2767 spirituali
1577 2698 1934 2771 intelligentia

356 2784 545 2839 multis
575 2787 980 2856 emergentibus
1014 2788 1185 2859 ipsius
1216 2790 1426 2854 litterae,
1455 2799 1512 2845 et
1544 2792 1707 2846 variis
1744 2807 1934 2862 repre-

358 2875 738 2944 hensionibus,
791 2879 933 2935 sicut
991 2881 1048 2935 iu
1074 2881 1536 2951 subsequentibus
1573 2883 1931 2953 reperiemus,

357 2967 462 3022 nisi
497 2969 621 3038 quis
655 2971 723 3025 ad
773 2973 1142 3027 sublimiorem
1183 2973 1693 3043 interpretationem
1746 2975 1936 3031 conlu-

356 3060 529 3130 gicns,
557 3077 621 3116 ex
657 3077 720 3117 ea
753 3065 1213 3133 quemadmodum
1247 3082 1344 3138 pro
1404 3067 1582 3122 littera
1623 3067 1934 3124 satisfacere

357 3151 551 3220 possit,
586 3155 852 3224 exquirat.
887 3156 1114 3228 Propter
1136 3160 1281 3229 quod
1303 3168 1359 3214 et
1389 3161 1584 3215 bonam
1615 3161 1808 3231 legem,
1840 3176 1937 3214 seu

358 3243 635 3310 mandata,
663 3254 718 3300 et
754 3262 863 3302 non
895 3248 1095 3304 bonam
1147 3265 1245 3320 per
1309 3250 1631 3321 prophetam
1685 3251 1934 3306 Ezechiel

432 3397 454 3428 ⁸
491 3397 666 3457 Galat.
694 3419 767 3469 tv,
807 3404 898 3470 2|,
921 3403 1009 3460 Μ.
1092 3405 1112 3437 ⁸
1134 3405 1264 3462 ibid.
1339 3407 1358 3437 ⁷
1395 3405 1592 3462 Ezech.
1618 3407 1820 3475 13,10,
1853 3408 1937 3471 ll.

2047 519 2096 564 et
2117 510 2272 563 eduxi
2299 511 2354 562 in
2376 511 2598 572 deserto,
2621 517 2671 562 et
2691 509 2810 562 dedi
2835 509 2908 562 eis
2936 517 3197 579 prtecepta
3226 526 3364 572 mea,
3401 519 3449 562 et
3482 510 3634 578 judi-

2046 601 2128 655 cia
2156 617 2270 654 mea
2295 601 2494 653 ostendi
2524 601 2615 663 eis,
2636 615 2759 669 quw
2780 601 2944 676 faciat
2971 601 3126 653 homo
3157 609 3205 654 et
3229 602 3372 654 vivat
3411 601 3467 654 in
3495 603 3570 655 eis
3589 601 3632 656 '.

2047 691 2185 746 Ecce
2214 692 2355 746 bona
2387 700 2441 746 et
2469 691 2625 746 valde
2653 692 2798 745 bona
2830 691 2882 744 in
2919 699 3132 746 tantum
3158 701 3220 745 ut
3268 693 3436 746 vitam
3490 707 3635 762 prae-

2045 793 2192 838 stent
2210 798 2662 846 commemorans,
2694 783 2818 838 vide
2844 783 3023 852 qualia
3056 799 3246 837 rursus
3264 783 3334 839 de
3363 784 3447 838 his
3476 800 3633 838 man-

2044 878 2184 932 datis
2217 878 2456 932 subdidit
2512 895 2526 930 :
2568 877 2636 930 Et
2663 893 2756 947 ego
2802 877 2876 930 eis
2925 878 3066 940 dedi,
3128 877 3324 946 inquit,
3374 878 3631 930 mandata

2044 987 2144 1023 non
2179 971 2334 1034 bona,
2357 979 2405 1022 et
2427 970 2636 1038 judicia
2662 970 2717 1021 in
2750 968 2934 1039 quibus
2965 985 3069 1022 non
3095 969 3267 1022 vivent
3290 970 3335 1022 ⁸.
3384 969 3455 1024 At
3491 985 3630 1040 quo-

2043 1063 2205 1116 modo
2235 1069 2464 1131 possunt
2489 1061 2628 1114 bona
2661 1060 2778 1114 haec
2831 1075 2972 1126 esse,
3014 1069 3066 1116 et
3116 1077 3228 1115 nou
3283 1061 3464 1116 bona?
3520 1063 3630 1118 Aut

2041 1155 2313 1225 quomodo
2343 1170 2490 1208 nunc
2517 1153 2780 1223 praebent,
2830 1169 2978 1208 nunc
3031 1164 3214 1208 autem
3247 1169 3357 1208 non
3391 1155 3634 1224 praebent

2042 1246 2372 1302 vitam?Aut
2400 1255 2550 1299 certe
2578 1245 2702 1314 quis
2729 1245 2801 1298 ita
2856 1245 3156 1300 secundum
3207 1262 3334 1300 eum
3370 1247 3630 1310 custodit,

2041 1335 2341 1390 secundum
2360 1351 2521 1404 quem
2546 1351 2574 1387 a
2596 1334 2901 1404 legislatore
2916 1336 3187 1405 descripta
3213 1345 3364 1401 sunt,
3385 1336 3634 1392 videlicet

2040 1425 2328 1495 Spiritum?
2355 1425 2586 1493 Spiritus
2635 1426 2774 1477 enim
2813 1434 2886 1478 est
2925 1425 3084 1486 Deus,
3117 1435 3167 1478 et
3216 1441 3302 1479 eos
3358 1427 3450 1496 qui
3503 1428 3631 1481 ado-

2040 1526 2160 1570 rant
2195 1533 2334 1578 eum,
2363 1517 2418 1569 in
2437 1517 2626 1584 spiritu
2643 1526 2707 1568 'et
2736 1518 2954 1568 veritate
2973 1526 3172 1585 oportet
3195 1519 3424 1571 adorare
3444 1519 3465 1550 '
3487 1536 3500 1572 :
3520 1519 3632 1588 ipse

2040 1609 2094 1663 iu
2119 1608 2200 1664 eis
2231 1608 2382 1663 vivit.
2419 1606 2524 1673 Qui
2578 1622 2710 1661 vero
2737 1607 3030 1662 carnaliter
3079 1607 3298 1678 accipit,
3344 1618 3492 1664 recte
3521 1626 3628 1665 non

2039 1701 2183 1755 bona
2201 1700 2368 1755 sentit
2404 1699 2839 1768 divinajudicia:
2867 1700 3070 1768 quippe
3100 1715 3202 1754 nec
3223 1699 3496 1771 intelligit,
3530 1716 3631 1756 nec

2042 1793 2123 1848 eis
2140 1793 2310 1847 utitur
2331 1791 2555 1847 bene.'U
2565 1792 2670 1845 nde
2698 1805 2762 1845 ea
2790 1807 2912 1860 quae
2933 1791 3078 1846 bona
3104 1800 3253 1856 sunt,
3275 1801 3427 1848 recte
3448 1793 3498 1846 el
3520 1808 3627 1847 non

2043 1885 2186 1940 bona
2233 1883 2408 1950 ﬁunt,
2459 1897 2562 1937 nec
2600 1882 2735 1936 vivit
2755 1882 2808 1935 in
2841 1882 2951 1936 eis:
2979 1897 3104 1936 nam
3136 1883 3372 1952 primum
3411 1884 3626 1952 quidem

2044 1977 2297 2048 ignorant
2338 1975 2504 2030 vitam
2561 1989 2682 2043 quae
2733 1973 2788 2026 in
2819 1973 2900 2026 eis
2931 1973 3113 2028 abdita
3150 1982 3253 2039 est,
3291 1974 3491 2029 deinde
3516 1990 3625 2030 non

2042 2082 2281 2136 semper,
2306 2066 2400 2120 sed
2415 2074 2564 2120 certo
2578 2074 2821 2134 tempore
2837 2063 3113 2134 legislator
3137 2065 3308 2118 voluit
3341 2066 3628 2136 superﬁcie

2043 2165 2202 2212 tenus
2249 2155 2557 2218 custodiri,
2590 2163 2650 2209 ut
2695 2154 3023 2225 astringeret
3065 2154 3377 2210 Judeorum
3435 2156 3625 2210 duram

2040 2247 2330 2310 cervicem,
2365 2245 2708 2316 graviorique
2736 2253 2988 2313 egentem
3008 2245 3162 2314 jugo.
3192 2243 3490 2315 Propterea
3523 2261 3625 2315 po-

2041 2337 2228 2408 pulum
2257 2350 2382 2389 eum
2405 2335 2556 2390 durae
2591 2333 2820 2389 cervicis
2848 2335 3129 2404 prophetae
3187 2335 3400 2390 dicunt.
3460 2335 3625 2391 Isaias

2039 2433 2223 2480 autem
2259 2441 2370 2479 non
2410 2433 2619 2480 tantum
2648 2423 2797 2479 durae
2821 2423 3076 2488 cervicis,
3102 2424 3198 2478 sed
3229 2425 3456 2479 vitulam
3500 2441 3623 2480 con-

2040 2524 2377 2572 sternantem
2421 2514 2734 2570 Iudaeorum
2780 2515 3042 2585 populum
3070 2516 3365 2586 appellavit
3390 2516 3454 2570 ⁸⁸.
3490 2516 3624 2582 Qum

2039 2617 2220 2663 autem
2241 2615 2598 2664 consternans
2612 2613 2717 2670 est,
2745 2607 2788 2662 si
2821 2607 2893 2661 ita
2917 2608 3219 2678 susceperit
3233 2609 3448 2680 jugum,
3475 2609 3624 2663 nullo

2039 2700 2201 2754 modo
2217 2699 2489 2754 domatur.
2508 2697 2576 2754 Et
2603 2714 2824 2753 rursus:
2842 2699 3098 2769 Ephraim
3122 2700 3287 2754 vitula
3310 2701 3466 2753 docta
3495 2699 3620 2754 dili-

2040 2809 2158 2862 gere
2177 2793 2448 2857 trituram,
2479 2791 2723 2846 transibit
2779 2807 2938 2861 super
2992 2791 3440 2861 pulchritudinem
3500 2793 3622 2846 colli

2039 2884 2153 2952 ejus
2186 2885 2250 2947 η,
2290 2897 2388 2953 per
2418 2883 2615 2936 collum
2637 2883 3005 2938 obedientiam
3058 2882 3391 2954 signiﬁcans,
3429 2884 3481 2936 in
3516 2899 3620 2954 que

2035 2978 2224 3048 jugum
2260 2975 2392 3046 legis
2423 2975 2868 3046 superimposuit,
2921 2983 2980 3030 ut
3027 2974 3346 3030 humiliatus
3393 2976 3624 3046 populus

2041 3068 2275 3130 libenter
2321 3066 2693 3137 evangelicum
2719 3068 2935 3136 jugum,
2967 3075 3153 3136 utpote
3182 3067 3300 3120 leve
3345 3080 3624 3136 suaveque

2044 3157 2366 3227 Susciperct.
2407 3155 2511 3211 Sed
2531 3157 2642 3227 iam
2667 3166 2884 3229 tempus
2909 3166 2999 3213 est
3033 3166 3092 3212 ut
3139 3156 3313 3227 ipsam
3339 3157 3475 3228 legis
3501 3173 3617 3227 pro-

2043 3264 2310 3320 ponamus
2343 3247 2598 3303 litteram.

2014 3406 2036 3437 ⁸
2065 3403 2195 3471 ibid.
2251 3402 2335 3456 19..
2401 3403 2597 3458 ’Joan.
2625 3419 2698 3461 Iv.
2740 3405 2909 3468 “lsa.
2935 3420 3023 3472 xv,
3049 3405 3104 3460 5.
3181 3404 3223 3438 “
3249 3403 3392 3462 Osee
3439 3421 3495 3474 ι,
3532 3405 3615 3469 il.

1461 3785 1870 3881 LIBER
1946 3787 2505 3879 PRIMUS.

873 4183 1100 4240 CAPUT
1140 4183 1431 4242 PRIMUM.

2046 4188 2123 4240 uis
2146 4227 2158 4250 ,
2191 4187 2374 4240 domus
2407 4185 2669 4239 Israel“?
2701 4183 2862 4254 Atqui
2895 4184 3208 4256 frequenter
3233 4185 3542 4241 obtulerant
3598 4204 3612 4240 :

431 4273 595 4330 Vens.
633 4280 684 4340 1,
708 4277 761 4331 2.
801 4293 820 4328 t
866 4274 1097 4332 Vocavit
1131 4286 1312 4332 autem
1338 4277 1577 4349 Moysen,
1630 4289 1686 4333 et
1721 4271 1935 4333 locutus
1969 4297 2012 4353 ι)
2043 4277 2138 4332 sed
2169 4277 2239 4332 ob
2263 4277 2366 4332 hoc
2389 4277 2533 4346 quod
2556 4276 2720 4330 nimis
2751 4277 3110 4346 displicebant
3139 4277 3292 4341 ei,ea
3309 4277 3464 4346 quasi
3507 4294 3611 4332 non

360 4375 443 4423 est
472 4369 519 4422 ei
555 4368 814 4423 Dominus
844 4369 912 4423 de
947 4368 1297 4423 tabernaculo
1333 4369 1648 4433 testimonii,
1695 4371 1884 4426 dicens
1919 4389 1931 4424 :

359 4458 607 4529 Loquere
641 4459 763 4514 ﬁliis
807 4459 990 4525 Israel,
1024 4469 1079 4516 et
1106 4461 1254 4517 dices
1312 4463 1379 4518 ad
1423 4478 1560 4518 eos:
1613 4463 1786 4518 l-lomo
1843 4463 1934 4534 qui

360 4550 620 4605 obtulerit
649 4567 714 4605 ex
740 4551 894 4607 vobis
928 4552 1163 4608 hostiam
1192 4553 1426 4608 Domino
1454 4554 1520 4609 de
1553 4555 1862 4624 pecoribus,
1881 4554 1934 4609 id

361 4653 462 4706 est,
499 4643 564 4696 de
593 4643 766 4698 bobus
813 4653 867 4699 et
895 4644 1088 4700 ovibus
1113 4645 1352 4700 oﬁ'erens
1377 4647 1642 4701 victimas.
1674 4667 1693 4698 ι

430 4733 586 4799 Quod
653 4750 761 4789 non
821 4723 1056 4804 diligens
1120 4736 1263 4794 Deus
1327 4739 1611 4804 sacriﬁcia,
1684 4757 1747 4794 ea
1813 4757 1935 4810 qua:

360 4829 426 4882 de
457 4825 738 4882 sacriﬁciis
766 4827 966 4883 Iudaeis
1004 4831 1343 4899 praeceperit,
1376 4831 1716 4886 demonstrat
1769 4832 1935 4886 Isaias

359 4921 547 4974 dicens
582 4937 594 4970 :
628 4917 740 4983 Quo
771 4920 900 4973 mihi
931 4919 1320 4974 multitudinem
1349 4923 1684 4974 victimarum
1735 4931 1936 4975 vestra—

361 5027 474 5061 rum
495 5011 521 5063 ἰ)
543 5011 667 5062 dicit
696 5009 984 5075 Dominus;
1018 5009 1200 5077 plenus
1219 5025 1334 5062 sum
1361 5008 1662 5063 holocausta
1687 5011 1934 5074 arietum,

360 5111 408 5155 et
437 5101 594 5168 adipe
615 5101 911 5171 pinguium;
933 5101 1241 5170 sanguinem
1265 5100 1566 5161 vitulorum,
1600 5109 1648 5154 et
1675 5117 1931 5170 agnorum

361 5203 409 5242 ct
451 5191 716 5244 hircorum
763 5190 926 5244 uolui.
972 5189 1102 5244 Cum
1146 5189 1389 5242 veneritis
1435 5199 1560 5242 ante
1610 5199 1938 5258 conspectum

363 5298 554 5347 meum,
587 5283 701 5352 quis
720 5285 956 5353 quwsirit
990 5284 1098 5337 hac
1121 5283 1185 5337 de
1215 5283 1455 5336 manibus
1477 5285 1662 5338 vestris
1687 5287 1770 5338 "?
1799 5285 1940 5356 Ergo

361 5373 762 5440 quodammodo
789 5376 894 5429 hoc
931 5375 1074 5445 quod
1134 5375 1200 5430 de
1248 5374 1531 5430 sacriﬁciis
1580 5387 1934 5446 praeceperat,

362 5467 572 5520 abnuit.
609 5465 706 5520 llis
726 5467 919 5522 similia
951 5475 1004 5521 et
1034 5469 1202 5523 Amos
1229 5467 1360 5522 dicit
1389 5485 1402 5520 :
1427 5467 1680 5539 Nunquid
1697 5469 1937 5522 victimas

363 5567 412 5621 σε
441 5555 702 5624 sacriﬁcia
737 5557 994 5612 obtulistis
1019 5559 1144 5611 mihi
1178 5559 1449 5614 indeserto
1471 5559 1826 5630 quadraginta
1849 5575 1940 5612 an-

473 5733 512 5775 ”
538 5734 636 5794 ira.
672 5748 712 5796 ι,
750 5734 826 5798 il,
863 5735 942 5792 l9...
1049 5739 1273 5802 "Amos
1308 5759 1353 5794 \'.

2041 4371 2220 4426 oblata
2250 4369 2558 4440 reputabat.
2596 4369 2796 4424 Eadem
2833 4376 2888 4423 et
2908 4369 3174 4424 Jeremias
3202 4370 3464 4439 propheta
3488 4372 3564 4426 ait
3599 4389 3610 4424 :

2041 4463 2168 4517 Ha'c
2207 4463 2333 4516 dicit
2369 4462 2618 4516 Dominus
2667 4463 3008 4527 exercituum,
3052 4461 3190 4514 Deus
3216 4460 3422 4515 Israel:
3451 4462 3612 4514 Holo-

2043 4564 2348 4609 cautomata
2387 4564 2562 4610 uestra
2589 4555 2766 4608 addite
2787 4554 3012 4609 victimis
3047 4554 3252 4618 vestris,
3283 4564 3331 4607 et
3363 4555 3611 4608 comeditc

2043 4663 2266 4701 carnes:
2296 4647 2418 4717 quia
2452 4662 2554 4699 non
2603 4661 2719 4700 sum
2778 4645 2978 4699 locutus
3022 4643 3259 4715 patribus
3310 4647 3513 4710 vestris,
3566 4655 3611 4698 ct

2042 4751 2143 4789 non
2166 4735 2386 4804 praecepi
2409 4735 2480 4788 eis
2504 4735 2556 4788 iu
2584 4735 2669 4788 die
2715 4751 2817 4805 qua
2845 4736 3001 4789 eduxi
3019 4752 3104 4788 eos
3133 4737 3197 4788 de
3215 4745 3354 4789 terra
3376 4736 3610 4805 Egypti,

2041 4829 2105 4882 de
2137 4827 2290 4882 verba
2325 4827 2807 4880 holocautomatum
2845 4837 2892 4880 et
2923 4827 3252 4881 victimarum
3301 4827 3363 4880 ⁸⁸.
3396 4827 3502 4882 Sed
3534 4829 3612 4880 in-

2041 4918 2199 4988 quies
2233 4935 2244 4969 :
2276 4916 2402 4971 Haec
2426 4915 2493 4970 de
2527 4916 2724 4985 quibus
2763 4917 3036 4986 loquimur
3074 4917 3190 4986 ipse
3224 4919 3498 4972 mandavit
3522 4919 3611 4988 qui

2043 5019 2099 5064 et
2130 5017 2311 5079 negat,
2345 5017 2399 5062 et
2427 5023 2525 5062 cur
2558 5017 2718 5078 negat
2741 5024 2862 5077 qua:
2905 5009 3294 5064 mandaverat?
3318 5010 3610 5081 Cur?quia

2042 5101 2402 5156 intentionem
2435 5099 2642 5154 datoris
2695 5100 2752 5154 hi
2782 5100 2875 5170 qui
2919 5111 3250 5176 acceperunt
3288 5103 3611 5171 transgressi

2039 5203 2185 5248 sunt.
2222 5193 2358 5246 Cum
2402 5193 2549 5246 enim
2584 5191 2800 5246 subtilis
2833 5201 2999 5258 esset,
3045 5204 3103 5247 et
3153 5193 3312 5249 valde
3365 5195 3611 5248 sublimis

2038 5286 2144 5348 lex,
2169 5297 2223 5340 ct
2250 5301 2372 5339 cum
2413 5293 2696 5354 propterea
2738 5284 3003 5339 abscousa
3041 5295 3187 5340 esset
3222 5286 3276 5339 in
3324 5286 3610 5356 superﬁcie

2036 5377 2251 5442 litteris,
2279 5385 2549 5446 quatenus
2573 5383 2978 5445 perscrutantes
3009 5390 3126 5429 eam
3171 5377 3449 5436 discerent
3485 5392 3608 5431 cum

2036 5469 2189 5538 prius
2226 5483 2356 5522 suos
2393 5467 2782 5523 emendassent
2815 5481 3043 5520 sensus:
3078 5476 3236 5522 erant
3262 5467 3407 5528 enim
3460 5481 3609 5522 cras-

2035 5559 2196 5614 sioris
2221 5567 2381 5628 atque
2416 5557 2536 5612 duri
2567 5556 2766 5622 cordis,
2798 5563 2853 5611 et
2884 5559 3114 5612 necdum
3144 5557 3319 5630 legem
3375 5557 3469 5617 Dei
3522 5557 3610 5622 iu-

1586 5739 1628 5768 “
1654 5739 1852 5793 Jerem.
1895 5755 1986 5801 γυ,
2010 5737 2208 5806 2l,?.2.
