4076 6188
266 315 370 380 793

1435 315 1518 402 ΙΝ
1553 315 1994 379 LEVITICUM.
2035 345 2100 356 -
2141 321 2287 380 LIB.
2327 321 2377 381 Ι.

1993 178 2017 185 --
2060 180 2123 191 ...εν

3409 318 3522 382 794

267 423 505 495 telligere
527 422 788 490 valentes,
821 422 875 478 in
902 421 1205 496 ignorantia
1271 434 1672 482 remanserunt.
1698 425 1837 480 Cum
1871 434 1914 485 Α
1941 427 2198 483 videlicet
2234 430 2418 494 Israel,
2455 429 2523 485 de
2542 429 2742 500 quibus
2772 445 2894 485 eum
2926 431 3018 500 qui
3050 429 3354 485 voluntaria
3384 431 3528 484 dona

264 523 444 569 autem
489 515 722 569 maxima
789 515 1134 571 districtione
1191 517 1481 572 verborum
1568 517 1844 588 legislator

266 617 470 672 utatur,
501 623 647 662 nunc
675 609 836 662 etiam
860 609 929 662 ab
960 609 1076 672 ipsa
1114 617 1199 663 est
1246 623 1423 662 orsus.
1461 606 1754 662 Exordium
1787 607 1841 660 in

263 695 501 750 editione
526 695 666 749 LXX
715 696 907 766 incipit
937 698 1004 750 ab
1026 712 1091 751 ea
1124 707 1276 766 parte
1307 697 1571 751 orationis
1597 712 1718 765 quae
1760 705 1845 750 est

267 787 580 854 conjunctio
624 803 787 856 quam
843 788 1234 841 consuevimus
1292 785 1363 841 in'
1399 787 1582 840 medio
1636 785 1844 839 ordinis

265 893 467 946 ponere
495 879 804 939 verborum,
841 886 900 930 ut
927 877 1362 946 praecedentibus
1410 876 1708 946 coniungat
1752 891 1843 929 se-

263 969 484 1035 quentia
531 985 543 1020 :
577 968 749 1037 ipsum
779 951 983 1038 quippe
1001 966 1124 1021 libri
1157 968 1321 1036 hujus
1350 967 1571 1021 initium
1605 965 1843 1020 termino

268 1061 624 1126 praecedentis
657 1060 958 1128 conjunxit,
989 1059 1080 1128 qui
1136 1060 1438 1128 appellatur
1487 1058 1728 1120 Exodus,
1784 1057 1841 1111 in

268 1167 373 1219 quo
405 1152 611 1220 Moyses
647 1151 1053 1205 tabernaculum
1100 1151 1296 1214 erexit,
1349 1150 1437 1205 cui
1498 1159 1646 1204 recte
1701 1164 1843 1219 pra:-

269 1244 440 1298 sentia
471 1245 900 1314 eonjunguntur,
928 1259 1052 1298 eum
1080 1244 1245 1298 unius
1269 1244 1624 1314 ejusdemque
1643 1242 1737 1297 Dei
1788 1241 1844 1294 in

271 1345 504 1404 utroque
533 1337 882 1390 contineatur
935 1350 1092 1405 opus.
1150 1336 1259 1390 Sed
1313 1345 1370 1390 et
1415 1335 1552 1390 liber
1596 1333 1842 1400 Numeri,

268 1427 392 1495 quia
434 1428 569 1480 nihil
619 1427 857 1480 medium
916 1426 1058 1481 inter
1109 1443 1233 1485 eum
1277 1437 1333 1483 et
1382 1427 1685 1481 Leviticum
1745 1442 1845 1495 ap-

269 1516 520 1583 pellatur,
565 1516 741 1570 simile
795 1516 958 1570 habet
1003 1527 1055 1570 et
1139 1517 1254 1584 ipse
1337 1517 1716 1587 prooemium;
1767 1515 1846 1570 ait

266 1607 457 1660 enim:
499 1607 888 1676 «Locutusque
936 1615 1021 1662 est
1077 1606 1341 1662 Dominus
1388 1607 1458 1661 ad
1515 1605 1736 1676 Moysen
1788 1605 1844 1658 in

265 1699 482 1751 deserto
523 1697 695 1763 Sinai,
745 1699 798 1751 in
836 1698 1188 1753 tabernaculo
1240 1698 1483 1764 hederis,
1528 1699 1702 1768 prima
1756 1697 1846 1752 die

1944 524 2228 581 oﬁerebat.
2255 524 2322 578 de
2356 523 2534 578 bobus
2582 524 2669 578 vel
2701 525 2769 578 de
2787 524 2983 578 ovibus
3003 523 3202 577 oﬁ‘erre
3228 524 3524 591 prazcepit:

1944 630 2007 669 ex
2039 627 2271 684 utroque
2305 615 2526 668 animali
2556 614 2908 681 veljumento
2955 614 3187 667 similem
3232 613 3530 680 designans

1945 704 2243 765 hominem,
2280 704 2371 773 qui
2407 705 2542 757 nihil
2595 704 2890 762 acuminis,
2917 720 3096 770 neque
3139 703 3204 755 ad
3243 703 3527 765 virtutem,

1943 811 2122 868 neque
2168 795 2234 848 ad
2283 795 2546 848 malitiam
2613 795 2796 857 habet,
2841 793 2934 846 sed
2977 791 3212 845 trahitur
3259 792 3327 844 ab
3364 791 3473 842 alio
3511 808 3525 845 :

1945 886 2082 939 tales
2115 893 2245 938 sunt
2286 885 2456 938 hoves
2490 892 2545 937 et
2579 899 2741 947 oves;
2779 882 2944 935 nimis
2991 881 3138 934 enim
3190 881 3256 933 ad
3307 894 3530 932 manum

1945 983 2074 1028 sunt
2102 982 2362 1029 consueta
2397 972 2673 1034 animalia,
2703 981 2759 1026 et
2787 987 2883 1025 eos
2923 972 3012 1038 qui
3056 971 3129 1024 ita
3183 971 3408 1023 trahunt
3457 969 3531 1022 la-

1945 1067 2048 1122 cile
2074 1065 2381 1135 sequentia.
2414 1065 2481 1117 Et
2509 1072 2796 1132 propterea
2828 1077 2936 1115 non
2965 1062 3211 1114 omnium
3250 1062 3364 1114 haec
3407 1076 3529 1112 mu-

1945 1173 2100 1224 nera,
2137 1159 2231 1211 sed
2261 1156 2573 1210 Judaeorum
2604 1152 2946 1208 solummodo
2965 1167 3084 1206 esse
3143 1163 3370 1220 possunt
3403 1169 3413 1203 :
3452 1150 3528 1202 illi

1946 1251 2092 1306 enim
2128 1249 2342 1304 etiamsi
2374 1247 2592 1300 virtutis
2615 1245 2818 1314 aliquid
2851 1261 2959 1299 non
2987 1256 3305 1313 Operantur,
3331 1244 3532 1298 suﬁieit

1945 1340 2026 1395 eis
2058 1338 2282 1393 minime
2318 1337 2504 1405 inique
2537 1335 2774 1404 operari.
2819 1334 2894 1388 De
2925 1334 3125 1403 quibus
3155 1332 3321 1384 David
3380 1333 3528 1386 dice-

1946 1433 2038 1487 bat
2073 1447 2089 1484 :
2121 1430 2367 1484 Homines
2395 1437 2442 1482 et
2479 1429 2722 1497 jumenta
2762 1427 2935 1480 salvos
2989 1427 3170 1496 facies,
3205 1423 3426 1477 Domine
3449 1425 3526 1487 ”;

1947 1522 2186 1593 primum
2241 1519 2488 1574 ordinem
2565 1517 2878 1572 hominibus
2929 1515 3269 1578 custodiens,
3329 1514 3528 1567 deinde

1947 1611 2254 1666 concedens
2287 1609 2451 1663 etiam
2491 1607 2716 1675 reliquis
2739 1607 2992 1661 salutem.
3026 1605 3182 1670 Quod
3211 1612 3394 1657 autem
3428 1603 3528 1657 hoc

1949 1705 2151 1759 minem
2189 1703 2372 1764 istum,
2405 1701 2472 1756 de
2497 1715 2605 1770 quo
2649 1715 2794 1753 nunc
2849 1713 3032 1752 sermo
3079 1706 3184 1760 est,
3252 1696 3529 1762 legislator

264 1789 468 1842 mensis
495 1789 743 1854 secundi,
769 1805 914 1843 anno
943 1790 1138 1843 altero.
1167 1807 1186 1840 ι
1210 1788 1355 1842 Nihil
1380 1804 1510 1859 ergo
1529 1787 1846 1856 posthisto-
1879 1779 1922 1834 B
1949 1794 2264 1866 appellavit,
2294 1793 2534 1846 θίιεηίιη
2571 1809 2584 1843 ε
2618 1789 2791 1844 "omo
2824 1805 2889 1843 ex
2918 1789 3092 1852 vobis,
3129 1801 3239 1840 ηοη
3272 1786 3377 1839 hoc
3425 1785 3526 1838 ad-

265 1880 399 1934 riam
429 1879 653 1934 Levitici
675 1881 800 1935 libri
827 1925 842 1946 ,
870 1890 998 1935 ante
1025 1881 1312 1934 historiam
1342 1895 1472 1935 vero
1497 1878 1718 1934 Numeri
1745 1892 1844 1947 po-

265 1973 427 2042 pulus
447 1973 762 2028 Judaeorum
786 1973 924 2042 egit:
950 1988 1126 2042 neque
1150 1973 1297 2026 enim
1317 1973 1496 2028 locum
1514 1979 1842 2033 mutaverat,

263 2065 391 2134 quia
424 2065 655 2120 necdum
694 2065 1104 2119 tabernaculum
1130 2064 1470 2131 dedicarant,
1489 2079 1592 2118 nec
1629 2072 1845 2130 tempus

265 2158 494 2211 multum
535 2157 890 2226 prasterierat.
931 2154 989 2208 ln
1045 2154 1222 2223 primo
1271 2153 1474 2223 quippe
1515 2166 1703 2207 mense
1756 2165 1846 2204 se-

265 2247 431 2299 cundi
467 2246 617 2309 anni,
643 2245 890 2315 ejusdem
923 2243 1123 2296 mensis
1148 2241 1300 2296 initio
1328 2242 1410 2311 agi
1450 2249 1753 2310 coeperunt.
1787 2237 1843 2292 In

267 2338 451 2392 Exodo
476 2347 659 2391 autem
694 2346 749 2390 et
778 2334 998 2394 Genesi.
1039 2333 1164 2403 quia
1216 2341 1432 2402 tempus
1467 2331 1693 2386 multum
1727 2345 1847 2384 me-

266 2431 440 2493 dium,
476 2429 678 2497 Joseph
712 2427 919 2490 martis,
950 2435 1007 2480 et
1037 2425 1368 2496 egressionis
1403 2423 1637 2478 ﬁliorum
1684 2420 1847 2476 Israel

269 2529 691 2582 transcurrerat,
726 2533 834 2570 non
871 2517 1120 2571 similiter
1150 2515 1206 2570 in
1238 2516 1448 2570 eisdem
1474 2513 1630 2568 libris
1656 2512 1842 2581 cmpit.

267 2612 384 2666 Non
415 2611 560 2664 enim
583 2619 637 2664 et
665 2609 1088 2677 conjunctionis,
1111 2608 1205 2661 sed
1230 2616 1598 2676 opportunum
1626 2602 1848 2671 dispen-

267 2703 462 2758 sationi
491 2718 682 2756 eorum
712 2717 833 2769 quae
864 2701 938 2754 ibi
967 2699 1164 2769 scripta
1195 2707 1343 2758 sunt,
1370 2695 1842 2766 ponitexordium.

266 2794 357 2848 Ait
384 2793 533 2846 enim
566 2792 646 2846 sic
675 2809 687 2843 :
718 2790 843 2844 Ilazc
857 2799 978 2842 sunt
1002 2789 1141 2842 enim
1167 2788 1377 2841 nomina
1397 2786 1630 2855 ﬁliorum
1653 2783 1844 2849 Israel,

266 2886 355 2956 qui
389 2882 611 2953 ingressi
641 2891 759 2934 sunt
781 2881 836 2933 in
864 2879 1096 2950 zEgypto
1127 2895 1244 2932 cum
1283 2877 1464 2942 Jacob,
1505 2876 1699 2946 singuli
1729 2891 1848 2928 cum

265 2977 501 3030 dantibus
533 2975 640 3028 suis
667 2974 728 3026 ”.
765 2971 872 3026 Sed
930 2973 1048 3025 sine
1105 2971 1274 3025 dubio
1300 2969 1521 3038 objiciet
1553 2967 1844 3038 quispiam,

265 3069 622 3139 quamobrem
649 3067 770 3120 libri
799 3065 930 3136 legis
959 3065 1119 3120 divisi
1152 3073 1300 3127 sunt,
1359 3077 1483 3118 cum
1541 3077 1649 3114 non
1704 3060 1847 3115 divi-

267 3163 545 3224 cierentur,
606 3159 747 3213 sicut
805 3157 1121 3228 praedictum
1187 3164 1306 3220 est,
1356 3165 1600 3222 tempore
1654 3153 1676 3206 ?
1741 3152 1846 3206 Sed

270 3255 374 3308 hoe
426 3252 548 3308 ideo
565 3260 624 3306 ut
658 3266 768 3304 non
797 3249 1072 3304 fastidium
1121 3247 1427 3318 legentibus
1465 3245 1586 3299 libri
1644 3243 1849 3298 faceret

267 3346 570 3416 amplitudo
618 3362 632 3399 :
687 3343 922 3398 libenter
991 3341 1139 3396 enim
1181 3339 1549 3411 negotiatores
1624 3338 1847 3406 pelagus

267 3441 490 3508 viasque
516 3437 792 3500 dividunt,
823 3437 999 3505 ipsum
1049 3430 1453 3503 quodammodo
1513 3429 1844 3482 arbitrantes

266 3529 510 3585 dividere
533 3544 590 3583 se
613 3529 875 3581 laborem.
918 3525 1190 3579 Praeterea
1227 3521 1531 3577 secundum
1559 3519 1700 3573 LXX
1734 3535 1844 3572 non

268 3621 471 3683 vorari,
525 3619 620 3674 sed
655 3619 896 3672 revocari
946 3615 1165 3684 Moysen
1221 3614 1488 3682 scriptum
1550 3620 1655 3674 est,
1705 3611 1849 3664 sicut

267 3711 485 3782 quando
557 3710 739 3772 idem,
807 3708 1109 3762 secundum
1192 3705 1355 3767 LXX,
1439 3703 1677 3757 Beseleel
1764 3711 1846 3756 ta-

270 3804 622 3859 bernaculum
679 3801 980 3855 secundum
1047 3799 1273 3868 ﬁguram
1325 3811 1447 3866 quae
1491 3805 1709 3850 ostensa
1765 3804 1850 3848 est

268 3895 324 3948 in
374 3903 581 3954 monte,
636 3892 814 3946 facere
869 3888 1147 3959 praecepit.
1207 3887 1296 3941 Ait
1341 3885 1544 3940 enim:
1599 3882 1846 3952 Dixitque

274 3987 469 4056 Moysis
494 3985 619 4054 ﬁliis
647 3983 816 4038 Israel
841 3998 861 4036 :
899 3982 1032 4035 Ecce
1062 3980 1316 4034 revocavit
1351 3978 1488 4031 Deus
1516 3993 1581 4030 ea:
1638 3976 1845 4028 namine

265 4077 496 4134 Beseleel
525 4077 695 4147 ﬁlium
720 4075 830 4130 Hor
853 4076 916 4128 de
938 4073 1078 4133 tribu
1113 4071 1276 4136 Juda,
1314 4079 1362 4124 et
1396 4068 1630 4138 implevit
1650 4067 1844 4134 spiritu

265 4170 540 4238 sapientia:
562 4172 624 4223 ιθ.
656 4168 797 4239 Ergo
831 4175 888 4220 et
923 4179 1070 4218 nunc
1131 4163 1362 4215 aliorum
1415 4158 1840 4229 intelligibilium

262 4262 646 4336 quorumdam,
710 4270 764 4313 et
802 4253 1202 4311 rationabilium
1230 4250 1620 4306 sacriﬁciorum
1658 4247 1847 4318 ἰηιαεί-

264 4369 411 4410 nem.
438 4351 748 4407 describere
782 4345 1044 4400 Dominus
1067 4341 1281 4412 Moysen
1308 4338 1584 4410 praecepit,
1611 4345 1667 4391 et
1688 4352 1846 4406 aper-

1946 1887 2195 1948 mireris;
2229 1883 2485 1954 possibile
2511 1893 2594 1938 est
2623 1884 2768 1936 enim
2823 1882 3076 1936 eumdem
3139 1890 3196 1935 et
3252 1879 3525 1933 hominem

1945 1974 2227 2046 appellari,
2261 1982 2316 2027 et
2347 1988 2466 2041 qua:
2493 1972 2866 2040 jumentornm
2890 1978 3020 2023 sunt
3040 1985 3222 2039 agere.
3285 1967 3526 2022 Demon-

1945 2076 2276 2123 stratantem
2309 2065 2412 2118 hoc
2444 2064 2586 2118 idem
2642 2062 2809 2116 David
2845 2062 3109 2132 propheta
3164 2061 3354 2114 dicens
3388 2077 3402 2112 :
3458 2057 3529 2112 Et

1944 2161 2097 2214 homo
2127 2175 2243 2212 cum
2291 2158 2346 2210 in
2377 2157 2568 2210 honore
2595 2164 2744 2217 esset,
2783 2164 3122 2224 comparatus
3160 2163 3232 2207 est
3273 2154 3528 2222 jumentis

1946 2250 2332 2318 insipientibus,
2380 2259 2428 2302 et
2457 2247 2646 2301 similis
2679 2248 2851 2313 factus
2896 2255 2970 2300 est
3033 2245 3139 2298 illis
3187 2245 3252 2297 “.
3322 2244 3526 2297 Verum

1945 2346 2072 2416 quia
2107 2342 2498 2412 intelligibilem
2516 2339 2807 2408 quemdam
2835 2338 2996 2392 Israel
3018 2338 3331 2400 didicimus,
3365 2352 3524 2390 eum-

1945 2452 2052 2506 que
2101 2431 2496 2502 intelligibilem
2589 2429 3064 2485 circumcisionem
3148 2436 3524 2500 venerantem,

1944 2525 2402 2598 quemadmodum
2423 2523 2622 2577 Paulus
2642 2522 2750 2575 ait:
2773 2521 2888 2575 Non
2906 2523 3044 2575 enim
3059 2523 3150 2591 qui
3177 2523 3232 2574 in
3248 2520 3528 2588 manifesto

1943 2621 2180 2685 Juda'us,
2204 2635 2296 2672 nec
2324 2635 2385 2672 ea
2416 2632 2533 2687 quae
2571 2615 2849 2685 propalam
2883 2615 2940 2666 in
2970 2629 3128 2666 carne
3186 2622 3263 2665 est
3301 2613 3529 2663 circum-

1945 2715 2092 2775 cisio,
2131 2713 2222 2766 sed
2245 2727 2361 2782 qua:
2400 2711 2456 2762 in
2507 2707 2729 2770 occulto,
2772 2716 2818 2760 et
2851 2721 2968 2773 qua:
3009 2704 3337 2758 circumcisio
3359 2701 3530 2754 cordis

1945 2808 2000 2860 in
2033 2805 2244 2875 spiritu,
2276 2818 2379 2854 non
2409 2799 2606 2862 littera,
2636 2797 2787 2866 cujus
2815 2795 2931 2848 luus
2969 2809 3070 2847 non
3109 2809 3172 2845 ex
3205 2789 3523 2850 hominibus,

1944 2898 2034 2951 sed
2067 2911 2132 2948 ea:
2176 2895 2283 2948 Deo
2329 2900 2401 2945 est
2435 2891 2500 2952 ",
2545 2887 2596 2942 ei
2653 2885 2977 2956 spiritaliter
3021 2882 3335 2952 praedictam
3393 2877 3530 2947 legis

1947 2986 2288 3042 sanctionem
2317 2987 2662 3050 coaptemus.

2020 3077 2262 3132 Vens?»
2323 3092 2341 3125 ι
2379 3071 2435 3127 Si
2497 3071 2617 3140 ejus
2676 3066 3053 3121 holocaustum
3108 3061 3270 3117 fuerit
3329 3057 3530 3114 oblatio

1953 3188 2019 3226 ac
2047 3171 2112 3225 de
2139 3176 2404 3229 armento,
2438 3161 2736 3218 masculum
2778 3156 3209 3218 immaculatmu,
3234 3153 3431 3206 oﬁ‘cret
3461 3151 3529 3204 ad

1954 3261 2154 3316 ostium
2187 3247 2872 3311 tabernaculitestimonii,
2912 3246 2980 3300 ad
3034 3243 3360 3315 placandum
3425 3239 3528 3296 sibi

1955 3352 2270 3408 Dominum.
2309 3368 2327 3399 ι

2025 3443 2162 3508 Quia
2211 3438 2474 3496 sacriﬁcia
2528 3438 2666 3491 Deus
2722 3450 2752 3488 a
2803 3431 2966 3486 nobis
3011 3446 3110 3500 pro
3135 3435 3322 3482 nostra
3353 3424 3531 3479 salute

1952 3539 2087 3600 vult,
2127 3550 2238 3588 non
2275 3533 2389 3602 ipse
2435 3530 2515 3584 eis
2545 3543 2684 3598 opus
2729 3526 2958 3588 habens,
2983 3521 3140 3576 .satis
3181 3534 3281 3574 nos
3326 3516 3532 3570 Paulus

1955 3624 2370 3685 commonefacit
2399 3639 2413 3686 ;
2437 3622 2509 3676 ait
2533 3621 2679 3675 enim
2707 3618 2962 3674 :Obsecro
2984 3616 3162 3684 itaque
3179 3628 3288 3671 vos,
3313 3611 3528 3679 fratres,

1954 3739 2046 3794 per
2074 3717 2483 3774 misericordiam
2519 3713 2635 3774 Dei,
2681 3721 2737 3766 ut
2777 3707 3061 3764 exhibeatis
3094 3720 3312 3772 corpora
3357 3709 3528 3753 vestra

1953 3791 2174 3864 hostiam
2221 3808 2417 3864 vivam,
2451 3811 2713 3866 sanctam,
2757 3799 2861 3853 Deo
2918 3798 3252 3866 placentem;
3285 3791 3529 3844 rationa-

1951 3903 2052 3957 bile
2081 3900 2380 3970 obsequium
2408 3895 2718 3951 vestrum".
2769 3894 2910 3962 Ergo
2943 3889 3163 3959 placens
3201 3883 3529 3939 sacriﬁcium

1953 3995 2084 4058 Deo,
2117 4005 2405 4060 corporum
2437 3995 2749 4041 nostrorum
2787 3979 3134 4037 mortiﬁcatio
3165 3985 3250 4032 est
3305 3993 3317 4027 :
3368 3972 3529 4027 simul

1931 4088 2098 4146 .enim
2126 4085 2178 4139 in
2213 4099 2279 4140 eo
2327 4084 2624 4142 lucramur,
2681 4086 2736 4132 et
2765 4075 2909 4146 quod
2945 4089 2975 4128 a
3008 4082 3234 4143 peccato
3284 4066 3529 4122 abstine-

1953 4194 2094 4243 mus,
2120 4174 2345 4244 etquod
2374 4173 2605 4228 virtutes
2649 4167 3005 4238 acquirimus.
3065 4163 3172 4218 Sed
3227 4161 3356 4231 quia
3413 4159 3530 4228 ipsa

1951 4285 2186 4339 corpora
2209 4268 2427 4332 quidam
2459 4263 2796 4335 plenissime,
2831 4257 2998 4328 aliqui
3047 4267 3229 4310 autem
3264 4269 3329 4307 ex
3376 4261 3531 4322 parte

1953 4361 2316 4424 mortiﬁcant,
2350 4362 2650 4412 secundum
2691 4352 3061 4408 conditionem
3098 4345 3534 4404 conversationis

267 4445 476 4504 tissime
504 4444 617 4496 inec
641 4457 761 4510 quae
791 4439 991 4493 dicitur
1035 4434 1326 4497 revocatio,
1368 4431 1836 4501 dispensationem
1881 4479 1924 4533 υ
1953 4464 2008 4510 ει
2035 4453 2254 4507 modum
2282 4450 2407 4506 vim,
2432 4450 2485 4503 in
2522 4464 2629 4518 qua
2655 4446 2884 4516 desum.
2925 4458 3050 4498 cum
3104 4442 3158 4495 hi
3206 4439 3425 4510 quidem
3473 4446 3534 4491 ιη

267 4535 556 4605 quamdam
607 4533 917 4593 verborum,
971 4529 1054 4581 vel
1095 4543 1274 4581 rerum
1330 4526 1396 4578 ad
1446 4522 1728 4592 superiora
1761 4535 1845 4574 re-

269 4626 642 4697 spicientium,
685 4623 880 4678 innuit.
921 4621 1026 4676 Sed
1079 4619 1220 4673 unde
1273 4618 1340 4671 ad
1384 4631 1508 4670 eum
1574 4613 1842 4667 Dominus

267 4719 542 4789 loquitur?
573 4721 645 4772 De
663 4715 1012 4771 tabernaculo
1032 4713 1236 4766 scilicet
1260 4707 1576 4764 testimonii.
1603 4707 1842 4760 Primum

267 4810 488 4880 quidem
523 4809 591 4862 de
624 4808 782 4869 caalo,
811 4807 933 4876 quia
967 4806 1020 4858 in
1055 4805 1174 4872 ipso
1196 4801 1439 4854 habitare
1501 4797 1643 4852 Deus
1696 4797 1846 4851 aﬁir-

265 4911 464 4956 matur.
501 4899 710 4953 Deinde
741 4896 1148 4952 tabernaculum
1185 4892 1480 4948 testimonii
1512 4897 1840 4960 praesentem

266 4993 590 5063 scripturam
618 4989 968 5060 intelligimus
996 5005 1008 5040 :
1039 4985 1295 5056 quoniam
1339 4983 1493 5053 quasi
1525 4982 1849 5035 tabernacu-

270 5086 380 5139 lum
416 5085 685 5154 quoddam
749 5091 894 5146 erat,
928 5095 1052 5134 cum
1088 5094 1149 5132 ea
1179 5093 1299 5146 quae
1335 5075 1680 5136 dicebantur,
1711 5072 1850 5125 ima-

269 5178 424 5248 gines
477 5177 592 5231 sive
623 5175 805 5246 ﬁgurae
832 5171 1176 5243 sequentium
1231 5169 1610 5240 mysteriorum
1639 5169 1876 5229 essent,‘

271 5276 495 5336 propter
528 5267 671 5334 quod
708 5261 1117 5319 tabernaculum
1172 5258 1469 5314 testimonii
1527 5256 1836 5311 dicebatur.

269 5356 474 5412 Horum
501 5368 681 5412 autem
706 5371 1018 5412 sermonum
1042 5351 1450 5409 tabernaculum
1472 5348 1847 5404 testimonium

272 5449 577 5504 futurarum
610 5466 788 5504 rermn
815 5456 920 5512 est,
959 5445 1372 5501 indubitabilem
1406 5442 1486 5496 eis
1532 5441 1690 5495 ﬁdem
1719 5456 1850 5510 pne-

271 5550 441 5595 slans.
476 5539 617 5606 Quid
647 5548 826 5594 autem
851 5539 1115 5604 dicit,aut
1141 5537 1204 5590 ad
1238 5551 1374 5605 quos
1393 5534 1596 5605 jussit?
1625 5533 1690 5588 ad
1711 5533 1850 5587 ﬁlios

377 5697 419 5728 ¹⁵
456 5695 620 5751 Exod.
651 5716 681 5750 ι.
725 5699 769 5750 1.

278 5784 369 5834 ut.
407 5767 455 5822 l.

883 5698 920 5727 “"
962 5694 1128 5750 Exod.
1163 5709 1302 5755 XXXI,
1341 5691 1384 5744 l.

1469 5692 1503 5720 “
1537 5689 1677 5743 l‘sai.
1708 5704 1862 5752 sxw,
1901 5688 1950 5741 7.

1953 4547 2176 4619 perfecti
2197 4546 2436 4616 sapiunt,
2469 4543 2560 4599 alii
2613 4549 2674 4596 ut
2705 4539 2937 4610 parvuli,
2966 4553 3031 4592 ea
3065 4551 3184 4606 quae
3217 4532 3531 4587 omnimoda

1951 4650 2035 4697 est
2074 4638 2406 4694 renuntiatio
2445 4635 2651 4698 saeculi,
2704 4643 2761 4688 et
2828 4633 3168 4700 voluptatum
3216 4625 3532 4698 plenissima

1952 4729 2257 4801 abnegatio,
2279 4729 2660 4782 holocaustum
2683 4724 2885 4778 dicitur
2913 4739 2926 4774 :
2950 4730 3121 4774 totum
3145 4734 3203 4773 se
3229 4719 3377 4772 enim
3411 4714 3534 4784 quis

1957 4823 2066 4877 Deo
2101 4837 2198 4891 per
2228 4818 2622 4889 intelligibilem
2681 4816 2859 4884 ignem
2913 4812 3138 4880 spiritus
3198 4808 3380 4870 oﬁ‘ert,
3423 4819 3532 4858 non

1951 4916 2063 4983 jam
2096 4923 2366 4970 terrenus,
2393 4909 2486 4964 sed
2523 4907 2806 4976 spiritalis,
2849 4913 2905 4958 et
2966 4898 3371 4971 quodammodo
3422 4909 3534 4947 ea:-

1951 4981 2106 5059 lestis
2139 5001 2386 5056 eﬁectus.
2421 4999 2477 5052 Si
2500 5014 2629 5068 ergo
2655 4996 2743 5050 hic
2785 4999 3040 5062 operator
3094 4988 3251 5042 fuerit
3311 4981 3533 5051 iustitiae

1953 5095 2104 5166 legis,
2131 5107 2252 5162 quae
2277 5089 2578 5144 secundum
2599 5088 2836 5141 litteram
2871 5093 2972 5142 est,
3001 5081 3097 5133 bos
3122 5091 3250 5129 vero
3278 5071 3533 5126 similiter

1954 5183 2295 5246 nominatur,
2324 5179 2450 5248 quia
2486 5179 2664 5246 ipsum
2724 5171 2926 5228 animal
2962 5170 3150 5238 jugum
3188 5169 3367 5234 portat
3429 5169 3532 5212 ter-

1956 5287 2210 5329 renorum
2238 5285 2486 5338 operum,
2512 5268 2702 5336 jngnm
2721 5273 2898 5318 autem
2936 5268 3020 5314 est
3048 5267 3102 5311 et
3133 5256 3240 5308 lex.
3273 5253 3364 5306 Sic
3390 5250 3533 5305 enim

1957 5365 2168 5428 Petrus,
2201 5377 2324 5416 cmn
2350 5359 2403 5412 in
2425 5356 2725 5411 Jerusalem
2757 5351 3194 5408 eoneionaretur,
3225 5339 3532 5412 appellavit,

1956 5456 2143 5510 dicens
2181 5471 2194 5505 :
2245 5449 2382 5514 Quid
2435 5445 2647 5499 tentatis
2692 5441 2996 5502 Dominum,
3037 5438 3301 5504 imponere
3345 5432 3533 5502 jugum

1957 5561 2113 5617 super
2134 5544 2354 5598 cervices
2385 5537 2780 5608 discipulorum,
2803 5533 2941 5603 quod
2963 5548 3053 5586 nec
3087 5547 3198 5590 nos,
3245 5544 3336 5582 nec
3365 5533 3544 5595 patres

2034 5681 2074 5712 ιδ
2113 5678 2253 5733 i‘sal.
2291 5691 2472 5741 sunt
2508 5673 2588 5726 l3.
2669 5673 2710 5702 ¹⁰
2742 5671 2982 5735 Πρω-ιι,
3007 5668 3097 5730 ‘18,
3129 5665 3218 5722 ‘29.
3300 5665 3344 5695 "
3377 5661 3540 5716 Rom.
