4076 6188
588 324 695 386 795

1775 324 2138 387 HESYCHII
2194 322 2673 384 PRESBYTER!

3755 329 3861 395 796

588 432 753 486 nostri
777 441 988 501 portare
1016 431 1161 499 potui
1181 446 1278 484 nus
1299 430 1339 462 "
1366 429 1387 483 ἲ
1416 429 1595 485 Tes'is
1625 437 1711 484 est
1738 438 1921 484 autem
1950 440 2006 485 et
2028 431 2169 485 Pau-
2199 438 2242 493 Α
2271 429 2442 492 mino,
2472 437 2530 484 et
2554 428 2790 485 offerent
2828 428 2922 486 ﬁlii
2963 430 3145 486 Aaron
3179 430 3485 487 sacerdotis
3535 437 3858 507 sanguinem

590 526 675 579 lus
702 525 770 579 de
805 526 905 578 hoc
934 521 1155 576 animali
1181 521 1412 590 loquens
1433 538 1448 586 ;
1467 535 1906 577 commemorans
1932 538 2168 592 namque

589 616 908 670 mandatum
956 613 1113 682 legis,
1149 612 1263 665 ait:
1303 610 1421 664 Non
1483 610 1733 680 aiiigabis
1761 627 1816 665 os
1846 614 1961 666 bovi
2011 614 2169 666 tritu-

590 709 733 759 rauti
758 707 819 759 ι’.
852 704 1005 768 Quod
1037 704 1161 758 vide
1211 701 1671 772 quemadmodum
1726 702 2119 773 interpretetur
2151 721 2165 758 :

586 795 842 866 Nunquid
861 796 929 848 de
946 795 1103 849 bobus
1133 811 1260 848 cura
1289 804 1364 849 est
1394 795 1503 848 Deo
1533 796 1581 827 ⁸³
1611 795 1725 849 ?an
1791 805 2016 866 propter
2066 811 2169 851 nos

591 888 708 942 haec
731 887 883 951 dicit,
910 887 1038 956 quia
1065 886 1230 941 debet
1256 886 1310 939 in
1338 902 1437 956 spe
1463 886 1555 955 qui
1584 895 1702 941 arat
1741 902 1920 953 arare,
1967 897 2021 943 et
2073 890 2167 958 qui

587 978 899 1032 seminatin
931 992 1029 1048 spe
1074 977 1285 1033 fructus
1339 979 1652 1050 colligendi.
1706 979 2003 1036 Masculum
2036 996 2169 1036 vero

587 1085 709 1125 esse
766 1084 968 1125 munus
1006 1111 1022 1135 ,
1084 1071 1200 1125 sive
1244 1071 1601 1134 oblationem,
1654 1083 1709 1125 ct
1757 1071 2167 1127 immaculatum

589 1162 737 1216 vult:
758 1162 1058 1217 masculum
1090 1162 1330 1230 quidem,
1356 1171 1413 1216 ut
1443 1162 1755 1217 nullatenus
1783 1164 2167 1219 mandatorum

588 1252 956 1319 cﬂ'cminetur,
974 1255 1089 1308 sive
1111 1255 1422 1309 emollcscat
1448 1264 1733 1324 operator;
1760 1256 2168 1310 immaculatum

590 1358 741 1410 vero,
765 1343 881 1399 sive
898 1360 1090 1413 purum
1113 1383 1128 1410 ,
1153 1353 1212 1399 ut
1237 1360 1577 1414 nequaquam
1595 1345 1803 1413 iustitia
1826 1345 2167 1415 iniquitatem

590 1432 937 1501 permisceat,
966 1448 1069 1487 nec
1099 1428 1447 1488 simulatione
1478 1433 1733 1488 virtutem
1782 1437 2165 1489 commaculet.

591 1522 698 1578 Sed
726 1525 793 1578 ad
825 1525 1028 1579 ostium
1062 1524 1392 1579 tabernaculi
1436 1526 1757 1588 testimonii,
1793 1527 1932 1592 sive,
1969 1542 2169 1581 secun-

591 1615 723 1669 dum
763 1614 902 1670 LXX
928 1656 943 1681 ,
969 1617 1034 1671 ad
1072 1617 1481 1672 tabernaculum
1517 1618 1813 1673 testimonii
1852 1618 2017 1688 jussit
2046 1634 2167 1689 mu-

593 1722 697 1761 nus
720 1708 924 1763 offerri.
975 1709 1410 1765 Tabernaculum
1472 1720 1652 1766 autem
1719 1712 2014 1769 testimonii
2066 1715 2169 1767 hoc

594 1802 734 1867 loco,
765 1818 872 1857 non
909 1804 1083 1858 solum
1115 1804 1258 1869 cadi,
1294 1805 1405 1859 illic
1438 1806 1641 1875 quippe
1677 1814 1919 1860 nostram
1953 1816 2170 1876 oportet

592 1907 714 1947 esse
770 1895 1263 1960 conversationem,
1331 1895 1426 1949 sed
1483 1904 1539 1949 et
1598 1896 1933 1949 conscientia
1977 1909 2169 1954 nostra

593 1984 946 2055 intelligitur;
981 1985 1033 2038 in
1066 2001 1129 2042 ea
1162 1986 1308 2041 enim
1351 1987 1711 2058 cogitationes
1765 1988 2171 2062 habitant,qu.'e

594 2075 968 2131 testimonium
1005 2093 1103 2147 pro
1127 2079 1285 2132 nobis
1326 2089 1421 2133 aut
1471 2089 1661 2135 contra
1725 2097 1828 2137 nos
1879 2084 2171 2139 redditura:

593 2178 743 2221 sunt.
773 2168 852 2221 Ad
875 2168 1197 2236 placandum
1224 2170 1324 2224 sibi
1357 2171 1661 2227 Dominum.
1697 2174 2010 2229 Secundum
2069 2175 2171 2230 Se-

593 2257 876 2328 ptuaginta
911 2268 1115 2324 autem,
1147 2275 1273 2315 esse
1305 2262 1408 2317 hoc
1441 2272 1495 2316 et
1545 2273 1827 2332 acceptum
1862 2265 2018 2320 dicit.
2062 2267 2173 2320 Cur

593 2350 814 2403 autem?
842 2348 1106 2405 Oil'erenti
1139 2352 1412 2417 videlicet,
1461 2365 1517 2409 et
1546 2359 1719 2411 oranti
1758 2359 1812 2412 in
1871 2368 2170 2430 conspectu

598 2441 833 2495 Domini.
867 2442 923 2496 Si
955 2444 1100 2497 enim
1138 2455 1422 2515 acceptum
1459 2448 1615 2501 nobis
1660 2464 1789 2505 vere
1824 2451 1914 2513 sit,
1961 2461 2017 2507 et
2077 2466 2173 2507 cor

594 2538 842 2583 nostrum
871 2542 1017 2592 recte
1041 2534 1316 2602 judicans,
1351 2537 1592 2607 nullique
1624 2540 1919 2595 adluerens
1948 2544 2170 2611 passio-

596 2622 675 2683 ni,
703 2622 1016 2690 probaverit
1045 2639 1248 2680 munus
1265 2641 1387 2683 esse
1402 2628 1468 2681 ad
1489 2630 1897 2700 suscipiendum
1920 2634 2167 2705 dignum,

600 2722 730 2766 tunc
759 2729 915 2768 orare
944 2715 1000 2769 in
1035 2727 1335 2788 conspectu
1379 2719 1613 2785 Domini,
1649 2723 1700 2777 id
1737 2733 1841 2789 est,
1891 2728 2169 2795 remissio-

599 2819 725 2858 nem
755 2806 914 2861 nobis
943 2807 995 2861 in
1020 2820 1319 2878 conspectu
1352 2811 1561 2866 Domini
1583 2828 1871 2884 possumus
1896 2818 2168 2885 obtinere,

600 2895 666 2948 ad
697 2910 792 2950 cor
817 2898 961 2952 enim
1001 2899 1299 2955 inclinatur
1320 2903 1481 2970 Deus,
1518 2907 1819 2961 secundum
1847 2911 1992 2978 quod
2032 2912 2174 2965 scri-

602 2985 738 3039 hens
764 2984 1005 3042 Joannes
1035 2988 1343 3060 'l'heologus
1376 3008 1474 3046 nos
1504 2994 1708 3049 docuit.
1735 2996 1801 3050 Et
1826 3013 2010 3054 coram
2055 3001 2174 3071 ipso

2269 522 2409 591 ejus.
2441 521 2732 577 fundentes
2759 537 2856 592 per
2879 523 3068 578 altaris
3096 522 3410 589 circuitum,
3438 526 3585 594 quod
3616 537 3702 582 est
3727 538 3863 583 ante

2266 612 2473 666 ostium
2499 612 2855 667 tabernaculi.
2881 613 3245 682 Detractaque
3277 614 3419 683 pelle
3478 615 3674 673 hostiae
3704 629 3864 673 artus

2268 700 2325 755 in
2359 701 2532 758 frusta
2565 704 2876 769 concident,
2911 712 2967 759 et
3017 705 3314 774 subjicient
3344 706 3398 759 in
3452 708 3610 761 altari
3646 709 3858 778 ignem,

2269 805 2418 850 strue
2441 795 2710 866 lignorum
2765 805 2894 850 ante
2927 796 3281 865 rcomposita,
3326 806 3383 850 et
3434 799 3682 853 membra
3734 814 3863 868 qua:

2268 902 2407 942 caesa
2439 897 2571 941 sunt
2599 887 2835 957 desuper
2881 886 3229 970 ordinantes,
3254 899 3423 957 caput
3471 890 3749 945 videlicet.
3798 900 3863 946 Et

2268 987 2464 1033 cuncta
2488 994 2610 1048 quae
2625 978 2907 1033 adhaerent
2940 977 3135 1048 jecori,
3195 979 3473 1034 intestinis
3509 988 3566 1034 et
3623 981 3861 1051 pedibus

2269 1069 2394 1123 lotis
2423 1084 2560 1138 aqua
2595 1087 2608 1122 :
2647 1069 2996 1138 adolebitque
3039 1083 3105 1123 ea
3161 1069 3423 1124 sacerdos
3465 1086 3632 1140 super
3682 1072 3862 1127 altare

2268 1158 2323 1213 in
2356 1160 2754 1224 holocaustum,
2784 1168 2838 1213 ct
2870 1175 3095 1215 suavem
3123 1159 3347 1215 odorem
3378 1161 3630 1216 Domino.
3666 1181 3684 1212 ι

2337 1250 2564 1305 Multum
2587 1251 2856 1305 laboriosa
2873 1264 2957 1305 est
2977 1251 3082 1314 lex,
3141 1261 3199 1307 et
3218 1252 3523 1320 Spiritalem
3537 1253 3861 1308 considera-

2269 1340 2473 1396 tionem
2536 1349 2759 1411 propter
2797 1341 2903 1396 hoc
2948 1342 3157 1396 habens
3209 1344 3598 1408 necessariam,
3644 1352 3705 1398 ut
3743 1358 3861 1398 non

2269 1431 2539 1499 superﬂue
2576 1431 2849 1502 legislator
2878 1432 3181 1487 subtilitate
3205 1432 3310 1487 hac
3337 1433 3620 1489 rationalis
3660 1434 3863 1490 hostia

2270 1538 2401 1577 usus
2434 1538 2556 1577 esse
2603 1523 2870 1577 videatur.
2916 1522 3049 1579 illud
3098 1540 3228 1595 ergo
3271 1525 3324 1578 in
3378 1525 3571 1595 primis
3606 1527 3860 1589 intende,

2270 1613 2397 1680 quia
2424 1613 2653 1667 vitulum
2674 1628 2859 1667 coram
2886 1613 3114 1669 Domino
3138 1615 3399 1684 praecepit
3417 1615 3592 1669 occidi
3622 1632 3636 1682 ;
3658 1626 3718 1670 ut
3741 1630 3864 1671 non

2270 1703 2444 1756 solum
2478 1704 2753 1772 propriam
2801 1704 3215 1769 conscientiam,
3269 1706 3863 1776 conversationemque

2273 1804 2514 1849 nostram
2542 1794 2834 1851 otl'eramus
2867 1797 3000 1861 Deo,
3048 1797 3145 1851 sed
3173 1798 3632 1866 quemadmodum
3676 1799 3864 1867 placet

2272 1888 2345 1948 ei,
2390 1887 2553 1941 etiam
2599 1902 2799 1956 corpus
2850 1888 3262 1954 mortiﬁcemus,
3291 1904 3400 1943 non
3438 1890 3507 1945 ad
3535 1890 3863 1946 inferiorem

2270 1978 2518 2049 gloriam,
2547 1978 2642 2033 sed
2671 1978 2739 2034 ad
2770 1994 3006 2048 superna
3054 1980 3425 2044 intendentes,
3459 1980 3565 2035 hoc
3586 1991 3671 2036 est
3707 1983 3863 2037 enim

2271 2085 2454 2124 coram
2482 2070 2734 2123 Domino.
2781 2068 2889 2124 Sed
2914 2070 3007 2139 qui
3034 2082 3183 2135 sunt,
3223 2071 3316 2140 qui
3345 2072 3489 2132 hunc
3533 2073 3862 2143 sanguinem

2271 2161 2542 2216 oﬂ‘crunt?
2566 2160 2687 2215 Filii
2707 2162 2958 2218 videlicet
2978 2163 3161 2216 Aaron
3191 2163 3518 2226 sacerdotis,
3552 2164 3655 2233 ipsi
3702 2165 3862 2220 enim

2271 2262 2327 2309 et
2356 2253 2631 2308 occidunt.
2663 2252 2925 2322 Equidem
2948 2253 2993 2308 is
3014 2255 3107 2324 qui
3133 2254 3463 2310 oblationem
3491 2256 3705 2321 offeret,
3735 2258 3863 2313 sine

2271 2346 2491 2401 nomine
2511 2355 2566 2399 et
2590 2359 2700 2399 non
2728 2344 3006 2416 designate
3049 2362 3341 2417 expressus
3383 2357 3488 2402 est.
3514 2345 3635 2403 Filii
3668 2359 3863 2404 autem

2271 2442 2528 2496 dicuntur
2582 2440 2760 2495 Aaron
2815 2440 3160 2495 immolantes
3193 2439 3339 2509 quod
3380 2438 3622 2494 oblatum
3651 2449 3758 2502 est,
3806 2450 3866 2495 et

2272 2533 2592 2604 sanguinem
2653 2532 2945 2587 offerentes
2991 2549 3004 2586 :
3044 2531 3169 2600 quia
3239 2530 3569 2585 oblationem
3633 2531 3865 2601 quidem

2272 2625 2561 2687 adducere,
2587 2623 2640 2678 id
2670 2632 2751 2677 est
2781 2621 3119 2691 promittere,
3159 2620 3530 2689 quorumlibet
3566 2627 3649 2673 est
3690 2636 3704 2671 :
3743 2620 3863 2673 im-

2274 2717 2421 2786 plere
2466 2725 2649 2770 autem
2701 2714 2984 2786 promissa,
3028 2712 3174 2782 quod
3215 2711 3423 2765 occisio
3481 2710 3637 2765 bovis
3683 2710 3867 2779 ipsius

2273 2809 2432 2864 docet
2446 2816 2501 2863 et
2521 2808 2801 2878 sanguinis
2828 2805 3046 2868 etl‘usio,
3079 2818 3187 2858 non
3227 2802 3616 2873 quorumlibet,
3643 2802 3739 2856 sed
3790 2802 3868 2855 il—

2273 2900 2453 2957 lorum
2482 2901 2575 2969 qui
2599 2899 2694 2953 lilii
2733 2899 2912 2952 Aaron
2961 2911 3150 2950 revera
3170 2905 3319 2954 sunt.
3360 2901 3552 2964 utpote
3591 2894 3869 2947 habentes

2275 2991 2328 3045 in
2356 2989 2660 3058 semetipsis
2682 2986 2969 3042 sacerdotii
2986 2984 3324 3055 dignitatem.
3357 2985 3535 3037 Aaron
3563 2982 3713 3036 enim
3729 2997 3866 3033 arca

602 3076 952 3132 suadebimus
979 3079 1141 3133 corda
1176 3091 1360 3136 nostra
1395 3100 1408 3135 :
1442 3083 1579 3148 Quia
1612 3087 1658 3140 si
1702 3092 2030 3157 reprehendit
2084 3111 2170 3148 nos

2280 3080 2665 3134 velmontanus
2712 3078 3124 3147 interpretatur.
3176 3076 3318 3145 Ergo
3362 3074 3612 3145 quisquis
3653 3081 3867 3127 semet-

602 3184 691 3221 cor
717 3179 969 3233 nostrum,
1005 3180 1053 3224 et
1087 3172 1281 3226 scimus
1312 3174 1437 3243 quia
1476 3177 1651 3245 major
1702 3189 1776 3233 est
1829 3182 1964 3237 Deus
2022 3189 2176 3240 corde

603 3268 798 3319 nostra.
843 3270 891 3312 et
945 3263 1202 3330 cognoscit
1255 3265 1451 3318 omnia.
1490 3265 1846 3336 Dilectissimi,
1882 3275 1929 3326 si
1961 3291 2050 3328 cor
2076 3294 2172 3330 no-

601 3357 767 3401 strum
791 3365 891 3403 non
921 3353 1261 3420 reprehendat
1280 3370 1391 3422 nos,
1423 3358 1792 3426 conﬁdentiam
1822 3364 2072 3420 habemus
2103 3371 2174 3424 ad

605 3439 771 3495 Deum
788 3442 853 3496 ".

676 3578 833 3634 Vsus.
875 3581 927 3635 4.
967 3602 986 3636 ι
1043 3583 1319 3653 Ponetque
1377 3602 1572 3642 manus
1623 3604 1789 3658 super
1840 3604 2009 3664 caput
2070 3596 2208 3653 how

599 3674 738 3737 stite,
766 3682 822 3729 et
856 3678 1203 3747 acceptabilis
1234 3678 1356 3743 erit,
1385 3688 1548 3750 atque
1600 3682 1654 3735 in
1700 3685 2008 3754 expiatione
2054 3690 2173 3761 ejus

597 3766 910 3837 proﬁciens.
949 3788 968 3821 ι
2176 3793 2179 3798 ·

668 3902 823 3969 Quod
848 3920 946 3959 nos
973 3906 1204 3960 hostiam
1237 3907 1486 3974 dicimus,
1538 3908 1726 3966 Graece
1779 3911 1983 3968 dicitur
2032 3915 2170 3988 κάρ-

598 4014 788 4067 «mea,
840 3999 984 4068 quod
1026 4002 1336 4069 specialiter
1392 4002 1734 4075 intelligihile
1791 4005 2169 4063 holocaustum

596 4090 954 4161 signiﬁcatur,
987 4093 1112 4161 quia
1135 4095 1298 4147 (inme
1328 4098 1643 4152 mandatum
1682 4096 1996 4164 fructificat,
2026 4102 2172 4169 quod

595 4195 695 4251 per
754 4181 1053 4251 spiritalem
1122 4188 1600 4243 conversationem
1650 4189 1883 4245 emi-itur
1915 4192 2173 4247 holocau-

594 4283 766 4325 stum.
800 4268 1093 4342 Propterea
1125 4285 1180 4329 et
1211 4292 1433 4331 manum
1468 4280 1520 4331 in
1546 4289 1713 4348 caput
1744 4280 1935 4336 hostize
1966 4296 2172 4350 ponere

595 4380 722 4423 cum
783 4364 873 4434 qui
903 4364 1385 4434 otl'eret,jubet,ut
1415 4379 1579 4439 caput
1603 4371 1822 4441 quidem
1850 4371 2042 4427 hostiae
2069 4374 2171 4429 hoc

2280 3173 2458 3241 ipsum
2488 3171 2748 3240 templum
2780 3169 2893 3233 Dei,
2932 3178 2987 3223 et
3021 3166 3282 3235 templum
3305 3165 3581 3220 excelsum
3616 3162 3865 3219 aediﬁca-

2277 3263 2357 3317 vit
2383 3261 2693 3324 virtutibus,
2730 3259 2821 3314 hic
2853 3259 2997 3314 {ilius
3026 3259 3206 3313 Aaron
3241 3272 3370 3312 vere
3418 3257 3638 3320 dicitur,
3680 3253 3781 3310 sed
3810 3263 3868 3309 et

2277 3352 2546 3408 sacerdos.
2577 3353 2632 3405 Si
2661 3351 2806 3405 enim
2845 3352 2915 3406 ab
2945 3351 3204 3404 unctione
3233 3348 3491 3402 sacerdos
3521 3347 3864 3418 agnoscitur,

2175 3481 2185 3491 .
2275 3441 2462 3511 utique
2507 3442 2653 3495 uncti
2705 3450 2762 3496 et
2822 3456 2923 3496 nos
2952 3450 3174 3511 propter
3236 3439 3525 3511 mysticum
3592 3437 3864 3502 chrisma,

2274 3535 2419 3603 quod
2457 3533 2513 3587 in
2537 3534 2696 3588 nobis
2723 3542 2826 3598 est,
2859 3534 3113 3588 dicimur.
3143 3533 3287 3604 Ergo
3319 3540 3374 3586 et
3400 3547 3503 3587 nos
3544 3533 3867 3587 sacerdotes

2274 3640 2465 3681 sumus
2506 3627 2551 3681 si
2600 3626 3023 3682 custodierimus
3079 3625 3397 3696 dignitatem
3440 3624 3737 3688 unctionis,
3792 3624 3865 3679 de

2274 3732 2380 3787 qua
2417 3727 2471 3772 et
2488 3717 2724 3773 Joannes
2761 3718 3013 3773 dicebat:
3044 3718 3110 3771 Et
3138 3733 3228 3771 vos
3262 3718 3561 3770 unctionem
3587 3715 3796 3770 habetis
3826 3732 3865 3769 tt

2272 3820 2473 3876 sancto,
2496 3822 2543 3865 et
2574 3812 2719 3865 scitis
2752 3827 2929 3863 omnes
2956 3812 3021 3863 ⁸⁸.
3051 3809 3159 3864 Sed
3203 3817 3259 3863 et
3297 3810 3494 3863 Petrus
3533 3822 3635 3862 nos
3677 3822 3868 3863 sacer-

2274 3901 2429 3956 dotes
2456 3903 2764 3973 appellavit.
2796 3901 2872 3955 ait
2891 3901 3038 3955 cnim
3065 3919 3079 3953 :
3106 3900 3203 3954 Vos
3227 3911 3406 3953 autem
3430 3917 3594 3970 genus
3611 3899 3861 3961 eiectum.

2275 3987 2450 4056 regale
2494 3988 2865 4049 sacerdotium,
2895 4004 3019 4057 gens
3062 3997 3279 4049 sancta,
3305 3988 3527 4056 populus
3551 3987 3870 4057 acquisitio-

2274 4077 2355 4132 nis
2373 4080 2439 4133 “.
2466 4078 2531 4133 lii
2555 4079 2873 4149 sanguinem
2901 4079 3136 4133 fundunt
3178 4093 3276 4147 per
3301 4080 3489 4133 altaris
3522 4078 3813 4133 circuitum
3843 4118 3869 4141 .

2272 4169 2413 4237 quod
2435 4179 2520 4223 est
2542 4179 2669 4223 ante
2714 4171 2917 4224 ostium
2972 4170 3333 4225 tabernaculi.
3371 4171 3472 4224 l‘er
3531 4171 3873 4240 sanguinein

2273 4256 2508 4309 animam
2539 4255 2629 4311 hic
2657 4256 2880 4327 intelligi
2917 4257 3279 4312 dubitandum
3299 4272 3409 4311 non
3438 4267 3523 4313 est
3548 4274 3562 4310 :
3590 4273 3716 4312 cum
3742 4258 3878 4327 ipse

2274 4346 2550 4418 legislator
2586 4348 2748 4417 paulo
2776 4356 2900 4417 post
2935 4349 3080 4403 dicat
3107 4367 3119 4403 :
3143 4348 3476 4420 Sanguinem
3521 4365 3627 4405 non
3669 4364 3878 4404 come-

595 4451 718 4507 ιοεο
766 4453 980 4509 iunium
1028 4458 1296 4525 pmﬁcm
1338 4437 1771 4517 convérsal'ionis
1813 4463 2165 4536 intelligatur.
2200 4447 2249 4506 ι)
2272 4437 2400 4492 ditis
2431 4437 2485 4490 in
2515 4437 2942 4494 habitationibus
2974 4440 3170 4494 vestris
3190 4480 3206 4503 ,
3237 4439 3363 4508 quia
3395 4440 3578 4495 anima
3604 4440 3877 4496 carnisin

596 4546 700 4609 Qui
734 4555 914 4600 autem
945 4548 1137 4604 otl'eret
1177 4565 1316 4613 eam,
1362 4555 1477 4621 ipse
1506 4554 1609 4609 sibi
1667 4570 1829 4610 causa
1861 4556 2170 4626 bujusmodi

594 4640 974 4709 promissionis
992 4645 1343 4713 approbatur,
1370 4656 1558 4716 utpote
1580 4658 1776 4718 sponte
1805 4651 1871 4705 ad
1911 4653 2055 4707 hanc
2079 4667 2172 4707 ve-

593 4732 792 4787 nicns:
823 4733 1026 4790 donum
1060 4738 1262 4807 quippe
1288 4739 1502 4802 oll‘eret,
1539 4755 1703 4796 onme
1740 4751 1918 4796 autem
1962 4743 2169 4802 donum

593 4824 958 4881 voluntarium
991 4831 1248 4901 estin-go
1271 4830 1315 4885 si
1349 4833 1771 4901 promissionem
1807 4850 1958 4889 suam
1986 4845 2171 4893 trans-

593 4932 810 4986 gressus
833 4919 1012 4983 iuerit,
1039 4923 1413 4992 semetipsum,
1437 4939 1560 4978 cum
1577 4940 1763 4994 pinnas
1785 4927 1903 4991 luit,
1927 4940 2164 4986 accuset.

595 5006 875 5063 Sicautem
893 5011 1310 5081 eiacccptahilis
1339 5014 1461 5078 crit,
1480 5022 1535 5069 ct
1564 5013 1628 5068 ad
1653 5016 2015 5083 expiationem
2045 5036 2170 5090 pro-

592 5099 799 5158 ﬁciens.
837 5103 1053 5171 quando
1085 5104 1458 5173 prmdicaverit
1485 5112 1541 5160 et
1578 5107 1945 5173 conﬁtebitur,
1976 5119 2032 5166 et
2069 5128 2168 5183 po-

592 5190 847 5248 sitionem
902 5211 1098 5250 manus
1145 5198 1580 5265 manifestaverlt
1614 5242 1628 5264 ,
1691 5202 1817 5271 quia
1868 5214 2172 5274 spontaneo

591 5297 763 5363 mptu.
795 5296 848 5342 et
867 5304 973 5341 non
996 5290 1317 5346 necessitate
1332 5292 1668 5363 compulsus,
1689 5309 1790 5349 nec
1819 5303 2043 5353 exactus
2064 5296 2171 5353 hoc

591 5378 787 5434 obtult
816 5381 1162 5436 sacriﬁcium.
1430 5384 1435 5389 ’

662 5492 820 5549 Vens.
879 5495 985 5551 5-9.
1037 5516 1055 5548 ι
1090 5496 1496 5569 lmmolabitque
1545 5500 1769 5556 vitulum
1823 5516 2006 5556 coram
2061 5501 2166 5559 Do-

2268 4530 2531 4602 sanguine
2557 4539 2659 4586 est.
2701 4530 2933 4601 Oportet
2952 4547 3082 4603 ergo
3105 4548 3205 4587 nos
3235 4548 3345 4586 non
3385 4547 3613 4601 pari-ere
3637 4533 3875 4600 animae,

2269 4621 2415 4676 unde
2441 4621 2698 4676 Dominus
2716 4623 2793 4676 ait
2824 4641 2838 4676 :
2871 4621 2971 4687 Qui
2996 4624 3283 4690 perdiderit
3302 4625 3542 4677 animam
3564 4640 3717 4677 suam
3741 4640 3878 4693 pro-

2266 4719 2382 4779 pter
2413 4725 2512 4771 me,
2558 4709 2781 4763 inveniet
2825 4727 2942 4763 eam
2975 4710 3041 4764 ³⁷.
3070 4711 3184 4766 llnc
3224 4718 3309 4764 est
3355 4712 3677 4783 sanguinem
3724 4711 3875 4766 fun-

2268 4799 2419 4854 dere.
2442 4799 2645 4858 Fundit
2671 4810 2853 4855 autem
2886 4802 2938 4854 in
2973 4801 3161 4855 altaris
3205 4802 3463 4868 circuitu,
3498 4802 3754 4858 videlicet
3800 4802 3877 4859 in

2272 4891 2533 4961 unigeniti
2573 4906 2769 4961 corpus
2801 4910 2815 4945 :
2860 4892 2964 4949 hoc
3000 4893 3146 4948 enim
3173 4908 3362 4948 revera
3416 4894 3585 4949 altare
3614 4894 3810 4949 dicitur
3852 4913 3874 4963 ;

2271 4996 2380 5051 quo
2433 4983 2594 5058 modo
2662 4982 2803 5038 sicut
2850 4999 3014 5038 omne
3083 4984 3410 5040 sacriﬁcium
3470 5000 3636 5055 super
3684 4985 3880 5041 altare

2269 5088 2303 5126 a
2352 5073 2725 5129 sacerdotibus
2771 5075 3211 5131 ministrantibus
3272 5077 3517 5146 ponitur,
3588 5076 3667 5131 sic
3736 5093 3873 5131 om-

2272 5179 2399 5219 nem
2442 5166 2638 5221 animae
2694 5167 2951 5222 virtutem
2995 5169 3050 5223 in
3121 5184 3349 5238 corpore
3396 5169 3633 5231 Domini,
3668 5169 3719 5223 id
3749 5180 3870 5233 est,

2271 5257 2337 5309 ad
2360 5256 2479 5325 ejus
2519 5257 2876 5313 imitationem
2907 5261 3221 5316 sacerdotes
3266 5270 3589 5329 operantur.
3625 5260 3737 5314 lloc
3777 5263 3873 5314 al-

2271 5354 2385 5401 tare
2407 5346 2616 5418 Moyses
2641 5348 2971 5418 signiﬁcans,
3009 5350 3264 5406 dicebat:
3302 5351 3486 5405 Altare
3520 5352 3582 5405 de
3609 5361 3749 5407 terra
3776 5355 3877 5423 (a—

2270 5441 2415 5494 cietis
2441 5441 2569 5494 mihi
2606 5440 2671 5495 ’³.
2701 5440 2773 5496 De
2808 5451 2991 5497 nostra
3011 5443 3156 5498 enim
3184 5450 3351 5503 terra,
3378 5443 3430 5498 id
3453 5451 3554 5504 est,
3596 5459 3871 5512 ctmsper—

2272 5531 2424 5587 sione
2464 5533 2580 5589 sive
2620 5549 2818 5599 massa,
2862 5550 3060 5605 corpus
3100 5534 3441 5591 Dominicum
3501 5535 3701 5590 factum
3753 5546 3871 5591 est.

656 5668 844 5761 'lAcot’.
880 5674 1084 5761 ataui-0.
1146 5678 1522 5761 "_Deut.__xvv,
1558 5679 1620 5761 ξς
1656 5680 1915 5761 lCor._tx,
1943 5684 1996 5738 9.
2074 5686 2118 5719 ⁸³
2142 5686 2274 5741 ibid.
2354 5690 2397 5719 "
2427 5688 2581 5745 Joan.
2617 5707 2696 5761 ut,
2733 5691 2822 5757 20,
2845 5691 2934 5747 ει.
3011 5694 3055 5725 ³⁵
3086 5691 3099 5745 Ι
3136 5692 3293 5747 Joan.
3329 5708 3389 5755 ll,
3417 5692 3506 5747 20.
3586 5692 3634 5724 ³⁸
3664 5692 3682 5747 ι
3708 5692 3873 5750 Pctr.

598 5752 656 5803 ti,
678 5738 728 5794 9.
800 5742 843 5774 ²⁷
878 5743 1066 5799 Matth.
1100 5763 1154 5813 κ,
1188 5749 1274 5803 '59.
1365 5750 1409 5780 ³⁸
1440 5738 1619 5805 Ιίκόόί
1647 5770 1737 5815 xx,
1774 5753 1861 5808 24.
