4076 6188
2101 133 2107 137 ’
2154 132 2217 144 -ι-

272 270 301 305 ⁶
359 263 462 326 797
1532 262 1614 323 IN
1654 263 1924 324 LEVlTlt

2028 262 2091 322 il.
2126 284 2197 297 ·-
2229 261 2377 320 LIB.
2413 256 2462 319 Ι.
3507 263 3611 326 798

360 380 428 436 Et
448 394 640 434 rursus
660 377 774 448 ipse
800 396 812 431 :
835 374 983 443 Quod
1013 377 1058 432 si
1082 377 1254 431 altare
1283 376 1550 444 lapideum
1569 375 1752 445 feceris
1783 373 1929 434 milii,
1963 377 2003 429 Α
2034 368 2180 434 rum,
2207 370 2344 440 quod
2370 370 2596 440 fructum
2621 384 2774 423 suum
2803 369 2944 423 dabit
2963 370 3016 423 in
3041 380 3272 441 tempore
3294 387 3393 427 suo
3420 371 3485 427 ⁸⁸.
3504 374 3614 430 Sed

357 485 463 524 non
489 467 770 539 ludiﬁcabit
799 467 931 523 illud
961 469 1024 521 de
1050 468 1201 522 sectis
1223 466 1486 535 lapidibus
1506 482 1524 519 :
1556 467 1601 519 si
1626 466 1762 517 enim
1787 463 1930 517 leva-

354 561 491 615 veris
538 560 763 614 cultrum
825 569 973 613 tuum
1016 576 1171 627 super
1223 575 1303 619 eo,
1345 557 1609 627 polluetur
1637 556 1703 610 ".
1747 554 1932 623 Neque

356 650 502 704 enim
545 659 726 715 secta,
772 665 948 719 neque
994 649 1173 702 dolata
1231 647 1299 701 ah
1350 646 1588 699 hominis
1628 660 1790 700 manu
1848 654 1934 699 est

357 739 558 794 Christi
591 756 736 801 caro,
774 743 838 794 de
868 756 972 808 qua
1021 738 1208 805 Daniel
1252 737 1496 791 dicebat:
1530 737 1797 790 Abscissus
1854 744 1930 789 est

359 830 494 900 lapis
520 834 583 886 de
614 841 786 885 monte
802 832 915 883 sine
946 831 1185 884 manibus
1210 829 1280 893 ⁸⁸,
1321 830 1445 898 quia
1477 828 1596 882 sine
1647 827 1931 897 complexu

354 924 455 977 viri
483 933 535 979 ct
568 923 812 978 mulieris
832 932 1128 991 conceptus
1156 922 1276 991 ejus
1306 920 1570 990 processit
1618 929 1671 973 et
1719 928 1928 988 partus.

358 1013 704 1069 Beneautem
728 1014 974 1068 addidit:
1011 1014 1075 1067 Et
1100 1014 1235 1083 quod
1273 1022 1347 1065 est
1369 1020 1492 1065 ante
1536 1012 1723 1063 ostium
1754 1010 1930 1063 taber-

363 1106 535 1159 naculi
564 1104 860 1162 testimonii
887 1107 945 1160 in
975 1106 1227 1169 circuitu,
1252 1112 1312 1158 ut
1344 1104 1401 1157 in
1429 1102 1683 1156 omnibus
1710 1102 1930 1171 quidem

360 1213 484 1250 cum
507 1198 798 1252 imitemur.
828 1198 967 1251 Ante
1003 1196 1202 1251 ostium
1248 1203 1430 1249 autem
1470 1192 1825 1255 tabernaculi,
1872 1200 1933 1245 ut

361 1287 583 1350 ostium,
615 1286 916 1341 doctrinam
965 1287 1338 1354 apostolorum
1397 1284 1780 1354 intelligamus.
1830 1282 1933 1336 l’er

363 1376 530 1443 ipsam
558 1377 699 1429 enim
728 1377 887 1430 nobis
927 1378 983 1429 ﬁt
1006 1378 1260 1430 introitus
1299 1376 1374 1428 in'
1400 1376 1619 1429 caeleste
1677 1375 1931 1428 taberna-

359 1466 559 1523 Culum,
592 1466 641 1518 in
683 1482 789 1533 quo
834 1465 1078 1520 habitare
1109 1465 1275 1518 Deum
1330 1464 1608 1533 Scriptura
1660 1471 1929 1518 testatur:

358 1555 499 1621 quod
525 1553 832 1607 manifestat
862 1550 1046 1617 Isaias,
1079 1554 1265 1607 dicens
1296 1571 1308 1605 :
1344 1552 1554 1621 Respice
1607 1554 1670 1606 de
1697 1552 1843 1616 cado,
1882 1559 1931 1604 et

359 1644 473 1696 vide
527 1645 590 1698 de
636 1655 788 1699 domo
828 1655 1013 1700 sancta
1071 1645 1252 1715 glorice
1295 1653 1396 1697 tua:
1427 1646 1491 1698 ³¹.
1541 1643 1697 1710 Quod
1748 1653 1928 1698 autem

355 1724 552 1787 ostium
580 1736 948 1802 apostolorum
990 1734 1238 1788 doctrina
1267 1742 1369 1796 est,
1401 1734 1742 1804 apertissime
1788 1733 1926 1787 Pau-

356 1824 441 1879 lus
471 1826 725 1886 ostendit,
758 1826 979 1880 piceus:
1015 1824 1218 1879 Ostium
1260 1826 1398 1877 enim
1428 1842 1665 1892 apertum
1697 1835 1771 1878 est
1820 1842 1930 1878 ma-

355 1932 516 1986 gnum
559 1924 607 1968 et
647 1915 876 1978 evidens,
899 1924 947 1968 et
980 1915 1273 1967 adversarii
1313 1915 1466 1968 multi
1496 1919 1560 1979 ",
1597 1917 1793 1971 ostium
1830 1918 1929 1971 do-

310 2012 314 2014 ⁷
356 2005 584 2058 ctrinam
633 2020 754 2075 quae
803 2004 953 2058 ducit
1003 2004 1070 2057 ad
1125 2004 1405 2058 scientiam
1444 2004 1560 2065 Dei.
1585 2007 1794 2070 dicens,
1842 2008 1926 2061 cui

355 2093 669 2147 omnimodo
698 2093 788 2161 qui
815 2093 1027 2146 diversa
1052 2091 1248 2146 docent
1278 2093 1518 2147 obviant.
1566 2092 1709 2146 Nihil
1749 2103 1928 2148 autem

357 2183 553 2236 mirum
580 2191 662 2235 est
687 2184 754 2243 si.
788 2199 908 2235 cum
964 2181 1222 2235 Dominus
1252 2182 1453 2235 ostium
1493 2182 1561 2236 sit
1606 2183 1927 2252 appellatus,

358 2273 614 2327 similiter
646 2273 966 2343 appelletur,
1000 2288 1162 2342 quam
1202 2272 1320 2342 ipse
1347 2272 1677 2342 impertitur,
1711 2284 1929 2343 aposto-

358 2360 532 2415 lorum
561 2363 825 2417 doctrina.
856 2362 944 2417 Sic
975 2363 1287 2417 sacerdotcs
1340 2363 1651 2417 ministrare
1693 2375 1924 2433 oportet.

358 2448 711 2519 Detractaque
746 2451 879 2520 pelle
907 2452 1109 2514 hostile,
1142 2461 1289 2504 artus
1323 2453 1378 2504 in
1416 2453 1583 2522 ft‘ttsltt
1637 2456 1924 2519 concidere,

354 2551 405 2593 et
424 2540 615 2611 pellem
634 2541 848 2611 quidem
870 2542 1171 2606 detrahere,
1196 2551 1253 2595 ut
1270 2541 1490 2605 divitiis,
1509 2543 1736 2612 aliisque
1749 2545 1894 2599 onmi
1917 2574 1927 2584 -

351 2629 453 2685 bus
500 2632 848 2685 srcularibus
890 2632 1088 2701 quibus
1140 2632 1603 2703 circumtegimur,
1656 2634 1923 2703 exspolieo

351 2737 493 2776 mur.
525 2721 749 2791 Propter
768 2723 911 2792 quod
942 2724 1008 2777 de
1035 2721 1137 2775 Job
1167 2722 1415 2776 diabolus
1435 2723 1646 2777 dicebat
1681 2742 1693 2778 :
1726 2724 1922 2779 Pellem

348 2829 444 2882 pro
474 2812 625 2878 pelle,
656 2821 701 2865 et
729 2814 903 2865 omnia
927 2829 1248 2883 qua-cunque
1273 2813 1425 2866 habet
1455 2818 1626 2877 homo,
1655 2815 1797 2868 dabit
1828 2831 1924 2883 pro

350 2905 529 2957 anitna
547 2920 642 2956 sua
678 2904 741 2957 ³³.
770 2903 1068 2957 Concidere
1096 2914 1297 2969 autem,
1332 2914 1390 2958 ut
1436 2922 1534 2975 per
1573 2918 1754 2975 partes
1799 2923 1924 2976 par-

2032 469 2079 513 et
2108 459 2466 522 exsultabunt,
2533 459 2733 530 inquit,
2800 462 2981 515 omnia
3006 462 3148 532 ligna
3181 463 3434 517 silvarum
3463 481 3495 517 a
3522 466 3611 534 [a-

2034 556 2110 609 cie
2143 555 2370 619 Domini,
2415 557 2663 624 quoniam
2680 557 2816 610 venit
2844 558 2909 611 ³³.
2950 557 3205 613 Gaudent
3233 561 3381 615 enim
3409 562 3461 615 lii
3515 562 3608 632 qui

2031 643 2242 697 divinas
2269 643 2581 713 scripturas
2611 645 2963 709 meditantur,
2984 649 3202 716 quando
3227 665 3351 702 eum
3370 652 3608 719 venisse,

2031 735 2120 803 qui
2147 735 2199 788 in
2230 734 2309 788 eis
2330 743 2385 788 et
2413 750 2510 804 per
2535 750 2628 789 eos
2659 738 3014 805 prophetatus
3071 746 3172 802 est,
3215 748 3605 807 cognoverunt.

2033 824 2130 878 llis
2152 825 2310 893 jussit
2335 825 2543 892 imponi
2588 827 2932 881 concisiones
2950 828 3341 892 membrorum,
3373 839 3535 897 caput
3555 838 3610 883 et

2032 924 2227 969 cuncta
2249 931 2369 984 qua:
2400 916 2890 983 adlnerentjecori.
2928 916 3047 978 \‘el,
3087 918 3411 979 sicutLXX,
3443 929 3611 989 caput

2032 1014 2088 1058 ct
2111 1007 2323 1074 adipes.
2357 1005 2468 1058 Nos
2542 1021 2671 1058 vero
2716 1022 2813 1074 per
2863 1007 3204 1061 concisioues
3255 1009 3491 1062 animant
3554 1020 3611 1065 et

2031 1106 2228 1161 corpus
2251 1092 2601 1161 intelligimus
2625 1109 2639 1157 ;
2667 1108 2790 1146 cum
2823 1094 2967 1147 enim
3001 1095 3161 1148 unius
3196 1097 3307 1150 sint
3333 1099 3603 1163 animalis,

2031 1182 2329 1236 secundum
2349 1182 2696 1251 operationes
2728 1184 3040 1251 passionum
3095 1185 3328 1240 invicem
3381 1189 3483 1254 sibi
3510 1192 3608 1242 ad-

2033 1280 2321 1326 versantur
2354 1286 2368 1333 ;
2396 1270 2531 1323 dicit
2571 1271 2716 1323 enim
2760 1272 3055 1341 Apostolus
3085 1291 3096 1324 :
3127 1273 3263 1328 Caro
3295 1276 3608 1345 concupiscit

2032 1362 2278 1414 adversus
2315 1361 2580 1429 spiritum,
2643 1362 2862 1431 spiritus
2914 1363 3165 1416 adversus
3210 1381 3442 1418 carnem.
3485 1369 3610 1419 Hau:

2032 1453 2166 1506 enim
2190 1452 2404 1505 invicem
2425 1451 2523 1504 sibi
2551 1451 2900 1506 adversantur
2923 1453 2988 1506 "°.
3018 1454 3310 1522 Propterea
3336 1457 3606 1510 Abraham

2032 1559 2155 1598 cum
2190 1544 2412 1597 oderret
2442 1542 2770 1597 sacriﬁcium
2832 1544 2963 1607 Deo,
2998 1544 3248 1599 dividens
3276 1563 3519 1611 vaccam,
3555 1557 3610 1602 et

2035 1650 2271 1704 capram,
2302 1641 2358 1688 et
2385 1634 2633 1699 arietem,
2662 1634 2962 1689 divisiones
3024 1645 3217 1690 contra
3249 1653 3308 1691 se
3355 1638 3610 1691 altrinse-

2032 1742 2130 1780 cus
2162 1724 2359 1792 posuit.
2396 1725 2576 1794 Caput
2614 1732 2799 1779 autem
2830 1727 3011 1781 omnis
3040 1729 3322 1783 rationalis
3350 1730 3609 1783 animalis

2032 1833 2187 1871 mens
2223 1816 2443 1883 dicitur,
2468 1824 2689 1885 propter
2710 1818 2854 1885 quod
2911 1817 3075 1872 Isaias
3102 1818 3237 1872 dixit
3265 1838 3278 1872 :
3321 1824 3483 1873 Omne
3514 1836 3607 1874 co-

2031 1918 2124 1978 put
2148 1907 2488 1978 languidum,
2516 1916 2564 1961 et
2598 1923 2750 1960 omne
2782 1924 2871 1960 cor
2921 1924 3158 1973 atterens,
3189 1927 3219 1963 a
3251 1910 3436 1979 planta
3460 1912 3609 1981 pedis

2033 2013 2191 2066 usque
2224 1998 2296 2049 ad
2324 1998 2565 2050 verticem
2590 2014 2689 2050 non
2717 2007 2792 2050 est
2832 1999 2886 2050 in
2938 2015 2997 2051 eo
3026 2000 3231 2054 sanitas
3260 2002 3325 2054 “.
3355 2001 3604 2071 Compati

2030 2084 2175 2140 enim
2203 2087 2304 2141 sibi
2338 2087 2500 2140 nimis
2531 2089 2647 2142 haec
2692 2088 2924 2142 invicem
2960 2090 3239 2157 dicuntur,
3264 2102 3318 2147 et
3343 2094 3607 2149 rationale

2030 2188 2298 2242 nostrum,
2331 2188 2521 2248 utpote
2548 2179 2601 2231 in
2634 2187 2863 2249 utroque
2896 2181 3166 2246 habitans,
3206 2185 3488 2255 utriusque
3520 2185 3605 2241 lo-

2032 2285 2189 2330 vctur
2227 2277 2419 2331 salute.
2444 2275 2502 2330 ln
2528 2286 2755 2345 utroque
2779 2283 2957 2328 autem
2982 2275 3207 2339 habitat,
3235 2274 3289 2328 in
3309 2277 3470 2330 corde
3497 2277 3605 2330 sci-

2030 2366 2156 2421 licet
2175 2377 2225 2421 et
2252 2368 2305 2420 in
2327 2368 2573 2430 cerebao,
2600 2368 2850 2435 quianon
2872 2376 3085 2435 oportet
3102 2376 3340 2421 mentem
3367 2367 3604 2421 sobriam

2027 2457 2230 2522 dividi,
2259 2459 2353 2512 sed
2386 2459 2557 2527 ipsam
2583 2476 2611 2510 a
2645 2475 2775 2526 pace
2809 2458 2902 2512 Dei
2945 2457 3274 2511 custoditum
3301 2496 3316 2521 ,
3350 2456 3493 2510 sicut
3530 2458 3609 2511 ait

2027 2548 2317 2616 Apostolus
2338 2564 2351 2600 :
2377 2547 2439 2598 Et
2454 2564 2562 2616 pax
2578 2547 2694 2612 Dei,
2716 2562 2830 2616 qua:
2851 2554 3132 2615 exsuperat
3150 2561 3353 2597 onmem
3374 2561 3602 2610 sensum,

2026 2638 2282 2691 custodiat
2301 2639 2456 2692 corda
2480 2647 2669 2700 vestra,
2689 2648 2737 2689 et
2760 2636 3131 2705 intelligentias
3156 2644 3350 2688 vestras
3368 2633 3436 2698 δ’,
3460 2635 3611 2688 tolli-

2023 2744 2149 2799 gere
2163 2736 2375 2795 oportet
2390 2728 2442 2780 in
2462 2742 2629 2781 unum
2649 2729 2893 2797 corporis
2909 2736 2962 2780 et
2977 2726 3171 2779 anima:
3191 2725 3608 2792 in:2tuni.Adeps

2023 2827 2203 2872 autem
2226 2835 2255 2870 a
2279 2817 2637 2872 divisionibus
2662 2834 2771 2870 non
2803 2818 2922 2871 sine
2947 2832 3112 2871 causa
3139 2823 3446 2885 separatur,
3476 2828 3603 2868 cum

2033 2910 2300 2966 :estimari
2320 2920 2559 2980 oportet,
2586 2910 2735 2980 quia,
2760 2918 2948 2978 utpote
2982 2908 3074 2977 qui
3108 2908 3158 2960 in
3194 2907 3324 2976 ipsis
3352 2913 3455 2973 est,
3481 2921 3602 2957 cum

353 3005 539 3066 tesque
566 3004 749 3050 nostra
778 2997 1117 3052 conversatio
1153 2998 1501 3066 approbetur,
1531 3000 1659 3069 quia
1681 3008 1734 3053 et
1769 3000 1918 3054 Chri-
1950 3026 1992 3084 ο
2029 3002 2159 3071 ipsis
2187 3000 2408 3056 deberet
2437 3001 2620 3054 oll’erri
2646 3017 2661 3065 ;
2693 3000 2785 3053 sed
2819 3000 2945 3069 quia
2979 2997 3336 3068 pinguiSsima
3368 3011 3493 3065 pars
3548 3002 3605 3049 et

349 3099 489 3151 stus,
517 3088 658 3142 sicut
682 3087 755 3142 ait
784 3088 1000 3152 Paulus,
1025 3089 1306 3142 secundant
1328 3091 1683 3157 operationem
1710 3091 1761 3143 in
1782 3107 1922 3144 mert-

347 3196 531 3232 suram
581 3179 988 3249 uniuscujusque
1027 3181 1244 3233 membri
1308 3192 1648 3251 augmentum
1687 3183 1923 3251 corporis

346 3272 474 3345 facit
504 3270 561 3323 in
583 3272 979 3340 wdiﬁcntionem
1023 3271 1105 3324 sui
1133 3272 1185 3325 in
1230 3272 1566 3329 cltaritate”.
1607 3273 1761 3328 Tunc
1797 3289 1925 3345 ergo

349 3361 446 3414 ﬁlii
476 3362 654 3415 Aaron
679 3361 975 3414 sacerdotis
1007 3359 1117 3431 (qui
1148 3369 1329 3415 autem
1364 3360 1420 3414 hi
1450 3364 1561 3415 sint
1591 3378 1754 3432 supra
1786 3363 1926 3417 disi-

350 3452 501 3520 mus)
525 3451 798 3516 subjicicnt
834 3452 996 3504 altari
1018 3454 1207 3522 ignem.
1245 3453 1442 3522 Utpote
1468 3455 1925 3510 ministrationem

350 3541 576 3610 spiritus
605 3541 917 3610 plenissime
945 3542 1189 3596 valentes
1206 3544 1527 3597 accendt-re.
1564 3546 1630 3598 Et
1652 3547 1925 3614 quomodo

351 3631 673 3686 habebimus
693 3632 869 3702 ignem
894 3631 987 3701 qui
1008 3631 1231 3687 minime
1257 3633 1668 3704 exstinguatur?
1709 3635 1920 3691 Struem

349 3720 456 3793 ligo
482 3737 616 3774 trum
641 3730 1049 3790 componentes,
1082 3723 1289 3776 scilicet
1337 3734 1644 3779 sanctarum
1676 3725 1921 3796 Scriptu-

349 3829 535 3869 rarum
557 3814 934 3868 meditationes
967 3823 1148 3884 atque
1200 3815 1477 3870 doctrinas
1498 3835 1512 3873 :
1536 3819 1748 3887 perbas
1776 3821 1921 3874 enim

350 3909 591 3961 nutritur
612 3907 836 3977 spiritus
894 3907 1005 3969 Dei,
1060 3915 1116 3961 et
1163 3908 1421 3963 continue
1474 3912 1809 3977 accenditur,
1865 3924 1919 3967 ut

351 3999 660 4054 turbinibus
694 3999 1044 4053 adversarum
1101 4008 1429 4066 potestatum
1498 4003 1764 4073 exstingui
1810 4020 1920 4058 non

347 4090 550 4163 possit;
581 4099 801 4159 propter
832 4089 975 4158 quod
1008 4096 1062 4142 et
1097 4087 1290 4143 Paulus
1341 4090 1557 4146 dicebat
1591 4108 1603 4145 ε
1660 4091 1920 4162 Spiritum

348 4188 508 4243 nolite
531 4188 876 4256 exstinguere,
906 4185 1205 4254 prophetius
1248 4186 1406 4239 nolite
1438 4203 1682 4254 spernere
1706 4188 1771 4242 ³³.
1810 4189 1919 4245 Nec

346 4280 657 4343 miranqu
705 4289 807 4340 est,
861 4277 905 4331 si
960 4276 1099 4347 ligna
1145 4287 1455 4330 sanctarum
1510 4278 1915 4349 Scripturarum

2030 3093 2191 3148 nimis
2215 3093 2451 3146 crassior
2481 3093 2660 3145 omnis
2692 3091 2945 3144 atttltlaiis
2978 3089 3146 3153 adeps
3189 3102 3314 3142 esse
3376 3085 3601 3150 dicitur,

2026 3200 2095 3238 ex
2121 3184 2240 3254 ipso
2270 3193 2453 3238 autem
2498 3182 2655 3236 nobis
2683 3181 3080 3236 desideriorum
3112 3185 3411 3247 exsurgunt
3441 3183 3606 3244 atque

2026 3285 2438 3330 cotnmoventur
2469 3275 2746 3343 appetitus
2768 3313 2782 3337 ,
2858 3272 3003 3341 quod
3046 3270 3398 3324 nmnit‘estum
3432 3280 3509 3321 est
3537 3282 3603 3320 ex

2026 3383 2092 3423 eo
2143 3367 2286 3437 quod
2316 3367 2625 3435 superjacet
2653 3366 2877 3419 renibus
2934 3372 2990 3418 et
3014 3362 3346 3433 inguinibus,
3377 3375 3497 3430 quae
3516 3375 3606 3413 or-

2025 3472 2162 3528 gana
2208 3473 2307 3511 seu
2351 3457 2715 3509 instrumenta
2774 3469 2897 3508 esse
2948 3456 3218 3507 seminum
3267 3451 3603 3506 commistio-

2025 3561 2264 3615 numque
2286 3554 2564 3615 putantur.
2580 3542 2782 3597 auferri
2810 3544 2957 3596 hunc
2981 3559 3010 3595 a
3033 3541 3392 3596 divisionibus
3414 3538 3600 3608 jussit,

2025 3653 2128 3693 nec
2151 3638 2295 3692 enim
2323 3638 2483 3691 aliter
2513 3644 2729 3706 poterat
2781 3635 2955 3689 solum
3012 3630 3217 3687 otl‘erri.
3264 3629 3477 3683 Aul'erri
3505 3646 3604 3683 au-

2026 3741 2158 3795 tem,
2196 3739 2255 3784 ut
2287 3729 2562 3783 discamus
2585 3727 2872 3783 desideriis
2900 3741 3009 3779 non
3047 3721 3400 3791 Corporaliter
3426 3736 3603 3789 neque

2023 3821 2327 3875 aniuialiter
2354 3819 2454 3883 uti,
2485 3821 2579 3874 sed
2616 3817 2955 3888 spiritaliter,
2983 3824 3043 3870 ut
3068 3815 3180 3869 sola
3212 3813 3477 3883 spiritalia
3501 3813 3601 3866 de-

2023 3911 2348 3971 sideremus,
2376 3920 2430 3965 et
2457 3927 2672 3965 onmem
2698 3910 3000 3980 appetitum
3034 3909 3089 3961 in
3118 3907 3197 3961 eis
3230 3914 3471 3973 ctusque
3533 3905 3600 3959 ad

2022 4023 2086 4061 ea
2134 4007 2511 4067 extendamus.
2563 4023 2633 4075 qn
2661 4023 2690 4059 a
2727 4016 2782 4059 et
2816 4004 3068 4057 animalis
3113 4009 3266 4055 homo
3329 4018 3429 4053 non
3476 4017 3601 4069 per-

2024 4101 2158 4169 cipit
2209 4117 2270 4153 ea
2318 4117 2434 4171 qua:
2471 4109 2589 4152 sunt
2609 4098 2847 4167 spiritus,
2893 4095 3119 4149 stultitia
3153 4102 3225 4146 est
3256 4092 3393 4144 enim
3422 4089 3500 4144 illi
3533 4091 3598 4143 ⁸³.

2021 4192 2160 4262 Ergo
2184 4192 2473 4245 animalem
2502 4191 2681 4245 dicere
2715 4189 2913 4242 Paulus
2939 4187 3156 4242 videtur
3198 4201 3322 4239 eum
3375 4183 3469 4254 qui
3489 4198 3595 4237 non

2022 4284 2250 4338 multum
2282 4284 2349 4338 de
2373 4282 2687 4337 carnalibus
2708 4281 2911 4349 cogitat
2958 4277 3037 4349 (et
3068 4277 3188 4332 ideo
3219 4276 3451 4329 carnalis
3489 4290 3600 4329 non

346 4368 621 4424 doctrinas
652 4365 958 4429 docuimus,
996 4381 1117 4419 cum
1147 4364 1438 4436 legerimus
1490 4367 1541 4420 in
1563 4367 1801 4436 Epistula
1850 4370 1916 4424 ad
1955 4370 1994 4423 D
2023 4385 2108 4430 est
2126 4375 2474 4445 appellatus),
2499 4374 2595 4429 sed
2625 4373 2867 4427 animum
2897 4386 3024 4440 erga
3069 4383 3209 4423 vana
3241 4366 3508 4422 desideria
3545 4372 3601 4421 et

347 4456 660 4512 Corinthius
695 4474 706 4510 :
742 4454 927 4527 Ligna,
960 4456 1157 4527 fenznn,
1205 4456 1427 4525 stipulas
1454 4458 1515 4519 ’⁸,
1548 4459 1717 4513 malas
1747 4461 1920 4515 actio-

347 4565 446 4605 ncs
493 4551 577 4605 vel
628 4550 901 4605 doctrinas
936 4547 1284 4619 signiﬁcatas.
1348 4550 1453 4604 Sed
1491 4552 1757 4622 lignorum
1817 4554 1922 4607 alia

346 4642 564 4711 quidem
597 4652 723 4696 sunt
750 4641 1047 4707 fructuosa,
1105 4660 1229 4696 nam
1277 4641 1545 4695 Jeremias
1598 4642 1665 4695 de
1698 4658 1765 4695 eo
1827 4645 1919 4713 qui

343 4732 569 4787 conlidit
604 4731 658 4785 in
693 4731 801 4786 Deo
833 4732 1003 4788 dixit:
1036 4732 1100 4786 Et
1164 4733 1264 4785 erit
1313 4732 1465 4802 quasi
1516 4732 1716 4800 lignum
1782 4736 1921 4804 quod

306 4821 313 4831 ’
344 4825 766 4894 transplantatur
795 4842 949 4894 super
975 4843 1161 4895 aquas,
1194 4816 1333 4896 quod
1372 4827 1443 4878 ad
1465 4826 1735 4880 humorem
1759 4828 1920 4879 mittit

343 4919 546 4971 radices
577 4935 703 4972 suas
728 4919 792 4971 ³⁷.
829 4916 982 4984 Quod
1022 4928 1204 4971 autem
1270 4935 1368 4989 per
1424 4918 1569 4989 ligna
1614 4918 1918 4983 fructifera,

345 5020 490 5063 recte
514 5008 791 5065 meditatio
817 5026 1091 5064 sacrarum
1125 5010 1527 5080 Scripturarum
1563 5011 1918 5081 intelligatur,

342 5109 528 5167 aperte
563 5100 717 5154 nobis
740 5100 906 5154 David
929 5100 1266 5152 demonstrat
1310 5100 1409 5153 :de
1440 5117 1505 5153 eo
1533 5102 1699 5163 enim,
1736 5103 1826 5169 qui
1865 5104 1917 5155 in

336 5190 454 5267 lege
481 5189 690 5245 Domini
721 5192 1008 5245 meditatur
1041 5191 1126 5243 die
1158 5207 1220 5243 ac
1248 5202 1393 5244 nocte
1422 5191 1487 5256 ³⁸,
1518 5192 1656 5254 Erit,
1685 5194 1779 5255 ait,
1814 5195 1919 5247 sic-

344 5292 400 5334 ut
426 5280 623 5351 lignum
660 5282 796 5353 quod
824 5280 1127 5351 plumatum
1161 5292 1235 5335 est
1274 5297 1421 5336 secus
1474 5283 1720 5338 decursus
1750 5303 1924 5356 aqua-

436 5514 479 5544 '3
510 5512 667 5577 ll)id.,
701 5513 789 5567 ‘25.

343 5584 388 5616 ³⁸
417 5584 430 5635 Ι
459 5583 648 5638 Tltess.
684 5601 733 5647 ιι,
781 5584 861 5637 19.

346 5655 501 5725 v.17.
582 5652 621 5686 ’δ’
647 5654 751 5710 lsa.
779 5670 817 5721 t,
847 5655 898 5708 ϐ.

870 5513 913 5546 ³ο
949 5511 1081 5567 Dan.
1142 5529 1205 5576 ιι,
1247 5516 1337 5570 δι.

942 5584 987 5616 ³⁸
1023 5586 1039 5638 ι
1068 5586 1193 5639 Cor.
1238 5602 1320 5645 ιιι,
1354 5587 1426 5641 t2.

1020 5658 1061 5693 δ’
1097 5655 1212 5709 l’ltd
1240 5672 1327 5725 pp.
1359 5672 1429 5722 tv,
1483 5658 1534 5713 7.

1432 5515 1474 5547 "
1513 5515 1617 5580 lsa,
1671 5531 1825 5582 ant,
1882 5517 1971 5571 15.

1509 5588 1552 5619 ³⁷
1579 5586 1782 5642 J-rem.
1823 5604 1954 5652 χιιι,
2020 5588 2072 5641 8.

1632 5658 1727 5711 ⁸³1
1788 5655 1914 5712 Cor.
1980 5674 2039 5719 ιι,
2082 5656 2165 5711 Η.

2023 4468 2353 4538 quaestiones
2383 4474 2630 4536 occupat.
2667 4464 2818 4519 verbi
2855 4464 3046 4535 gratia,
3085 4461 3139 4514 in
3169 4459 3438 4514 mensuris
3453 4458 3598 4521 cwli,

2027 4571 2082 4615 et
2120 4569 2392 4613 astrorum
2440 4557 2713 4620 numeris,
2770 4562 2826 4609 et
2876 4552 3075 4608 similia
3133 4550 3598 4621 philosophantes,

2022 4652 2115 4721 qui
2146 4651 2448 4707 forinsecus
2474 4664 2729 4721 inaguum
2779 4647 3034 4702 ridentur
3070 4660 3195 4715 erga
3218 4643 3454 4695 animam
3487 4650 3602 4693 stu-

2024 4742 2519 4812 dinmimpcndere.
2552 4741 2776 4810 Propter
2807 4737 2951 4807 quod
2978 4745 3033 4791 et
3062 4751 3248 4790 eorum
3277 4730 3601 4800 sapientiam

2023 4833 2334 4897 animalem,
2376 4832 2720 4896 diabolicam,
2779 4838 3072 4887 terrenam,
3127 4840 3238 4878 non
3306 4830 3487 4874 autem
3533 4816 3603 4869 de

2022 4922 2398 4991 superioribus
2427 4921 2871 4980 descendentem,
2929 4931 2997 4969 ex
3036 4914 3237 4983 quibus
3299 4905 3593 4963 descendit

2023 5015 2268 5084 Spiritus,
2297 5013 2534 5068 lacubus
2563 5010 2873 5080 appellavit,
2917 5008 3117 5076 quibus
3154 5000 3381 5056 stultitia
3408 5007 3493 5051 est
3535 5013 3604 5050 ea

2025 5121 2145 5174 qua:
2165 5103 2568 5171 suntspiritus;
2604 5116 2711 5154 non
2741 5098 2889 5152 enim
2920 5112 2983 5151 ea
3022 5096 3251 5164 possunt
3275 5088 3600 5157 intelligere,

2027 5196 2152 5266 quia
2182 5194 2497 5263 spiritaliter
2524 5208 2632 5247 non
2664 5190 2999 5245 examinant.
3028 5185 3168 5255 Ergo
3199 5180 3598 5253 intelligibilem

2034 5286 2277 5356 adipem.
2312 5285 2364 5339 id
2388 5295 2492 5349 est,
2536 5299 2700 5337 omne
2728 5289 2979 5335 nostrum
3000 5274 3275 5331 desiderio
3300 5293 3353 5338 ιι,
3383 5287 3478 5326 seu
3501 5288 3602 5341 ap-

2688 5509 2732 5542 ³³
2777 5508 2877 5561 Job
2906 5522 2966 5569 ll,
2988 5507 3040 5560 ι.

2724 5580 2766 5612 ³⁸
2798 5578 2941 5634 l'sal.
2996 5592 3115 5642 xcv,
3172 5576 3256 5628 12.

3130 5504 3176 5536 ³³
3204 5501 3405 5571 Epiros.
3441 5513 3512 5559 Iv,
3542 5499 3595 5558 7,

2064 5516 2111 5549 ⁸²
2142 5515 2160 5570 l
2186 5514 2312 5571 Cor.
2365 5531 2478 5573 xw,
2530 5512 2583 5568 9.
2688 5512 2732 5542 ³⁸
2777 5512 2877 5561 Job
2906 5512 3040 5569 n.4,
3130 5512 3176 5536 δ’
3204 5512 3405 5571 erues.
3441 5513 3512 5577 iv,
3544 5512 3595 5558 ‘1,

2064 5625 2071 5629 _
2164 5587 2208 5618 ³⁸
2245 5586 2385 5629 Dur
2423 5601 2459 5629 ι-
2493 5585 2547 5629 *2-
2576 5583 2629 5629 5.
2724 5580 2766 5612 ³⁸
2798 5578 2941 5629 l'sal.
2996 5592 3115 5629 xcv.
3172 5576 3256 5628 12.
3354 5572 3396 5602 ³⁸
3420 5571 3597 5629 halat.

2164 5587 2208 5618 ³⁸
2245 5586 2385 5640 Psal.
2423 5601 2462 5651 ι,
2493 5585 2547 5646 2,
2576 5583 2629 5637 5.
