4076 6188
481 283 590 349 799

1673 277 2039 340 HESYCHII
2087 276 2564 339 PRESBYTERI

2804 218 2927 278 τ’
2960 220 2992 254 ²
3650 248 3759 329 800

484 394 717 467 petitum
738 406 935 451 vacare
955 391 1100 450 circa
1127 387 1377 461 spiritum
1428 385 1606 457 jubet,
1659 393 1718 443 et
1774 396 2062 459 propterea
2094 390 2139 448 Δ
2168 384 2580 449 Verumtamen,
2606 397 2732 440 cum
2781 379 2966 438 ovium
3020 374 3341 434 memoriam
3385 374 3625 440 fecisset,
3681 376 3755 430 ait

486 503 599 543 non
629 502 752 541 cum
786 483 1172 545 divisionibus,
1203 479 1299 536 sed
1353 493 1455 549 per
1487 492 1546 541 se
1578 477 1790 534 olferri.
1831 479 2086 547 Verum:

486 586 671 633 tamen
695 583 751 631 et
767 573 1084 635 divisiones,
1119 578 1175 626 et
1189 575 1373 640 caput,
1392 576 1449 624 et
1472 568 1713 638 adipem.
1737 583 1903 638 super
1923 550 2089 639 ligna

489 666 689 723 uuibus
717 662 857 733 ignis
887 662 1170 731 subjectus
1198 668 1305 724 est,
1362 672 1594 729 quasque
1639 667 1769 713 sunt
1800 672 1969 729 super
1996 659 2074 713 al-

494 765 629 816 tare.
654 756 938 824 imponere
958 752 1137 823 jubet,
1170 759 1230 806 ut
1256 765 1478 806 omnem
1514 758 1764 805 nostrum
1790 748 2074 805 hominem

491 845 782 917 scripturis
840 844 1200 915 spiritalibus,
1266 857 1390 913 quae
1445 842 1515 897 de
1586 840 1915 913 intelligibili
1988 842 2073 897 al-

492 939 593 992 tari
662 936 909 1007 corporis
974 933 1190 989 Domini
1256 931 1416 988 dictae
1488 940 1651 999 sunt,
1736 940 2073 1002 coaptemus,

494 1031 794 1086 secundum
850 1028 973 1099 ejus
1017 1026 1268 1083 viventes
1330 1039 1430 1080 seu
1497 1032 1892 1080 conversantes
1948 1023 2077 1078 imi-

495 1121 776 1177 tationem.
1080 1110 1089 1117 ’

566 1210 840 1268 lntestinis
872 1215 1050 1263 autem
1084 1214 1132 1261 et
1165 1206 1381 1277 pedibus
1417 1206 1537 1261 lotis
1552 1223 1720 1278 aqua,
1757 1207 1901 1277 quod
1938 1206 2080 1261 LXX

498 1303 670 1359 edunt
695 1320 707 1355 :
738 1301 812 1356 Ea
825 1315 946 1371 quae
966 1309 1089 1356 sunt
1109 1298 1167 1353 in
1188 1309 1401 1364 ventre,
1434 1306 1491 1353 et
1514 1299 1681 1369 pedes
1704 1314 1844 1369 aqua
1873 1300 2078 1365 lavent,

500 1407 599 1462 per
627 1406 690 1445 ea
723 1405 846 1460 qua:
877 1389 933 1443 in
967 1396 1162 1444 ventre
1211 1394 1361 1453 sunt,
1409 1387 1624 1443 abditas
1647 1395 1702 1441 et
1737 1387 1970 1442 latentes
1989 1403 2084 1443 co-

500 1483 793 1557 gitationes
837 1480 1213 1552 signiﬁcantes
1274 1479 1328 1533 in
1401 1487 1596 1534 ventre
1658 1480 1900 1546 animze,
1957 1479 2083 1550 quia

501 1586 694 1629 venter
716 1573 911 1627 animae
936 1586 1031 1627 cor
1063 1581 1167 1626 est.
1198 1569 1356 1626 Unde
1403 1581 1460 1626 et
1516 1571 1782 1627 Jeremias
1829 1571 2081 1630 dicebat:

507 1663 748 1718 Ventrem
784 1676 979 1726 meum,
1004 1669 1233 1715 ventrem
1259 1676 1431 1714 meum
1460 1660 1609 1714 doleo
1627 1659 1693 1725 “,
1726 1676 1889 1730 quem
1945 1677 2082 1716 ven-

506 1762 645 1808 trem
669 1752 783 1821 ipse
816 1749 1125 1806 subinlert:
1158 1748 1224 1803 Et
1245 1765 1426 1803 sensus
1444 1751 1618 1803 cordis
1650 1728 1757 1803 mei
1787 1751 2083 1804 conturbati
2118 1728 2157 1783 Β

505 1850 647 1894 sunt.
672 1837 846 1892 Pedes
874 1844 1057 1891 autem
1094 1835 1359 1899 actiones,
1388 1835 1515 1904 quia
1549 1838 1829 1905 prOpbeta:
1843 1852 2085 1907 praesens

509 1929 773 1984 saeculum
806 1928 971 1982 vitam
993 1924 1266 1995 appellare
1294 1936 1718 1987 consueverunt,
1749 1927 1896 1980 itaut
1920 1927 2087 1981 David

400 2044 409 2047 -
509 2018 719 2074 diceret
751 2038 764 2073 :
800 2018 952 2072 Beati
992 2014 1325 2070 immaculati
1376 2017 1429 2068 in
1457 2016 1565 2079 via,
1597 2018 1686 2085 qui
1713 2016 1989 2069 ambulant
2034 2017 2091 2069 in

513 2111 624 2181 lege
654 2109 867 2180 Domini
895 2109 964 2170 “,
990 2108 1040 2162 id
1070 2119 1173 2171 est,
1206 2108 1302 2178 qui
1346 2107 1400 2160 in
1436 2108 1551 2178 lege
1616 2107 1830 2162 Domini
1854 2124 2091 2178 operan-

516 2212 625 2255 tur.
654 2199 781 2253 Vult
809 2215 939 2270 ergo
967 2214 1067 2253 nos
1092 2199 1255 2254 simul
1295 2214 1420 2254 cum
1473 2199 1782 2255 actionibus
1840 2210 1897 2254 et
1950 2200 2095 2271 cogi-

516 2291 751 2346 tationes
766 2290 974 2345 diluere
1002 2305 1162 2360 aqua,
1191 2290 1306 2346 sive
1338 2291 1615 2360 baptismi,
1640 2292 1755 2346 sive
1778 2287 2120 2362 lletus.quia'

517 2389 575 2436 et
606 2382 672 2436 de
694 2381 1113 2451 COgitationibus
1140 2381 1218 2435 rei
1246 2382 1301 2434 in
1336 2382 1544 2451 judicio
1569 2391 1839 2437 tenemur.
1864 2384 1917 2437 Si
1950 2376 2096 2438 enim

519 2472 609 2541 qui
630 2474 882 2524 irascitur
903 2472 1062 2540 fratri
1077 2488 1171 2525 suo
1193 2471 1311 2526 sine
1337 2487 1498 2527 causa
1528 2489 1645 2525 reus
1664 2483 1737 2526 est
1768 2474 2096 2543 gehennae“,

520 2562 601 2617 ira
623 2571 804 2616 autem
825 2564 1021 2617 animze
1041 2572 1125 2618 est
1151 2572 1354 2625 motus,
1384 2580 1495 2617 non
1529 2564 1692 2618 debet
1719 2565 1807 2619 hic
1838 2581 1899 2619 ex
1926 2567 2100 2621 actio-

519 2668 591 2706 ne
635 2651 1060 2723 judiciunI?Sed
1119 2670 1241 2710 cum
1293 2663 1438 2709 tanta
1492 2654 1738 2719 dixisset,
1803 2657 2100 2727 legislatio-

521 2757 647 2795 nem
675 2757 826 2796 sitam
863 2742 930 2797 ad
971 2759 1137 2797 unum
1173 2744 1444 2814 breveque
1468 2745 1736 2799 conclusit
1763 2762 1778 2811 ;
1809 2747 1885 2801 ait
1911 2748 2099 2804 enim:

596 2832 933 2904 Adolebitque
961 2851 1021 2888 ea
1062 2836 1304 2889 sacerdos
1325 2852 1483 2904 super
1514 2836 1688 2890 altare
1735 2835 1792 2890 in
1846 2837 2103 2892 holocau-

522 2932 682 2989 stum,
714 2934 762 2978 et
783 2941 1000 2979 suavem
1031 2926 1241 2980 odorem
1299 2925 1542 2980 Domino.
1594 2927 1737 2998 Ergo
1767 2928 1987 2997 quando
2013 2945 2107 2984 sa-

523 3015 1063 3070 criﬁciumnostrum
1109 3017 1489 3072 holocaustum
1555 3019 1631 3080 lit,
1692 3026 1823 3073 tunc
1875 3019 2105 3076 Domino

522 3107 661 3161 odor
689 3107 1306 3164 suavitatisincendilur
1334 3126 1347 3161 :
1373 3122 1427 3164 et
1455 3110 1673 3179 quando
1695 3111 1876 3166 omnia
1935 3126 2104 3182 super

525 3196 864 3266 intelligibile
888 3196 1057 3250 altare
1099 3197 1481 3262 obtulerimus,
1542 3198 1841 3254 imitatores
1899 3199 2104 3255 Christi

525 3288 826 3343 secundum
859 3288 1272 3358 possibilitatem
1303 3288 1507 3353 ell'ecti,
1532 3298 1587 3344 et
1615 3291 1682 3345 ad
1714 3290 1886 3360 ipsius
1916 3290 2103 3346 imita-

526 3377 733 3431 tionem
789 3386 1029 3432 nostram
1072 3379 1260 3443 vitam,
1319 3392 1418 3433 seu
1489 3377 1963 3434 conversationem
2010 3392 2104 3432 co-

527 3478 799 3540 aptantes.
828 3468 943 3525 lloc
999 3471 1144 3526 enim
1182 3487 1304 3527 esse
1377 3471 1547 3526 altare
1603 3469 1860 3541 superius
1914 3479 2106 3526 osten-

530 3561 732 3616 dimus.
1088 3614 1099 3619 _

602 3650 965 3707 Vens.lO-l5.
999 3673 1016 3703 ι
1048 3652 1201 3719 Quod
1229 3653 1273 3707 ai
1303 3653 1370 3710 de
1403 3655 1692 3724 pecoribus
1743 3655 1949 3711 oblatio
1993 3663 2101 3721 est,

434 3790 439 3795 .
530 3740 600 3794 de
623 3741 818 3795 ovibus
852 3742 965 3796 sive
994 3743 1061 3797 de
1092 3744 1269 3812 capris
1299 3743 1678 3798 holocaustum
1702 3760 1901 3815 agnum
1942 3744 2105 3798 anni-

531 3832 714 3885 culum
749 3842 801 3887 et
831 3834 1035 3903 absque
1061 3835 1272 3889 macula
1306 3834 1521 3900 ederet,
1562 3836 1975 3906 immolabitque
2032 3836 2103 3891 ad

534 3923 677 3977 latus
706 3923 911 3986 altaris,
938 3926 1081 3994 quod
1107 3926 1327 3996 respicit
1358 3927 1423 3981 ad
1450 3927 1761 3996 aquilonem
1785 3942 1971 3981 coram
2000 3927 2105 3980 Do-

534 4015 703 4069 mino.
731 4015 1059 4086 Sanguinem
1092 4033 1221 4071 vero
1250 4017 1396 4072 illius
1437 4018 1667 4073 fundent
1719 4034 1887 4088 super
1936 4019 2110 4073 altare

535 4103 630 4157 lilii
654 4105 831 4158 Aaron
854 4122 951 4175 per
970 4106 1279 4172 circuitum,
1311 4108 1669 4179 dividentque
1713 4110 1978 4172 membra,
2017 4123 2113 4163 ca-

535 4205 655 4265 put,
675 4204 726 4250 et
756 4197 940 4251 omnia
974 4212 1094 4267 quae
1147 4198 1432 4254 adhaerent
1490 4199 1764 4271 jecori,et
1825 4201 2108 4270 imponent

534 4300 703 4354 super
724 4284 883 4355 lignis
911 4287 1109 4356 quibus
1132 4287 1508 4357 subjiciendus
1541 4298 1627 4344 est
1674 4290 1847 4361 ignis;
1882 4289 2102 4344 intesti-

539 4393 608 4469 na
638 4392 766 4469 vero
799 4388 853 4431 et
886 4377 1050 4469 pedes
1079 4371 1407 4469 lavahuntur
1430 4397 1591 4449 aqua,
1627 4391 1683 4437 et
1712 4382 1892 4437 oblata
1924 4376 2188 4468 omnia’D

539 4464 776 4518 adolebit
798 4466 1052 4522 sacerdos
1097 4482 1262 4537 super
1308 4467 1477 4525 altare
1518 4469 1574 4523 in
1629 4470 2010 4525 holocaustum
2058 4477 2115 4525 et

539 4560 760 4615 odorem
788 4561 1170 4617 suavissimum
1197 4563 1441 4620 Domino.
1483 4583 1502 4616 ι

615 4650 815 4705 Eadem
837 4652 1165 4710 etiamnunc
1194 4655 1382 4725 paucis
1441 4655 1743 4711 immutatis
1773 4655 1923 4710 dicit.
1978 4653 2118 4711 Illud

542 4753 725 4799 autem
752 4744 1049 4817 intelligere
1078 4759 1293 4817 oportet
1332 4764 1459 4803 eum
1490 4749 1582 4819 qui
1612 4747 1895 4803 subtiliter
1951 4746 2120 4801 verba

544 4834 680 4900 legis
708 4834 1015 4905 investigat,
1049 4837 1175 4908 quia
1215 4853 1327 4891 non
1352 4838 1528 4892 solum
1546 4838 1613 4893 de
1644 4837 1841 4901 bobus,
1862 4837 1958 4891 sed
1978 4846 2032 4892 et
2050 4837 2120 4891 de

545 4927 738 4982 ovibus
768 4929 1346 4998 praecepitlsraelitam
1370 4930 1567 4985 oll‘erre
1604 4929 1946 4985 holocausta.
1977 4929 2121 5001 Ergo

547 5033 653 5072 non
696 5020 873 5103 Solum
904 5020 994 5091 qui
1029 5020 1161 5091 legis
1191 5021 1447 5075 mandata
1482 5030 1765 5091 operatur,
1799 5021 1948 5077 hunc
1974 5020 2126 5077 enim

544 5122 668 5163 esse
691 5110 906 5177 bovem,
946 5120 1005 5165 ut
1029 5122 1157 5181 pote
1177 5119 1520 5182 operatorem
1543 5111 1801 5178 diximus,
1821 5113 1915 5169 sed
1934 5119 1990 5167 et
2004 5111 2127 5183 qui-

550 5201 681 5255 libet
701 5201 934 5272 simplex
990 5212 1046 5258 et
1078 5204 1198 5259 sine
1221 5203 1455 5267 malitia,
1493 5203 1581 5258 cui
1612 5214 1967 5274 comparatur
1987 5202 2126 5268 ovis,

550 5292 764 5347 dicente
791 5292 1027 5350 Ieremia
1059 5314 1073 5350 :
1112 5296 1223 5367 Ego
1256 5297 1410 5369 quasi
1470 5312 1637 5368 agnus
1671 5306 1996 5361 mansuetus,
2038 5296 2130 5367 qui

550 5391 792 5446 portatur
817 5385 888 5437 ad
912 5386 1199 5451 victimam,
1258 5395 1310 5442 et
1346 5403 1449 5442 non
1502 5387 1804 5457 cognovi".
1869 5386 2011 5457 Ergo
2074 5392 2131 5439 et

553 5477 669 5546 ipse
697 5483 1051 5552 semetipsum
1070 5486 1471 5559 holocaustum,
1507 5485 1620 5541 Deo
1674 5484 1874 5541 offerre
1902 5484 2126 5556 poterit.

654 5619 697 5648 “
720 5625 921 5678 larem.
973 5644 1043 5686 tv.
1077 5631 1158 5686 19.

671 5632 921 5703 “tarem.
973 5632 1185 5703 πνείων
1264 5632 1308 5666 ’⁸⁸
1339 5633 1480 5688 Psal.
1527 5650 1714 5699 cxvm,
1758 5635 1803 5689 l.

584 5695 628 5731 δ’
644 5691 841 5753 Etcch.
877 5712 989 5763 xix,
1028 5700 1216 5758 lli-l9.

1308 5706 1354 5737 ⁵ο
1388 5703 1557 5760 Exod.
1585 5720 1810 5771 xxxvut,
1839 5706 1929 5761 26.

1908 5634 1955 5667 "°
2000 5634 2189 5692 Matth.
2224 5653 2276 5701 γ,
2309 5635 2400 5690 9.2.

2172 480 2321 536 enim
2363 497 2378 534 :
2408 476 2466 534 Si
2495 484 2671 532 autem
2704 480 2769 530 de
2798 473 2979 529 ovibus
3025 479 3101 527 est
3156 469 3353 525 oblatio
3378 510 3395 535 ,
3461 467 3759 524 subintulit

2172 571 2314 627 aliud
2345 568 2566 635 animal,
2596 568 2651 623 id
2686 575 2771 623 est
2799 579 3089 636 caprarum
3115 579 3130 630 ;
3167 562 3301 618 dicit
3331 560 3477 616 enim
3508 560 3587 616 sic
3627 576 3643 615 :
3686 558 3759 614 De

2175 664 2352 718 ovibus
2378 671 2428 717 et
2460 662 2524 716 de
2554 660 2749 731 capris.
2802 657 3019 726 Quanta
3044 663 3228 710 autem
3286 653 3431 708 inter
3457 667 3653 722 capras
3703 660 3763 706 et

2174 768 2305 809 oves
2342 750 2651 807 diﬂ‘erentia
2681 749 2773 812 sit,
2794 744 3140 819 apertissime
3171 757 3273 798 nos
3305 740 3573 795 Dominus
3598 740 3763 795 Jesus

2177 846 2383 911 docuit,
2426 845 2555 901 dum
2589 844 2659 900 de
2715 840 3194 899 consummatione
3240 837 3425 892 saeculi
3462 844 3713 899 narraret
3742 853 3760 890 :

2178 937 2272 1008 qui
2299 938 2429 993 dum
2463 951 2595 992 oves
2642 951 2672 990 a
2717 933 2930 991 dextris
2972 931 3282 995 statuisset,
3315 927 3763 984 benedictionem

2179 1032 2261 1087 eis
2280 1031 2552 1102 justorum
2578 1027 2841 1091 subdidit,
2863 1025 3047 1081 haedos
3077 1032 3258 1079 autem
3289 1037 3317 1075 a
3349 1020 3605 1081 sinistris,
3624 1034 3767 1073 con-

2182 1131 2261 1177 tra
2284 1136 2422 1192 quos
2451 1120 2782 1176 sententiam
2837 1116 2985 1172 illam
3042 1112 3348 1170 terribilem
3401 1117 3763 1180 peccatorum

2182 1212 2406 1285 protulit
2429 1212 2494 1266 ⁸⁸.
2523 1210 2677 1267 Sicut
2699 1224 2828 1281 ergo
2852 1208 2982 1263 licet
2994 1220 3108 1261 non
3136 1203 3313 1261 solum
3341 1202 3409 1257 de
3425 1201 3643 1263 ovibus,
3664 1198 3764 1253 sed

2182 1314 2238 1362 et
2276 1307 2344 1361 de
2374 1304 2556 1373 capris
2571 1300 2776 1368 oderri,
2807 1308 2864 1355 et
2890 1298 3096 1355 oblatio
3120 1295 3190 1352 de
3206 1295 3500 1367 pecoribus
3527 1292 3730 1347 dicitur
3747 1330 3768 1356 ,

2184 1400 2265 1455 sic
2293 1407 2346 1452 et
2373 1412 2499 1451 eum
2529 1395 2622 1466 qui
2649 1374 3145 1463 expeccatoribus
3203 1396 3308 1452 est,
3369 1385 3632 1457 possibile
3679 1394 3770 1440 est

2186 1488 2520 1561 simplicitati
2555 1501 2776 1558 operam
2832 1484 2984 1548 dare,
3015 1491 3072 1537 et
3099 1481 3266 1552 ‘quasi
3314 1494 3472 1535 ovem
3537 1477 3770 1543 factum,

2185 1582 2658 1639 conversationem
2679 1591 2836 1633 suam
2868 1576 2924 1630 in
2978 1575 3360 1629 holocaustum
3381 1570 3580 1625 oﬂerre
3617 1568 3732 1624 Deo
3753 1584 3773 1621 :

2187 1675 2313 1744 quia
2345 1672 2492 1728 enim
2519 1668 2655 1724 nihil
2682 1666 2908 1739 impedit
2928 1665 2996 1720 ad
3048 1660 3464 1734 adipiscendam
3494 1659 3778 1729 jusdlica-

2189 1766 2389 1817 tionem
2418 1769 2765 1831 peccatorem
2798 1755 3116 1826 quempiam
3161 1751 3353 1815 fuisse,
3380 1748 3632 1820 quamvis
3662 1749 3780 1801 hoc

2186 1853 2357 1908 Judaei
2386 1866 2495 1905 non
2520 1856 2810 1917 putarent,
2842 1847 2966 1901 audi
2989 1845 3170 1916 qualia
3200 1859 3299 1914 per
3331 1839 3632 1896 Ezechielis
3646 1854 3785 1908 pro-

2191 1943 2429 2015 phetiam
2464 1940 2616 1997 dixit.
2648 1938 2785 1994 Cum
2813 1938 2960 1993 enim
2989 1938 3042 1992 in
3063 1936 3247 1990 multis
3277 1934 3528 1988 invectus
3567 1931 3781 1985 luisset

2190 2044 2380 2093 contra
2408 2034 2691 2103 injustam,
2722 2041 2778 2085 et
2807 2030 3058 2094 dixisset,
3087 2027 3258 2082 Morte
3310 2025 3592 2087 moriatur,
3641 2038 3784 2076 san-

2193 2129 2306 2199 guis
2351 2125 2464 2195 ejus
2487 2140 2642 2193 super
2670 2123 2842 2193 ipsum
2868 2120 2965 2175 erit
2999 2159 3014 2185 ,
3072 2119 3190 2173 baac
3242 2115 3408 2172 etiam
3471 2113 3717 2170 subdidit
3765 2126 3784 2164 :

2195 2218 2346 2285 Quod
2379 2218 2422 2271 si
2448 2215 2684 2287 genuerit
2708 2213 2880 2283 [ilium
2922 2213 3050 2283 qui,
3074 2211 3254 2266 videns
3308 2210 3488 2263 omnia
3554 2216 3788 2277 peccata

2195 2309 2362 2378 patris
2401 2305 2484 2360 sui
2510 2321 2625 2376 quia
2673 2304 2817 2374 fecit,
2872 2319 2975 2356 non
3016 2300 3194 2372 fecerit
3246 2298 3418 2354 simile
3465 2298 3559 2359 eis,
3605 2310 3782 2365 super

2198 2410 2396 2456 montes
2418 2415 2521 2451 non
2548 2396 2847 2462 comederit,
2871 2404 2918 2449 et
2949 2393 3124 2448 oculos
3148 2408 3268 2446 suos
3307 2407 3410 2444 non
3425 2388 3684 2444 levaverit
3707 2387 3796 2441 ad

2199 2494 2340 2548 idola
2367 2498 2550 2545 domus
2582 2488 2772 2551 Israel,
2805 2499 2852 2542 et
2883 2503 3098 2542 uxorem
3126 2484 3355 2556 proximi
3374 2483 3457 2537 sui
3484 2498 3587 2536 non
3614 2479 3797 2534 viola-

2199 2588 2349 2650 verit,
2374 2594 2430 2640 et
2450 2584 2553 2638 alia
2580 2582 2665 2637 his
2691 2580 2909 2646 similia,
2942 2580 2996 2633 in
3017 2579 3219 2650 quibus
3251 2578 3413 2631 linem
3449 2576 3599 2630 hunc
3623 2573 3786 2628 addi-

2203 2679 2300 2746 dit,
2329 2679 2411 2732 hic
2433 2693 2535 2730 non
2555 2676 2807 2729 morietur
2838 2674 2893 2727 in
2912 2674 3192 2744 iniquitate
3216 2671 3388 2741 patris
3414 2670 3518 2733 sui,
3558 2668 3647 2722 sed
3672 2667 3791 2721 vita

2203 2772 2355 2826 vivet.
2389 2769 2454 2823 Et
2482 2769 2654 2823 dicitis
2678 2782 2698 2822 :
2718 2763 2895 2831 Quare
2920 2782 3023 2819 non
3077 2765 3311 2834 portabit
3355 2763 3497 2833 ﬁlius
3522 2760 3795 2830 iniquita-

2207 2873 2309 2919 tem
2339 2862 2508 2931 patris
2531 2859 2614 2912 "i
2675 2858 2765 2913 Sic
2779 2856 2951 2913 Judaei
2978 2870 3206 2910 necesse
3225 2868 3346 2910 esse
3384 2852 3555 2907 ﬁlium
3580 2890 3595 2916 ,
3627 2849 3797 2921 quasi

2209 2937 2691 3020 baeredi’tariojure
2711 2989 2726 3014 ,
2763 2948 2817 3002 in
2847 2947 3016 3018 patris
3046 2945 3347 3001 succedere
3377 2952 3606 3014 peccato
3636 2940 3799 2996 arbi-

2131 3057 2172 3115 c
2207 3045 2508 3101 trahantur.
2538 3042 2643 3099 Sed
2663 3057 2823 3112 quam
2846 3042 2915 3095 ob
2942 3055 3057 3094 rem
3083 3053 3212 3093 oves
3250 3048 3308 3094 et
3336 3052 3529 3107 capras
3546 3035 3611 3090 ad
3642 3034 3801 3089 latus

2211 3137 2396 3193 altaris
2446 3135 2591 3206 quod
2613 3134 2836 3205 respicit
2870 3132 2939 3187 ad
2968 3131 3303 3201 aquilonem,
3333 3144 3517 3185 coram
3552 3127 3805 3183 Domino

2212 3230 2473 3301 praecepit
2496 3227 2694 3292 occidi,
2716 3242 2841 3281 cum
2871 3239 2981 3279 non
3007 3224 3082 3278 ita
3110 3223 3178 3278 de
3205 3222 3384 3277 bobus
3410 3219 3804 3290 praecepisset,

2213 3322 2309 3378 sed
2340 3336 2525 3377 coram
2557 3318 2785 3374 Domino
2847 3317 3117 3372 sanxisset
3161 3312 3466 3369 immolari?
3524 3310 3809 3366 Videntur

2213 3413 2359 3470 enim
2385 3413 2548 3467 verba
2605 3410 2722 3481 ipsa
2758 3407 3202 3464 contrarietatem
3257 3403 3549 3474 quamdam
3590 3403 3809 3458 habere

2213 3513 2375 3575 atque
2403 3500 2768 3559 differentiam
2809 3515 2822 3552 :
2851 3498 2978 3569 quia
3022 3511 3149 3554 cum
3184 3494 3255 3549 sit
3286 3494 3612 3549 sacriﬁcium
3635 3493 3812 3548 holo-

2215 3597 2539 3652 cautomatis
2559 3601 2871 3661 utrumque,
2903 3589 3213 3644 diﬂerentia
3242 3587 3329 3643 his
3360 3585 3809 3642 distribuitloca.

2214 3686 2334 3741 Non
2360 3693 2443 3740 est
2467 3699 2596 3754 ergo
2647 3679 3005 3753 ignorandum
3030 3677 3181 3748 quia,
3211 3683 3481 3747 quantum
3510 3674 3578 3729 ad
3596 3689 3810 3744 super-

2216 3775 2393 3832 ﬂciem
2419 3774 2638 3851 litterae,
2670 3758 2927 3827 cumdem
2975 3770 3031 3823 in
3087 3769 3336 3838 utrisque
3356 3767 3537 3822 locum
3574 3765 3812 3837 legisla-

2218 3878 2303 3925 tor
2342 3865 2680 3938 signiﬁcavit.
2738 3863 3254 3917 Holocautomatum
3282 3860 3431 3915 enim
3452 3859 3646 3922 altare,
3667 3869 3814 3914 ante

2218 3956 2628 4014 tabernaculum
2651 3954 3009 4011 constitutum
3067 3967 3130 4007 ex
3165 3953 3335 4007 latere
3374 3958 3492 4007 erat
3513 3952 3726 4019 januae.
3754 3960 3819 4006 ut

2219 4066 2330 4107 non
2359 4057 2668 4104 sanctorum
2710 4044 3148 4101 ministrantibus
3183 4044 3565 4098 obstrueretur
3623 4041 3816 4096 intro-

2222 4143 2351 4208 itus,
2385 4140 2529 4194 sicut
2557 4138 2613 4193 in
2638 4137 2826 4193 Exodo
2849 4137 2918 4193 de
2952 4136 3148 4192 eodem
3169 4135 3370 4190 dicitur
3402 4134 3503 4189 :Et
3550 4135 3817 4203 imposuit

2219 4230 2591 4300 velumjonuaa
2623 4226 2951 4283 tabernaculi
2987 4225 3293 4287 testimonii,
3348 4234 3397 4279 et
3444 4240 3600 4278 aram
3656 4196 3852 4300 Ιιοιο-ξι

2223 4268 2589 4300 “murum...
2623 4268 2951 4283 unum-.."
2987 4268 3293 4287 ..-.....-....,
3348 4268 3396 4279 --
3445 4268 3599 4278 ..,....-
3656 4268 3788 4277 η---
3844 4270 3852 4294 ι

2222 4331 2583 4380 cautomatum
2632 4320 2806 4391 posuit
2833 4319 2975 4372 circa
3022 4317 3217 4371 ostium
3259 4314 3593 4370 tabernaculi
3658 4268 3853 4405 testi-l2:

2451 4453 2464 4466 .
2486 4410 2839 4480 Quaecunque
2867 4422 2995 4476 ergo
3025 4407 3094 4462 ad
3123 4404 3453 4462 sacriﬁcium
3495 4385 3854 4480 otl‘crehan-t"

2217 4515 2330 4571 tur,
2356 4519 2421 4560 ex
2448 4504 2622 4558 latere
2643 4468 2830 4557 altaris
2860 4501 2929 4557 ab
2955 4500 3222 4571 aquilone
3248 4501 3490 4565 stabant,
3523 4508 3579 4554 et
3611 4498 3691 4554 sic
3730 4468 3843 4555 eo).

2219 4613 2333 4653 ram
2369 4595 2600 4651 Domino
2632 4593 2962 4650 sacriﬁcium
2983 4593 3388 4655 celebrabatur,
3430 4592 3485 4647 id
3505 4601 3588 4647 est
3611 4591 3824 4647 incon-

2222 4694 2414 4759 spcctu
2441 4694 2756 4741 sanctorum
2793 4703 2807 4739 :
2855 4683 3062 4740 faciem
3100 4685 3249 4739 enim
3296 4682 3513 4738 Domini
3572 4684 3824 4753 appellat

2224 4776 2421 4833 Sancta
2445 4785 2779 4843 sanctorum,
2804 4776 2931 4846 quia
2953 4777 3009 4831 in
3031 4775 3166 4847 ipsis
3189 4775 3283 4829 Dei
3321 4774 3599 4830 habitabat
3617 4773 3825 4845 gloria.

2224 4868 2379 4926 Unde
2404 4884 2508 4924 nec
2533 4868 2851 4939 frequenter
2878 4868 2936 4923 in
2989 4869 3111 4939 ipsa
3168 4868 3379 4923 intrare
3437 4867 3815 4933 sacerdotem,

2224 4959 2330 5015 nisi
2360 4958 2529 5015 semel
2557 4959 2615 5014 in
2645 4975 2792 5015 anno
2819 4958 3065 5031 iubebat.
3088 4958 3182 5015 llis
3230 4973 3362 5031 ergo
3393 4958 3470 5013 ita
3502 4974 3562 5014 se
3598 4958 3820 5013 haben-

2228 5051 2393 5117 tibus,
2426 5050 2793 5107 ditl'erentiam
2837 5051 2946 5108 dici
2972 5052 3291 5118 verborum,
3333 5051 3479 5106 sicut
3500 5050 3818 5108 necessaria

2228 5143 2674 5214 contemplationi
2702 5152 2841 5209 erat,
2870 5145 3132 5214 oportuit.
3155 5143 3294 5210 Quia
3309 5144 3458 5199 enim
3484 5145 3654 5199 altare
3669 5143 3820 5198 dixi-

2231 5251 2353 5291 mus
2377 5250 2497 5290 esse
2517 5234 2820 5301 Christum,
2848 5236 3035 5291 ovium
3056 5246 3238 5292 autem
3262 5237 3588 5293 sacriﬁcium
3607 5235 3820 5306 simpli.

2236 5325 2453 5380 citatem
2484 5325 2841 5392 studentium,
2866 5342 2977 5382 non
2998 5328 3247 5384 absolute
3262 5337 3446 5383 autem
3468 5328 3630 5383 etiam
3647 5312 3818 5397 justi-

2239 5419 2366 5473 tiam
2383 5412 2746 5488 operantium,
2760 5435 2870 5475 non
2884 5420 2940 5475 in
2952 5421 3219 5477 directum
3242 5421 3594 5494 intelligibilis
3608 5420 3712 5474 alta
3720 5418 3818 5483 ris,

2236 5510 2332 5566 sed
2360 5526 2425 5565 ex
2457 5510 2629 5566 latere
2656 5511 2906 5567 oli‘ertur.
2937 5513 2997 5567 In
3044 5513 3314 5569 directum
3356 5521 3442 5568 est
3472 5511 3636 5578 enim,
3683 5509 3820 5579 quia

2499 5634 2540 5667 ‘7
2565 5631 2765 5689 Jerem.
2797 5648 2875 5701 χι,
2908 5630 2993 5688 l9.
3075 5630 3119 5665 ⁸⁸
3150 5629 3340 5686 Matth.
3374 5646 3501 5695 xxv,
3536 5629 3605 5684 35
3653 5634 3817 5696 seqq.
