4076 6188
311 259 408 330 801

1459 258 1540 320 ΙΝ
1579 259 2015 330 LEVITICUM.
2056 283 2123 294 -
2157 261 2302 318 LIB.
2346 260 2392 319 Ι.

3456 266 3563 332 802

309 373 564 429 mandata
613 371 844 442 perficit.
880 370 955 426 Ex
1014 369 1181 424 latere
1225 379 1430 434 autem,
1463 370 1590 440 quia
1646 385 1676 423 a
1735 367 1889 422 malis
1918 373 1958 426 Α
1991 366 2173 419 autde
2204 368 2472 422 columbis
2529 369 2721 425 offerat
2770 386 2971 426 munus
3027 387 3206 440 suum,
3257 373 3311 428 id
3366 385 3470 442 est,
3501 379 3559 432 in

309 467 568 522 abstinet.
595 463 811 530 Quare?
846 464 972 534 quia
1001 464 1141 518 sicut
1177 466 1228 517 in
1262 464 1463 526 aulam,
1485 463 1633 516 verbi
1689 463 1882 533 gratia,

309 557 514 627 regiam
551 556 748 610 melius
777 564 862 610 est
889 555 1109 624 quidem
1170 570 1271 622 per
1294 555 1494 608 ostium
1541 561 1748 607 rectum
1799 551 1886 605 in-

308 647 635 718 grcdi,cum
667 655 848 700 autem
872 647 976 700 hoc
1018 660 1126 698 non
1181 652 1264 697 est
1324 643 1504 705 facile,
1558 642 1760 696 bonum
1817 640 1887 696 sit

309 737 472 792 etiam
505 753 601 807 per
631 738 762 792 illud
789 737 933 805 quod
966 751 1032 789 ex
1063 735 1232 790 latere
1263 745 1346 789 est
1377 735 1602 788 introire
1631 752 1643 786 :
1677 733 1755 787 sic
1769 747 1886 787 me-

309 829 417 884 lius
439 841 521 884 est
552 830 664 884 Deo
691 830 909 899 quidem
943 844 1040 898 per
1090 826 1464 881 mandatorum
1493 826 1676 880 oﬂ‘erri
1706 827 1887 894 perfe-

309 921 794 984 ctionem,bouum
813 929 899 974 est
930 927 1113 973 tamen
1159 927 1214 972 et
1247 918 1294 972 si
1354 933 1453 987 per
1503 917 1770 970 malorum
1827 932 1886 972 se

312 1013 434 1082 quis
462 1014 657 1068 offerat
683 1013 1091 1077 abstinentiam,
1137 1012 1244 1065 Deo
1303 1011 1506 1080 quippe
1550 1010 1712 1063 modo
1747 1025 1882 1079 quo-

314 1102 448 1158 libet
479 1104 662 1158 ofi‘erri
694 1104 902 1158 bonum
924 1112 1029 1156 est.
1061 1102 1140 1155 Ad
1179 1103 1323 1155 latus
1354 1111 1537 1155 autem
1577 1101 1764 1154 altaris
1819 1099 1886 1154 ad

313 1196 624 1264 aquilonem
656 1195 970 1251 necessario
1000 1195 1238 1260 addidit;
1288 1195 1552 1249 nebulosa
1569 1194 1714 1248 enim
1749 1207 1887 1262 pene

316 1300 534 1354 semper
558 1289 675 1340 haec
695 1301 820 1356 pars
849 1295 934 1340 est
963 1304 977 1340 :
1004 1286 1322 1340 obtinentur
1365 1285 1633 1355 siquidem
1667 1285 1883 1350 nebula,

282 1364 290 1382 ’
317 1375 373 1430 id
397 1386 482 1430 est
514 1377 848 1447 ignorantia,
884 1376 940 1430 hi
969 1378 1060 1444 qui
1092 1392 1157 1430 ex
1186 1385 1298 1430 toto
1333 1392 1393 1431 se
1432 1376 1755 1432 innocentiae
1781 1385 1890 1430 tra-

252 1449 274 1469 “
313 1465 476 1527 dunt,
501 1473 789 1534 propterea
816 1473 871 1520 et
889 1464 1264 1520 holocaustum
1324 1465 1544 1532 dicitur,
1572 1467 1736 1520 etiam
1770 1467 1890 1522 sine

312 1555 631 1623 operatione
655 1555 898 1623 justitiaz.

385 1645 548 1700 Vens.
589 1648 777 1701 14-17.
811 1664 830 1697 ι
893 1644 950 1700 Si
979 1655 1161 1700 autem
1217 1647 1285 1701 de
1348 1649 1540 1703 avibus
1584 1649 1884 1704 bolocausti

309 1738 514 1794 oblatio
535 1738 700 1792 fuerit
737 1737 988 1802 Domino,
1030 1738 1097 1792 de
1129 1739 1437 1794 turturibus
1493 1748 1548 1794 et
1581 1741 1744 1810 pullis
1801 1757 1891 1796 co-—
1917 1717 1959 1771 Β

308 1829 528 1896 lumbze,
547 1829 742 1886 on‘eret
763 1844 882 1884 eam
911 1829 1168 1885 sacerdos
1196 1831 1264 1884 ad
1299 1831 1488 1896 altare,
1510 1840 1563 1886 et
1592 1842 1797 1888 retorto
1816 1834 1884 1888 ad

309 1919 509 1974 collum
531 1921 731 1990 capite,
766 1936 832 1975 ac
862 1931 1024 1990 rupto
1045 1921 1289 1976 vulneris
1324 1923 1468 1978 loco.
1491 1923 1784 1979 decurrere
1807 1924 1886 1978 fa-

309 2013 419 2066 ciet
437 2013 758 2083 sanguinem
783 2027 950 2082 super
979 2013 1314 2082 crepidinem
1332 2015 1540 2069 altaris.
1577 2014 1882 2072 Vesiculam

307 2115 441 2157 vero
461 2103 696 2172 gutturis
725 2111 782 2156 et
810 2103 1024 2171 plumas
1061 2105 1313 2172 projiciet
1341 2115 1562 2175 propter
1594 2107 1765 2160 altare
1815 2108 1883 2162 ad

308 2193 629 2248 orientalem
663 2194 876 2265 plagam
899 2234 916 2260 ,
955 2195 1009 2248 in
1067 2195 1188 2250 loco
1219 2195 1272 2248 in
1294 2211 1403 2264 quo
1435 2196 1649 2252 cineres
1679 2196 1882 2252 effundi

307 2285 510 2350 solent,
540 2285 953 2356 coniringetque
980 2287 1207 2341 ascellas
1256 2289 1397 2356 ejus,
1428 2296 1483 2341 et
1511 2302 1622 2340 non
1652 2289 1879 2354 secabit,

305 2390 413 2431 nec
435 2375 580 2430 ferro
609 2376 814 2430 dividet
829 2392 984 2436 eam:
1015 2386 1071 2432 et
1097 2379 1510 2449 adolebitsuper
1538 2380 1707 2434 altare
1725 2381 1884 2452 lignis

308 2463 433 2534 igne
460 2465 756 2533 suppositis
790 2484 806 2523 :
838 2466 1215 2524 holocaustum
1235 2477 1320 2524 est
1351 2479 1407 2524 et
1436 2470 1640 2525 oblatio
1662 2472 1878 2527 suavis-

307 2552 434 2606 simi
457 2551 643 2607 odoris
673 2551 926 2608 Domino.
963 2573 983 2607 ι

375 2642 729 2699 Admirabilis
763 2655 846 2700 est
867 2645 1114 2717 legalium
1151 2648 1439 2703 verborum
1458 2648 1748 2716 subtilitas,
1768 2664 1878 2704 non

304 2732 483 2788 solum
510 2734 636 2803 quia
673 2735 1014 2791 dill'erentias
1065 2741 1537 2794 conversationum
1600 2741 1875 2807 describit,

305 2823 401 2878 sed
424 2823 588 2878 etiam
619 2827 1076 2894 quemadmodum
1129 2831 1390 2898 quasdam
1429 2833 1878 2888 conversationes

305 2905 605 2970 Secundum
638 2916 834 2986 legem,
856 2920 1119 2987 quasdam
1148 2935 1274 2974 vero
1287 2937 1451 2991 super
1479 2923 1674 2993 legem,
1705 2924 1876 2995 signi-

305 3005 450 3061 ﬁcet.
486 3006 796 3062 Secundum
821 3009 992 3080 legem
1027 3011 1172 3065 enim
1213 3020 1341 3066 sunt
1374 3014 1539 3068 boum
1580 3023 1635 3069 et
1667 3016 1874 3081 ovium,
1906 3061 1949 3116 ο

305 3097 432 3152 licet
456 3107 771 3168 spontaneis
793 3101 1068 3156 dicuntur.
1115 3100 1428 3158 Secundum
1456 3105 1630 3176 legem
1666 3105 1878 3175 quare?

304 3187 442 3254 Quia
472 3189 574 3243 etsi
607 3188 806 3244 offerre
869 3205 1070 3245 munus
1102 3193 1157 3245 in
1204 3202 1530 3262 potestatem
1590 3194 1875 3250 offerentis

303 3278 475 3344 dedit,
502 3279 668 3334 nimis
688 3288 854 3343 recte,
879 3280 1033 3335 liberi
1060 3281 1262 3352 quippe
1289 3283 1498 3338 arbitrii
1529 3285 1673 3339 Deus
1695 3285 1876 3340 homi-

302 3382 430 3422 nem
461 3370 766 3434 constituit,
789 3379 969 3424 tamen
1009 3371 1166 3439 quale
1192 3371 1475 3436 oﬂeratur,
1499 3388 1611 3428 non
1646 3375 1760 3444 jam
1781 3389 1877 3428 vo-

302 3460 532 3515 luntatis
561 3471 666 3526 est,
686 3477 757 3516 ne
784 3461 924 3515 forte
951 3463 1091 3516 mala
1143 3463 1479 3520 offerantur:
1507 3481 1736 3522 necesse
1791 3478 1877 3523 est

301 3567 432 3621 ergo
454 3560 547 3604 aut
568 3553 760 3606 bovem
782 3552 968 3606 oll‘erri
997 3562 1092 3606 aut
1119 3568 1302 3622 ovem,
1327 3555 1378 3610 id
1402 3567 1509 3621 est,
1539 3567 1634 3612 aut
1658 3560 1874 3627 operari

295 3642 590 3710 justitiam,
608 3651 703 3697 aut
740 3659 771 3698 a
802 3645 958 3698 malis
985 3645 1280 3700 abstinere.
1305 3646 1450 3702 Dixit
1475 3649 1620 3703 enim
1646 3649 1700 3703 in
1718 3650 1875 3706 initio

299 3732 426 3788 libri
451 3748 464 3786 :
501 3733 683 3788 .Homo
716 3735 806 3804 qui
835 3735 1078 3789 obtulerit
1107 3751 1172 3789 ea:
1197 3737 1337 3790 vobis
1359 3737 1588 3792 hostiam
1625 3740 1870 3807 Domino,

299 3823 366 3878 de
391 3824 680 3890 pecoribus,
713 3824 768 3876 id
791 3834 866 3877 est
897 3825 959 3878 de
975 3825 1130 3879 bobus
1152 3833 1202 3880 et
1224 3828 1401 3882 ovibus
1424 3829 1868 3898 oﬂ'eretvictimas.

299 3913 361 3967 In
387 3913 491 3966 hac
518 3921 700 3966 autem
719 3913 994 3970 oblatione
1027 3931 1137 3970 non
1170 3916 1264 3982 ita,
1300 3919 1572 3987 prmdicta:
1605 3921 1870 3991 siquidem

298 4003 562 4059 oblationi
589 4004 898 4061 dilIerentia
919 4007 1220 4064 volatilium
1253 4024 1362 4065 non
1399 4021 1484 4066 est
1508 4027 1872 4072 connumera-

299 4103 376 4160 ta,
413 4103 473 4150 ut
495 4095 749 4152 videlicet
774 4098 1064 4168 perfectior
1128 4111 1185 4158 et
1234 4104 1429 4173 major,
1461 4107 1868 4180 multorumque

300 4185 712 4255 transgrediens
730 4188 1168 4256 possibilitatem.
1223 4191 1472 4252 Volatilia
1493 4199 1662 4263 enim,
1687 4200 1869 4257 homi-

295 4292 394 4332 nes
414 4287 542 4332 sunt
576 4279 1024 4349 contemplationi
1081 4296 1355 4349 vacantes,
1387 4292 1618 4346 terrenis
1641 4295 1867 4350 omnino

1986 458 2216 512 scientia
2247 463 2738 517 etmansuetudine
2785 463 3036 532 spiritali,
3077 465 3178 519 hac
3225 464 3371 520 enim
3422 483 3564 538 opus

1987 547 2176 614 habet,
2208 558 2397 605 utnon
2425 553 2651 606 excedat
2704 553 2838 624 legis
2895 555 3256 626 consideratio
3310 555 3362 608 in
3411 557 3564 610 vanis

1985 652 2273 710 occupata.
2301 643 2418 698 Non
2445 645 2643 700 frustra
2699 655 2878 700 autem
2935 656 3199 701 turturem
3256 657 3312 702 et
3353 649 3556 704 colum.

1986 730 2136 797 bam,
2161 734 2256 787 sed
2281 735 2350 789 ad
2373 735 2825 805 significationem
2873 737 3252 806 przedietorum
3288 739 3563 807 legislator

1987 825 2324 894 assumpsit;
2360 836 2539 880 turtur
2575 828 2842 896 siquidem
2863 870 2876 888 ,
2913 828 3037 897 quia
3067 827 3431 897 c0gnitionem
3460 830 3562 882 ha-

1985 914 2100 980 bet,
2133 915 2206 969 ita
2241 925 2298 969 ut
2327 916 2446 984 ejus
2478 917 2748 986 exemplo,
2781 918 3091 972 Judazorum
3140 918 3564 988 exprobraretur

1985 1011 2240 1077 populus,
2295 1009 2562 1065 Jeremias
2632 1012 2868 1081 prohat;
2919 1014 2995 1066 ait
3043 1029 3188 1068 enim
3223 1031 3238 1068 :
3278 1013 3471 1066 Turtur
3514 1023 3563 1067 et

1985 1097 2214 1151 hirundo
2238 1109 2285 1152 et
2315 1100 2514 1152 ciconia
2547 1104 2902 1155 custodierunt
2937 1115 3138 1174 tempus
3171 1105 3421 1157 adventus
3448 1105 3565 1164 sui;

1987 1195 2210 1265 papulas
2238 1205 2415 1249 autem
2436 1211 2579 1250 meus
2603 1211 2704 1247 non
2735 1196 2968 1264 cognovit
2987 1195 3250 1263 judicium
3273 1196 3561 1248 Domini".

1988 1285 2250 1340 Columba
2281 1294 2464 1340 autem
2497 1287 2698 1340 munda
2717 1295 2772 1340 et
2804 1286 3054 1359 simplex,
3085 1286 3564 1354 annuntiatrixque

1987 1377 2293 1446 praesentiae
2323 1378 2494 1431 sancti
2523 1377 2760 1447 Spiritus
2776 1385 2880 1441 est,
2937 1377 3125 1446 quales
3180 1386 3397 1446 Oportet
3437 1391 3566 1432 esse

1989 1471 2190 1537 eosqui
2226 1469 2367 1523 circa
2403 1470 2851 1538 contemplandas
2874 1468 3184 1538 Scripturas
3218 1469 3419 1522 habent
3447 1479 3566 1523 stu-

1988 1557 2160 1611 dium.
2199 1558 2425 1628 Propter
2459 1560 2601 1628 quod
2623 1568 2677 1613 et
2705 1559 2978 1628 apostolos
3014 1559 3288 1628 simplices
3319 1559 3563 1614 vnllesse

1990 1648 2274 1713 Dominus,
2303 1659 2363 1704 ut
2405 1651 2748 1716 columbam;
2788 1649 2863 1702 ait
2914 1650 3058 1704 enim
3097 1667 3110 1703 :
3154 1649 3305 1702 Beati
3368 1651 3565 1704 mundo

1991 1739 2165 1804 corde,
2201 1740 2325 1808 quia
2370 1740 2470 1810 ipsi
2537 1740 2819 1794 Dominum
2877 1740 3118 1793 videbunt
3147 1741 3213 1793 ".
3274 1739 3380 1794 Sed
3409 1750 3465 1794 et
3494 1741 3564 1796 ad

1991 1829 2358 1884 meditandum
2387 1845 2578 1885 vacare
2603 1830 2824 1895 debent,
2848 1831 2989 1884 unde
3015 1828 3272 1884 Ezechias
3303 1828 3378 1884 ait
3412 1827 3563 1882 :Me-

1989 1919 2200 1974 ditabor
2227 1930 2282 1974 ut
2315 1922 2551 1975 columba
2579 1924 2643 1976 ⁵⁷.
2684 1921 2832 1976 Hanc
2853 1922 3182 1976 oblationem
3217 1937 3358 1976 unus
3383 1936 3564 1976 sacer-

1989 2010 2089 2064 dos
2116 2011 2330 2074 oﬂ‘eret,
2357 2029 2467 2067 non
2497 2014 2650 2067 multi
2671 2031 2688 2080 ;
2708 2029 2816 2067 non
2833 2014 3129 2083 estquippe
3145 2013 3562 2082 contemplativa

1989 2101 2101 2157 vita
2142 2102 2521 2171 plurimorum,
2557 2104 2608 2160 id
2629 2114 2732 2170 est,
2765 2113 2824 2158 ut
2857 2120 2923 2159 ex
2947 2114 3056 2159 tota
3095 2119 3154 2158 se
3210 2114 3393 2160 mente
3423 2104 3560 2160 olle-

1989 2201 2116 2245 raut
2140 2191 2274 2257 Deo,
2309 2194 2557 2264 nihilque
2589 2196 2885 2250 humanum
2911 2195 3142 2250 ulterius
3167 2196 3426 2266 cogitent,
3461 2196 3559 2250 sed

1990 2285 2248 2340 continue
2269 2301 2370 2340 con
2381 2287 2709 2356 templentur
2736 2288 2997 2354 caelestia,
3029 2298 3084 2342 et
3112 2302 3175 2341 ea
3200 2303 3320 2356 quae
3340 2303 3557 2363 sursum

1989 2382 2137 2440 sunt,
2171 2375 2404 2445 sapiant,
2439 2377 2527 2430 ubi
2562 2376 2801 2431 Christus
2849 2386 2946 2442 est,
2983 2377 3214 2431 sicutait
3243 2375 3556 2446 Apostolus,

1986 2460 2042 2512 in
2061 2469 2273 2516 dextera
2303 2463 2402 2518 Dei
2431 2465 2611 2519 sedens
2637 2464 2702 2531 ⁸⁸,
2729 2465 2980 2520 videlicet
2999 2465 3209 2532 Patris;
3236 2465 3360 2534 quia
3374 2475 3557 2520 autem

1987 2552 2092 2607 hoc
2129 2554 2293 2609 nimis
2315 2571 2501 2610 rarum
2525 2566 2628 2621 est,
2665 2557 2782 2626 ipse
2813 2557 3076 2612 Dominus
3111 2557 3179 2612 de
3212 2558 3408 2612 talibus
3429 2572 3560 2628 pro-

1985 2644 2165 2713 pheta:
2196 2645 2464 2701 Ezechieli
2490 2647 2716 2718 loquens
2755 2649 3006 2704 edocuit:
3057 2648 3312 2704 Scrutare
3335 2648 3560 2704 Jerusa-

1986 2735 2106 2800 lem,
2137 2745 2185 2788 et
2215 2737 2329 2790 vide
2358 2739 2440 2791 :si
2467 2739 2724 2792 inveneris
2750 2741 2917 2793 virum
2937 2741 2991 2792 in
3023 2756 3084 2792 ea
3109 2739 3318 2793 omnino
3332 2747 3562 2794 stantem

1984 2837 2107 2883 ante
2135 2830 2322 2900 faciem
2344 2846 2536 2897 meam,
2559 2831 2853 2900 propitiam
2882 2832 3203 2900 propitiabor
3225 2832 3273 2885 ei
3296 2831 3361 2885 δ’.
3393 2830 3557 2902 Atqui

1983 2927 2141 2973 erant
2171 2918 2264 2972 filii
2293 2917 2538 2973 Jonadab
2588 2933 2690 2973 nec
2714 2917 2900 2973 vinum
2931 2919 3200 2982 bibentes,
3233 2932 3336 2973 nec
3361 2916 3558 2971 domus

1985 3010 2271 3074 habentes,
2305 3025 2408 3065 nec
2436 3025 2596 3079 agros
2630 3009 2958 3079 plantantes.
3001 3009 3112 3065 Sed
3154 3009 3402 3064 absolute
3453 3009 3558 3064 ali-

1983 3103 2116 3173 quid
2137 3085 2423 3157 sublimius
2447 3102 2660 3172 qumrit,
2695 3101 2840 3156 unde
2889 3102 2980 3156 alii
3024 3103 3091 3156 ad
3145 3102 3557 3158 tabernaculum

1986 3193 2282 3249 testimonii
2299 3193 2629 3248 oblationem
2659 3191 2928 3258 olferunt;
2949 3194 3065 3248 haec
3087 3202 3267 3247 autem
3299 3192 3367 3247 ad
3387 3193 3559 3248 altare

1983 3284 2230 3349 oﬂ'ertur,
2265 3284 2422 3354 cujus
2452 3285 2562 3340 vim
2592 3284 2647 3338 in
2697 3284 3136 3354 praecedentibus
3191 3284 3449 3350 didicisti,
3503 3285 3558 3341 id

1983 3386 2066 3431 est
2096 3377 2223 3446 quia
2256 3377 2600 3432 Dominicum
2648 3373 2930 3447 significet‘
2959 3392 3176 3447 corpus.
3231 3377 3341 3433 Sed
3369 3377 3558 3433 videa-

1984 3485 2104 3528 mus
2129 3485 2248 3538 qua:
2280 3469 2366 3524 his
2399 3471 2780 3538 subjiciantur.

2052 3561 2123 3615 Et
2141 3570 2335 3614 retorto
2365 3562 2435 3615 ad
2461 3562 2650 3615 collum
2677 3561 2869 3630 capite,
2916 3578 2980 3615 ac
3005 3571 3157 3632 rupto
3173 3563 3399 3618 uulneris
3416 3564 3550 3621 loco.

1987 3649 2324 3720 Abrumpens
2353 3651 2604 3705 videlicet
2631 3666 2662 3704 a
2694 3651 2833 3720 pelle
2887 3666 3007 3719 quae
3045 3653 3352 3722 superjacet
3391 3655 3552 3718 collo,

1980 3751 2088 3799 non
2123 3740 2278 3794 valde
2301 3740 2444 3794 illam
2467 3757 2728 3810 separans
2758 3756 2789 3795 a
2828 3756 3077 3811 corpore,
3111 3751 3172 3797 ut
3192 3758 3294 3798 nec
3314 3744 3551 3815 dissipa-

1982 3837 2064 3883 ret
2085 3827 2238 3894 illud,
2261 3843 2364 3884 nec
2386 3844 2454 3883 eo
2493 3845 2680 3886 rursus
2722 3830 3070 3902 astringatur,
3099 3833 3242 3901 quod
3277 3833 3552 3904 signiﬁca-

1978 3929 2067 3975 tur
2085 3921 2320 3991 abrupto
2344 3921 2585 3977 vulneris
2611 3922 2750 3989 loco,
2774 3923 2881 3987 vel,
2912 3923 3055 3978 sicut
3079 3923 3222 3981 LXX
3247 3925 3439 3992 edunt,
3463 3943 3551 3982 re-

1977 4008 2242 4066 fractione
2269 4013 2482 4084 capitis.
2509 4015 2712 4070 Eodem
2745 4015 2946 4086 quippe
2961 4030 3214 4072 sermone
3251 4027 3305 4072 et
3329 4017 3549 4076 Samuel

1975 4099 2042 4155 ad
2069 4100 2286 4156 Saulem
2310 4118 2442 4156 usus
2464 4112 2568 4167 est,
2618 4105 2838 4173 quando
2894 4106 2946 4160 ei
2972 4120 3183 4161 armum
3214 4107 3371 4174 dans,
3402 4110 3546 4165 idem

1973 4192 2272 4248 secundum
2303 4193 2445 4248 LXX
2465 4194 2600 4249 dixit
2630 4213 2642 4248 :
2669 4195 2911 4264 Comede,
2956 4200 3079 4268 quia
3109 4199 3166 4252 in
3195 4201 3547 4256 testimonium

1973 4303 2006 4339 a
2032 4285 2224 4354 populo
2250 4286 2476 4354 positum
2506 4296 2581 4340 est
2603 4289 2695 4342 tibi
2718 4289 2784 4342 ⁸ο.
2820 4288 3088 4360 Refringe,
3117 4290 3170 4346 id
3197 4299 3283 4346 est
3302 4308 3400 4362 per
3418 4309 3546 4364 par-

294 4383 354 4421 se
385 4382 495 4422 non
523 4369 819 4425 miscentes
841 4373 1074 4442 negotiis
1103 4393 1115 4428 :
1147 4379 1290 4445 quod
1307 4387 1360 4433 et
1385 4380 1430 4434 si
1460 4381 1599 4438 forte
1623 4387 1866 4441 necessi-
1898 4413 1943 4468 Β
1973 4387 2055 4434 tes
2085 4378 2394 4434 comminue
2426 4389 2480 4434 et
2501 4395 2784 4436 consume.
2813 4382 2880 4437 Et
2907 4383 3029 4438 ideo
3059 4384 3222 4441 etiam
3257 4401 3405 4442 nunc
3431 4403 3543 4442 non

295 4467 378 4512 tas
405 4460 666 4530 exegerit,
685 4476 812 4514 mox
838 4464 1080 4519 revolant
1100 4467 1167 4521 ad
1195 4469 1467 4537 sublimia,
1512 4483 1568 4528 et
1594 4476 1686 4531 illo
1705 4495 1874 4536 evan-

295 4547 468 4614 gelico
520 4549 780 4617 juvantur
841 4553 1169 4619 testimonio,
1235 4561 1379 4628 quod
1417 4562 1703 4622 Dominus
1744 4572 1868 4626 ait:

295 4634 636 4703 Considerate
661 4641 901 4697 volatilia
939 4645 1072 4709 caeli,
1101 4647 1224 4716 quia
1275 4667 1377 4704 non
1402 4655 1663 4711 seminam
1707 4677 1871 4733 neque

295 4736 516 4792 metunt,
559 4737 608 4782 et
630 4729 791 4784 Pater
821 4743 990 4800 vester
1012 4735 1231 4791 celestis
1253 4752 1427 4807 pascet
1459 4744 1553 4797 illa
1591 4749 1729 4804 ⁸¹·⁸².
1783 4729 1868 4808 De

291 4820 496 4874 eisdem
533 4821 794 4876 Dominus
817 4824 1070 4880 dicebat:
1117 4827 1302 4885 Simile
1330 4843 1406 4886 est
1455 4853 1672 4906 regnum
1710 4845 1866 4898 caelo-

289 4926 408 4964 rum
429 4928 598 4980 grano
630 4914 853 4983 sinapis,
879 4917 1019 4986 quod
1070 4935 1188 4973 cum
1232 4924 1546 4992 seminatur,
1590 4932 1764 4987 minus
1792 4945 1864 4988 est

289 5001 526 5057 omnibus
577 5005 848 5072 oleribus;
910 5024 1027 5060 cum
1068 5023 1248 5064 autem
1275 5017 1509 5081 creverit,
1571 5020 1660 5087 ﬁet
1709 5025 1867 5078 arbor

287 5094 483 5165 major,
497 5099 572 5151 ita
600 5108 656 5151 ut
685 5099 916 5153 volucres
948 5103 1063 5156 caeli
1085 5105 1345 5159 venientes
1362 5107 1595 5162 habitent
1619 5112 1672 5163 in
1701 5116 1865 5168 ramis

287 5184 403 5252 ejus
432 5187 495 5239 ⁵³.
520 5187 974 5258 Contemplationi
1001 5207 1129 5262 ergo
1179 5209 1400 5260 vacans,
1429 5205 1486 5250 et
1523 5198 1578 5252 in
1614 5203 1864 5270 superim-

287 5289 407 5327 rum
437 5277 932 5334 considerationem
1005 5281 1284 5350 perfectus
1318 5285 1479 5340 homo
1511 5303 1524 5338 :
1555 5289 1658 5345 hoc
1712 5295 1860 5349 enim

285 5378 407 5431 quae
430 5365 686 5433 praedicta
714 5369 1187 5436 suntdocuerunt,
1248 5373 1294 5426 si
1357 5381 1856 5448 conversationem,

220 5494 224 5497 .
282 5451 401 5505 sive
440 5452 602 5506 vitam
620 5469 770 5508 suam
806 5457 1138 5513 oblationem
1169 5460 1382 5528 oll'eret,
1418 5463 1484 5518 de
1535 5471 1855 5535 turturibus,

353 5584 474 5661 ff”
516 5585 710 5661 Matth.
737 5603 814 5652 vi,
847 5588 942 5661 276.
1014 5591 1060 5623 ⁸⁸
1088 5591 1279 5647 Matth.
1325 5610 1444 5660 xm,
1472 5598 1566 5661 5i,
1610 5602 1698 5657 52.

281 5652 327 5684 ⁵⁸
347 5653 554 5712 Coloss.
583 5672 662 5721 ιιι,
698 5659 743 5711 l.
847 5659 892 5690 ⁸⁹
927 5660 1056 5728 lmo,
1086 5661 1290 5719 Jerem.
1321 5681 1373 5731 v,
1402 5652 1452 5719 ιζ

1810 5604 1855 5636 ⁸⁵
1880 5606 2080 5663 Jerem.
2117 5626 2234 5677 rm,
2264 5614 2314 5666 7.

1555 5673 1649 5759 ".l
1675 5673 1808 5745 ἦρε.
1848 5692 1922 5744 1x,
1953 5679 2042 5732 24.

1972 4478 2033 4524 ut
2060 4471 2341 4526 occidatur
2362 4473 2500 4536 avis,
2532 4474 2629 4535 sui
2656 4486 2714 4527 ut
2774 4476 3134 4546 abrumpatur
3161 4479 3244 4535 vel
3276 4480 3541 4555 refringa-

1971 4570 2059 4614 tur
2082 4561 2355 4630 legislator
2374 4563 2555 4632 jussit,
2582 4565 2878 4621 ostendens
2939 4569 3212 4636 quomodo
3241 4585 3339 4640 per
3362 4582 3543 4642 partes

1969 4661 2023 4707 et
2052 4654 2248 4708 leniter
2276 4671 2464 4710 verum
2499 4666 2681 4727 caput,
2729 4658 2780 4712 id
2828 4667 2913 4713 est
2965 4669 3202 4716 mentem
3255 4663 3461 4719 dividat
3508 4680 3539 4720 a

1967 4747 2127 4814 pelle,
2151 4747 2204 4801 id
2236 4756 2336 4810 est,
2362 4764 2390 4801 a
2418 4765 2612 4816 carne;
2633 4751 2778 4805 unde
2805 4767 2904 4806 nec
2937 4752 3170 4808 effundit
3194 4757 3538 4828 sanguinem,

1965 4836 2061 4890 sed
2085 4837 2378 4894 decurrere
2399 4840 2581 4906 faciet,
2606 4843 2691 4896 vel
2719 4845 3018 4900 secundum
3042 4847 3204 4912 LXX,
3234 4849 3462 4912 esculat,
3481 4857 3541 4901 ut

1965 4945 2060 4998 per
2091 4941 2274 4999 partes
2297 4942 2353 4987 et
2386 4935 2625 5002 perfecte
2653 4935 2914 5006 despiciat
2935 4940 3284 5007 prmsentium
3307 4940 3538 4993 medita-

1964 5022 2167 5074 tionem
2198 5023 2284 5077 vel
2313 5025 2502 5091 vitam,
2532 5036 2721 5098 utpote
2749 5030 2839 5098 qui
2874 5039 3038 5084 totam
3101 5045 3252 5084 suam
3298 5031 3536 5084 animam

1963 5113 2158 5168 obtulit
2191 5114 2322 5169 Deo.
2367 5117 2478 5172 Hoc
2512 5121 2655 5173 enim
2692 5121 2964 5191 significat
3000 5139 3016 5174 :
3057 5121 3122 5175 Et
3153 5123 3366 5191 sanguis
3392 5138 3539 5175 escu-
3577 5152 3581 5157 ‹

1964 5203 2103 5256 latus
2133 5206 2273 5258 circa
2306 5206 2474 5262 basim
2505 5210 2715 5275 altaris,
2747 5213 2888 5282 quod
2912 5221 2996 5272 est
3031 5212 3283 5266 Christus
3309 5213 3538 5268 :Christi

1968 5302 2150 5349 autem
2190 5296 2334 5351 basis
2363 5309 2446 5354 est
2471 5299 2847 5372 Evangelium,
2876 5303 2930 5356 in
2970 5319 3078 5372 quo
3109 5303 3340 5359 maxime
3373 5320 3539 5374 opor-

1968 5391 2084 5438 tere
2107 5402 2204 5441 nos
2234 5399 2556 5456 prmsentem
2586 5391 2750 5446 vitam
2797 5395 3100 5463 despicere,
3131 5404 3320 5464 utpote
3368 5406 3538 5452 totam

1967 5477 2204 5532 animam
2235 5491 2477 5536 nostram
2517 5481 2630 5536 Deo
2661 5485 2976 5550 offerentes,
3011 5487 3320 5544 didicimus.
3380 5489 3535 5544 Vesi-

2412 5614 2456 5646 ⁸⁶
2491 5611 2679 5667 Matth.
2709 5632 2760 5682 v,
2794 5616 2846 5674 8.
2938 5621 2981 5652 ⁸⁷
3028 5622 3125 5677 lsa.
3174 5639 3404 5684 xxxviii.
3451 5627 3534 5684 ll.
