4076 6188
457 4827 465 4860 ι

492 253 604 318 803

501 463 605 518 est,
631 464 883 523 utroque,
917 463 974 506 et
1015 451 1314 511 inﬂatione,
1343 460 1504 518 atque
1532 450 1932 520 superﬂuorum
2000 451 2087 503 in-

499 545 795 613 quisitione
827 559 951 597 eum
971 558 1177 606 carere,
1207 541 1570 610 mundarique
1590 542 1778 596 volens
1809 560 1820 594 :
1851 543 2085 596 maxime

501 635 646 688 enim
678 636 763 688 his
798 633 1161 703 passimribus,
1197 633 1249 686 hi
1281 636 1372 702 qui
1405 634 1644 686 uberiori
1671 634 1876 703 pollent
1907 635 2087 688 scien-

503 728 596 788 tia,
618 725 1002 785 succumbunt,
1036 732 1328 778 attestante
1353 725 1514 777 Paulo
1542 742 1553 775 :
1587 724 1818 776 Scientia
1842 725 1996 791 inﬂat
2015 726 2080 777 σι.

501 817 568 870 Et
593 830 826 868 rursus:
880 814 937 868 Si
977 816 1094 885 quis
1149 815 1356 868 videtur
1403 816 1537 869 scire
1588 815 1817 880 aliquid,
1865 817 2083 869 necdum

500 906 739 976 cognovit
761 907 1201 974 quemadmodum
1256 918 1491 976 oporteat
1525 923 1641 959 cum
1676 907 1808 959 scire
1832 907 1898 958 “.
1943 907 2084 959 Rur-

500 1013 592 1050 sus
624 997 739 1065 ipse
761 996 838 1049 ait
872 1015 884 1048 :
913 995 1112 1063 Corpus
1157 1007 1335 1049 autem
1372 996 1564 1051 Christi
1595 1013 1612 1048 :
1661 1013 1813 1050 nemo
1836 1013 1922 1050 vos
1953 997 2085 1050 deci-

499 1089 635 1157 piat,
680 1087 853 1140 volens
879 1088 932 1140 iu
966 1087 1268 1140 humilitate
1303 1099 1351 1140 et
1377 1088 1626 1156 religione
1649 1089 1954 1158 angelorum
1968 1105 2084 1158 qua:

501 1197 603 1234 non
637 1181 786 1242 vidit,
849 1180 1132 1233 ambulans
1183 1182 1382 1250 frustra
1429 1181 1647 1248 inﬂatus
1705 1198 1857 1234 sensu
1909 1183 2084 1236 carnis

497 1289 607 1326 sua:
633 1271 698 1324 “.
737 1272 871 1326 Nam
906 1271 1246 1325 'l‘heodotion
1311 1271 1566 1324 similiter
1613 1273 1838 1324 vesicam
1869 1273 2037 1326 edidit
2068 1291 2080 1324 :

499 1363 688 1433 Aq'uila
717 1362 906 1428 σιτίον,
936 1363 988 1416 id
1035 1370 1118 1415 est
1147 1362 1434 1425 cibarium,
1467 1362 1593 1430 quia
1620 1362 1672 1414 in
1700 1363 1892 1415 avibus
1925 1362 2079 1415 inﬂa-

503 1455 630 1508 tioui
651 1462 834 1523 aptrrm
867 1469 960 1507 vas
985 1453 1404 1522 suscipiensque
1439 1452 1736 1521 superﬂua,
1763 1453 1941 1507 vesica
1976 1462 2080 1507 est.

499 1546 617 1599 Non
650 1561 780 1616 ergo
811 1546 1069 1614 permittit
1097 1544 1295 1608 inﬂari,
1330 1554 1385 1599 et
1434 1545 1553 1598 ideo
1583 1545 1784 1597 auferri
1827 1545 2085 1614 praecl-pit

503 1639 765 1693 vesicam.
797 1638 903 1692 Sed
939 1653 1041 1692 nec
1071 1637 1274 1706 majora
1312 1637 1470 1691 nobis
1499 1653 1741 1706 quaerere
1773 1638 2077 1690 velaltiora.

501 1731 701 1785 Altiora
727 1730 870 1784 enim
900 1738 970 1790 te,
1005 1730 1096 1791 ait,
1141 1745 1202 1782 ne
1261 1730 1552 1798 quaesieris,
1588 1737 1637 1782 et
1668 1728 1976 1782 sublimiora
2031 1739 2078 1781 te

505 1839 567 1875 ne
594 1831 859 1874 scrutatus
893 1821 1054 1890 fueris
1075 1821 1140 1874 “.
1168 1817 1320 1873 Unde
1350 1829 1402 1873 et
1444 1821 1656 1889 plumas
1685 1820 1752 1872 ab
1785 1819 1959 1873 hostia
1993 1834 2080 1872 se-

502 1913 730 1983 paravit,
793 1919 850 1964 et
916 1911 1150 1979 projecit
1220 1917 1441 1980 prepter
1507 1910 1675 1963 altare
1723 1911 1788 1962 ad
1867 1911 2077 1980 plagam

503 2003 843 2065 orientalem,
913 2003 968 2056 in
1016 2002 1136 2056 loco
1176 2001 1231 2055 in
1278 2017 1387 2071 quo
1429 2001 1641 2056 cineres
1707 1999 1912 2055 eﬂ‘undi
1988 2016 2079 2055 so-

505 2097 634 2149 Icnt.
661 2095 740 2148 Ad
770 2093 1036 2147 orientem
1057 2093 1302 2162 quidem,
1327 2093 1451 2160 quia
1470 2093 1748 2161 inquisitio
1767 2093 2078 2147 sublimium

503 2203 684 2240 rerum
707 2186 923 2239 videtur
949 2198 1090 2237 esse.
1129 2184 1290 2236 Extra
1313 2184 1481 2237 altare
1531 2194 1734 2247 autem,
1785 2184 1915 2252 quia
1968 2199 2076 2238 non

503 2279 892 2338 necessariam,
925 2276 1019 2330 sed
1045 2276 1372 2345 superﬂuanr
1406 2285 1568 2344 atque
1619 2274 1834 2328 noxiam
1867 2282 2080 2343 scruta-

504 2371 708 2424 tionem
739 2369 1002 2439 possidet.
1055 2369 1114 2421 In
1175 2367 1354 2421 locum
1382 2378 1565 2421 autem
1605 2367 1762 2436 jubet
1805 2367 2078 2427 cinerum,

505 2471 727 2532 propter
751 2471 1021 2522 naturam,
1055 2459 1121 2513 de
1147 2473 1252 2526 qua
1283 2459 1556 2510 Abraham
1603 2458 1736 2510 dicit
1763 2475 1774 2510 :
1806 2455 1918 2525 Ego
1963 2471 2080 2506 sum

503 2555 671 2622 pulvis
685 2564 729 2605 et
743 2553 948 2605 cinis".
967 2551 1103 2620 Ergo
1117 2565 1210 2619 per
1226 2549 1404 2602 locum
1422 2550 1666 2602 cinerum
1683 2549 1989 2616 praedictam
2006 2547 2078 2599 in-

503 2645 777 2698 ﬂationem
796 2642 1071 2706 redarguit
1088 2640 1380 2710 legislator,
1403 2648 1591 2708 utpote
1607 2654 1727 2706 quae
1744 2639 1902 2708 digna
1918 2642 1988 2691 sit
2004 2637 2081 2691 ci-

503 2752 654 2802 nere;
677 2737 816 2804 quod
836 2743 1014 2788 autem
1031 2733 1214 2786 cinere
1231 2733 1450 2800 dignum
1474 2739 1577 2795 est,
1592 2731 1844 2784 deorsum
1868 2731 1919 2782 in
1938 2740 2078 2783 terra

503 2836 706 2884 nrauet.
731 2834 785 2879 ct
801 2826 852 2877 in
874 2825 1067 2877 cmlum
1085 2823 1376 2877 ascendere
1393 2837 1496 2874 non
1513 2830 1708 2890 potest.
1737 2819 1937 2873 Deinde
1961 2820 2036 2872 ait
2061 2837 2074 2872 :

576 2917 980 2988 Confringetquc
1029 2912 1252 2970 ascellas
1301 2912 1435 2981 ejus,
1492 2921 1542 2964 et
1598 2928 1699 2964 non
1744 2912 1959 2974 srcabit,
1988 2926 2079 2963 nec

502 3011 641 3079 ferro
658 3008 868 3060 dividet.
904 3004 1224 3058 Necessarie
1246 3003 1570 3073 praecipiens
1601 3014 1892 3071 utrumque
1913 3020 1922 3051 :
1942 3017 2076 3055 con-

500 3095 750 3166 iringens
785 3095 1077 3162 siquidem,
1114 3093 1237 3162 quia
1262 3100 1476 3160 oportet
1507 3093 1747 3144 membra
1794 3099 2076 3146 conterere

500 3191 664 3252 atque
689 3183 1064 3252 aﬂligereeum
1118 3181 1209 3249 qui
1263 3181 1370 3233 Deo
1393 3179 1715 3233 sacriﬁcium
1743 3180 1856 3232 ﬁeri
1907 3179 2072 3248 cupit.

503 3274 622 3328 Non
655 3272 861 3326 secabit
891 3281 1097 3335 autem,
1144 3285 1246 3326 nec
1302 3271 1448 3333 t'erro
1513 3271 1737 3335 dividet,
1763 3285 1866 3324 nec
1917 3271 2078 3324 faciet

501 3378 657 3417 avem
703 3363 843 3416 sicut
906 3363 1097 3415 bovem
1133 3350 1421 3415 'autovcm
1467 3376 1562 3429 per
1618 3359 1930 3414 divisiones.
1964 3359 2077 3413 Hoc

501 3454 702 3524 quippe
727 3463 778 3506 ct
830 3453 1101 3506 Abraham
1173 3453 1226 3505 in
1289 3467 1388 3505 suo
1449 3451 1716 3506 sacriﬁcio
1759 3451 2074 3516 custodivit,

501 3546 718 3615 quando
755 3547 862 3598 Deo
888 3545 1109 3610 iubente
1165 3559 1387 3598 vaccam
1415 3544 1649 3606 trimam,
1714 3544 1967 3597 similiter
2021 3555 2077 3598 et

501 3652 738 3707 capram,
762 3645 816 3689 et
841 3636 1064 3688 arietem
1090 3635 1380 3699 triennerrr,
1406 3645 1461 3688 et
1486 3644 1755 3688 turturem
1785 3643 1838 3689 ct
1864 3635 2076 3689 colum.

501 3731 623 3783 bam
647 3727 883 3790 obtulit;
911 3725 988 3779 ait
1019 3725 1162 3778 enim
1199 3741 1212 3776 :
1245 3725 1454 3791 Accepit
1473 3725 1570 3778 sibi
1613 3727 1722 3778 lrtec
1772 3725 1971 3788 omnia,
2025 3733 2074 3776 et

499 3819 673 3872 divisit
702 3833 764 3870 ea
791 3831 883 3883 per
902 3816 1132 3868 medium
1177 3813 1505 3879 altrinsecus,
1531 3823 1578 3867 et
1628 3823 1806 3866 contra
1834 3830 1889 3867 se
1917 3830 2076 3883 expo-

497 3911 624 3974 suit,
656 3925 776 3963 aves
803 3919 978 3962 autem
1008 3924 1109 3960 non
1124 3908 1298 3961 divisit
1324 3909 1388 3960 ⁸⁸.
1436 3906 1737 3962 Prudenter
1758 3916 1938 3960 autem
1972 3909 2076 3961 hoc

499 4002 813 4064 custodivit,
870 4009 1032 4068 atque
1081 3999 1383 4054 secundum
1437 3999 1767 4054 intellectum
1820 4000 2071 4068 praecepti

502 4107 648 4146 nunc
674 4092 728 4145 in
763 4091 933 4161 legem
958 4091 1070 4144 dat.
1118 4090 1575 4159 Contemplationi
1630 4091 1776 4145 enim
1803 4090 2074 4144 inha‘rens

503 4184 688 4244 homo,
722 4183 968 4252 nihilque
1006 4183 1215 4237 habens
1280 4191 1582 4239 terrenum.
1617 4183 1711 4237 sed
1772 4183 1864 4251 qui
1930 4192 2073 4235 totus

495 4272 815 4343 jamdudum
830 4271 1068 4325 caelestis
1099 4278 1200 4328 est,
1219 4269 1516 4323 adversans
1542 4268 1735 4322 anima:
1766 4283 1875 4322 non
1911 4268 2074 4322 habet

1684 252 2043 312 HESYCHII
2082 251 2533 315 PRESBYTER!

505 365 678 418 rutam
705 371 884 420 autem
906 361 1141 436 gutturis
1189 370 1244 416 et
1292 362 1508 432 plumas
1555 362 1744 430 projici
1788 361 1972 430 jussit,
2031 361 2082 415 id
2115 371 2156 422 Α

3652 246 3759 316 εοι

2801 425 3033 482 CAPUT
3078 427 3144 481 ll.

2261 536 2424 590 Vnus.
2459 535 2576 589 1-5.
2633 555 2652 590 ι
2713 538 2902 591 Anima
2952 554 3076 594 cum
3109 537 3367 592 obtulerit
3434 539 3762 596 oblationem

2183 627 2432 681 sacriﬁcii
2466 627 2713 689 Domino,
2744 627 2918 681 simila
2935 630 3038 683 erit
3065 630 3184 698 ejus
3203 629 3426 690 oblatio,
3464 628 3767 698 l'undetquo

2183 730 2350 785 super
2373 731 2492 770 eam
2519 715 2722 779 oleum,
2752 728 2807 769 et
2827 726 2994 786 ponet
3027 719 3172 782 thus,
3203 733 3266 772 ac
3295 719 3502 772 deleret
3527 721 3596 773 ad
3624 720 3767 774 ﬁlios

2182 807 2363 861 Aaron
2416 809 2738 863 sacerdotis.
2799 809 3042 873 Quorum
3089 825 3232 863 unus
3281 810 3431 863 tollet
3495 811 3765 881 pugillmn

2182 898 2402 967 plenum
2437 898 2626 951 similae
2649 907 2705 951 et
2733 899 2834 951 olci
2865 915 2929 952 ac
2966 908 3138 952 totum
3171 899 3320 963 thus,
3353 909 3409 953 et
3440 911 3608 969 penet
3641 915 3766 954 me-

2183 989 2410 1043 moriale
2431 1004 2598 1058 super
2627 991 2797 1042 altare
2847 990 2899 1041 in
2960 991 3184 1044 odorem
3225 992 3608 1044 suavissimum
3653 991 3767 1045 Do-

2182 1077 2353 1130 mino.
2385 1074 2539 1140 Quod
2562 1085 2743 1129 autem
2778 1077 3044 1144 reliquum
3073 1077 3240 1130 fuerit
3262 1079 3331 1132 de
3355 1079 3770 1142 sacriﬁcio,erit

2181 1163 2361 1218 Aaron
2381 1175 2435 1219 et
2454 1165 2686 1219 ﬁliorum
2717 1165 2836 1233 ejus
2882 1166 3139 1220 Sanctum
3181 1178 3492 1222 sanctorum
3517 1171 3581 1223 de
3607 1170 3765 1223 obla-

2184 1256 2423 1311 tionibus
2447 1257 2683 1312 Domini.
2715 1276 2734 1308 ι

2252 1347 2389 1413 Quia
2419 1349 2654 1402 animam
2687 1357 2859 1403 totum
2893 1350 3171 1404 hominem
3210 1350 3464 1419 appellat,
3530 1369 3652 1406 man
3681 1352 3764 1407 ie-

2182 1446 2323 1493 stum
2354 1447 2439 1492 est
2471 1454 2533 1493 ex
2563 1440 2665 1493 hoc
2683 1440 2828 1508 quod
2867 1440 2941 1494 ait
2972 1459 2984 1495 :
3023 1439 3214 1494 Simila
3243 1442 3341 1494 erit
3381 1442 3495 1510 ejus
3527 1443 3764 1498 oblatio:

2183 1530 2238 1584 in
2264 1540 2433 1585 totum
2459 1533 2696 1586 animam
2742 1533 2939 1586 iterare
2963 1533 3152 1587 volens
3185 1533 3287 1586 hoc
3316 1536 3461 1602 quod
3517 1535 3762 1589 ﬁendum

2183 1632 2320 1686 erat,
2355 1623 2554 1678 deinde
2580 1632 2634 1677 et
2662 1623 2894 1680 similam
2928 1625 3112 1678 olIerri
3146 1625 3409 1694 praecipit.
3437 1627 3627 1679 Anima
3654 1643 3764 1681 au-

2115 1710 2152 1764 B
2185 1723 2290 1767 tem
2323 1714 2436 1783 ipsa
2467 1729 2562 1783 per
2589 1730 2648 1769 se
2675 1717 2948 1784 quomodo
2973 1716 3210 1770 deferret
3225 1717 3574 1783 oblationem,
3593 1733 3763 1787 quam

2181 1819 2403 1859 necesse
2431 1805 2664 1860 trahebat
2689 1807 3011 1876 deprecans,
3063 1817 3118 1862 et
3155 1808 3223 1860 ad
3284 1809 3388 1862 hoc
3420 1810 3605 1877 utique
3657 1825 3758 1862 ne-

2181 1893 2486 1949 cessarium
2508 1895 2734 1949 haberet
2765 1897 3132 1951 ministerium
3166 1898 3450 1967 corporis?
3512 1898 3618 1953 Sed
3652 1915 3755 1952 au-

2181 1986 2330 2038 ribus
2345 2000 2466 2054 qua:
2494 1985 2695 2040 divinis
2725 1997 2852 2040 sunt
2895 1987 3209 2043 assuefact-re
3266 1989 3583 2058 Scripturis,
3619 1992 3765 2045 nihil

2181 2076 2436 2129 novitatis
2467 2076 2553 2130 hic
2585 2078 2779 2132 asserit
2801 2094 3002 2133 sermo.
3055 2079 3188 2132 Nam
3229 2089 3286 2134 et
3340 2082 3491 2147 alibi,
3514 2083 3760 2137 animam

2180 2182 2277 2235 per
2304 2182 2380 2233 se,
2416 2182 2594 2222 mores
2623 2186 2752 2224 vero
2772 2180 2942 2225 totum
2975 2172 3253 2228 hominem
3276 2175 3603 2244 appellavit;
3632 2177 3762 2230 vel-

2181 2259 2258 2312 uti
2294 2275 2416 2313 cum
2444 2276 2632 2315 eorum
2675 2263 2766 2330 qui
2799 2265 2852 2316 in
2920 2264 3149 2336 Egypto
3201 2267 3598 2322 descenderunt
3645 2284 3762 2322 nu-

2182 2367 2389 2404 merum
2418 2353 2690 2422 digerens,
2718 2356 2830 2409 ait:
2856 2353 3067 2411 Cuncta:
3113 2359 3307 2412 unione
3346 2376 3463 2429 qua:
3503 2361 3765 2429 ingressa

2179 2452 2298 2494 sunt
2323 2459 2438 2495 cum
2460 2442 2625 2498 Jacob
2657 2447 2710 2498 in
2734 2446 3044 2516 Egyptum,
3078 2459 3124 2502 et
3155 2451 3346 2519 egressi
3370 2452 3433 2503 de
3467 2452 3760 2522 femoribus

2180 2534 2315 2603 ejus,
2345 2535 2540 2605 absque
2568 2538 2815 2592 uxoribus
2831 2539 3083 2602 ﬁliorum,
3115 2544 3450 2612 septuaginta
3478 2545 3540 2596 “'.
3565 2545 3669 2598 Sed
3697 2553 3760 2598 ct

2181 2625 2375 2686 Lucas,
2407 2642 2532 2680 cum
2559 2629 2706 2682 Pauli
2741 2631 3011 2701 navigium
3037 2631 3263 2686 Romam
3315 2635 3500 2689 euntis
3543 2637 3757 2690 descri-

2179 2715 2356 2776 beret,
2385 2717 2458 2770 ait
2493 2736 2504 2770 :
2542 2717 2772 2775 Eramus
2795 2731 2971 2774 autem
2999 2738 3175 2776 omnes
3213 2725 3407 2779 anima:
3429 2728 3484 2779 in
3515 2728 3638 2780 navi
3653 2728 3756 2779 du-

2180 2805 2314 2856 centi
2340 2807 2671 2874 septuaginta
2699 2818 2748 2861 et
2775 2798 2885 2862 sex.
2914 2811 2980 2862 ⁸³.
3021 2808 3344 2865 Intuendum
3425 2824 3510 2866 est
3564 2823 3753 2869 autem

2180 2911 2248 2950 ne
2282 2896 2504 2950 forsitan
2524 2899 2758 2952 animam
2808 2901 2865 2954 in
2924 2902 3026 2956 hoc
3063 2903 3186 2957 loco
3239 2905 3494 2973 gentilem
3526 2907 3756 2961 dixisset

2183 2986 2500 3042 hominem:
2529 2992 2654 3057 quia
2689 2993 2832 3045 enim
2881 2993 3132 3060 superius
3189 2994 3312 3050 ﬁliis
3346 2996 3507 3051 Israel
3537 3013 3600 3051 ea
3629 3014 3757 3067 qua:

2181 3087 2312 3131 sunt
2360 3077 2412 3129 in
2453 3080 2717 3148 sanguine
2768 3082 3032 3136 sacrilicia
3083 3084 3222 3138 dixit
3265 3101 3278 3137 :
3334 3085 3588 3156 Loquere,
3651 3089 3753 3151 ait,

2175 3167 2302 3234 ﬁliis
2346 3168 2562 3223 Israel:
2625 3174 2798 3226 Homo
2847 3175 2936 3243 qui
2965 3175 3207 3228 obtulerit
3243 3194 3306 3230 ex
3334 3178 3474 3231 vobis
3523 3180 3755 3234 hostium

2177 3259 2422 3325 Domino,
2452 3264 2515 3316 de
2545 3265 2837 3331 pecoribus,
2867 3268 2921 3320 id
2951 3276 3024 3320 est
3059 3270 3122 3320 de
3142 3269 3300 3322 bobus
3333 3281 3382 3323 et
3409 3273 3583 3324 ovibus
3614 3273 3755 3340 oﬂ'c-

2176 3364 2251 3406 ret
2272 3355 2544 3418 victimas;
2573 3356 2659 3410 hic
2684 3357 2812 3410 illud
2855 3359 2998 3427 quod
3063 3369 3215 3413 extra
3265 3363 3582 3430 sanguinem
3641 3374 3752 3432 est,

2176 3444 2501 3497 sacriﬁcium
2528 3445 2721 3499 similae
2752 3447 3072 3516 precipiens
3109 3451 3438 3513 necessarie,
3466 3467 3573 3505 non
3589 3454 3748 3518 dixit}

2177 3534 2350 3589 Homo
2373 3536 2630 3604 exyobis,
2648 3537 2764 3603 sed,
2785 3539 2976 3590 Anima
3000 3555 3116 3591 cum
3137 3540 3381 3594 obtulerit
3406 3543 3747 3610 oblationem,

2175 3626 2409 3678 animam
2440 3627 2695 3696 gentilem
2722 3627 3032 3692 nominans,
3081 3630 3204 3698 quia
3271 3632 3534 3688 animales
3589 3645 3751 3691 erant

2175 3716 2348 3786 prius,
2382 3718 2547 3787 etqui
2573 3733 2680 3772 non
2705 3720 3011 3787 potuissent
3051 3720 3352 3790 intelligere
3383 3740 3444 3778 ea
3475 3741 3595 3794 quae
3617 3736 3751 3783 sunt

2175 3808 2420 3876 spiritus;
2441 3817 2811 3863 verumtamen
2825 3820 3087 3865 vocantur
3105 3813 3171 3865 ad
3197 3813 3546 3880 oblationem,
3570 3820 3770 3885 mise-_

2175 3908 2330 3954 rante
2384 3915 2481 3954 eos
2503 3900 2650 3968 justo
2688 3902 2818 3962 Deo,
2873 3911 3036 3971 atque
3081 3919 3180 3973 per
3224 3907 3744 3964 condescensionem

2175 3991 2442 4047 salvante.
2471 3991 2544 4045 De
2569 4008 2676 4060 quo
2704 4002 2760 4046 et
2794 3991 3049 4047 Salomon
3093 3995 3223 4049 dicit
3282 3997 3336 4049 in
3389 3997 3700 4054 Proverbiis
3729 4018 3743 4056 :

2172 4076 2353 4130 Justus
2391 4080 2664 4133 miseretur
2690 4080 3266 4150 animasjumentorum
3291 4102 3508 4139 suorum
3535 4090 3602 4140 ⁷⁸.
3628 4088 3744 4144 llu-

2170 4169 2260 4238 jus
2291 4184 2420 4240 ergo
2449 4170 2537 4236 qui
2563 4180 2686 4240 eget
2717 4172 2924 4227 divitiis
2974 4190 3095 4242 qua:
3144 4188 3274 4231 sunt
3320 4181 3608 4244 virtutum,
3641 4183 3746 4236 erit

2173 4261 2376 4315 oblatio
2407 4261 2602 4316 simila.
2631 4263 2796 4317 Paulo
2809 4266 3113 4334 postenim,
3137 4283 3261 4322 etim
3281 4285 3376 4338 pro
3399 4273 3635 4340 peccatis
3654 4289 3745 4327 sa-

500 4379 698 4434 corpus
735 4381 749 4418 :
783 4363 1048 4433 integrum
1085 4360 1284 4430 quippe
1309 4360 1428 4428 ejus
1456 4374 1654 4428 corpus
1679 4367 1734 4413 et
1753 4359 1931 4413 anima
1963 4367 2066 4420 est,
2104 4363 2144 4418 ι)
2173 4352 2376 4408 criticia
2397 4355 2658 4424 disponit,
2686 4371 2811 4410 eum
2846 4357 2940 4426 qui
2986 4374 3088 4413 nec
3115 4376 3275 4415 ovem
3321 4361 3486 4420 habet
3507 4381 3610 4422 nec
3651 4359 3763 4438 ca-f

499 4457 595 4511 sed
627 4463 682 4508 et
711 4454 957 4523 spiritus,
989 4455 1288 4508 secundum
1315 4451 1625 4522 quod-.dixit
1680 4451 1876 4504 Paulus
1905 4469 1918 4504 :
1949 4449 2075 4504 Siue

501 4546 710 4619 querela
728 4546 785 4598 in
799 4546 1079 4599 adventum
1105 4544 1317 4598 Domini
1336 4543 1627 4597 custoditur
1641 4542 1706 4594 ⁸⁷.
1730 4541 1798 4595 Et
1827 4550 2075 4610 prepter-

500 4656 561 4694 ea
598 4637 873 4709 superﬂua
923 4638 978 4690 in
1018 4637 1100 4691 eis
1157 4637 1528 4691 membrorum
1571 4634 1770 4688 divisio
1797 4642 1901 4694 est,
1935 4633 2076 4687 inte-

499 4747 654 4802 grum
683 4730 830 4785 enim
857 4743 1024 4798 super
1055 4727 1392 4797 intelligibile
1431 4726 1622 4790 altare,
1647 4733 1702 4780 et
1729 4739 1895 4794 super
1926 4724 2074 4795 ligna

498 4823 700 4892 quibus
733 4819 1025 4891 subjicitur
1053 4819 1217 4889 ignis,
1250 4816 1477 4873 ollertur
1499 4834 1511 4868 :
1537 4831 1716 4885 neque
1740 4815 1884 4869 enim
1915 4815 2072 4868 aliter

499 4911 826 4968 sacriﬁcirrm
875 4909 1212 4980 acceptabile
1261 4906 1512 4970 elﬁcitur,
1564 4905 1668 4959 nisi
1724 4903 2070 4958 meditatione

498 5003 755 5075 spiritalis
778 5003 934 5073 legis,
967 5011 1022 5056 et
1058 5010 1188 5054 tunc
1233 4997 1610 5053 holocaustum
1638 5005 1694 5050 et
1718 4994 1917 5050 oblatio
1942 5011 2070 5050 sua-

499 5094 702 5151 vissimi
725 5093 906 5148 odoris
936 5091 1168 5145 Domino
1210 5088 1478 5158 reperitur
1520 5087 1612 5155 qui
1639 5100 1852 5155 semper
1876 5086 2072 5140 odora-

501 5194 590 5238 tur
608 5183 934 5238 sacriﬁcium
957 5191 1225 5241 nostrum,
1247 5187 1302 5232 et
1354 5175 1783 5246 uniuscujusque
1822 5183 2068 5230 nostrum

498 5274 665 5329 vitam
697 5273 812 5328 sive
861 5269 1378 5331 conversationem,
1434 5283 1502 5321 an
1553 5266 1852 5321 secundum
1898 5267 2069 5338 legero

495 5381 613 5434 qtae
647 5365 716 5420 ab
741 5379 808 5419 eo
835 5364 958 5418 data
975 5372 1079 5426 est,
1105 5362 1384 5417 olleratur.

589 5587 629 5617 ⁶¹
658 5586 674 5637 1
702 5585 830 5640 Cor.
864 5602 983 5647 vin,
1021 5587 1069 5641 l.
1177 5587 1218 5615 "‘
1258 5584 1391 5638 ibid.
1437 5583 1492 5637 εὶ.
1570 5582 1614 5612 ⁶³
1645 5580 1857 5634 Coloss.
1893 5595 1952 5637 ιι.
1981 5579 2033 5632 Α.

2136 5577 2180 5608 ⁸⁵
2212 5575 2378 5631 Eceli.
2411 5592 2494 5640 ιιι,
2523 5577 2615 5630 9.9..

2174 4465 2345 4519 pram,
2369 4458 2611 4504 turtures
2640 4460 2695 4505 et
2741 4452 2917 4521 pullos
2965 4455 3340 4511 columbarum
3387 4459 3583 4514 oﬂ‘erre
3605 4478 3743 4531 pra:-

2171 4541 2316 4609 (epit
2343 4557 2362 4608 ;
2391 4541 2484 4609 qui
2518 4550 2700 4596 autem
2734 4558 2834 4597 nec
2866 4545 2969 4598 hoc
2999 4545 3184 4621 habet.
3220 4548 3452 4604 similam
3479 4567 3603 4605 eum
3622 4568 3743 4606 sane

2170 4634 2245 4686 cit
2269 4631 2488 4686 oﬁ'erre.
2519 4631 2638 4687 Non
2668 4635 2812 4689 enim
2831 4636 2944 4704 jam
2969 4651 3033 4689 ex
3067 4638 3348 4706 operibus,
3382 4651 3572 4712 utpote
3603 4660 3742 4714 pau-

2172 4736 2269 4791 per
2297 4721 2604 4790 virtutibusj
2634 4723 2728 4776 sed
2782 4725 2894 4778 sola
2947 4721 3040 4778 Dei
3099 4727 3411 4795 cognitione
3450 4730 3684 4784 salvator
3721 4746 3734 4782 :

2171 4827 2293 4882 quae
2315 4811 2368 4864 in
2415 4811 2533 4883 lege
2557 4801 2734 4868 simila
2756 4858 2774 4878 ,
2806 4815 2860 4868 in
2919 4813 3208 4886 Evangelio
3237 4828 3416 4872 autem
3444 4819 3615 4874 farina
3642 4835 3740 4874 no-

2167 4903 2444 4969 minatur;
2475 4904 2547 4958 ait
2571 4904 2718 4958 enim
2747 4905 3010 4962 Dominus
3045 4925 3058 4960 :
3089 4907 3274 4963 Simile
3302 4919 3378 4964 est
3404 4926 3621 4981 regnum
3637 4928 3741 4966 οωά

2171 4992 2338 5046 lorum
2370 4994 2640 5063 fornacula,
2674 4996 2810 5060 quod
2835 4996 3026 5064 accipit
3078 4996 3289 5061 mulier,
3323 5007 3372 5050 et
3393 4997 3658 5052 abscondit
3685 4999 3741 5051 in

2170 5084 2490 5155 farinarsata
2521 5085 2647 5143 tria.
2680 5101 2841 5156 usque
2872 5087 2999 5140 dum
3045 5087 3452 5155 fermentaretur
3479 5099 3644 5143 totum
3669 5089 3739 5154 η,

2171 5173 2467 5228 Ecclesiam
2499 5172 2830 5243 signiﬁcans,
2880 5191 3000 5244 quae
3029 5178 3083 5231 in
3149 5176 3433 5232 Trinitatis
3454 5179 3622 5233 verbo
3641 5179 3742 5233 fer-

2173 5273 2380 5319 mentat
2403 5263 2682 5334 theologia:
2705 5265 3044 5332 mysterium.
3081 5265 3204 5320 llaec
3249 5267 3423 5322 simila
3440 5269 3742 5324 secundum

2173 5355 2346 5428 legem
2377 5355 2593 5421 dicitur,
2631 5357 2775 5411 unde
2804 5363 2859 5411 et
2897 5365 3008 5412 tres
3053 5358 3293 5414 decimas
3314 5360 3504 5416 simila:
3545 5359 3746 5415 oﬁ‘errc

2692 5578 2736 5649 ff
2759 5576 2898 5649 Gen.
2928 5583 3084 5641 xvn’r,
3115 5577 3206 5632 27.
3282 5579 3327 5610 ⁸⁸
3358 5578 3496 5637 Gen.
3533 5596 3620 5649 ιτ,
3656 5580 3748 5640 ως

492 5655 537 5688 ⁸⁷
562 5655 581 5710 l
611 5655 805 5710 Thess.
823 5672 877 5721 v,
908 5644 1001 5710 25.
1077 5655 1122 5688 ⁸⁸
1143 5655 1312 5709 Exod.
1342 5653 1447 5719 1,5.
1525 5654 1568 5685 ⁸³
1603 5655 1724 5704 Act.
1761 5665 1929 5713 xxvii,
1958 5649 2048 5702 57.
2125 5648 2168 5678 ⁷⁸
2202 5647 2362 5703 Prov.
2397 5663 2492 5714 xu,
2533 5649 2616 5700 lU.
2685 5644 2727 5676 "
2752 5646 2940 5701 Matth.
2965 5664 3086 5713 xm,
3111 5649 3202 5705 '55.
