4076 6188
295 282 401 349 805

1455 276 1531 334 IN
1571 272 2008 336 LEVITICUM.
2056 296 2119 309 --
2164 272 2309 331 LIB.
2347 272 2395 332 ι.

3438 272 3548 335 806

295 393 362 447 ad
382 390 747 462 expiationem
778 389 964 458 leprae,
990 387 1043 443 id
1064 394 1150 442 est
1191 387 1258 441 ad
1310 386 1689 442 remissionem
1738 399 1869 455 pec—
1899 393 1939 444 Α
1974 382 2132 442 LXX.
2161 398 2267 436 non
2302 382 2501 436 dicitur
2541 390 2599 435 ut
2641 380 2889 435 absolute
2918 377 3240 434 oilerentrm
3269 380 3548 451 signiﬁca—

292 483 421 549 cati,
449 482 590 538 Deus
625 480 790 552 Moysi
820 474 1099 550 praecepit.
1155 477 1225 534 Ut
1256 492 1385 548 ergo
1405 477 1583 532 adhuc
1608 477 1864 542 crassior,

293 583 485 644 etquie
536 573 772 627 necdum
794 571 954 642 plena
984 570 1041 623 in
1085 569 1203 640 lege
1257 569 1440 624 divina
1492 569 1729 640 cognitio
1771 581 1869 622 ne-

291 664 719 720 cessariesimila
745 663 1073 734 appellatur,
1098 662 1152 716 in
1206 661 1517 732 Evangeliis
1557 669 1742 715 autem
1790 660 1870 714 fa—

296 754 432 818 rina,
458 762 518 809 ut
543 753 857 809 subtiliores
898 753 1154 808 videlicet
1203 759 1258 806 et
1279 750 1626 805 sublimiores
1673 765 1704 804 a
1750 749 1868 819 lege

293 846 599 901 intellectus
628 845 872 908 habens,
912 845 1018 911 huc
1058 843 1267 914 Moyses
1305 842 1540 896 innuens
1569 841 1715 914 (quia
1755 848 1866 893 tam

294 937 469 992 farina
506 952 670 1006 quam
699 936 899 998 simila,
932 943 1159 1004 propter
1187 933 1475 1003 prmdictas
1539 946 1733 988 causas
1781 931 1864 986 di-

293 1024 418 1077 vina
475 1026 703 1079 scientia
760 1032 975 1093 poterat
1031 1021 1184 1093 dici,)
1217 1037 1342 1076 cum
1406 1030 1703 1092 apparente
1756 1021 1867 1075 Deo

292 1114 520 1170 Abrahae
549 1118 615 1171 ad
648 1117 829 1170 ilicem
855 1115 1135 1178 Mambrae,
1191 1113 1480 1169 Trinitatis
1543 1114 1864 1185 mysterium

293 1206 640 1277 signiﬁcaret,
668 1207 928 1262 describit
945 1222 1069 1261 eum
1124 1205 1271 1261 Sane
1296 1207 1570 1262 dicentem
1604 1224 1617 1259 :
1652 1206 1864 1261 Festina

293 1306 343 1350 et
361 1299 635 1352 commisce
658 1300 763 1351 tria
791 1308 908 1352 sata
933 1297 1121 1352 simin
1156 1299 1223 1351 τ’.
1250 1297 1401 1353 Licet
1428 1306 1609 1352 autem
1639 1297 1730 1352 Dei
1769 1313 1865 1352 co-

293 1388 467 1458 gnitio
496 1389 688 1443 salutis
717 1389 958 1459 gentium
986 1388 1316 1460 principium
1340 1389 1432 1453 sit,
1468 1388 1864 1460 superfundere

293 1496 473 1542 tamen
504 1488 692 1542 similae
716 1488 896 1543 oleum
922 1532 936 1555 ,
971 1496 1027 1542 et
1061 1489 1184 1544 thus
1210 1504 1578 1558 superponere
1603 1504 1742 1559 Opus
1765 1490 1863 1543 ha-

292 1578 503 1655 bemus.
546 1588 606 1631 ut
662 1580 889 1648 gratiam
951 1578 1075 1660 Dei‘
1117 1579 1476 1650 eleemosynis
1524 1580 1864 1649 orationique

287 1668 741 1723 commisceamus
769 1687 786 1721 :
821 1670 937 1723 hcce
962 1669 1107 1724 enim
1149 1671 1310 1725 nobis
1335 1681 1569 1740 possunt
1616 1673 1685 1726 de
1723 1674 1862 1726 ccelo

286 1753 381 1809 Dei
413 1757 695 1810 scientiam
723 1756 1031 1828 proﬂigare.
1101 1756 1196 1812 llis
1227 1768 1408 1814 autem
1442 1760 1597 1815 testis
1616 1768 1700 1814 est
1727 1759 1862 1815 Cor-

285 1845 485 1908 nelius,
508 1847 574 1900 ad
603 1862 765 1916 quem
796 1848 1140 1902 descendens
1178 1848 1248 1904 de
1272 1849 1411 1905 caelo
1435 1850 1659 1920 angelus
1680 1850 1815 1905 dixit
1840 1867 1854 1902 :

284 1934 515 1998 Corneli,
548 1937 810 1991 orationes
838 1946 943 1991 tua:
967 1946 1019 1991 et
1056 1938 1395 2009 eleemosgmc
1410 1942 1755 1996 ascenderunt
1791 1941 1862 1994 ad

285 2026 588 2092 Dominum,
620 2040 669 2081 et
690 2044 829 2082 nunc
855 2030 1002 2083 mitte
1021 2030 1160 2084 uiros
1190 2030 1244 2083 in
1261 2029 1448 2100 Joppe,
1480 2034 1680 2086 accersi
1710 2032 1781 2085 ad
1814 2041 1863 2087 te

226 2158 233 2161 .
282 2113 565 2180 Simonem,
595 2117 684 2186 qui
711 2119 1115 2188 cognominatur
1136 2118 1324 2173 Petrus
1340 2122 1407 2174 ".
1436 2121 1556 2190 Ipse
1587 2122 1734 2176 enim
1764 2138 1862 2177 ve-

285 2221 398 2260 ram
419 2207 705 2264 scientiam
757 2209 1013 2287 Cornelio
1058 2211 1359 2268 traditurus
1382 2221 1521 2266 erat.
1579 2214 1864 2279 Quomodo

283 2307 464 2352 autem
485 2298 541 2353 in
574 2299 733 2353 thure
749 2299 1043 2368 accipiatur
1072 2302 1269 2367 oratio,
1298 2319 1551 2372 quaerens
1583 2306 1702 2375 ejus
1753 2308 1860 2361 vim

286 2397 762 2458 perscrutansque,
792 2391 1095 2461 cognoscis.
1131 2391 1216 2447 Uti
1250 2393 1452 2463 quippe
1478 2409 1542 2449 eo
1566 2406 1755 2451 contra
1786 2398 1867 2452 in-

284 2478 514 2534 teriores
532 2480 813 2549 passiones
845 2482 1041 2536 medici
1063 2483 1267 2549 solent,
1294 2486 1685 2556 oculorumque
1703 2490 1863 2559 aegri-

236 2604 240 2609 ι
285 2570 489 2625 tudinis
515 2587 707 2627 curare
744 2573 991 2638 vulnera,
1027 2584 1083 2630 et
1119 2576 1299 2646 siquis
1328 2578 1625 2635 incendens
1655 2581 1862 2636 fumum

284 2662 404 2732 ejus
436 2664 716 2733 suscipiat,
755 2666 1033 2737 restringit
1084 2668 1490 2725 accedentesex
1545 2672 1863 2729 inﬁrmitate

282 2751 553 2825 lacrymas
585 2771 602 2808 :
642 2755 748 2810 hoc
780 2756 972 2810 eodem
1005 2758 1167 2812 modo
1195 2759 1371 2819 oratio
1392 2776 1610 2830 quoque
1634 2763 1861 2831 plurima

282 2852 541 2910 cperatur
574 2861 588 2898 :
625 2845 740 2900 haec
771 2845 975 2915 quippe
1007 2848 1242 2902 maxime
1271 2849 1465 2906 animae
1483 2853 1763 2920 passiones
1777 2871 1864 2909 sa-

279 2947 394 3004 nat,
485 2939 604 2994 haec
653 2939 818 2993 etiam
866 2940 1285 3008 intelligibilium
1356 2945 1638 3000 oculorum
1707 2958 1863 3003 curat

281 3032 531 3099 vulnera,
556 3033 847 3089 absolvens
881 3035 949 3088 ah
1002 3034 1308 3105 ignorantia
1341 3045 1505 3106 atque
1520 3054 1583 3092 ex
1613 3055 1676 3093 ea
1737 3056 1856 3110 quae
1884 3053 1926 3110 ο

279 3136 411 3175 vere
435 3130 518 3176 est
543 3122 826 3193 aegritudo,
861 3124 914 3178 id
943 3132 1025 3178 est
1056 3138 1124 3178 ex
1145 3136 1369 3193 peccato
1397 3127 1662 3197 lacrymas
1683 3144 1850 3185 acce-

277 3212 471 3266 dentes
495 3213 687 3267 salvat.
710 3213 1022 3282 Inﬁrmatur
1080 3216 1226 3270 enim
1284 3218 1400 3288 quis
1452 3220 1509 3271 in
1572 3220 1733 3286 vobis,
1775 3224 1852 3277 ait

275 3301 532 3367 Jacobus,
564 3314 800 3360 convocet
836 3306 1184 3384 presbyteros,
1236 3317 1285 3361 et
1311 3320 1457 3363 orent
1508 3327 1667 3379 super
1708 3329 1847 3378 eum,

277 3403 524 3465 augentes
555 3412 671 3449 eum
714 3395 825 3449 oleo
852 3397 907 3449 in
937 3400 1146 3453 nomine
1183 3399 1430 3466 Domini;
1460 3410 1507 3454 et
1535 3404 1705 3455 oratio
1729 3403 1851 3471 ﬁdei

274 3486 498 3539 salvabit
524 3486 814 3553 inﬁrmum,
840 3498 888 3540 et
917 3487 1165 3542 allevabit
1191 3507 1308 3544 eum
1360 3491 1634 3557 Dominus,
1657 3495 1771 3548 etsi
1796 3496 1852 3548 in

276 3581 506 3648 peccatis
530 3582 619 3645 sit,
640 3584 973 3635 remittentur
997 3585 1047 3637 ei
1078 3585 1142 3639 7‘.
1194 3584 1326 3640 Post
1354 3586 1489 3650 lucc,
1515 3587 1717 3658 pugillo
1747 3589 1851 3643 tol-

276 3670 391 3725 lere
424 3672 579 3741 jubet
612 3672 865 3737 similam,
902 3673 955 3728 id
984 3684 1069 3728 est
1130 3676 1235 3730 ﬁde
1272 3678 1555 3731 scientiam
1593 3679 1684 3732 Dei
1710 3695 1853 3735 com-

277 3763 649 3831 prehendere;
697 3778 794 3832 per
816 3764 1073 3835 pugillum
1123 3767 1270 3821 enim
1305 3767 1392 3822 hic
1451 3768 1611 3823 ﬁdem
1644 3770 1851 3840 signiﬁ-

277 3861 383 3915 cat,
405 3861 698 3923 aperteque
720 3855 957 3909 ostendit
988 3855 1133 3910 illam
1182 3857 1465 3912 scientiam
1494 3899 1510 3924 ,
1538 3860 1652 3915 sive
1667 3863 1850 3933 cogni-

279 3942 483 3997 tionem
511 3943 605 3998 Dei
642 3944 870 4000 Domino
907 3955 1212 4016 acceptam,
1255 3964 1417 4018 quam
1440 3951 1574 4006 ﬁdes
1599 3967 1851 4024 compre-

278 4031 522 4087 hendere
550 4040 771 4102 potest;
807 4045 863 4089 et
890 4037 1352 4105 quemadmodum
1385 4039 1476 4110 qui
1508 4042 1711 4113 pugillo
1728 4044 1847 4114 plus

276 4123 393 4177 vult
438 4124 925 4192 comprehendere,
973 4126 1107 4181 nihil
1161 4129 1394 4198 proﬁcit,
1442 4139 1614 4187 totum
1643 4135 1845 4206 quippe

276 4213 517 4267 decurrit
542 4225 595 4268 et
625 4216 790 4280 cadit,
827 4224 991 4285 atque
1042 4216 1306 4274 inutiliter
1332 4219 1559 4287 laborat,
1581 4222 1660 4278 sic
1688 4240 1844 4279 men-

276 4318 402 4361 sura
432 4302 525 4357 Dei
548 4305 792 4359 scientiae
830 4306 966 4360 ﬁdes
1015 4317 1120 4361 est.
1169 4306 1388 4364 Credere
1432 4312 1574 4366 enim
1618 4323 1838 4382 oportet,

1972 473 2072 523 re't.
2104 470 2159 522 Si
2184 472 2330 524 enim
2361 470 2428 524 de
2453 469 2736 524 sacerdote
2765 469 3010 530 dixisset,
3042 468 3199 539 plane
3225 470 3328 525 hoc
3358 473 3548 541 utique

1968 562 2111 616 sicut
2139 562 2194 615 in
2222 560 2509 622 sacriﬁcio.
2532 561 2599 614 de
2621 568 2842 628 peccato
2904 561 3171 615 sancitum
3197 570 3361 627 esset,
3399 563 3549 631 quod

1968 661 2023 705 et
2047 652 2225 720 ipsum
2257 651 2325 706 de
2366 651 2542 705 simila
2565 649 2747 711 ﬁebat,
2773 651 3017 705 adderet.
3050 650 3124 704 lbi
3157 653 3305 706 enim
3335 668 3548 708 memo-

1968 740 2100 797 riale
2132 758 2252 797 esse
2272 744 2387 797 vult
2424 741 2527 797 hoc
2548 744 2692 812 quod
2730 742 2784 795 in
2844 742 3045 811 pugillo
3073 743 3367 797 sacerdotis
3389 744 3551 799 oﬁ‘cr—

1972 843 2059 888 tur
2084 833 2195 887 Deo
2233 832 2420 887 :aliud
2458 834 2741 902 quidpiam
2766 833 3021 888 sanciens
3065 843 3219 887 extra
3244 835 3349 889 hoc
3400 835 3549 904 quod

1966 940 2115 980 nunc
2145 926 2369 988 dicitur,
2404 926 2545 979 sicut
2576 926 2742 995 paulo
2769 926 3043 995 posterius
3063 928 3434 983 ostendemus.
3453 929 3549 985 llic

1970 1031 2100 1071 vero
2129 1032 2239 1070 non
2270 1016 2342 1070 ita
2367 1057 2382 1080 ,
2415 1017 2510 1071 sed
2560 1025 2798 1086 sumpto,
2834 1019 3135 1073 Secundum
3165 1021 3309 1089 quod
3342 1020 3548 1076 dict-sm

1969 1118 2071 1173 est,
2107 1124 2175 1163 eo
2242 1110 2388 1177 quod
2441 1108 2634 1163 oﬁeret
2686 1110 2940 1163 sacerdos
2967 1110 3107 1180 (esse
3159 1122 3339 1167 autem
3403 1113 3549 1169 hunc

1964 1196 2149 1253 Jesum
2185 1198 2467 1268 didicisti),
2501 1197 2755 1252 sacriﬁcii
2777 1200 3088 1255 memoriale
3116 1202 3171 1255 in
3186 1204 3395 1259 cmlesti
3421 1205 3551 1259 olle-

1965 1298 2048 1343 ret
2073 1289 2251 1342 altari.
2283 1288 2597 1343 Memoriale
2651 1298 2835 1343 autem
2867 1292 3198 1359 cognitionis
3232 1294 3324 1348 Dei
3368 1297 3545 1364 perfe-

1964 1389 2050 1435 cta
2105 1382 2336 1436 scientia
2396 1389 2499 1445 est,
2533 1381 2693 1450 cujus
2742 1398 2961 1454 seraper
3000 1400 3270 1439 memores
3319 1386 3541 1450 erimus,

1963 1472 2179 1541 quando
2207 1473 2325 1543 ejus
2347 1487 2573 1542 capaces
2595 1472 2880 1538 fuerimus,
2937 1491 3060 1544 quae
3120 1482 3397 1545 nunquam
3453 1479 3545 1532 de-

1964 1563 2214 1629 struitur,
2238 1579 2359 1632 quae
2383 1579 2502 1619 eam
2545 1579 2666 1634 qua:
2680 1580 2828 1619 nunc
2843 1574 2946 1631 est,
2993 1582 3105 1619 non
3136 1575 3194 1620 ut
3213 1569 3540 1622 contrariam

1963 1652 2216 1716 destruit,
2241 1654 2340 1709 sed
2372 1663 2582 1723 partem
2608 1670 2729 1710 eam
2781 1656 3058 1710 minimam
3101 1673 3220 1712 esse
3270 1674 3365 1727 per
3389 1672 3542 1713 suam

1963 1744 2351 1813 plenitudinem
2379 1753 2667 1808 monstrat,
2688 1744 2990 1799 secundum
3019 1746 3165 1814 quod
3191 1746 3401 1800 dictum
3421 1756 3537 1801 est:

1964 1834 2048 1888 Ea:
2080 1845 2230 1906 parte
2251 1836 2626 1906 cognoscimus,
2661 1845 2710 1890 et
2740 1854 2803 1891 ex
2832 1848 2982 1903 parte
3006 1816 3392 1907 prophetarum.
3410 1839 3544 1893 Cum

1962 1938 2139 1981 autem
2165 1929 2360 1982 venerit
2389 1930 2526 1998 quod
2550 1930 2835 1998 perfectum
2882 1940 2978 1993 est,
3032 1930 3372 1987 evacuabitur
3400 1934 3541 1999 quod

1961 2035 2026 2073 ea:
2048 2029 2201 2088 parte
2221 2020 2378 2075 est”.
2414 2021 2477 2073 Et
2510 2021 2784 2088 quomodo
2839 2021 3220 2085 evacuabitur,
3252 2026 3397 2077 clare
3418 2037 3538 2099 ma-

1962 2112 2492 2166 nilestatsnbdens:
2532 2112 2773 2166 Videmus
2810 2128 2948 2167 nunc
3011 2128 3104 2182 per
3158 2113 3428 2184 speculum
3480 2115 3540 2168 in

1967 2203 2268 2272 a'nigmate.
2297 2212 2420 2256 tunc
2449 2212 2626 2256 autent
2660 2204 2796 2274 facie
2828 2204 2898 2256 ad
2926 2204 3140 2273 faciem.
3181 2203 3542 2277 Nanccogno-

1962 2310 2048 2349 sco
2076 2310 2139 2347 ea:
2157 2303 2329 2363 parte,
2360 2305 2482 2347 tunc
2512 2310 2816 2364 cognoscam
2844 2296 2979 2348 sicut
3010 2304 3057 2350 et
3078 2297 3312 2367 cognitus
3340 2297 3536 2352 sunt".

1964 2383 2078 2440 lloc
2110 2387 2438 2440 sacriﬁcium
2488 2386 2714 2442 odorem
2781 2386 3168 2441 suavissimum
3230 2389 3543 2444 necessarie

1962 2476 2193 2532 Domino
2220 2478 2234 2531 Ι
2258 2478 2492 2547 ~gislatoc
2523 2476 2830 2548 appellavit.
2858 2476 3090 2533 Odorem
3129 2478 3184 2532 in
3204 2478 3431 2534 Domino
3456 2488 3543 2534 est

1962 2567 2223 2637 cognitio,
2247 2568 2362 2621 sive
2391 2568 2618 2623 scientia
2644 2567 2794 2637 ejus;
2821 2576 2874 2644 et
2906 2583 2974 2624 ne
2992 2567 3094 2622 hoc
3114 2569 3348 2634 dubites,
3372 2570 3547 2625 habes

1962 2658 2028 2712 ad
2054 2658 2156 2711 hoc
2189 2672 2404 2727 quoque
2429 2656 2657 2711 Paulum
2703 2657 3113 2712 veracissimum
3149 2668 3340 2714 testem
3377 2676 3392 2714 :
3429 2660 3546 2715 Deo

1962 2749 2100 2801 enim
2136 2750 2363 2819 gratias,
2395 2749 2591 2818 inquit,
2621 2750 2711 2820 qui
2756 2765 2960 2818 semper
2980 2752 3269 2819 triumphat
3305 2768 3398 2819 per
3447 2768 3542 2808 nos

1961 2840 2017 2892 in
2045 2839 2252 2893 Christo
2275 2838 2420 2905 Jesu,
2442 2849 2491 2893 et
2523 2840 2730 2894 odorem
2756 2841 2955 2895 notitia:
2978 2856 3090 2896 sua:
3112 2843 3414 2912 manifestat
3447 2857 3542 2911 per

1963 2946 2053 2983 nos
2087 2930 2139 2982 in
2161 2932 2304 2983 omni
2344 2930 2456 2984 loco
2481 2931 2547 2984 ⁸⁸.
2572 2932 2707 2986 Ecce
2742 2931 2957 2985 interim
2988 2933 3284 3002 cognovisti
3312 2932 3540 2986 odorem

1960 3023 2188 3076 notitiai.
2213 3021 2395 3077 Sedet
2430 3025 2628 3077 bonum
2686 3025 2906 3078 odorem
2965 3024 3019 3077 in
3082 3024 3542 3093 subsequentibus

1959 3113 2084 3167 audi
2129 3112 2304 3176 :Quia
2334 3112 2525 3167 Christi
2591 3115 2752 3167 bonus
2781 3116 2909 3167 odor
2973 3130 3175 3179 sumus,
3205 3114 3260 3167 in
3312 3114 3393 3168 his
3450 3116 3544 3185 qui

1956 3206 2090 3258 salvi
2109 3214 2250 3269 sunt,
2276 3214 2324 3258 et
2354 3206 2408 3258 in
2431 3206 2512 3258 his
2546 3207 2635 3274 qni
2672 3218 2886 3274 pereunt
2915 3207 2982 3260 ⁸³.
3051 3205 3257 3261 Deinde
3296 3207 3427 3262 dicit
3457 3208 3537 3262 le-

1957 3300 2177 3370 gislator
2210 3315 2225 3353 ι

1988 3456 2007 3467 ἧ
2028 3389 2178 3453 Quod
2210 3399 2386 3442 autem
2419 3390 2676 3459 reliquum
2701 3390 2859 3459 fuerit
2882 3391 2944 3445 de
2971 3390 3230 3458 sacriﬁcio
3249 3392 3542 3453 eritAarcn

1959 3491 2006 3535 et
2039 3481 2267 3549 ﬁliorum
2291 3483 2426 3550 ejus,
2474 3490 2714 3535 sanctum
2759 3491 3061 3534 sanctorum
3102 3489 3164 3535 de
3186 3481 3537 3542 oblationibus

1958 3573 2192 3628 Domini.
2236 3574 2521 3643 Reliquum
2544 3574 2619 3627 ait
2647 3573 2715 3627 de
2764 3572 2850 3625 illa
2909 3572 3169 3641 perfecta,
3197 3574 3332 3627 etin
3380 3576 3537 3631 cmlis

1957 3664 2278 3719 abscondita
2300 3674 2463 3734 atque
2502 3665 2737 3733 reposita
2787 3663 2842 3717 in
2875 3662 3093 3718 Christo
3154 3663 3382 3719 scientia
3418 3667 3539 3721 sive

1956 3756 2166 3811 notitia.
2188 3757 2250 3811 In
2279 3759 2391 3826 ipso
2423 3757 2560 3809 enim
2579 3764 2700 3809 sunt
2733 3754 2966 3810 thesauri
2981 3756 3255 3823 sapientia:
3282 3764 3334 3809 et
3361 3759 3526 3811 scien-

1955 3851 2044 3905 tia:
2066 3850 2353 3904 absconditi
2382 3848 2447 3904 “.
2484 3847 2744 3903 Sanctum
2773 3857 3083 3901 sanctorum
3104 3856 3189 3901 est
3212 3847 3280 3902 de
3299 3848 3531 3904 oblatic-

1953 3940 2118 3996 nibus
2150 3939 2386 4003 Domini,
2413 3939 2623 4009 partilis
2640 3937 2788 3993 enim
2809 3945 2894 3992 est
2928 3937 3154 3993 scientia
3179 3954 3301 4008 qua:
3322 3939 3531 4011 reliqua

1953 4040 2058 4097 est,
2084 4045 2277 4086 omnes
2311 4039 2491 4086 tamen
2517 4029 2649 4085 alias
2701 4043 2986 4099 superans,
3027 4037 3082 4084 et
3107 4032 3417 4101 perducens
3458 4036 3525 4089 a-l

1950 4122 2569 4195 perfectionemJaron
2627 4137 2756 4192 ergo
2796 4129 2851 4176 et
2922 4121 3156 4176 ﬁliorum
3215 4121 3336 4192 ejus
3397 4123 3526 4176 erit.

1950 4216 2130 4271 Aaron
2160 4225 2339 4271 autem
2373 4230 2501 4268 arca
2561 4213 2647 4268 vel
2690 4221 2971 4267 montanus
3021 4214 3432 4284 interpretatur,
3472 4215 3526 4271 id

1957 4316 2062 4373 est,
2081 4307 2189 4360 alta
2221 4306 2290 4360 de
2314 4305 2425 4360 Deo
2459 4304 2792 4374 intelligens.
2818 4305 2944 4374 quia
2966 4314 3021 4360 et
3045 4320 3195 4371 arca,
3218 4314 3405 4376 utpote
3427 4308 3523 4362 ha-

220 4387 231 4403 ’
275 4392 419 4450 sicut
440 4394 644 4449 Paulus
669 4396 763 4458 ait,
794 4398 885 4466 qui
914 4397 1117 4451 accedit
1158 4406 1229 4453 a‘d
1276 4399 1466 4467 Deum,
1520 4404 1645 4473 quia
1673 4415 1746 4458 est
1779 4407 1843 4460 ⁷⁸.
1881 4403 1927 4462 ι)
1953 4402 2092 4456 hens
2119 4400 2174 4455 in
2204 4413 2265 4453 se
2292 4398 2466 4468 legem
2497 4395 2592 4451 Dei
2610 4404 2665 4451 et
2712 4396 2947 4467 eloquia,
2983 4397 3180 4453 oﬁ'erre
3207 4398 3527 4468 pradictum

279 4486 345 4542 Et
368 4503 562 4542 rursus
585 4506 598 4541 :
620 4487 746 4544 Sine
774 4491 878 4559 ﬁde
910 4492 1230 4561 impossibile
1267 4505 1344 4550 est
1381 4496 1588 4565 placere
1642 4498 1748 4555 Deo
1779 4502 1846 4556 ".

281 4578 344 4633 Et
367 4586 424 4633 ut
451 4580 697 4637 dicamus
726 4582 991 4648 breviter,
1010 4599 1165 4638 omne
1196 4587 1335 4656 quod
1382 4603 1485 4640 non
1540 4598 1618 4642 est
1654 4605 1720 4644 ea:
1746 4590 1851 4658 [ide

275 4677 552 4736 peccatum
587 4679 663 4724 est
686 4709 703 4736 ,
733 4670 874 4726 sicut
904 4671 1052 4727 idem
1096 4675 1175 4729 ad.
1222 4673 1496 4731 Romanos
1534 4678 1752 4747 scripsit
1779 4681 1845 4736 ⁷⁷.

275 4755 418 4826 Ergo
441 4771 550 4811 non
586 4766 766 4827 potest
786 4774 907 4814 esse
955 4761 1274 4832 gloriﬁcatio
1314 4762 1370 4817 in
1403 4763 1737 4822 inﬁdelitate.
1762 4767 1850 4822 ln-

1948 4492 2274 4549 saeriﬁeium
2301 4498 2501 4561 potest.

2018 4584 2183 4638 Vens.
2224 4580 2279 4635 4.
2311 4599 2331 4633 ι
2368 4580 2505 4635 Cum
2559 4590 2742 4635 autem
2772 4580 3040 4636 obtuleris
3076 4580 3403 4636 sacriﬁcium
3428 4598 3524 4638 co-

1950 4685 2098 4730 etum
2128 4674 2184 4728 in
2215 4673 2430 4728 clibano
2474 4673 2544 4728 de
2589 4673 2788 4738 simila,
2840 4688 3012 4743 panes
3050 4672 3268 4728 scilicet
3320 4673 3527 4743 absqun

1947 4770 2254 4836 fermento,
2316 4781 2642 4838 conspersos
2675 4767 2830 4833 oleo,
2879 4776 2936 4822 et
2969 4767 3160 4839 lagana
3196 4780 3382 4838 azyma
3401 4766 3527 4819 oleo

276 4843 438 4898 tende
467 4852 652 4898 autem
672 4845 796 4915 quia
824 4862 951 4901 cum
988 4849 1115 4902 oleo
1161 4848 1321 4918 jubet
1367 4850 1600 4908 similam
1651 4853 1846 4925 accipi,
1945 4861 2062 4917 lita.
2093 4878 2115 4914 ι

196 4960 211 4961 ί
272 4934 616 5003 apertissime
646 4934 1049 5009 eleemosynam
1096 4953 1200 4994 nos
1246 4938 1427 4996 facere
1464 4942 1670 4998 volens.
1719 4943 1855 4999 Date

271 5024 417 5078 enim
449 5025 854 5100 eleemosgnam,
892 5028 1069 5099 inquit
1098 5030 1382 5095 Dominus,
1404 5042 1453 5088 et
1511 5050 1625 5089 ecce
1670 5037 1849 5091 omnia

2017 4951 2373 5008 Admirabilis
2403 4960 2491 5006 est
2523 4936 2849 5022 legislatoris
2891 4950 3148 5031 intentio.
3188 4964 3289 5021 per
3338 4947 3524 5003 omnia

1950 5037 2225 5091 subtiliter
2253 5038 2517 5093 incedens
2547 5054 2563 5091 :
2593 5038 2721 5108 quia
2750 5038 2898 5092 enim
2944 5037 3191 5092 scientia
3234 5036 3354 5099 Dei,
3405 5034 3521 5089 sive

271 5117 470 5169 munda
496 5120 893 5175 eruntvobis".
952 5119 1114 5176 Jubet
1159 5131 1342 5179 autem
1395 5138 1557 5179 omne
1606 5125 1734 5182 thus
1790 5126 1845 5181 in
1944 5129 2157 5185 notitia:
2187 5129 2447 5198 superius
2476 5131 2809 5186 mentionem
2844 5129 2994 5194 fecit,
3013 5144 3085 5184 ne
3110 5128 3254 5183 forte
3312 5125 3521 5198 putaris

271 5207 477 5278 pugillo
492 5209 665 5264 sumi:
689 5226 873 5276 omne,
890 5213 1093 5282 quare?
1118 5215 1243 5283 quia
1263 5230 1481 5285 semper
1493 5224 1706 5284 oportet
1726 5232 1844 5271 ora-

270 5308 332 5349 re
354 5334 370 5359 ,
402 5306 456 5351 et
490 5298 617 5353 sine
636 5299 1039 5359 intermissione
1065 5304 1268 5375 gratias
1287 5320 1468 5377 agere,
1482 5307 1625 5362 sicut
1642 5306 1842 5366 Paulus

268 5385 348 5442 ait
367 5388 435 5442 τ’.
455 5389 560 5446 Sed
584 5392 710 5462 quis
736 5404 819 5450 est
842 5396 935 5465 qui
969 5395 1028 5450 in
1073 5397 1275 5467 pugillo
1315 5398 1493 5452 tollit?
1542 5400 1840 5456 secundum

340 5604 388 5637 ⁷³
412 5604 550 5664 Gen.
580 5624 733 5675 xviri,
767 5611 819 5664 ϐ.
895 5611 944 5643 ⁷³
972 5618 1093 5667 Act.
1130 5630 1184 5669 x.
1213 5614 1265 5674 4,
1297 5615 1348 5669 5.

1947 5229 2100 5275 extra
2130 5235 2249 5275 eam
2281 5235 2403 5277 esse
2432 5221 2854 5291 dispensationis
2873 5220 3162 5280 Dominicse
3180 5219 3518 5291 mysterium,

1948 5311 2076 5368 vide
2104 5311 2382 5382 quomodo
2428 5327 2528 5383 per
2583 5313 2869 5384 enigmata
2929 5311 3176 5381 exponit,
3225 5309 3524 5365 nativitatis

1950 5404 2090 5474 ejus,
2155 5404 2338 5460 crucis
2383 5413 2441 5459 et
2488 5403 2906 5460 resurrectionis
2944 5402 3134 5458 volens
3178 5402 3528 5458 introducere

1432 5616 1477 5686 τε
1506 5616 1621 5686 Jac.
1654 5635 1705 5686 v,
1730 5618 1815 5682 14,
1849 5628 1857 5671 4

2002 5621 2049 5653 ⁷⁸
2067 5618 2229 5675 Hebr.
2267 5638 2343 5680 iu.
2386 5622 2440 5686 6,
2516 5623 2563 5653 ⁷⁸
2581 5623 2710 5678 ibid.
2760 5624 2803 5656 ’⁷
2835 5622 2988 5677 Rom.
3018 5622 3238 5685 xwﬂZ’i.
3317 5622 3359 5654 ⁷⁸
3388 5621 3524 5678 an.

270 5689 347 5741 ιι,
378 5676 467 5731 41.
543 5679 589 5712 ⁷³
627 5678 647 5731 Ι
684 5679 883 5735 Thess.
906 5699 961 5746 γ,
992 5683 1073 5741 l7.
1150 5683 1198 5715 '°
1224 5685 1243 5738 Ι
1274 5686 1399 5741 Cor.
1431 5685 1567 5753 Xlil,
1595 5689 1645 5743 9.
1690 5676 1765 5720 ’⁸³
1798 5676 1852 5744 ib

1966 5690 2051 5745 te.
2129 5692 2176 5724 ιι
2206 5692 2251 5746 n
2276 5676 2484 5760 Conlt,
2518 5676 2624 5749 ui
2665 5676 2728 5728 ὐ
2751 5694 2880 5749 ibid.
2907 5676 3027 5749 is.
3067 5676 3531 5760 ntemnas.)
