4076 6188
537 245 644 312 807

1727 243 2086 306 HESYCHII
2144 241 2613 302 PRESBYTEBI

3688 245 3796 306 808

543 358 929 413 narrationem.
957 355 1291 412 Sacriﬁcium
1351 364 1587 422 coctum,
1625 355 1824 410 Christi
1877 355 2114 431 appellat
2142 360 2186 415 Α
2215 349 2376 405 offert
2405 367 2418 405 :
2447 350 2677 420 Eﬂ'undit
2704 366 2861 420 super
2897 366 3014 403 eam
3049 349 3258 412 oleum;
3299 348 3384 403 hic
3418 359 3623 414 autem,
3665 354 3796 422 quia

539 449 992 511 incarnationem,
1023 449 1090 501 ad
1125 449 1227 500 hoc
1275 447 1418 500 enim
1453 448 1767 503 incarnatus
1811 457 1895 500 est
1930 457 1989 500 ut
2013 447 2114 498 im-

539 543 858 595 molaretur.
887 541 1111 608 l’ropter
1132 538 1278 607 quod
1306 553 1452 602 eum,
1488 539 1700 609 Agnum
1730 538 1824 592 Dei
1859 540 1949 608 qui
1980 537 2115 590 tollit

539 641 758 699 peccata
785 630 965 682 mundi
980 629 1047 690 ⁸³,
1077 627 1319 683 Joannes
1351 628 1589 699 Baptista
1615 629 1928 699 appellavit.
1949 629 2115 682 Recte

539 739 670 792 ergo
699 719 1020 774 sacriﬁciqu
1050 720 1102 772 in
1154 720 1258 774 hoc
1292 721 1429 782 loco,
1465 729 1524 773 ut
1546 721 1894 773 denuntiaret
1916 718 2114 772 nativi-

541 820 708 865 tatem
736 810 874 879 ejus,
902 809 1100 864 dicitur
1123 820 1338 863 coctqu
1371 809 1422 862 in
1443 809 1676 869 clibano.
1712 808 1803 862 Dei
1822 807 2116 862 Genitricis

543 899 793 953 videlicet
821 907 997 952 utero.
1038 897 1130 951 Illa
1162 899 1308 952 enim
1372 899 1620 952 clibanus
1671 898 1978 952 necessarie
2018 913 2116 952 no-

539 990 797 1054 minatur,
833 991 958 1058 quia
991 998 1045 1043 et
1080 1005 1248 1059 panes
1301 990 1585 1060 ignemque
1607 991 1841 1058 desuper
1869 989 2114 1043 clibanus

541 1082 788 1151 suscipit,
813 1083 954 1136 sicut
976 1090 1028 1136 et
1055 1081 1145 1135 Dei
1182 1081 1456 1144 Genitrix,
1479 1083 1727 1151 desuper
1746 1082 1868 1136 vita:
1894 1096 2110 1150 panem,

543 1175 637 1229 Dei
671 1174 919 1229 videlicet
944 1174 1177 1227 Verbum
1210 1173 1263 1226 in
1286 1189 1386 1226 suo
1407 1183 1578 1237 utero,
1611 1174 1900 1243 ignemque
1927 1188 2114 1228 susce-

542 1266 620 1333 pit
651 1264 951 1332 pratsentite
977 1263 1232 1332 Spiritus.
1287 1261 1516 1330 Spiritus
1547 1263 1712 1328 enim,
1747 1263 1942 1332 inquit,
1996 1279 2115 1316 san-

541 1365 654 1408 ctus
687 1355 1009 1422 superveniet
1033 1356 1083 1407 in
1109 1362 1177 1420 te,
1215 1365 1262 1407 et
1288 1355 1450 1406 virtus
1505 1353 1762 1406 Altissimi
1785 1352 2113 1405 obumbrabit

543 1449 636 1502 tibi
667 1449 732 1501 “.
761 1447 916 1502 llunc
949 1447 1178 1518 Moyses,
1202 1446 1420 1515 quando
1437 1447 1578 1499 Deus
1607 1446 1675 1499 ad
1703 1446 1972 1499 Abraham
2004 1444 2113 1497 dis-

541 1541 723 1608 posuit
769 1538 993 1593 seminis
1025 1546 1428 1601 testamentum,
1457 1537 1727 1590 clibanum
1760 1535 2112 1591 commenda-

544 1631 648 1694 vit;
667 1631 744 1682 ait
763 1630 933 1690 enim,
957 1628 1082 1696 quia
1114 1628 1367 1681 veniente
1389 1628 1503 1681 sole
1525 1629 1591 1680 ad
1619 1642 1892 1690 occasum,
1920 1625 2111 1695 (signi-

2217 443 2483 498 lncarnati
2539 443 2800 512 pietatem
2858 441 3144 513 signiﬁcat,
3219 457 3329 495 non
3383 445 3484 507 ait,
3557 445 3793 498 cﬂundit

2214 532 2414 596 oleum,
2453 532 2570 598 sed,
2606 531 2781 587 Panes
2805 532 2859 584 in
2899 531 3009 585 oleo
3073 529 3371 602 conspersos
3413 536 3644 602 exponit.
3696 536 3794 590 llis

2215 621 2358 674 enim
2391 622 2573 676 verbis
2601 621 2924 692 signiﬁcavit
2972 622 3185 676 Domini
3246 623 3605 679 nativitatem.
3651 627 3790 682 Sub-

2215 712 2569 780 sequentibus
2591 721 2772 765 autem
2807 719 2862 766 et
2891 713 3200 781 passionem
3221 712 3509 783 signiﬁcat.

2285 804 2447 860 Vens.
2489 806 2540 869 5,
2573 805 2626 861 6.
2673 823 2691 856 ι
2731 804 2788 859 Si
2828 806 3030 860 oblatio
3071 815 3162 860 tua
3207 805 3371 860 fuerit
3413 808 3479 861 de
3520 809 3792 880 sartagine

2214 897 2405 952 similae
2445 909 2772 968 conSpersze‘
2797 897 2936 963 oleo,
2974 907 3030 952 et
3072 899 3278 967 absque
3328 897 3618 966 fermento,
3653 903 3792 956 divi.

2212 987 2308 1041 des
2336 1004 2453 1042 eam
2488 989 2816 1052 minutatim,
2851 989 3212 1059 eﬁundesque
3245 1005 3409 1060 supra
3442 993 3639 1048 oleum.
3677 1013 3696 1046 ι

2287 1080 2622 1133 Sacriﬁcium
2640 1079 2706 1134 de
2737 1081 3010 1150 sartagine
3028 1081 3489 1150 dispensationem
3524 1084 3796 1152 passionis

2214 1171 2449 1239 appellat
2477 1170 2778 1241 Unigeniti:
2810 1185 3026 1224 crucem
3060 1172 3342 1225 assimilari
3377 1176 3630 1244 sartaginl
3663 1189 3795 1245 pro-

2214 1272 2398 1331 pterea
2419 1262 2826 1332 judicans,quia
2852 1274 3066 1332 sartago
3088 1263 3144 1316 in
3184 1273 3392 1318 tantum
3425 1263 3706 1332 estfortis,
3733 1272 3793 1323 ut

2214 1353 2553 1423 superposita
2588 1352 2851 1423 igni,ipsa
2888 1353 3105 1422 quidem
3137 1369 3244 1407 non
3289 1365 3660 1421 consumatur,
3689 1374 3796 1412 nec

2213 1445 2446 1514 aliquam
2467 1444 2872 1515 corruptionem
2898 1445 3166 1499 sustineat
3190 1454 3281 1499 aut
3299 1444 3739 1503 imminutionem
3775 1490 3794 1514 ,

2213 1537 2585 1607 superpositos
2597 1545 2778 1592 autem
2795 1537 2946 1590 cibos
2964 1552 3086 1590 mox
3104 1546 3162 1590 ut
3182 1537 3358 1608 ignem
3379 1539 3673 1609 tetigerint,
3703 1543 3795 1595 vel

2214 1629 2260 1684 si
2286 1629 2534 1683 duriores
2558 1627 2779 1692 fuerint,
2803 1642 2912 1680 non
2932 1627 3419 1698 longointervallo
3468 1639 3622 1698 aptos
3666 1632 3798 1686 esui

544 1721 668 1774 ﬁcat
695 1720 781 1773 hic
801 1719 960 1773 ﬁnem
997 1718 1210 1787 mundi)
1237 1717 1451 1770 ﬁamma
1472 1718 1610 1771 facta
1643 1726 1743 1781 est,
1777 1723 1833 1770 et
1867 1731 1992 1770 cccc
2017 1731 2115 1786 ap-
2145 1698 2188 1756 Β
2218 1721 2412 1779 reddit.
2463 1719 2555 1775 Sic
2601 1728 2657 1774 et
2687 1718 2891 1774 Christi
2926 1733 3077 1784 crux,
3120 1716 3274 1772 fortis
3306 1719 3525 1788 quidem
3577 1730 3795 1778 tantum

545 1811 989 1880 paruitclibanus
1015 1809 1214 1862 ardens
1233 1809 1300 1862 ".
1350 1809 1417 1862 Et
1460 1808 1589 1876 quid
1632 1816 1717 1861 est
1751 1806 1884 1862 hoc?
1908 1806 2116 1860 addidit

542 1913 598 1957 et
621 1903 910 1972 fumigans,
931 1910 986 1954 et
1008 1900 1259 1955 translvit
1287 1917 1384 1970 per
1407 1901 1642 1954 medium
1662 1899 2018 1954 divisionum.
2051 1899 2112 1953 ln

543 1994 632 2047 die
690 1993 775 2047 illa
837 1992 1045 2062 pepigit
1088 1991 1346 2045 Dominus
1411 1991 1584 2046 fmdus
1635 2006 1758 2045 cum
1817 1990 2110 2044 Abraham.

544 2083 772 2149 Quando
795 2083 939 2137 enim
986 2082 1222 2137 caelestis
1250 2083 1409 2153 ignis,
1479 2080 1711 2151 Spiritus
1750 2081 2023 2146 videlicet,
2058 2079 2113 2134 in

541 2175 755 2229 clibano
779 2173 917 2227 uteri
948 2173 1240 2228 Genitricis
1268 2173 1363 2228 Dei
1391 2175 1560 2239 venit,
1594 2186 1654 2228 nt
1681 2183 1821 2228 totas
1843 2173 2112 2230 accende-

543 2273 628 2319 ret
659 2263 845 2317 mundi
875 2272 1078 2332 partes,
1115 2269 1244 2317 tunc
1294 2271 1680 2318 testamentum
1746 2264 1888 2319 Deus
1939 2265 2113 2318 Abra-

545 2355 689 2418 ham,
711 2353 763 2408 id
788 2362 872 2407 est
903 2353 1153 2424 gentibus
1175 2353 1442 2422 disposuit
1480 2371 1493 2407 :
1528 2354 1798 2414 Abraham
1826 2354 1971 2408 enim
2013 2371 2113 2424 pa-

543 2456 622 2499 ter
651 2447 882 2516 gentium
933 2445 1271 2498 nominatur.
1300 2445 1356 2499 Si
1411 2461 1539 2515 ergo
1568 2461 1769 2501 munus
1799 2446 1998 2502 oﬁeres
2027 2447 2113 2501 in-

542 2536 878 2590 carnationis
895 2534 1190 2606 Unigeniti,
1234 2551 1356 2605 quae
1384 2536 1441 2590 in
1484 2546 1675 2592 ventre
1710 2537 1947 2609 Virginis
1973 2539 2112 2594 facta

542 2637 647 2692 est,
682 2643 789 2680 non
819 2628 975 2681 aliter
997 2634 1282 2695 acceptum
1312 2635 1396 2681 est
1427 2626 1557 2689 Deo,
1600 2628 1703 2682 nisi
1765 2638 1981 2684 coctum
2045 2629 2113 2683 de

539 2719 738 2784 simila,
768 2715 818 2773 id
845 2735 912 2772 ex
950 2717 1042 2772 Dei
1065 2718 1291 2772 scientia
1323 2719 1407 2773 vel
1441 2719 1632 2773 notitia
1660 2719 1771 2774 ﬁat.
1796 2720 1948 2776 Unde
1966 2722 2111 2775 enim

543 2809 761 2864 aliunde
793 2811 859 2864 de
881 2810 982 2864 hac
1018 2825 1077 2864 re
1106 2809 1459 2876 locutionem,
1522 2811 1623 2864 nisi
1652 2811 1719 2866 ab
1749 2813 2010 2881 apostolis
2059 2820 2114 2867 et

542 2901 824 2971 prOphetis
887 2902 1256 2970 sumpsimus?
1307 2903 1480 2958 Verba
1539 2918 1668 2973 ergo
1741 2903 2108 2973 apostolorum

541 3011 711 3065 panes
747 2995 952 3063 accipe,
977 2995 1368 3064 prophetarum
1420 3012 1550 3050 vero
1581 2997 1768 3068 lagana
1799 3014 1812 3049 :
1846 3005 2108 3067 quantum
2137 3031 2180 3088 ο

541 3086 687 3139 enim
719 3100 888 3154 panes
917 3102 946 3139 a
976 3086 1183 3156 lagonis
1243 3087 1310 3141 ad
1343 3088 1690 3141 nutriendum
1749 3095 1876 3141 sunt
1932 3087 2109 3156 aptio-

543 3193 652 3242 res,
691 3186 899 3231 tantum
915 3179 1078 3233 verba
1109 3180 1474 3248 apostolorum
1493 3180 1673 3234 verbis
1698 3180 2108 3249 prophetarum;

541 3269 758 3336 utrique
774 3277 952 3322 autem
978 3269 1182 3339 azymi,
1213 3271 1338 3339 quia
1371 3286 1435 3324 ex
1469 3270 1570 3324 alia
1601 3270 1844 3325 doctrina
1871 3269 2113 3323 fermen-

544 3368 657 3412 tum
694 3373 803 3412 non
839 3359 1060 3424 habent,
1086 3361 1236 3415 verbi
1287 3361 1457 3431 gratia
1516 3361 1793 3430 sapientiae
1816 3361 2112 3424 saecularis,

541 3449 687 3515 quod
729 3448 1268 3505 hatreticisconvenit
1305 3452 1586 3505 accedere.
1624 3451 1690 3506 Hi
1736 3451 1938 3520 quippe
1985 3466 2112 3505 cum

543 3537 808 3592 exteriora
840 3538 1191 3595 interioribus
1223 3543 1562 3612 conjungere
1589 3543 1861 3605 nituntur,
1890 3551 1944 3596 et
1998 3542 2114 3596 lucc

543 3629 713 3699 magis
734 3629 839 3683 illis
873 3630 1142 3700 subjicere
1171 3639 1226 3685 et
1285 3631 1636 3696 fermentare,
1692 3650 1813 3703 quae
1887 3633 2117 3688 fermen-

545 3719 643 3772 tari
667 3719 975 3776 nullatenus
992 3730 1238 3789 possunt,
1269 3721 1337 3775 ab
1358 3723 1559 3793 azymis
1591 3724 1934 3778 sermonibus
1965 3723 2115 3779 exci-

541 3810 741 3865 derunt
771 3828 786 3876 ;
815 3811 911 3866 sed
968 3826 1098 3865 ecce
1148 3812 1516 3882 apostolorum
1569 3829 1737 3884 panes
1772 3815 1825 3869 in
1852 3815 1992 3880 oleo,
2062 3824 2116 3870 et

542 3902 936 3971 praphetarum
968 3901 1158 3972 lagana
1191 3903 1246 3956 in
1273 3903 1394 3957 oleo
1419 3904 1555 3959 ﬁunt
1582 3907 1952 3961 :concorditer
1968 3907 2111 3961 enim

539 4003 596 4049 et
629 3995 702 4049 ab
730 3995 856 4059 illis,
884 4004 938 4049 et
963 3995 1031 4049 ab
1088 3995 1208 4050 istis
1235 3997 1497 4067 scriptum
1532 4007 1634 4064 est,
1666 4001 1792 4069 quia
1820 4015 1920 4054 nos
1950 4000 2115 4054 mise-

544 4101 671 4138 rans
698 4084 949 4141 Christus
990 4086 1215 4142 advenit
1247 4103 1262 4154 ;
1325 4089 1420 4143 sed
1453 4090 1680 4158 apostoli
1747 4091 1961 4161 planius
1993 4109 2007 4159 ;
2040 4091 2117 4145 ait

541 4177 690 4230 enim
719 4175 916 4230 Paulus
949 4175 1438 4241 :Quemadmodum
1469 4181 1608 4232 enim
1663 4197 1750 4235 vos
1811 4183 1957 4252 prius
2017 4200 2118 4236 non

540 4267 838 4319 credidistis
861 4265 988 4330 Deo,
1023 4282 1161 4318 nunc
1188 4276 1367 4320 autent
1400 4269 1811 4322 misericordiam
1857 4272 2116 4324 consecuti

2219 1812 2338 1879 fuit,
2377 1821 2431 1866 ut
2480 1826 2700 1866 omnem
2753 1819 3056 1865 creaturam
3113 1810 3411 1880 subjiceret
3457 1810 3728 1868 Cruciﬁxo
3779 1833 3795 1869 :

2217 1917 2435 1958 carnem
2481 1913 2660 1956 autem
2709 1903 2846 1972 ejus,
2889 1917 3010 1973 qua:
3052 1902 3118 1956 ad
3160 1903 3556 1958 comedendum
3604 1905 3796 1975 inepta

2213 2002 2485 2047 eratante
2529 1994 2860 2062 passionem,
2902 1994 3046 2066 (quis
3086 1993 3231 2047 enim
3260 1994 3547 2048 comedere
3596 1992 3796 2065 cupies-

2215 2084 2310 2139 bat
2339 2099 2556 2138 carnem
2588 2083 2746 2154 Dei?)
2783 2093 2962 2154 aptam
2997 2084 3120 2138 cibo
3139 2094 3257 2154 post
3275 2084 3583 2154 passionem
3614 2085 3746 2141 fecit
3776 2093 3796 2140 1

2213 2171 2257 2225 si
2292 2169 2436 2224 enim
2484 2185 2594 2224 non
2641 2169 2834 2225 fuisset
2873 2171 3186 2238 cruciﬁxus,
3224 2172 3549 2228 sacriﬁcium
3587 2191 3796 2245 carpo-

2213 2261 2290 2315 ris
2321 2261 2440 2333 ejus
2471 2261 2692 2317 minime
2731 2263 3166 2318 comederemus.
3211 2263 3560 2320 Comedimus
3601 2274 3796 2321 autem

2213 2370 2360 2410 nunc
2403 2354 2608 2420 cibum,
2642 2363 2920 2409 sumentes
2966 2355 3085 2424 ejus
3132 2353 3450 2411 memoriam
3495 2358 3793 2425 passionis.

2216 2443 2364 2498 llanc
2397 2445 2730 2512 sartaginem
2766 2444 2907 2514 apud
2947 2445 3286 2499 Ezechielem
3319 2445 3581 2502 Dominus
3615 2448 3797 2518 signi-

2214 2534 2382 2589 ﬁcans
2411 2535 2484 2588 ait
2519 2552 2532 2586 :
2565 2534 2630 2588 Et
2665 2544 2742 2597 tu,
2779 2551 2926 2589 sume
2968 2535 3060 2588 tibi
3082 2537 3404 2605 sartaginem
3448 2539 3695 2608 ferream,
3737 2548 3795 2592 et

2213 2642 2371 2695 pones
2398 2641 2516 2680 eam
2547 2642 2756 2679 murum
2789 2628 3014 2697 ferreum
3061 2627 3198 2680 inter
3239 2639 3287 2681 te
3330 2638 3376 2682 et
3414 2629 3678 2683 civitatem
3712 2631 3792 2684 ".

2215 2717 2468 2772 Ferream
2513 2717 2732 2786 quidem
2776 2732 2894 2770 eam
2933 2725 3155 2787 propter
3192 2719 3504 2788 praedictam
3545 2722 3793 2790 appella-

2213 2809 2290 2864 vit
2331 2808 2723 2863 fortitudinem.
2773 2809 2920 2862 lnter
2953 2816 3006 2862 te
3039 2818 3218 2863 autem
3263 2820 3317 2864 et
3359 2811 3653 2876 civitatem,
3689 2814 3790 2878 ait,

2214 2897 2268 2952 id
2313 2907 2398 2952 est
2438 2896 2738 2953 Jerusalem
2773 2899 2938 2968 :qnia
2973 2900 3210 2955 maxime
3251 2902 3352 2971 ipsi
3395 2903 3448 2956 in
3488 2918 3650 2958 cruce
3681 2903 3791 2959 Do-

2214 2988 2371 3053 mini,
2402 2989 2742 3043 oﬁendentes
2775 2997 2830 3044 et
2863 2990 3025 3043 illatis
3045 2991 3390 3060 passionibus
3419 2992 3487 3046 ab
3517 2993 3634 3060 ejus
3660 3001 3794 3048 sunt

2215 3081 2442 3135 scientia
2496 3080 2752 3150 separati.
2809 3079 3122 3146 Mysterium
3180 3096 3309 3151 ergo
3365 3082 3679 3151 passionum
3732 3083 3790 3138 in

2212 3172 2333 3227 oleo
2383 3173 2780 3242 conspergitur,
2828 3171 2954 3241 quia
3001 3172 3270 3226 miserans
3315 3188 3438 3237 nos,
3483 3187 3583 3243 pro
3628 3173 3793 3228 nobis

2212 3262 2476 3318 sustinuit
2515 3272 2769 3317 mortem.
2807 3261 2963 3329 Quod
2997 3271 3052 3316 et
3083 3261 3202 3323 sine
3246 3261 3517 3318 fermento
3554 3279 3696 3331 esse,
3737 3265 3790 3318 id

2213 3365 2297 3410 est
2334 3349 2598 3409 mundum
2647 3355 2717 3410 ab
2766 3353 3024 3409 exteriori
3068 3353 3185 3408 vult
3224 3369 3347 3410 esse
3387 3355 3654 3410 doctrina.
3697 3356 3794 3411 Ait

2213 3456 2392 3501 autem
2431 3464 2444 3499 :

2286 3539 2492 3593 Diuides
2531 3556 2592 3592 ea
2637 3538 2960 3592 minutatim.
2993 3535 3065 3593 Ut
3092 3537 3145 3592 in
3175 3539 3460 3614 passiones
3497 3541 3636 3611 ejus,
3665 3557 3790 3610 qua:

2212 3645 2310 3700 per
2364 3639 2545 3700 partes
2594 3638 3022 3700 processerunt,
3076 3643 3384 3684 sermonem
3445 3631 3788 3701 dividamus,

2213 3721 2380 3776 veluti
2433 3722 2638 3792 alapis,
2687 3720 2952 3791 colaphis,
2987 3721 3198 3790 sputis,
3249 3721 3665 3794 conﬁxioneque
3710 3725 3790 3778 la-

2214 3813 2367 3868 teris.

2284 3904 2532 3975 Eﬂ'undes
2581 3919 2744 3972 supra
2794 3902 2984 3956 oleum.
3037 3900 3143 3956 Sed
3195 3903 3653 3972 quemadmodum
3699 3905 3791 3959 ille

2212 3995 2643 4052 misericordiam
2692 3995 2744 4047 in
2787 3994 2947 4048 nobis
2995 3994 3222 4057 habens,
3259 4010 3358 4064 pro
3393 3997 3550 4050 nobis
3585 4006 3788 4050 semet-

2215 4087 2392 4158 ipsum
2430 4085 2651 4140 tradidit
2696 4083 2957 4155 passioni,
3003 4085 3082 4138 sic
3125 4094 3340 4155 oportet
3381 4094 3437 4138 et
3473 4102 3573 4140 nos
3605 4087 3788 4156 proxi-

2216 4179 2321 4233 mis
2364 4177 2635 4241 misereri,
2671 4175 2980 4247 passionem
3021 4175 3357 4230 Dominieam
3396 4178 3460 4230 ad
3495 4178 3655 4246 hujus
3693 4193 3786 4231 ac-

2218 4270 2486 4340 cipientes
2502 4268 2720 4338 pietatis
2730 4266 3061 4337 exemplum,
3080 4267 3224 4319 unde
3246 4267 3352 4320 ait:
3373 4265 3614 4336 E/fundes
3627 4282 3786 4336 supra

541 4358 664 4409 estis
696 4372 789 4424 per
818 4357 1037 4408 istorum
1066 4357 1489 4422 inobedientiam,
1512 4360 1588 4412 sic
1613 4371 1662 4412 et
1689 4360 1776 4413 isti
1815 4376 1916 4412 non
1942 4363 2110 4415 credi-
2145 4359 2189 4413 D
2217 4363 2409 4428 oleum,
2438 4372 2498 4416 ut
2515 4371 2572 4416 et
2587 4375 2685 4416 nos
2697 4361 2900 4414 viscera
2921 4359 3306 4413 misericordia:
3337 4359 3787 4415 Dominisemule-

541 4449 727 4500 derunt
752 4448 807 4498 in
835 4456 1003 4499 vestra
1025 4447 1404 4514 misericordia,
1435 4459 1549 4503 utet
1567 4451 1665 4519 ipsi
1697 4451 2112 4506 misericordiam

541 4546 942 4609 consequantur.
999 4539 1266 4594 Conclusit
1322 4543 1460 4596 enim
1519 4541 1660 4596 Dens
1694 4544 1870 4597 omnia
1896 4545 1988 4597 sub
2006 4560 2116 4613 pec-

541 4638 679 4696 cuto,
705 4636 760 4688 ut
789 4630 1026 4684 omnibus
1049 4632 1366 4686 misereatur
1408 4634 1475 4687 ⁸⁸.
1529 4632 1956 4688 Misericordiam
1991 4636 2115 4689 ubi-

539 4735 648 4789 que
667 4720 902 4790 appellat
951 4722 1218 4777 adventus
1266 4723 1467 4779 Christi
1501 4726 1837 4790 mysterium,
1894 4735 2117 4796 propter

495 4806 684 4899 )quod
717 4824 892 4880 panes
938 4813 1159 4882 quidem
1215 4812 1269 4866 in
1336 4813 1457 4868 oleo
1495 4815 1777 4884 conspersi
1837 4816 2113 4870 dicuntur.

538 4902 822 4972 Prophetw
848 4910 1030 4960 autem
1052 4921 1160 4960 non
1183 4905 1282 4970 sic,
1306 4907 1401 4962 sed
1431 4907 1582 4962 velut
1600 4906 1655 4961 in
1684 4907 1969 4979 enigmata
1994 4925 2007 4973 ;
2031 4907 2117 4962 di-

536 4994 612 5047 cit
641 4996 787 5048 enim
816 4995 986 5050 David
1020 5011 1036 5051 :
1066 4996 1427 5050 Misericordia
1456 5007 1505 5050 et
1556 4999 1752 5052 veritas
1779 5000 2116 5054 obviaverunt

535 5085 713 5140 sibi”.
741 5085 801 5141 Et
831 5103 1019 5141 rursus
1051 5103 1063 5139 :
1090 5087 1313 5142 Ostende
1347 5088 1512 5151 nobis,
1545 5088 1789 5154 Domine,
1814 5091 2114 5144 misericor-

535 5176 682 5228 diam
709 5185 856 5230 tuam
886 5188 933 5231 et
955 5178 1196 5232 salutare
1225 5188 1374 5232 tuum
1406 5180 1474 5232 da
1528 5181 1672 5234 nobis
1701 5182 1767 5236 ⁸⁸.
1819 5182 2108 5251 Propterea

533 5277 645 5318 non
668 5279 984 5336 conspersa,
1014 5269 1219 5324 sedlita
1241 5270 1362 5325 oleo
1391 5271 1580 5340 lagana
1612 5272 1969 5341 appellantur.
2004 5271 2109 5326 Sed

534 5355 755 5410 etillam
783 5361 993 5414 custodi
1033 5361 1323 5416 verborum
1397 5363 1773 5426 subtilitatem,
1815 5364 2107 5434 quomodo,

535 5449 754 5514 quando
787 5451 902 5506 vult
933 5461 991 5507 ut
1020 5468 1119 5508 nos
1146 5454 1520 5521 misereantur,
1584 5455 1714 5510 dicit
1769 5457 1861 5509 de.
1898 5471 1964 5510 eo
2018 5453 2108 5522 qui

599 5581 648 5616 ⁸⁸
687 5583 845 5641 Joan.
889 5605 924 5649 ι,
961 5589 1049 5644 29.
1145 5591 1192 5622 ⁸⁸
1240 5590 1368 5645 Luc.
1410 5608 1448 5646 ι.
1495 5591 1585 5648 53.

541 5656 583 5690 ⁹¹
611 5654 812 5711 Ezech.
849 5671 920 5723 tv,
943 5659 995 5712 5.
1071 5661 1114 5692 ⁹¹
1144 5661 1272 5715 Luc.
1301 5678 1374 5728 vl,
1405 5662 1491 5716 '56.

1659 5593 1702 5625 ⁸⁷
1725 5591 1862 5647 Gen.
1894 5607 1987 5659 xv,
2033 5591 2118 5646 l7.
2171 5589 2216 5623 ⁸⁸
2254 5590 2414 5646 Rom.
2448 5607 2526 5656 XI,
2557 5591 2746 5647 50-52.

2213 4472 2372 4518 mur;
2406 4453 2481 4507 ait
2508 4451 2708 4522 quippe
2747 4469 2761 4506 ε
2792 4451 2972 4504 Estote
3020 4449 3383 4502 misericordes
3407 4451 3606 4502 sicutet
3629 4449 3790 4503 Pater

2213 4556 2378 4601 vester
2406 4544 2702 4598 misericors
2733 4550 2805 4594 est
2831 4541 2899 4594 ".
2932 4538 3067 4606 Quia
3099 4539 3244 4592 cnim
3285 4539 3388 4593 hoc
3416 4540 3482 4594 de
3511 4538 3787 4594 Dominica

2213 4635 2558 4708 proposuerit
2619 4633 2872 4704 passione
2929 4629 3266 4700 capitulum,
3329 4629 3632 4700 designatio
3691 4630 3788 4682 de-

2214 4735 2483 4782 monstrat
2535 4725 2648 4794 ipsa
2702 4738 3038 4777 sermonum.
3095 4721 3250 4786 Quod
3294 4722 3439 4775 enim
3491 4720 3788 4774 secundant

2217 4817 2357 4872 LXX
2385 4816 2610 4877 addidit,
2643 4814 2975 4884 Sacrificium
3021 4823 3096 4868 est
3139 4813 3379 4876 Domino,
3414 4815 3516 4867 hoc
3563 4811 3648 4866 hic
3696 4813 3793 4866 ad-

2213 4907 2349 4962 dens
2385 4905 2741 4975 praecipuum,
2787 4905 2931 4974 quod
2963 4920 3228 4974 nusquam
3263 4905 3319 4959 in
3381 4905 3792 4960 bolocauloma~

2214 4998 2284 5055 tis
2327 4995 2627 5066 inscripsit,
2664 5003 2757 5049 aut
2791 4995 2848 5049 in
2869 4995 3008 5050 "aliis
3041 5011 3162 5065 quae
3195 4996 3455 5067 prtecepit
3487 4997 3741 5065 superius
3776 5009 3788 5047 :

2215 5088 2304 5143 hic
2345 5094 2527 5142 autem
2575 5085 2830 5141 addidit:
2867 5087 2996 5155 quia
3035 5086 3307 5157 Unigeniti
3356 5087 3534 5157 passio
3583 5089 3792 5142 επτὶὓά

2217 5178 2359 5231 cium
2414 5178 2525 5230 Deo
2572 5175 2716 5231 Patri
2769 5177 2946 5231 oblata
2999 5185 3116 5241 est,
3169 5179 3521 5245 semetipsum
3552 5177 3792 5242 Christo,

2218 5269 2674 5338 quemadmodum
2728 5271 2804 5323 ait
2859 5269 3090 5334 Paulus,
3138 5268 3445 5324 offerente:
3478 5269 3552 5322 ait
3597 5268 3791 5321 enim:

2219 5359 2276 5413 Si
2305 5360 2442 5414 enim
2471 5361 2687 5430 sanguis
2733 5369 3008 5414 taurorum
3063 5368 3109 5412 ct
3142 5361 3426 5423 hircorum,
3458 5368 3506 5412 et
3547 5359 3674 5412 cinis
3717 5375 3798 5412 υιδ

2221 5453 2345 5507 tula:
2369 5469 2612 5522 aspersus
2641 5453 3003 5522 coinquinatos
3035 5451 3330 5519 sanctiﬁcat
3360 5452 3432 5503 ad
3456 5452 3796 5504 emundatio-

2823 5589 3038 5645 "Psal.
3101 5605 3322 5658 Lxxxw,
3379 5589 3433 5646 8.
3509 5589 3556 5621 ’°
3581 5587 3716 5643 ibid.
3741 5589 3798 5644 8.
