4076 6188
351 280 463 346 ⁷809

1518 281 1599 341 1N
1641 260 2076 343 strrtcun.
2120 309 2186 317 -
2227 283 2371 345 LIB.
2414 283 2464 343 Ι.

3511 258 3619 353 sto

353 405 475 444 κεηι
491 388 687 445 carnis,
712 396 908 455 quanto
928 386 1096 455 inagis
1108 386 1324 456 sanguis
1347 385 1562 451 Christi,
1587 386 1678 456 qui
1703 402 1796 455 per
1818 384 1941 455 Spi-
1975 399 2015 449 Α
2047 395 2102 438 et
2137 386 2356 442 dedisse
2385 388 2505 442 viro
2543 389 2633 458 qui
2664 389 2892 445 vestitus
2921 400 3039 447 erat
3070 392 3255 460 lineis,
3284 394 3460 466 ipsum
3491 415 3621 455 vero

360 481 518 531 ritum
534 486 773 531 sanctum
787 476 1122 540 semetipsum
1141 474 1324 530 obtulit
1338 476 1739 530 immaculatum
1754 476 1941 531 Deo"?

436 565 594 620 Vens.
639 565 791 619 7-10.
828 581 848 615 ί
881 563 981 617 Sin
1009 573 1192 617 autem
1235 563 1304 619 de
1344 563 1605 619 craticula
1648 562 1812 618 fuerit
1855 578 1944 617 suo

359 658 667 721 oriﬁcium,
718 671 873 726 aeque
921 655 1101 713 simila
1158 654 1281 710 oleo
1336 662 1746 725 conspergetur,
1774 668 1940 724 quam

350 750 599 804 oderens
648 747 884 803 Domino
928 746 1113 802 tradet
1156 746 1416 802 manibus
1458 746 1758 801 sacerdotis
1799 764 1814 800 :
1848 745 1940 816 qui

360 857 486 896 eum
524 840 787 896 obtulerit
826 853 974 901 eam.
1011 839 1166 894 tollet
1197 839 1522 894 memorielc
1552 839 1621 894 de
1652 837 1939 904 sacriﬁcio,

352 943 418 988 ct
453 933 695 999 adolebit
738 946 895 1003 super
946 931 1121 988 altare
1153 934 1209 985 in
1244 931 1468 987 odorem
1506 930 1792 986 suavitatis
1833 930 1942 985 Do-

356 1023 533 1079 mino.
585 1022 861 1092 Quidquid
911 1031 1094 1078 autem
1142 1021 1415 1092 reliquum
1456 1030 1571 1085 est,
1610 1023 1717 1078 erit
1758 1024 1939 1076 Aaron

352 1124 420 1169 et
452 1114 688 1173 ﬁliorum
730 1115 874 1185 ejus,
913 1123 1164 1171 sanctum
1206 1126 1519 1171 sanctorum
1555 1115 1624 1171 de
1649 1113 1941 1171 oblationi-

357 1206 468 1260 ~bus
495 1205 732 1260 Domini.
764 1223 786 1258 ι

437 1294 650 1350 Similia
680 1295 964 1365 disputare
1002 1304 1059 1349 et
1091 1292 1159 1349 de
1191 1293 1595 1349 resumctione
1630 1292 1940 1365 disceptan-

357 1394 475 1439 tcm
518 1384 651 1450 vult,
681 1385 842 1454 cujus
868 1383 1191 1454 mysterium
1232 1382 1551 1439 craticulam
1596 1398 1707 1438 non
1741 1384 1941 1439 (rustra

361 1475 674 1544 appellavit,
707 1475 805 1530 sed
836 1489 936 1544 per
965 1473 1283 1529 craticulam
1322 1483 1557 1530 mortem
1593 1474 1939 1545 signiﬁcavit.

354 1567 519 1622 Sicut
563 1577 749 1623 autem
794 1567 849 1620 in
898 1566 1173 1635 sartagine
1215 1565 1554 1621 Dominicam
1584 1581 1805 1621 erucem
1844 1582 1940 1622 su-

352 1673 460 1729 pra
491 1658 828 1728 accepimus,
851 1658 932 1713 ita
964 1657 1022 1712 in
1057 1656 1320 1712 craticula
1359 1666 1614 1723 mortem,
1642 1659 1738 1713 sed
1770 1666 1827 1712 et
1852 1673 1939 1714 se-

2046 473 2373 544 dispersisse
2404 477 2713 531 incendium
2751 481 2815 529 ν.
2850 478 3054 538 Docere
3091 493 3272 545 autem
3320 490 3431 559 nos
3464 489 3597 563 legis

2044 566 2184 619 lator
2210 569 2401 622 volens
2420 570 2472 623 in
2504 570 2685 641 aliquo
2723 573 2980 642 praedicta
3002 576 3284 646 mysteria,
3303 582 3620 638 eorumdcm

2045 659 2311 713 rationem
2343 661 2734 718 sacriﬁciorum
2763 665 2848 719 his
2872 666 3194 736 recapi’tulat
3223 670 3425 738 verbis,
3451 670 3621 737 Quam

2042 751 2225 819 offeres
2262 750 2506 818 Domino,
2538 770 2700 823 quam
2740 757 2926 826 utique
2960 758 3028 813 de
3048 759 3292 823 clibano,
3328 771 3383 817 et
3409 763 3477 819 de
3505 781 3623 819 sar-

2044 838 2247 908 tagine,
2278 847 2336 893 et
2366 840 2434 894 de
2475 842 2760 909 craticula,
2794 843 2852 898 id
2893 854 2986 901 εει
3035 847 3337 905 nativitatis
3382 849 3620 917 Domini,

2041 935 2100 980 et
2122 927 2423 997 passionis,
2451 937 2510 985 et
2549 932 2740 987 mortis
2768 950 2783 987 :
2820 932 2874 988 in
2903 933 2989 991 his
3016 937 3162 992 enim
3205 940 3372 996 totius
3399 942 3621 1015 dispen-

2042 1019 2270 1074 sationis
2315 1021 2435 1090 ejus
2481 1037 2663 1078 sermo
2703 1026 2954 1094 expletus
2981 1039 3108 1084 est:
3145 1031 3199 1086 in
3246 1033 3334 1091 his
3379 1051 3623 1092 resurre-

2041 1111 2243 1166 ctionis
2290 1129 2509 1185 quoque
2566 1116 2685 1185 ejus
2745 1118 2887 1173 ratio
2944 1122 3285 1188 continetur,
3344 1128 3469 1198 quia
3530 1131 3621 1199 qui

2041 1201 2345 1267 descendit,
2381 1204 2500 1274 ipse
2541 1216 2652 1272 est,
2697 1217 2752 1262 et
2795 1210 2886 1279 qui
2935 1213 3181 1269 ascendit
3214 1230 3387 1288 super
3422 1234 3622 1275 ornncs

2042 1296 2231 1362 (mles,
2262 1307 2324 1352 ut
2350 1297 2609 1369 impleret
2637 1303 2818 1358 omnia
2847 1304 2916 1360 ”.

2116 1382 2314 1440 Trodet
2350 1388 2405 1440 in
2442 1390 2682 1444 manibus
2708 1395 3014 1450 sacerdotis.
3044 1396 3157 1468 Ipsi
3184 1399 3436 1457 videlicet
3462 1402 3621 1459 Chri-

2042 1481 2147 1540 sto,
2180 1475 2274 1546 qui
2324 1489 2609 1549 postquam
2666 1484 3123 1556 appropinquavit
3169 1489 3327 1544 altari
3367 1494 3511 1563 quod
3566 1494 3619 1549 in

2042 1566 2194 1621 curiis
2221 1576 2324 1634 est,
2357 1572 2813 1642 appropinquavit
2843 1583 3038 1631 autem
3081 1593 3245 1635 carne
3287 1597 3387 1651 per
3420 1598 3616 1638 ascen-

2041 1652 2252 1709 sionem
2280 1674 2295 1710 :
2325 1672 2605 1727 nunquam
2634 1661 2779 1716 enim
2809 1673 3092 1734 separatur
3110 1682 3147 1721 a
3170 1669 3478 1727 divinitate.

352 1750 637 1819 pulturam
683 1749 1036 1818 accipiamus.
1069 1747 1202 1814 Quae
1243 1749 1390 1802 enim
1437 1748 1582 1803 inter
1623 1749 1937 1806 craticulam
1970 1738 2014 1796 Β
2113 1745 2275 1801 Τοῐιει
2296 1751 2602 1806 memoriale
2622 1753 2688 1806 de
2709 1756 2992 1825 sacriﬁcio.
3016 1757 3422 1818 Abundantium
3446 1765 3617 1820 scien-

350 1851 416 1897 ξεί
451 1844 783 1914 sartaginem
808 1841 1115 1897 diﬁcrentia
1144 1840 1235 1905 sit,
1262 1841 1398 1896 nulli
1420 1842 1648 1911 penitus
1677 1850 1765 1897 est
1790 1843 1942 1914 igno-

360 1945 477 1988 tum
512 1953 527 1988 :
559 1935 686 2004 quia
719 1942 936 2005 sartago
965 1948 1135 2004 super
1169 1934 1349 2004 ignem
1387 1949 1537 1989 nunc
1576 1934 1941 1990 exardescen-

350 2033 471 2079 tcm
509 2034 567 2079 et
602 2038 950 2089 succensum,
981 2023 1246 2078 craticula
1281 2031 1465 2077 autem
1516 2023 1571 2077 in
1614 2022 1943 2079 carbonibus

350 2117 683 2170 ardentibus
732 2124 789 2170 et
816 2114 950 2169 olim
975 2115 1226 2169 accensis
1253 2114 1496 2184 ponitur.
1528 2112 1683 2168 Sient
1708 2122 1765 2169 et
1797 2130 1943 2168 oms

354 2209 577 2263 Domini
606 2223 716 2261 non
743 2206 847 2262 init
879 2206 1097 2261 initium
1124 2206 1341 2276 aliquod
1367 2204 1661 2275 passionis,
1692 2205 1788 2258 sed
1821 2219 1943 2273 pas-

359 2300 599 2362 sionum,
629 2312 751 2367 qua)
786 2297 995 2368 pridem
1039 2298 1094 2352 in
1128 2312 1199 2352 eo
1235 2305 1479 2367 operata;
1507 2303 1656 2365 sunt,
1684 2294 1787 2348 fuit
1808 2295 1941 2350 sub-

360 2389 635 2444 sistentna.
672 2389 739 2445 Et
763 2389 935 2459 hujus.
961 2402 1097 2458 ergo
1121 2403 1322 2442 munus
1350 2403 1416 2441 ex
1447 2385 1647 2446 simila.
1681 2387 1733 2441 id
1766 2398 1848 2440 est
1873 2402 1940 2441 ex

353 2480 461 2536 diei
501 2480 833 2550 cognitione,
868 2479 982 2534 sive
998 2478 1257 2542 scientia,
1283 2493 1405 2548 qua:
1435 2478 1506 2533 de
1537 2486 1712 2532 monte
1748 2477 1940 2532 Domi-

354 2572 487 2626 niea
517 2584 623 2634 est,
662 2570 946 2642 perﬁcitur
972 2588 987 2624 :
1018 2578 1236 2639 Oportet
1282 2570 1428 2624 enim
1459 2570 1744 2625 Christum
1785 2578 1842 2624 et
1881 2569 1938 2622 in

350 2672 537 2717 morte
576 2662 748 2716 Deum
776 2660 906 2725 dici,
929 2659 1298 2715 nihilominus
1337 2660 1696 2716 immortalem
1731 2660 1936 2730 praedi-

352 2766 484 2803 care
516 2764 646 2802 eum
694 2750 788 2818 qui
832 2761 1058 2820 propter
1096 2749 1380 2805 mortalem
1416 2765 1645 2805 carnem
1690 2761 1937 2807 mortuus

343 2846 463 2891 est.
502 2837 561 2891 in
601 2837 727 2892 oleo
760 2848 940 2893 tamen
973 2853 1184 2913 munus
1215 2840 1321 2893 liet.
1371 2836 1600 2908 Oportet
1624 2839 1825 2909 quippe
1866 2841 1936 2895 de

348 2929 642 2984 Dominica
677 2938 853 2985 morte
892 2939 948 2985 et
976 2931 1378 2986 resurrectione
1409 2931 1799 3001 disputantem,
1828 2935 1934 2986 mi-

355 3022 713 3081 sericordiam
743 3036 964 3092 quoque
1007 3022 1098 3078 Dei
1137 3022 1338 3078 addere
1380 3022 1667 3085 rationem,
1699 3038 1821 3092 qua:
1847 3031 1934 3081 est

353 3114 558 3171 oleum.
596 3114 858 3170 \iiserans
878 3114 1147 3184 siquidem
1178 3114 1686 3186 genus-humanum,
1701 3124 1758 3169 et
1786 3130 1937 3169 mur-

345 3215 466 3263 ‘tem
506 3208 787 3271 sustinuit,
817 3216 872 3263 et
910 3206 1369 3262 resurrectionem
1398 3221 1428 3260 a
1456 3207 1688 3260 mortuis
1716 3206 1936 3275 dispen-

350 3299 518 3355 savit.
548 3298 604 3354 Si
635 3309 819 3354 autem
852 3298 1032 3366 ignem
1063 3297 1156 3368 qui
1185 3313 1353 3368 super
1367 3297 1657 3353 clibanum
1679 3307 1783 3363 est,
1805 3313 1935 3352 san-

353 3400 504 3445 ctum
552 3405 675 3445 esse
714 3388 1003 3459 Spiritum,
1032 3400 1088 3444 et
1115 3388 1238 3443 ideo
1266 3398 1480 3443 uterum
1508 3388 1803 3444 Genitricis
1839 3387 1935 3442 Dei

350 3483 638 3538 cliban’um
667 3482 1003 3553 signiﬁcasse
1032 3482 1289 3546 diximus,
1322 3481 1377 3537 in
1409 3481 1683 3551 sartagine
1728 3490 1934 3544 alitem,

355 3583 414 3627 et
452 3575 714 3628 craticula
754 3574 809 3627 in
855 3573 980 3644 igne
1013 3588 1204 3627 rursus
1237 3572 1550 3642 passionem
1597 3581 1655 3626 et
1703 3579 1937 3627 mortem

345 3663 703 3733 interpretati
740 3676 957 3728 sumus,
985 3663 1305 3717 nullatenus
1335 3662 1452 3717 hac
1478 3661 1776 3727 diseredas,
1818 3662 1935 3734 ipsa

355 3756 502 3811 enim
561 3756 657 3810 tibi
712 3754 1050 3820 satisfacere,
1096 3769 1218 3824 quas
1254 3756 1322 3808 de
1362 3755 1608 3833 utrisque
1653 3755 1930 3821 dicuntur,

354 3853 608 3917 possunt.
673 3846 813 3913 Quia
864 3847 919 3902 iu
971 3846 1189 3902 clibano
1240 3845 1460 3915 quidem
1511 3845 1652 3916 ignis
1698 3844 1934 3916 desuper

343 3941 616 4002 'tttitillut'.
644 3941 713 3996 dc
743 3939 883 3997 cado
911 3953 1159 4009 namque
1201 3938 1532 3994 ministratio
1560 3938 1787 4008 spiritus
1825 3947 1928 4003 est,

351 4035 423 4087 de
468 4048 577 4102 quo
620 4032 883 4089 Dominus
935 4032 1151 4086 dicebat
1182 4048 1198 4084 :
1228 4029 1413 4101 Ignem
1451 4030 1577 4083 aeni
1624 4030 1831 4084 mittere
1874 4031 1931 4082 iu

345 4135 555 4177 terram
584 4122 651 4176 η.
683 4122 752 4177 Et
774 4120 1021 4177 Joannes
1045 4121 1114 4176 de
1138 4120 1398 4175 Domino:
1432 4117 1458 4172 l
1464 4135 1553 4188 pse
1570 4135 1668 4173 eos
1690 4120 1930 4185 baptiza-

351 4215 425 4268 bit
455 4216 509 4267 iu
531 4212 737 4283 Spiritu
766 4223 1023 4268 sancto‘et
1045 4213 1166 4282 ἁοηὶ
1187 4212 1255 4266 ³⁸.
1287 4210 1345 4265 in
1373 4211 1641 4282 sartagine
1660 4220 1845 4265 autem
1874 4219 1931 4266 et

348 4308 606 4362 craticula
661 4306 801 4377 ignis
856 4307 925 4359 ab
963 4304 1321 4359 inferioribus
1372 4315 1629 4366 sumunr,
1680 4302 1806 4372 quia
1859 4304 1929 4357 ab

2046 1834 2155 1901 the,
2199 1836 2313 1892 sive
2358 1840 2708 1909 cognitionis,
2754 1844 2894 1900 sicut
2935 1847 3045 1918 jam
3093 1864 3258 1921 supra
3308 1852 3616 1924 docuimus,

2041 1926 2191 1996 quod
2249 1940 2419 1997 super
2466 1930 2636 1985 aluire
2688 1933 2925 1990 adolebit
2976 1938 3121 2007 apud
3172 1954 3250 2004 se,
3304 1943 3615 1998 custodiens

2042 2015 2175 2071 illud
2207 2016 2263 2070 in
2293 2020 2550 2073 saeculum
2578 2019 2844 2077 futurum.

2111 2108 2384 2180 Quidquid
2440 2122 2618 2167 autem
2671 2115 2927 2186 reliquum
2975 2128 3070 2173 est.
3122 2119 3180 2175 ld
3222 2131 3326 2190 est,
3355 2136 3616 2196 quantum

2039 2198 2185 2253 scire
2213 2214 2315 2255 nos
2344 2209 2400 2256 et
2425 2205 2758 2273 perscrutari
2794 2211 3071 2279 praecepit.

2111 2286 2231 2344 Hoc
2262 2292 2445 2347 Aaron
2478 2294 2579 2348 erit
2604 2295 2909 2364 etﬁliorum
2940 2298 3073 2368 eius.
3100 2300 3157 2356 id
3187 2311 3290 2369 est,
3317 2313 3373 2360 et
3403 2302 3490 2362 his
3524 2308 3615 2378 qui

2041 2382 2293 2438 sublimia
2314 2384 2392 2439 de
2419 2385 2794 2455 Deo'c03itarc
2827 2398 2883 2443 et
2918 2393 3123 2447 sentire
3159 2406 3410 2467 possunt,
3445 2401 3615 2457 tradi-

2039 2470 2138 2535 dit,
2170 2488 2308 2542 quos
2334 2474 2473 2530 ﬁlios
2494 2475 2828 2533 Aaronesse
2858 2482 3230 2550 pmdiximus.

2109 2563 2364 2620 Sanctum
2398 2577 2711 2623 sanctorum
2750 2572 2815 2625 de
2850 2572 3201 2633 oblationibus
3236 2579 3465 2637 Domini.
3503 2583 3614 2640 Ma-

2034 2657 2121 2727 gis
2174 2656 2411 2728 idipsum
2471 2661 2804 2718 confirmans
2854 2664 2966 2720 hoc
3026 2665 3304 2738 legislator
3362 2675 3614 2746 scripsit;

2038 2756 2225 2801 sancta
2254 2749 2456 2818 quippe
2483 2760 2568 2805 est
2593 2752 2776 2807 omnis
2804 2754 2954 2809 bona
3003 2758 3251 2829 scientia,
3290 2764 3386 2819 sed
3414 2763 3614 2822 Sancta

2035 2848 2349 2892 sanctorum
2394 2854 2516 2909 quae
2547 2840 2616 2896 de
2646 2841 2741 2898 Dei
2790 2845 3038 2918 scientia,
3070 2851 3213 2909 sicut
3240 2866 3473 2927 oportet,
3505 2858 3613 2915 dis—

2037 2935 2231 2996 putare
2265 2939 2463 2997 potest.
2838 2948 2839 2951 ‘

2114 3017 2273 3073 Vsus.
2307 3018 2395 3086 ll,
2430 3021 2517 3076 12.
2565 3042 2586 3076 ι
2611 3023 2804 3083 Omnis
2848 3028 3054 3087 oblatio
3080 3046 3207 3104 qua:
3240 3036 3475 3094 on‘ertur
3499 3041 3613 3097 Do-

2038 3109 2189 3165 mino
2216 3110 2425 3182 absque
2455 3114 2725 3173 fermento
2752 3121 2868 3185 ﬁet,
2899 3137 3003 3178 nec
3035 3125 3329 3197 quidquam
3359 3129 3610 3189 l‘ermenti

2036 3215 2101 3254 ac
2132 3202 2639 3262 mellis-adolebitur
2670 3210 2726 3264 in
2765 3215 3091 3271 sacriﬁcium
3121 3217 3378 3277 Domino.
3420 3224 3613 3279 Primi-

2038 3294 2142 3349 tias
2178 3303 2395 3352 ~tantum
2438 3314 2626 3354 eorum
2659 3305 2908 3360 otl‘eretis
2947 3322 3015 3363 ac
3052 3325 3304 3378 munera,
3334 3328 3501 3387 super
3531 3319 3610 3371 al-

2040 3396 2153 3441 tare
2182 3403 2311 3444 veto
2338 3405 2445 3445 non
2469 3404 2749 3462 ponentur
2768 3397 2830 3451 in
2858 3399 3080 3456 odonem
3111 3394 3416 3463 suavitatis:
3445 3429 3464 3462 ι

2106 3476 2254 3534 Nihil
2303 3485 2707 3541 communionis
2755 3489 2870 3544 vult
2918 3491 3123 3549 habere
3166 3496 3471 3555 doctrinam
3512 3500 3608 3557 Dei

2035 3578 2160 3620 cum
2191 3570 2448 3625 exteriori
2476 3571 2724 3628 scientia.
2753 3573 2909 3640 Quod
2937 3578 3084 3634 enim
3112 3579 3446 3639 fermentum
3476 3587 3610 3642 alic—

2035 3673 2161 3713 nam
2214 3660 2518 3717 doctrinam
2578 3667 2861 3734 appellat.
2923 3679 3113 3739 aperte
3176 3672 3293 3743 ipse
3345 3675 3609 3733 Dominus

2034 3750 2242 3816 docuit,
2269 3752 2459 3809 dicens
2496 3753 2776 3826 discipulis
2810 3760 2965 3815 suis:
2996 3761 3264 3818 Artendite
3290 3781 3323 3819 a
3353 3767 3607 3838 fermento

2033 3840 2429 3898 Pharisteorum
2473 3855 2520 3899 et
2547 3844 2967 3904 Sadducarorum
2997 3854 3036 3905 '.
3080 3852 3217 3923 ipsis
3244 3864 3426 3913 autem
3462 3859 3606 3929 igno-

2034 3933 2285 3989 rantibus
2325 3950 2447 4004 quae
2487 3936 2831 4008 dicebantur,
2861 3941 3113 3997 addidit:
3142 3942 3377 4000 Necdum
3416 3948 3607 4003 intelli-

2030 4026 2174 4096 gitis,
2224 4044 2388 4099 neque
2431 4032 2752 4100 cognoscitis
2779 4033 2904 4103 quia
2954 4049 3058 4088 nou
3109 4038 3174 4091 de
3221 4040 3443 4109 panibus
3493 4042 3606 4096 dixi

2028 4118 2169 4172 uobis
2214 4121 2256 4173 ’.
2310 4121 2376 4174 Et
2429 4128 2558 4176 tunc
2636 4137 3010 4195 cognoverunt
3062 4128 3187 4198 quia
3236 4128 3305 4185 de
3357 4120 3602 4188 doctrina

2028 4210 2346 4265 Scribarum
2382 4222 2441 4269 et
2474 4214 2878 4271 Pharisaeorum
2913 4218 3159 4276 dixisset.
3202 4216 3306 4279 Mel
3333 4239 3463 4280 vero
3505 4242 3603 4297 pa-

2030 4317 2297 4372 ganorum
2341 4304 2644 4360 doctrinam
2697 4307 2952 4381 intelligi.
3002 4324 3227 4385 propter
3281 4319 3598 4375 suavitatem

343 4398 667 4454 "huminibus
714 4398 806 4466 qui
852 4404 1044 4451 mente
1095 4395 1159 4448 in.
1194 4393 1396 4449 inﬁmis
1436 4393 1643 4464 iacent,
1667 4393 1927 4462 provenit
1950 4417 2003 4470 τ)
2034 4394 2344 4458 verborum,
2376 4403 2432 4449 et
2464 4396 2807 4453 dulcedinem
2846 4401 3070 4471 eloquii,
3099 4404 3355 4461 Salomon
3384 4407 3437 4462 in
3470 4410 3600 4464 Pro-

354 4486 680 4555 praiparatio
726 4483 1013 4553 passionis.
1057 4483 1215 4549 Quod
1259 4492 1443 4537 autem
1479 4483 1617 4553 ignis
1655 4499 1754 4552 pro
1800 4498 1927 4552 pas-

351 4577 506 4630 sione
518 4575 802 4644 accipitur,
826 4577 951 4631 audi
972 4573 1266 4630 Jeremiam
1292 4573 1604 4628 dicentem:
1634 4574 1698 4626 Et
1718 4575 1929 4644 factum

348 4674 425 4718 est
456 4666 609 4733 quasi
658 4665 794 4735 ignis
842 4668 1055 4725 ardens,
1098 4672 1147 4717 et
1172 4663 1691 4717 wstuausinossihus
1708 4665 1838 4718 meis
1860 4664 1925 4717 ".

350 4756 418 4810 Et
470 4771 661 4809 rursus
711 4755 921 4809 David:
959 4754 1212 4813 Dominus
1254 4754 1310 4807 in
1348 4755 1432 4808 ira
1471 4771 1570 4809 suo
1601 4756 1928 4810 conturbabit

338 4863 453 4910 eos,
484 4857 533 4898 rt
572 4847 842 4901 devorabit
885 4863 970 4900 eos
1007 4847 1142 4917 ignis
1171 4847 1239 4897 ’⁷.
1271 4845 1497 4900 Mortem
1520 4847 1733 4911 dicens,
1763 4863 1928 4915 quam

347 4939 731 5006 peccatoribus
769 4938 1019 4992 illaturus
1047 4946 1182 4992 erat.
1215 4936 1333 4991 Non
1366 4946 1450 4991 est
1478 4947 1660 4991 autem
1689 4938 1927 4992 admira-

344 5030 473 5091 bdc.
493 5032 774 5085 carbones
796 5030 1005 5100 quippe
1032 5030 1261 5099 spiritali
1296 5029 1587 5083 traditione
1606 5040 1710 5081 eos
1759 5044 1928 5098 panes

341 5121 436 5190 qui
478 5137 651 5177 causa
695 5131 829 5175 sunt
876 5122 1100 5177 luminis
1153 5128 1209 5173 et
1250 5119 1572 5188 perditionis
1601 5118 1922 5187 accipinms.

343 5212 514 5266 lsaias
563 5213 768 5269 etenim
821 5228 990 5267 unum
1033 5214 1103 5266 de
1139 5210 1437 5265 Cherub'un
1470 5211 1719 5270 mimum,
1763 5224 1925 5264 acce-

342 5304 492 5375 pisse
536 5305 829 5359 carbonem
879 5305 948 5359 de
998 5303 1177 5367 altari,
1217 5311 1276 5356 et
1311 5301 1608 5355 tiiundasse
1650 5314 1815 5353 suurn
1861 5314 1924 5355 os

341 5396 496 5451 dixit.
546 5394 806 5452 Ezechiel
850 5396 1015 5451 etiam
1070 5395 1139 5449 de
1188 5394 1396 5448 eisdem
1452 5392 1783 5448 carbonibus
1829 5393 1921 5461 qui

340 5497 498 5543 erant
542 5490 597 5543 in
647 5489 831 5545 medie
877 5486 1200 5552 Cherubim,
1253 5485 1443 5540 tulisse
1496 5484 1633 5539 dixit
1670 5484 1919 5548 Cberub,

2032 4484 2235 4539 verbiis
2269 4486 2448 4550 docet,
2489 4487 2677 4543 dicens
2722 4507 2737 4543 :
2779 4490 2900 4545 Non
2940 4496 3181 4565 respicies
3224 4498 3296 4553 ad
3328 4498 3598 4556 mulierem

2031 4577 2352 4631 meretricem
2385 4593 2405 4632 :
2436 4580 2590 4649 farus
2637 4582 2773 4635 enim
2807 4583 3071 4639 distillaus
3112 4587 3253 4642 labia
3289 4593 3598 4651 meretricis.

2029 4677 2079 4721 et
2107 4669 2324 4722 nitidius
2372 4670 2485 4725 oleo
2528 4681 2710 4742 guttur
2737 4674 2872 4743 ejus,
2909 4679 3191 4733 novissima
3239 4692 3415 4735 autem
3458 4682 3601 4736 illius

2030 4775 2220 4813 amara
2257 4764 2415 4829 quasi
2460 4763 2791 4835 absyntlu‘um
2817 4766 2858 4819 ³.
2894 4767 3197 4823 Novissima
3237 4780 3416 4825 autem
3446 4774 3603 4840 quae?

2029 4849 2249 4918 quando
2279 4850 2534 4908 videlicet
2571 4856 2716 4909 inter
2746 4872 2930 4911 veram
2963 4859 3285 4927 sapientiam
3317 4868 3373 4912 et
3401 4859 3600 4919 ﬁctam.

2026 4939 2274 5007 [uisoque
2348 4949 2591 4996 utentem
2666 4945 2889 5000 nomine
2955 4946 3267 5001 discernere
3350 4949 3599 5018 coeperis.

2028 5030 2166 5083 Nam
2208 5030 2335 5084 licet
2362 5032 2624 5088 Ecclesiae
2655 5034 2711 5088 in
2745 5033 2988 5091 Canticis
3025 5036 3362 5091 canticorum
3396 5037 3540 5093 dicat
3586 5048 3627 5095 :‘

2029 5120 2135 5173 Met
2170 5129 2230 5173 et
2267 5119 2358 5173 tu:
2392 5126 2491 5174 sub
2532 5122 2714 5193 lingua
2744 5132 2839 5177 tua
2865 5125 2909 5189 δ,
2949 5136 3059 5177 non
3096 5123 3421 5178 umtradicit
3464 5136 3602 5195 pra.-

2030 5211 2299 5276 sentibus,
2333 5213 2428 5266 sed
2455 5221 2513 5267 et
2553 5215 2706 5269 valde
2733 5215 3026 5268 consentit.
3068 5213 3254 5283 Neque
3279 5215 3429 5270 enim
3467 5217 3603 5272 dixit

2029 5304 2085 5359 in
2138 5303 2320 5375 lingua
2365 5317 2476 5369 tua,
2511 5305 2608 5360 sed
2652 5305 2745 5360 sub
2774 5304 2975 5375 lingua,
3026 5313 3088 5359 ut
3128 5310 3441 5364 ostenderet
3475 5309 3602 5375 quia

2029 5409 2364 5467 paganorum
2407 5395 2696 5466 sapientia,
2729 5403 2785 5450 et
2812 5395 3123 5452 intimorum
3163 5394 3364 5465 littera,
3405 5398 3601 5470 lingua-

2027 5485 2307 5551 Ecclesiae,
2342 5486 2394 5541 id
2424 5495 2506 5542 est
2533 5486 2796 5542 doctrina:
2814 5485 3061 5567 subjecta
3093 5495 3196 5541 est.
3233 5486 3372 5560 Ergo
3408 5490 3600 5545 horum

409 5623 456 5656 ’³
483 5623 649 5681 llebr.
680 5638 753 5684 ts.
790 5622 872 5684 15,
903 5620 989 5675 li.
1066 5620 1269 5676 “Luc.
1304 5635 1404 5681 sn,
1435 5618 1523 5675 l9.
1602 5618 1649 5651 "
1671 5616 1862 5672 Matth.
1900 5632 1981 5687 ut.
2008 5615 2096 5671 ll.
2171 5618 2219 5650 "
2241 5584 2556 5681 lerenmu.
2583 5618 2639 5674 9.
2739 5621 2784 5653 "
2817 5616 2961 5676 Psal.
3016 5636 3107 5687 xx,
3145 5618 3230 5677 to.
3329 5622 3375 5657 η
3400 5623 3603 5682 Eua“

578 5694 624 5727 ”
659 5692 858 5763 Ephes.
892 5708 966 5757 tv,
995 5691 1050 5753 9,
1080 5691 1166 5746 10.
1193 5705 1208 5718 '
1264 5692 1279 5721 ⁸
1319 5689 1510 5744 Matth.
1540 5704 1653 5754 XVI,
1680 5688 1732 5742 6.

536 5788 809 5849 Panos.
854 5786 969 5846 Oa.
1014 5786 1220 5847 XCIII.

346 5711 401 5758 κ,
428 5694 482 5748 7.

1833 5690 1854 5718 ³
1878 5686 2018 5741 ibid.
2078 5690 2131 5741 9.

2238 5687 2258 5719 ³
2290 5688 2453 5743 Prov.
2489 5705 2540 5752 ν,
2567 5689 2689 5746 ς-ι.
2764 5689 2786 5723 ⁸
2817 5691 2973 5748 Cant.
3028 5706 3101 5761 tv,
3160 5692 3248 5750 ll.

3199 5785 3276 5850 26
