4076 6188
451 268 544 333 ειι
1645 260 2006 320 ussvcuu
2048 259 2516 321 rurasnvrsm

3616 250 3727 323 8!?

451 395 562 435 non
611 377 725 434 vult
777 377 1039 449 integram
1088 375 1198 429 Dco
1261 371 1564 428 doctrinam
1623 371 1811 426 oll‘erri
1851 391 1864 427 :
1903 370 2029 426 inde.
2066 381 2104 433 Α
2137 374 2402 430 rationale
2447 387 2550 432 est.
2607 377 2747 447 Ergo
2819 378 3127 430 testamenti
3161 377 3456 446 evangelici
3499 389 3553 431 el
3597 381 3724 432 salis

489 467 584 522 ictt
623 508 636 520 .

489 469 504 521 l
542 478 584 522 tt
623 508 636 520 .

453 469 642 614 dtllt'on
682 556 976 610 adolebitur
1004 555 1061 607 in
1103 553 1424 623 sacriﬁcium
1481 555 1618 619 quod
1667 563 1739 608 est
1791 555 1844 606 in
1892 554 2038 606 hole-

451 659 712 710 cattstunt,
744 646 1009 716 primitias
1041 653 1250 698 tantum
1282 662 1465 700 eorum
1497 646 1740 716 offeratis.
1777 645 2042 714 Praecepit

453 741 600 794 enim
622 755 687 794 ex
723 747 876 808 parte
906 737 1048 790 illius
1077 737 1360 806 sapientia
1390 738 1660 808 primitias
1688 737 1893 798 offerri,
1933 752 2039 790 non

458 840 641 886 autem
685 829 846 899 plene
877 847 939 884 ea
974 829 1073 892 uti,
1103 829 1198 884 sed
1241 830 1700 899 quemadmodum
1741 846 1866 884 cum
1904 829 2035 881 Pan.

458 925 536 979 lus
559 924 703 992 apud
725 921 1091 976 Athenienses
1118 921 1556 985 concionarctur,
1587 923 1773 976 dicens
1796 924 1816 952 ⁸
1857 940 1868 974 :
1897 919 2042 974 Sicut

453 1015 670 1084 quidam
702 1022 868 1067 uester
922 1023 1073 1083 poeta
1103 1014 1229 1066 dixit
1274 1028 1292 1064 :
1341 1013 1512 1081 Hujus
1557 1023 1603 1066 et
1649 1029 1807 1084 genus
1840 1028 2042 1073 sumus,

454 1105 544 1174 qui
579 1105 868 1164 inveniens
911 1103 1135 1156 verbum
1191 1104 1434 1156 exterius
1475 1102 1539 1156 ad
1577 1102 1916 1156 occasionem
1950 1094 2046 1154 Dei

457 1195 698 1252 scientia:
743 1204 952 1264 aptum,
1001 1209 1109 1247 non
1163 1193 1382 1261 quidem
1436 1193 1664 1262 respuit,
1714 1207 1815 1244 nec
1865 1203 2044 1244 tamen

458 1288 686 1353 addidit,
721 1303 903 1357 neque
952 1287 1099 1341 enim
1155 1286 1280 1339 inde
1327 1286 1466 1338 ultra
1511 1284 1818 1339 testimonia
1866 1282 2049 1337 multi-

461 1376 703 1447 plicavit.
754 1374 976 1441 Quare?
1026 1377 1152 1443 quia
1209 1373 1418 1426 Placuit
1475 1373 1579 1426 Deo
1630 1389 1722 1440 per
1767 1371 2047 1424 stultitiam

461 1467 879 1538 prtedicationis,
929 1467 1071 1520 sicut
1117 1465 1229 1534 ipse
1280 1464 1475 1516 Paulus
1523 1464 1619 1529 ait,
1666 1463 1834 1516 salvos
1877 1464 2049 1532 facere.

463 1561 748 1623 credentes,
783 1569 839 1611 ut
869 1558 996 1627 fides
1024 1568 1195 1611 vestra
1230 1575 1330 1610 non
1378 1558 1443 1610 sit
1485 1558 1540 1609 in
1581 1556 1844 1625 sapientia
1881 1556 2049 1608 homi-

463 1668 628 1715 num,
677 1651 771 1704 sed
818 1651 875 1704 in
927 1650 1116 1703 virtute
1163 1649 1262 1703 Dei
1301 1651 1343 1702 ⁸.
1386 1649 1612 1720 Propter
1662 1647 1804 1718 quod
1848 1647 1926 1701 ait
1969 1647 2046 1701 le-

463 1743 690 1813 gislator
722 1763 733 1797 :

533 1833 704 1904 Super
737 1832 914 1887 altare
941 1850 1060 1886 vero
1091 1849 1193 1886 non
1224 1833 1557 1901 imponentur
1586 1832 1637 1884 in
1672 1834 1882 1884 odorem
1916 1845 2043 1882 stta-

464 1927 661 1980 vitatis.
704 1923 771 1978 Et
812 1940 933 1978 cum
974 1923 1165 1977 liceret
1203 1922 1306 1977 dici
1344 1937 1454 1974 non
1487 1929 1785 1990 potiuntur,
1812 1932 1921 1972 non
1950 1933 2046 1986 po-

463 2025 666 2072 nentur
702 2016 858 2078 dixit,
909 2013 1205 2068 ostendens
1252 2012 1400 2083 quia,
1453 2013 1556 2066 etsi
1609 2027 1708 2067 nos
1751 2008 2048 2066 tentaveri~

465 2127 588 2166 mus
627 2110 694 2166 de
740 2107 1108 2163 exterioribus
1155 2104 1455 2160 divinitatis
1497 2102 1723 2173 adipisci
1770 2100 2044 2164 notitiam,

462 2204 529 2257 ad
572 2202 740 2256 altare
787 2199 878 2254 Dei
931 2198 1038 2252 tale
1088 2198 1192 2251 hoc
1238 2196 1562 2250 sacrificium
1621 2209 1730 2248 non
1781 2191 2044 2256 ascendit,

463 2304 566 2351 nec
616 2295 754 2350 odor
805 2293 864 2348 lit
920 2290 1208 2346 suavitatis
1259 2287 1508 2352 Domino,
1559 2287 1652 2342 sed
1697 2285 2049 2340 inferioribus

461 2389 757 2458 deputatur
785 2385 891 2439 tale
921 2381 1267 2443 sacrificium,
1300 2390 1381 2446 et,
1411 2387 1598 2449 utpote
1627 2377 1770 2447 quod
1794 2377 1861 2432 de
1904 2385 2048 2429 terra

465 2479 629 2533 habet
661 2473 1094 2538 subsistentiatn,
1122 2474 1188 2527 ad
1222 2481 1419 2526 terram
1450 2470 1795 2540 deprimitur.

535 2567 704 2622 Vsus.
750 2567 838 2620 1⁸5.
893 2583 912 2615 t
951 2564 1230 2634 Quidquid
1282 2561 1546 2617 obtuleris
1599 2560 1886 2624 sacrificii,
1939 2559 2049 2613 sale

467 2660 712 2723 eondics,
744 2672 848 2712 nec
891 2656 1108 2710 auferes
1142 2657 1219 2708 sal
1255 2653 1475 2708 futderis
1507 2653 1597 2706 Dei
1641 2651 1718 2706 tui
1769 2651 1836 2706 de
1879 2651 2050 2705 sarri-

467 2753 594 2807 flcio
639 2759 754 2805 tuo.
792 2750 850 2803 ln
879 2749 1028 2802 omni
1060 2747 1334 2802 oblatio:.e
1363 2745 1564 2799 offeres
1593 2745 1690 2800 sal.
1726 2763 1746 2796 ι

536 2842 731 2899 Cernis
783 2841 908 2911 quia
960 2839 1029 2894 de
1081 2839 1189 2893 Deo
1244 2838 1529 2906 loquentes
1576 2851 1683 2888 non
1732 2835 1847 2888 vult
1887 2833 2051 2888 nimis

466 2935 718 2992 exteriori
747 2934 825 2989 uti
853 2932 1143 3002 sapientia,
1181 2930 1274 2985 sed
1327 2928 1644 3000 apostolica,
1675 2927 1740 2982 de
1771 2941 1875 2996 qua
1908 2924 2051 2978 Pau-

466 3029 559 3084 lus
591 3025 1117 3094 dicit:Sapientiam
1168 3022 1434 3094 loquimur
1473 3023 1610 3074 inter
1652 3020 1926 3090 perfectos,
1958 3034 2049 3070 sa—

467 3120 722 3191 pientiam
758 3127 934 3172 autent
970 3131 1072 3168 non
1105 3115 1288 3168 mundi
1333 3113 1514 3183 hujus,
1544 3127 1708 3177 neque
1754 3110 2052 3178 principum

471 3210 653 3266 mundi
682 3209 861 3278 hujus,
893 3208 982 3278 qui
1016 3207 1380 3268 destruantur,
1426 3204 1515 3256 sed
1547 3202 1810 3270 loquimur
1844 3201 1935 3254 Dei
1966 3217 2054 3253 sa-

471 3304 750 3372 pientiam,
785 3303 838 3353 in
868 3299 1117 3368 mysterio
1155 3296 1536 3358 absconditam,
1581 3310 1742 3364 quant
1780 3292 2054 3361 pra‘desti-

472 3395 616 3448 navit
667 3390 808 3444 Deus
859 3397 982 3442 ante
1026 3385 1221 3441 sa'cula
1261 3387 1331 3439 ad
1371 3385 1596 3457 gloriam
1645 3383 1945 3437 nostram’.
1989 3381 2054 3435 Et

376 3497 380 3502 ‘
473 3487 620 3542 unde
647 3492 732 3540 est
772 3491 1006 3545 certum,
1039 3479 1198 3539 dicis,
1229 3479 1355 3548 quia
1384 3477 1464 3532 sal
1491 3492 1587 3547 pro
1626 3475 1920 3546 apostolica
1963 3489 2052 3528 sa-

472 3579 679 3649 pientia
722 3573 892 3631 dixit?
941 3573 1106 3626 Plane
1150 3571 1253 3626 hoc
1293 3570 1458 3624 nobis
1489 3569 1752 3624 Dominus
1790 3567 2050 3630 ostendit,

474 3669 662 3726 dicens
707 3664 966 3737 apostolis
999 3682 1012 3718 :
1049 3662 1145 3716 Vos
1189 3662 1311 3716 estis
1345 3659 1427 3715 sal
1466 3669 1653 3723 terrtc;
1680 3659 1725 3712 si
1765 3667 1940 3710 autem
1971 3656 2055 3710 sal

474 3761 765 3824 evanuerit,
791 3759 861 3812 ad
897 3755 1120 3811 nihilum
1161 3753 1351 3808 valebit
1383 3753 1546 3814 ultra,
1583 3752 1683 3806 nisi
1712 3761 1768 3805 ut
1811 3751 2054 3804 mittatur

475 3856 638 3927 foras,
660 3861 708 3906 et
735 3848 1066 3906 conculcetur
1085 3847 1151 3900 ab
1170 3844 1464 3900 hominibus
1486 3843 1526 3897 ⁸.
1557 3841 1852 3912 Propterea
1870 3849 2052 3896 autem

475 3946 555 4000 sal
602 3942 954 4014 apostolicam
1007 3939 1334 4010 sapientiam
1381 3935 1694 4006 appellavit.
1742 3935 1869 4005 quia
1913 3935 2056 3988 sicut

475 4033 654 4088 cuiuis
693 4031 847 4086 cibus
888 4029 955 4083 ad
988 4027 1342 4083 nutriendum
1375 4032 1539 4095 aptus
1590 4023 1902 4079 omnimodo
1941 4022 2054 4078 sale

474 4124 731 4180 conditur
762 4165 777 4188 ,
811 4123 884 4178 ita
918 4131 972 4176 et
1004 4119 1184 4174 omnis
1228 4133 1408 4172 sermo
1439 4116 1587 4170 utilis
1623 4115 1690 4171 ad
1729 4115 2051 4186 iuvandum,

475 4215 787 4287 apostolicae.
819 4210 1135 4267 omnimodo
1162 4208 1532 4264 necessarium
1574 4207 1740 4262 habet
1776 4207 2055 4276 sapientia:

476 4306 911 4362 condimentum.
951 4303 1245 4372 Propterea
1284 4315 1394 4355 non
1440 4300 1632 4356 abesse
1685 4300 1764 4354 sal
1809 4316 1840 4353 a
1886 4299 2056 4354 sacri-

2147 469 2425 537 apostolici
2459 485 2796 539 prtemonere
2826 485 2924 524 nos
2954 471 3226 542 legislator
3257 471 3393 528 vult.

2218 559 2378 614 Vens.
2417 561 2505 615 16.
2542 581 2560 612 t
2599 562 2694 616 Sin
2743 571 2926 615 autem
2975 561 3240 616 obtuleris
3287 577 3487 616 munus
3533 563 3724 632 primi-

2147 651 2344 705 tiarum
2397 653 2610 723 frugum
2651 663 2864 707 tuarum
2920 652 3170 716 Domino,
3225 653 3292 708 de
3341 653 3506 722 spicis
3548 655 3732 707 adhuc

2149 745 2447 798 virentibus
2491 744 2724 799 terrebis
2761 760 2852 798 eas
2897 745 3004 814 igni
3037 763 3050 797 :
3083 755 3136 798 et
3177 744 3490 814 eonfringes
3527 759 3619 799 eas
3673 748 3731 798 in

2147 851 2354 889 morem
2407 836 2588 897 farris,
2615 848 2663 890 et
2694 837 2774 890 sic
2802 836 3000 890 olferes
3025 835 3296 905 primitias
3321 846 3441 890 tuas
3471 836 3731 896 Domino.

2149 926 2382 980 fundens
2417 943 2582 996 super
2624 941 2687 980 ea
2731 927 2933 989 oleum,
2965 936 3020 980 et
3062 927 3188 980 thus
3236 927 3548 996 imponens,
3599 927 3730 996 quia

2147 1019 2350 1073 oblatio
2380 1018 2593 1073 Domini
2621 1028 2724 1083 est,
2751 1020 2816 1072 de
2839 1034 2944 1088 qua
2976 1017 3214 1071 adolebit
3243 1017 3500 1072 sacerdos
3527 1018 3580 1070 in
3608 1034 3726 1072 me-

2150 1110 2377 1163 moriam
2430 1109 2694 1173 muneris,
2734 1119 2938 1178 partem
2981 1109 3147 1163 farris
3193 1109 3347 1163 fracti
3382 1119 3439 1164 et
3486 1111 3611 1177 olei,
3664 1127 3732 1164 ac

2150 1207 2320 1252 totum
2353 1200 2500 1252 thus.
2537 1219 2552 1250 ι

2223 1289 2340 1343 Non
2369 1290 2542 1344 solum
2587 1291 2834 1360 praecipit
2878 1289 2970 1344 Dei
3019 1287 3270 1345 notitiam
3309 1291 3422 1345 sive
3443 1291 3728 1346 scientiam

2149 1396 2244 1435 eos
2269 1381 2469 1435 oﬂerre
2508 1381 2599 1450 qui
2653 1381 2705 1434 in
2747 1381 2935 1434 eadem
2973 1381 3201 1435 scientia
3237 1381 3472 1435 multum
3515 1391 3733 1451 tempus

2150 1482 2588 1543 permanserunt,
2638 1473 2733 1527 sed
2777 1482 2832 1527 et
2876 1472 3200 1526 inchoantes
3243 1472 3387 1526 illam
3417 1473 3592 1541 qualis
3626 1472 3733 1527 fuit

2152 1559 2352 1614 Paulus
2397 1578 2410 1614 :
2456 1577 2582 1614 mox
2638 1560 2784 1614 enim
2834 1567 2892 1614 ut
2945 1568 3172 1614 vocatus
3227 1569 3344 1624 est,
3393 1560 3732 1629 praedicavit.

2151 1651 2381 1723 Propter
2400 1653 2546 1722 quod
2585 1652 2682 1714 sic,
2709 1669 2827 1721 qua
2857 1667 3007 1706 nunc
3035 1653 3312 1711 dicuntur.
3340 1653 3732 1724 intelligamus.

2079 1719 2121 1774 Β
2152 1719 2468 1794 Primitivus
2515 1737 2626 1793 Deo
2669 1719 2754 1792 est
2808 1739 2852 1792 is
2892 1738 2988 1808 qui
3031 1739 3244 1792 neviter
3278 1740 3448 1808 etrapit
3486 1719 3734 1799 credere.

2148 1841 2201 1886 et
2236 1831 2328 1900 qui
2373 1832 2424 1886 ei
2477 1831 2691 1885 nullum
2741 1830 2952 1900 pridem
3003 1830 3201 1885 divinat
3244 1830 3490 1885 scientiae
3535 1831 3737 1886 obtulit

2147 1921 2409 1976 fructum.
2454 1919 2508 1974 Si
2556 1936 2688 1992 ergo
2736 1921 2785 1974 ei
2839 1920 3166 1975 sacriﬁcium
3207 1921 3356 1974 verbi
3402 1921 3498 1976 Dei
3543 1922 3735 1976 oﬂ‘cri-

2147 2029 2293 2080 mus,
2324 2013 2611 2070 scientiam
2665 2014 2784 2083 ejus
2831 2013 3046 2067 noviter
3083 2012 3429 2078 inchoantes,
3464 2022 3518 2067 et
3547 2013 3738 2068 viren-

2149 2107 2220 2160 tia
2267 2105 2512 2176 quidem,
2546 2115 2606 2160 ut
2656 2106 2872 2160 noviter
2918 2105 3047 2175 quid
3095 2105 3371 2159 discentes
3415 2114 3471 2158 et
3514 2105 3738 2159 naviter

2149 2200 2518 2270 percipientcs
2550 2199 2912 2254 obtulerimus
2945 2217 2958 2250 :
2991 2198 3248 2268 quoniam
3282 2199 3514 2253 necdum
3551 2200 3735 2254 subti-

2149 2293 2272 2348 liter
2305 2294 2424 2363 ejus
2475 2294 2723 2363 proferre
2771 2291 3026 2362 mysteria
3065 2292 3353 2360 capimus,
3395 2301 3457 2345 ut
3497 2291 3738 2346 farinam

2150 2383 2465 2447 oﬂ‘eramus,
2501 2392 2594 2438 aut
2627 2383 2884 2446 similam,
2918 2382 3288 2437 necessarium
3327 2393 3410 2437 est
3461 2394 3520 2438 ut
3547 2384 3736 2438 viren-

2151 2475 2222 2528 tia
2243 2483 2298 2527 et
2321 2474 2524 2528 torrido
2549 2483 2713 2542 atque
2737 2471 3034 2534 confracta,
3061 2471 3166 2536 vel,
3193 2472 3334 2526 sicut
3354 2471 3496 2524 LXX
3518 2472 3736 2535 dicunt,

2151 2575 2212 2620 ut
2241 2565 2481 2620 recentia
2537 2565 2715 2625 fricta,
2749 2575 2960 2617 matura
2993 2563 3158 2616 fracta
3187 2562 3504 2618 oﬂ‘eramus.
3527 2562 3732 2629 Quem-

2150 2658 2440 2712 admodum
2488 2658 2634 2711 enim
2683 2657 2971 2710 humectos
3017 2655 3243 2718 fructus,
3284 2664 3340 2709 et
3371 2655 3464 2724 qui
3502 2660 3738 2710 uectum

2150 2759 2384 2822 possunt
2433 2750 2585 2813 moli,
2626 2758 2686 2802 ut
2725 2752 2854 2802 fiant
2913 2747 3083 2800 farina
3134 2756 3230 2800 aut
3275 2746 3473 2812 simila,
3511 2747 3735 2814 quando

2152 2842 2488 2896 voluerimus
2522 2849 2682 2910 aptos
2719 2838 2834 2892 esui
2885 2839 3136 2901 reddere,
3183 2836 3313 2906 igne
3353 2852 3448 2891 eos
3482 2837 3730 2892 confrin-

2152 2941 2364 3004 gentes,
2404 2931 2587 3000 paleas
2621 2945 2835 2989 eorum.
2886 2929 2938 2982 in
2991 2944 3058 2983 eo
3103 2928 3246 2998 quod
3291 2943 3389 2982 eos
3435 2929 3736 2999 frangimus

2155 3039 2474 3094 separamus
2509 3040 2525 3076 :
2555 3022 2633 3077 sie
2669 3023 2983 3092 quicunque
3018 3022 3249 3076 necdum
3280 3020 3561 3075 scientiam
3597 3020 3736 3074 soli-

2153 3115 2278 3169 dam
2323 3115 2610 3178 babt-mus,
2649 3127 2750 3167 nec
2801 3113 3054 3166 subtilem
3096 3111 3479 3180 excelsumque
3524 3111 3735 3166 theolo-

2153 3205 2318 3276 giam,
2341 3205 2576 3260 necdum
2607 3203 2754 3257 enim
2787 3203 2931 3257 illam
2961 3203 3276 3257 discernere
3311 3202 3489 3256 idonei
3521 3218 3734 3266 sumas,

2153 3295 2480 3365 spiritalium
2506 3294 2912 3365 Seripturarum
2953 3295 3248 3363 perfectam
3291 3295 3576 3349 scientiam
3624 3310 3742 3349 non

2155 3389 2440 3451 habentes,
2467 3403 2606 3456 opus
2637 3387 2902 3440 habemus
2931 3401 3050 3440 eam
3090 3387 3144 3439 in
3177 3387 3300 3456 igne
3336 3386 3558 3455 spiritus
3595 3386 3734 3440 frin-

2154 3495 2305 3549 gere,
2330 3478 2383 3532 id
2414 3488 2498 3532 est
2520 3478 2667 3532 illius
2693 3477 3066 3548 Operationem
3089 3486 3144 3532 et
3167 3477 3736 3532 subministrationem

2152 3570 2314 3625 nobis
2358 3570 2729 3631 commodare,
2761 3579 2823 3624 ut
2861 3569 2930 3624 ab
2963 3585 3024 3623 ca
3071 3569 3264 3624 littera:
3295 3570 3480 3640 paleas
3513 3585 3740 3639 separe—

2153 3679 2296 3718 mus.
2332 3663 2414 3717 Ex
2465 3664 2559 3718 illo
2593 3663 2741 3716 enim
2789 3663 3149 3717 sullicicntem
3191 3672 3354 3732 atque
3393 3663 3741 3717 celerrimam

2153 3755 2246 3810 Dei
2282 3755 2570 3810 scientiam
2619 3756 3046 3824 possidebimus,
3079 3763 3300 3824 propter
3330 3754 3474 3824 quod
3516 3765 3572 3809 et
3612 3769 3741 3808 eam

2154 3847 2512 3916 intelligibilis
2547 3846 2802 3901 sacerdos
2845 3846 3092 3917 suscipit.
3135 3845 3364 3917 Oportet
3405 3856 3585 3900 autem
3635 3861 3736 3900 nos

2155 3940 2553 4010 superfundere
2609 3941 2809 4004 oleum,
2845 3949 2900 3994 et
2941 3939 3390 4010 superimponere
3439 3939 3566 3994 thus
3606 3954 3740 4009 :per

2157 4033 2558 4103 eicemosynam
2586 4032 2788 4102 quippe
2819 4041 2872 4086 et
2897 4032 3200 4086 orationem
3229 4032 3454 4086 scientia
3490 4033 3542 4085 in
3577 4032 3737 4087 nobis

2156 4122 2340 4176 divina
2391 4120 2688 4191 perﬁcitur.
2723 4122 2798 4175 De
2829 4122 3026 4191 quibus
3070 4121 3403 4186 hominibus,
3437 4138 3647 4177 necnon
3680 4133 3738 4176 et

2157 4213 2224 4268 de
2247 4212 2548 4268 memoriali
2576 4212 2719 4282 quod
2746 4229 2912 4284 super
2932 4214 3102 4268 altare
3126 4214 3412 4270 sacerdote
3433 4217 3746 4285 accipiente

2160 4306 2400 4375 ponitur,
2425 4305 2484 4357 in
2501 4305 2876 4375 superioribus
2921 4305 3174 4359 subtilius
3211 4307 3587 4375 exposuimus.
3616 4307 3732 4360 Non

478 4397 637 4462 ficiis,
669 4395 762 4461 sed
791 4394 846 4448 in
875 4392 1025 4448 omni
1070 4407 1297 4446 munere
1323 4391 1583 4460 praecepit
1611 4390 1690 4445 sal
1717 4388 1901 4445 olIerri
1939 4407 1952 4442 :
1995 4397 2053 4442 ut
2084 4407 2134 4464 ι)
2157 4409 2286 4464 ergo
2333 4408 2561 4448 necesse
2609 4403 2694 4448 est
2742 4409 2888 4448 nunc
2938 4395 3332 4464 expositionem
3376 4395 3732 4450 confundere.

476 4485 845 4554 quodcunque
895 4481 1168 4548 docueris,
1217 4481 1582 4550 qut-dcunque
1634 4479 1958 4542 correxeris,
1999 4479 2054 4532 in

477 4589 803 4645 quacunque
835 4573 1038 4626 virtute
1069 4580 1426 4625 conversatus
1463 4571 1655 4635 fueris,
1686 4570 1753 4624 ad
1793 4569 2057 4639 apostoli-

477 4683 598 4723 eam
635 4665 1036 4722 aemulationem
1065 4672 1225 4734 atque
1247 4663 1602 4718 imitationem
1627 4659 1872 4731 opereris
1903 4701 1918 4726 ,
1950 4675 2058 4714 me-

477 4774 710 4830 morque
757 4757 834 4813 sis
876 4754 1027 4811 Pauli
1079 4755 1312 4810 dieentis
1342 4773 1358 4806 :
1387 4754 1688 4808 lmitatores
1734 4752 1834 4806 mei
1878 4761 2058 4815 estote,

474 4853 607 4906 sicut
650 4858 699 4904 et
741 4864 836 4918 ego
887 4846 1083 4901 Christi
1116 4847 1155 4899 ’.
1205 4845 1273 4900 Et
1323 4859 1514 4898 rursus
1551 4861 1564 4896 :
1605 4843 1740 4913 Ergo
1782 4842 1900 4910 jam
1952 4859 2055 4896 non

474 4944 597 4998 estis
645 4941 860 4995 aduente
907 4945 954 4991 et
995 4938 1240 5006 hospites.
1278 4937 1368 4989 sed
1420 4935 1544 4989 cstis
1579 4936 1712 4988 cives
1751 4944 2053 4988 sanctorum

475 5043 524 5088 ct
557 5033 829 5087 domestici
875 5031 991 5095 Dei,
1023 5027 1432 5098 snperatdi/icati
1461 5042 1617 5094 super
1652 5027 2052 5096 fundamentum

476 5125 837 5194 apostolorum
878 5133 925 5177 et
976 5123 1373 5191 prophetarum,
1405 5120 1517 5188 ipsa
1552 5134 1757 5172 summa
1805 5118 2054 5189 angulari

479 5217 654 5289 lapide
687 5215 892 5273 Christo
932 5215 1053 5269 Jesu
1088 5215 1152 5266 ‘°.
1182 5212 1319 5278 Quia
1363 5219 1544 5265 autem
1585 5226 1698 5264 non
1739 5210 2056 5279 simpliciter

479 5311 556 5365 sal
577 5311 734 5375 dixit,
767 5310 860 5366 scd
897 5310 1024 5364 illud
1059 5304 1421 5376 intelligibile,
1455 5303 1724 5375 legislator
1757 5303 1970 5357 innuit:

547 5399 666 5453 Non
714 5401 925 5470 auferes
961 5398 1066 5461 sal,
1096 5396 1292 5466 inquit,
1326 5393 1533 5467 [tuleris
1567 5393 1661 5446 Dei
1691 5393 1788 5446 tui.
1819 5391 1973 5458 Quod
2013 5394 2054 5444 si

476 5490 655 5548 fmdus
679 5493 795 5547 sive
829 5498 1212 5546 testamentum
1244 5487 1507 5542 rationale
1533 5495 1639 5548 est,
1677 5485 1862 5554 utique
1891 5496 1947 5540 et
1981 5488 2057 5539 sal

565 5627 745 5756 :9Act.
792 5627 1034 5693 “11,28.
1134 5625 1351 5682 ‘lCor.
1390 5644 1430 5693 ι,
1465 5625 1552 5680 21.

477 5715 540 5765 ll,
565 5715 642 5756 ιν.

1651 5623 1870 5682 'lCor.
1923 5644 1979 5694 It,
2036 5634 2087 5694 t3,
2145 5633 2200 5685 7.

2155 4486 2292 4552 Quia
2329 4486 2475 4540 enim
2529 4487 2683 4557 fricta
2735 4496 2970 4547 matura,
3014 4486 3316 4541 secundum
3367 4487 3529 4544 LXX.
3563 4489 3741 4557 fracta

2154 4585 2275 4628 sunt
2305 4615 2322 4640 ,
2355 4590 2417 4630 ea
2445 4591 2566 4644 qua:
2599 4575 2722 4646 igne
2765 4562 2934 4630 fricta.
2963 4583 3111 4638 sunt,
3154 4575 3345 4644 reliqui
3412 4576 3741 4644 interpretes

2159 4666 2514 4722 Hebraeorum
2551 4668 2848 4737 explanant
2883 4683 2982 4737 pro
3025 4683 3112 4733 eo,
3143 4667 3275 4722 frixa
3311 4678 3521 4724 matura
3557 4669 3692 4722 facta
3721 4709 3734 4729 .

2161 4758 2300 4828 {rixa
2334 4758 2391 4810 in
2420 4758 2538 4827 igne
2572 4758 2754 4812 mollia
2789 4758 3101 4812 ediderunt.

2758 4913 2984 4969 CAPUT
3025 4915 3115 4969 lll.

2236 5028 2392 5083 Vens.
2433 5029 2549 5082 1-5.
2597 5048 2615 5079 t
2656 5028 2812 5094 Quod
2863 5031 2910 5085 si
2959 5031 3133 5085 hostia
3174 5031 3522 5101 paeilieorum
3581 5033 3742 5089 fuerit

2165 5121 2284 5189 rius
2323 5119 2550 5182 oblatio,
2587 5131 2637 5173 et
2687 5120 2755 5174 de
2801 5121 2978 5175 bobus
3015 5122 3250 5177 voluerit
3277 5122 3494 5187 oll'erre,
3535 5139 3740 5178 marem

2164 5214 2280 5267 sive
2323 5212 2582 5266 feminam
2608 5213 3014 5268 immaculatum
3045 5215 3238 5269 offeret
3267 5231 3451 5270 coram
3473 5215 3728 5277 Domino,

2165 5313 2438 5372 ponetque
2487 5318 2708 5356 manutn
2757 5319 2923 5373 super
2963 5313 3128 5374 caput
3174 5305 3409 5359 victima:
3451 5321 3584 5369 sua,
3622 5319 3744 5374 qua:

2166 5393 2537 5447 immolabitur
2589 5391 2643 5444 in
2697 5391 2923 5447 introitu
2977 5394 3368 5448 tabernaculi:
3409 5393 3744 5462 fundentque

2165 5487 2255 5541 filii
2314 5487 2494 5538 Aaron
2552 5484 2856 5539 sacerdotis
2917 5487 3238 5557 sanguinem
3299 5501 3397 5556 per
3451 5487 3746 5541 circuitum

2294 5627 2314 5655 "
2348 5624 2534 5680 Matth.
2585 5642 2634 5688 v,
2681 5624 2764 5686 l3,
2869 5625 2930 5678 ιι
2971 5625 3099 5679 Cor.
3155 5643 3231 5692 tv,
3273 5625 3362 5680 16.
3463 5627 3504 5658 '°
3542 5625 3744 5694 Epiros.
