4076 6188
436 250 547 316 ΕΠ

1594 240 1671 305 1N
1712 236 2145 302 LEVlTltZUM.
2186 264 2252 275 -
2298 233 2443 301 LIB.
2487 241 2533 301 Ι.

3573 235 3679 312 διι

439 375 645 435 auaris,
681 386 733 430 ει
772 370 1005 427 "(rerum
1051 371 1115 423 de
1166 368 1340 422 hostia
1384 366 1732 434 paciﬁcerum
1774 360 1827 413 in
1855 356 2003 410 obla-
2039 362 2080 412 Α
2111 353 2246 408 ﬁciis
2319 355 2811 411 holocautomatum
2890 350 3225 417 sulﬁcientcr
3303 364 3678 424 discussimus.

443 466 643 520 tionem
699 467 933 521 υοτιιὶιιο
982 463 1250 531 :adipem
1315 458 1408 527 qui
1470 456 1647 526 operit
1699 452 1902 511 vitalia,
1960 457 2017 503 et

437 557 701 626 quidquid
738 554 1084 627 pinguedinis
1118 551 1447 605 intrinsecus
1479 554 1560 600 e~t
1592 564 1605 599 :
1644 545 1786 597 duos
1833 554 2014 605 renes,

441 659 565 697 cum
605 646 763 715 adipe
801 660 910 715 quo
962 649 1218 712 teguntur
1250 641 1362 701 ilia,
1400 646 1457 691 et
1495 635 1776 690 reticulum
1814 629 2017 699 jecoris

442 750 569 789 cum
611 736 927 793 rennneulis
963 753 976 787 :
1018 734 1420 799 adolebuntque
1458 744 1519 782 ea
1558 740 1722 795 super
1758 723 1926 777 altare
1960 720 2015 774 in

443 828 843 887 holocaustum.
888 828 1046 898 lignis
1083 827 1208 896 igne
1244 821 1549 891 supposito,
1593 821 1647 871 in
1685 813 2015 870 oblationem

443 922 757 976 suavissimi
795 920 982 973 odoris
1012 916 1264 971 Domino.
1304 932 1326 964 ι

517 1014 684 1069 Recte
722 1011 891 1066 David
927 1009 1191 1079 propheta
1222 1004 1485 1075 psallehat
1522 1018 1535 1054 :
1576 1000 1694 1054 Vias
1736 1009 1875 1063 mas,
1913 995 2019 1049 Do-

444 1103 604 1165 mine,
639 1103 939 1156 demonstra
987 1099 1134 1161 mihi,
1164 1107 1212 1150 et
1253 1094 1471 1149 semitas
1517 1101 1636 1145 tuas
1661 1091 1815 1145 edoce
1844 1105 1924 1142 me
1952 1088 2016 1140 ”.

445 1191 714 1257 Quoniam
757 1190 1208 1246 conversationes
1237 1186 1379 1239 Deus
1412 1183 1726 1239 hominibus
1759 1182 2018 1236 dideren-

446 1290 530 1334 tes
580 1296 676 1351 per
724 1282 896 1351 legem
938 1282 1138 1342 sanxit,
1171 1288 1226 1332 et
1262 1278 1316 1330 in
1363 1276 1586 1330 uiodum
1624 1274 1889 1328 scalarum
1921 1273 2023 1327 vir-

445 1384 592 1428 tutes
620 1374 916 1435 ordinavit,
959 1381 1016 1426 ut
1045 1371 1134 1425 alii
1174 1370 1399 1440 quidem
1446 1368 1634 1423 liceret
1663 1377 1854 1421 omnes
1882 1376 2023 1420 asse-

447 1464 563 1530 qui,
590 1464 681 1517 alii
714 1473 897 1517 autem
938 1462 1223 1533 quasdam,
1250 1469 1309 1513 ut
1335 1474 1551 1513 sursum
1584 1467 1764 1512 tamen
1793 1456 2021 1526 quisque

444 1555 822 1609 sublevaretur
850 1569 879 1608 a
910 1563 1058 1608 terra
1078 1570 1094 1605 τ
1113 1554 1216 1607 hoc
1238 1552 1438 1621 quippe
1457 1548 1826 1603 eldiﬁ‘erentia
1852 1546 2021 1602 sacri-

449 1646 696 1700 ﬁciorum
754 1644 1115 1715 signiﬁcabat.
1166 1642 1299 1696 Nam
1348 1643 1439 1696 hic
1481 1642 1701 1711 quidem
1749 1641 1818 1695 de
1861 1639 2057 1715 nobis,

450 1708 830 1792 holocaustum
858 1736 1074 1799 oﬂerd,
1106 1744 1274 1790 totum
1306 1708 1658 1804 semetipSum
1688 1733 1798 1788 Deo
1822 1731 2019 1787 oﬁ‘errc
2049 1708 2094 1764 Β

447 1828 659 1894 volens,
711 1837 768 1882 et
813 1828 957 1882 sicut
999 1827 1200 1881 Paulus
1248 1826 1464 1881 dicebat
1496 1843 1509 1880 :
1544 1827 1750 1881 Christo
1788 1825 2023 1895 conﬁxus

443 1933 564 1973 sunt
606 1919 762 1983 rruci
797 1920 864 1974 ι’.
924 1919 1075 1972 Alter
1130 1917 1454 1971 sacriﬁcium
1506 1916 1854 1987 paciﬁcorum
1910 1917 2026 1971 sive

446 2010 723 2075 salutare,
771 2008 868 2078 qui
923 2008 1199 2062 desiderat
1250 2006 1504 2067 salutem.
1555 2010 1658 2062 etsi
1712 2022 1819 2059 non
1850 2015 2026 2076 potest

448 2104 615 2156 nimis
658 2101 970 2156 sublimiter
1003 2099 1319 2154 conversari
1362 2116 1375 2150 :
1409 2114 1536 2153 nam
1571 2100 1698 2152 etsi
1736 2113 1847 2153 non
1885 2099 2026 2153 valet

450 2185 817 2265 virginitatem
868 2195 1139 2265 quispiam
1197 2194 1482 2262 consequi.
1527 2193 1583 2246 in
1640 2201 1788 2247 casto
1842 2202 2023 2247 autem

446 2289 706 2358 coniugio
742 2296 1126 2351 'conVersetur,
1174 2286 1388 2339 veniam
1429 2286 1659 2355 percipit
1698 2302 1728 2339 a
1774 2285 2023 2349 Domino,

447 2379 546 2448 qui
570 2379 742 2433 dixit:
779 2377 897 2431 Non
931 2394 1107 2431 omnes
1129 2378 1349 2444 rapiunt
1381 2377 1589 2431 verbum
1612 2377 1657 2409 "
1675 2416 1692 2439 ,
1715 2377 1931 2446 quando
1959 2378 2026 2432 de

455 2470 766 2540 virginitate
816 2468 1079 2539 apostolis
1122 2469 1451 2537 exponebat.
1503 2469 1609 2523 Sed
1656 2477 1838 2523 tamen
1885 2470 2027 2523 inter

453 2577 548 2614 eos
571 2561 669 2630 qui
691 2560 972 2614 salvantur
996 2558 1307 2614 necessarie
1332 2560 1674 2614 ordinantur.
1706 2559 1819 2614 Hoc
1849 2560 2023 2630 ipsum

450 2658 642 2706 nutem‘
676 2662 727 2707 et
758 2653 827 2707 de
864 2660 1178 2721 contemptu
1211 2666 1413 2716 rerum,
1443 2661 1496 2705 et
1521 2652 1588 2706 de
1606 2651 1837 2721 iustitia,
1873 2663 1927 2705 et
1957 2653 2024 2705 de

449 2744 573 2797 cibo
613 2759 739 2799 cum
782 2745 1095 2814 gratiarum
1126 2746 1362 2802 actione.
1397 2745 1522 2813 quia
1563 2760 1791 2815 magnus
1818 2754 1899 2798 est
1931 2745 2021 2814 qui

446 2847 664 2903 magna,
697 2841 753 2887 et
780 2848 1001 2903 parvus,
1031 2848 1141 2886 non
1184 2843 1361 2887 tamen
1388 2833 1671 2896 minimus,
1706 2833 1800 2904 qui
1829 2836 2022 2889 saltem

449 2924 744 2978 mediocria
772 2924 1031 2994 consequi
1061 2934 1258 2994 potest.
1292 2923 1361 2979 Ut
1391 2923 1715 2995 probaretur
1739 2939 1868 2995 ergo
1896 2925 2019 2995 quia

444 3015 572 3067 vlttze
612 3016 1090 3089 conversationum
1132 3015 1344 3084 species
1390 3023 1519 3069 sunt
1561 3014 1628 3069 ad
1675 3013 2020 3083 justiﬁeatio—
2046 3050 2090 3107 Β

448 3121 575 3159 nem
630 3107 939 3171 hominum,
979 3107 1116 3160 duas
1168 3105 1558 3162 sacriﬁciorum
1598 3114 2022 3175 spontaneorum

449 3197 801 3253 deﬁnitiones
830 3198 1018 3268 posuit
1044 3216 1060 3262 ;
1092 3197 1168 3250 ait
1196 3198 1342 3251 enim
1366 3198 1420 3251 in
1450 3197 1588 3251 libro
1610 3197 1775 3251 Exodi
1809 3212 1823 3251 :
1851 3195 2031 3250 Altare

444 3292 515 3342 de
554 3299 694 3343 terra
731 3292 938 3362 facietis
977 3290 1126 3353 mihi,
1157 3298 1205 3343 et
1245 3290 1588 3343 immolabitis
1615 3303 1772 3357 super
1803 3305 1863 3341 eo
1892 3287 2032 3341 holo-

452 3391 759 3434 cautomata
829 3390 879 3436 et
906 3382 1130 3451 paciﬁca
1173 3392 1365 3446 vestra,
1394 3396 1513 3435 oves
1556 3389 1753 3434 vestras
1782 3388 1829 3433 et
1860 3378 2026 3433 boves.

450 3472 516 3525 ειη
538 3475 681 3527 οηιηὶ
699 3474 816 3526 ‘loeo
844 3474 900 3526 in
933 3489 1034 3541 quo
1064 3474 1392 3526 nominatum
1427 3473 1585 3543 fuerit
1624 3488 1808 3525 nomen
1837 3482 2028 3537 meum,

452 3564 661 3616 ueniam
680 3564 751 3616 ad
773 3574 841 3626 te,
862 3571 909 3615 et
929 3564 1228 3616 benedicam
1248 3564 1343 3616 tibi
1368 3563 1431 3616 “.
1458 3562 1520 3614 Et
1538 3562 1794 3632 precepit
1808 3563 2029 3633 quidem

451 3654 806 3722 paeiﬁeorum
835 3654 1233 3712 holocaustum.
1256 3653 1530 3708 snhinfert
1553 3662 1733 3707 autem
1762 3672 1775 3706 :
1807 3652 1871 3707 Et
1892 3655 2033 3723 paci-

448 3744 578 3813 eﬁca.
606 3744 749 3797 velut
769 3743 992 3797 secundi
1011 3743 1217 3798 ordinis
1232 3752 1286 3796 et
1301 3744 1535 3797 virtutis.
1569 3741 1889 3814 Quicunque
1904 3760 2032 3816 ergo

450 3836 629 3889 solum
663 3833 765 3888 sibi
797 3835 901 3889 hoc
932 3832 1349 3904 putatsuﬁiccre
1378 3834 1420 3887 si
1447 3834 1705 3897 salvetur,
1738 3834 1783 3888 is
1810 3835 2027 3905 quidem

449 3928 523 3982 de
569 3928 743 3981 bobus
772 3926 965 3980 oﬁeret
1013 3927 1155 3982 (esse
1183 3935 1362 3978 autem
1419 3926 1608 3979 bovem
1655 3926 1887 3982 diximus
1935 3938 2031 3981 eos

448 4017 545 4085 qui
595 4018 739 4070 circa
788 4016 994 4085 agenda
1026 4030 1089 4068 ea
1122 4031 1242 4084 quae
1280 4015 1413 4085 legis
1463 4024 1593 4069 sunt
1636 4015 1872 4088 vacant);
1915 4016 2031 4072 sive

451 4107 777 4171 masculum,
808 4108 923 4160 sive
951 4107 1230 4169 ien‘dnam,
1258 4106 1662 4161 immaculatum
1705 4116 1880 4161 tamen
1909 4124 2031 4162 mn-

454 4212 557 4253 nus
582 4197 795 4252 oderat.
827 4197 1090 4266 Equidem
1128 4210 1252 4251 eum
1281 4196 1372 4266 qni
1406 4197 1783 4252 holocaustum
1808 4198 2027 4262 bﬂ'eret,

450 4305 563 4343 non
603 4288 861 4358 praeepit
907 4287 1106 4342 oﬁi-rre
1166 4288 1444 4354 feminam,
1496 4304 1832 4359 nequaquam
1868 4290 2029 4345 femi-

2115 444 2253 512 Quid
2302 456 2483 500 autem
2537 443 2645 503 Deo
2686 449 2882 504 oﬂerre
2928 452 2996 506 de
3029 468 3129 509 suo
3164 457 3428 510 sacriﬁcio
3462 473 3684 515 necesse

2119 540 2350 594 habeant
2398 542 2488 609 qui
2535 543 2728 597 salvari
2789 544 2994 609 volunt,
3028 547 3133 601 hoc
3161 550 3327 618 quaeri
3359 556 3415 606 et
3436 554 3686 608 conside-

2117 630 2223 683 rari
2257 633 2625 686 necessarium
2663 644 2764 687 est.
2806 633 3057 691 Oﬁ‘crunt
3102 640 3246 693 enim
3277 641 3343 695 de
3386 642 3559 699 hostia
3590 661 3684 716 pa-

2117 719 2392 775 ciﬁeorum
2427 724 2479 776 in
2512 725 2838 780 oblationem
2880 729 3114 793 Domini,
3148 731 3361 801 adipem
3389 736 3480 804 qui
3510 740 3691 808 operit

2120 811 2318 876 vitalia,
2367 822 2423 866 et
2482 815 2739 884 quidquid
2803 818 3146 888 pinguedinis
3216 822 3545 881 intrin'Secus
3581 841 3683 884 est.

2120 898 2240 963 Vel,
2286 904 2429 958 sicut
2474 906 3079 979 Septuagintamdipem
3108 914 3198 983 qui
3225 917 3391 983 operit
3434 929 3684 985 ventrem,

2120 1002 2167 1045 et
2215 1010 2417 1047 omnem
2467 996 2670 1062 adipem
2721 999 2811 1066 qui
2853 1000 2907 1052 in
2939 1012 3116 1055 ventre
3158 1015 3229 1057 est
3263 1044 3289 1067 ,_
3322 1022 3417 1075 per
3444 1017 3686 1066 ventrem

2118 1091 2215 1136 cor
2243 1085 2592 1154 signiﬁcans:
2631 1087 2751 1142 ideo
2786 1096 2967 1144 autem
3000 1094 3240 1150 sedundo
3268 1096 3388 1166 ejus
3416 1097 3468 1151 in
3504 1114 3689 1170 supra-

2121 1174 2262 1227 dicta
2323 1175 2562 1230 editione
2612 1179 2930 1234 nierum-iam
2975 1180 3129 1249 fecit,
3180 1187 3306 1254 quia
3344 1186 3481 1243 duas
3527 1190 3691 1246 habet

2120 1268 2480 1335 operationes,
2508 1270 2652 1323 sicut
2681 1271 2871 1327 dicunt
2895 1274 3109 1329 medici.
3146 1276 3362 1332 Etenim
3395 1297 3491 1350 per
3527 1299 3687 1337 unam

2122 1366 2331 1426 partem
2361 1360 2529 1414 trahit
2559 1361 2835 1428 alimenta,
2872 1370 3014 1434 quod
3054 1373 3297 1424 ventrem
3318 1374 3684 1444 superiorem,

2122 1462 2219 1517 per
2247 1448 2403 1504 aliam
2434 1451 2785 1520 purgationes
2815 1453 3092 1520 discernit,
3125 1454 3269 1527 quod
3313 1463 3559 1520 ‘m‘ntrem
3602 1467 3689 1520 iu-

2123 1540 2376 1595 l‘eriorem
2438 1552 2652 1599 vocant.
2693 1543 2871 1601 Renes
2914 1553 3044 1603 ve‘ro
3090 1549 3363 1607 coitalium
3421 1558 3688 1613 seminum

2124 1640 2253 1686 sunt
2285 1631 2609 1698 ministeria,
2658 1635 2862 1691 habent
2889 1641 3069 1693 autem
3094 1646 3540 1701 'co'mi'nnhionem
3568 1665 3689 1704 eum

2124 1730 2313 1776 ventre
2334 1730 2390 1776 et
2417 1722 2752 1781 femoribus:
2785 1735 2947 1796 atque
2973 1729 3133 1799 hujus
3170 1732 3245 1786 rei
3281 1735 3452 1804 gratia
3474 1738 3689 1810 adipem

2124 1813 2378 1883 primum,
2411 1815 2503 1885 qui
2534 1826 2698 1886 supra
2744 1824 2987 1874 ventrem
3016 1830 3123 1886 est,
3173 1828 3228 1878 et
3252 1824 3389 1882 duos
3419 1841 3600 1893 renes,
3638 1843 3694 1885 et

2123 1918 2315 1959 rursus
2350 1905 2564 1974 adipem
2600 1909 2693 1976 qui
2746 1911 2912 1978 super
2948 1914 3043 1965 eus
3065 1922 3169 1977 est,
3202 1904 3252 1969 id
3282 1918 3386 1983 est,
3422 1934 3587 1991 super
3617 1921 3692 1975 l'e-

2124 2006 2297 2056 mora,
2324 1999 2511 2064 utpote
2534 2000 2655 2065 qua:
2685 1996 2861 2052 vicina
2886 2008 3015 2053 sunt
3039 2003 3278 2067 renibus,
3308 2006 3463 2075 jubet
3487 2010 3692 2071 olierri.

2123 2085 2250 2155 quia
2301 2085 2444 2141 inter
2487 2088 2724 2143 medium
2781 2090 3004 2148 femoris
3044 2102 3100 2148 et
3150 2098 3354 2152 ventris
3394 2106 3557 2157 renes
3604 2105 3693 2157 siti

2126 2185 2273 2231 sunt.
2304 2175 2361 2230 In
2389 2178 2574 2246 iecore
2617 2190 2823 2246 autem,
2857 2182 2908 2236 id
2940 2191 3023 2238 est
3062 2185 3115 2239 in
3150 2187 3343 2256 hepate
3375 2186 3694 2247 delectatio-

2126 2281 2274 2331 nem,
2305 2268 2422 2323 sive
2449 2271 2947 2341 concupiscentiam
2998 2278 3348 2333 constitutam
3381 2291 3505 2335 esse
3539 2282 3694 2341 dixit.

2128 2356 2280 2411 Unde
2316 2361 2617 2415 secundum
2665 2360 3017 2436 Septuaginta
3068 2367 3281 2437 h’epatis
3319 2373 3540 2442 pinnam
3572 2391 3694 2431 cuiu

2126 2452 2350 2507 renibus
2367 2453 2554 2507 oﬁ'erri
2584 2453 2788 2510 dictum
2817 2468 2919 2524 est,
2951 2468 3137 2530 utpote
3171 2463 3368 2532 hepa'te
3397 2466 3452 2520 in
3478 2469 3697 2523 renibus

2126 2544 2231 2596 vim
2263 2547 2595 2614 operationis
2617 2563 2729 2604 suae
2755 2550 3117 2609 ministrante.
3150 2556 3256 2611 sed
3289 2560 3418 2628 quid
3452 2575 3551 2630 per
3582 2563 3697 2616 huic

2125 2634 2410 2704 signiﬁcat,
2442 2638 2528 2693 vel
2560 2641 2688 2709 quid
2722 2644 2972 2709 sancivit,
3006 2647 3098 2716 q'ui
3136 2648 3327 2703 salvari
3364 2652 3695 2715 volentibus.

2124 2727 2287 2781 etiam
2332 2745 2475 2784 nunc
2508 2730 2561 2785 in
2600 2733 2867 2802 parabolis
2904 2752 2966 2791 os
3006 2736 3264 2807 aperuit?
3308 2741 3444 2810 Quia
3482 2755 3698 2815 oportet

2127 2819 2377 2881 hostiam.
2411 2822 2463 2875 id
2492 2832 2576 2878 est
2601 2825 2871 2895 primitias
2894 2838 2948 2883 et
3000 2829 3457 2901 h'olocau‘tomata,
3489 2834 3697 2894 Dcoab

2127 2912 2211 2965 his
2257 2915 2347 2984 qui
2384 2916 2578 2970 salvari
2609 2918 2818 2982 volunt,
2840 2920 3241 2995 intelligib'ilem
3271 2927 3507 2998 adipem,
3548 2930 3700 2985 vide-

2125 3002 2250 3059 licet
2301 3005 2670 3073 desiderium,
2724 3010 2867 3080 Qnod
2924 3016 3096 3082 graece
3143 3017 3443 3089 ἐπιθυμίαν
3490 3021 3695 3083 dicunt.

2131 3094 2339 3161 oﬁ‘ci'ri,
2385 3096 2476 3166 qui
2523 3098 2673 3167 prius
2712 3100 2938 3170 quidem
2984 3103 3161 3175 operit
3198 3111 3535 3179 superiorem
3566 3132 3697 3168 ven»

2130 3192 2292 3249 trem,
2320 3185 2516 3241 deinde
2557 3187 2867 3245 inferiorem
2906 3210 2922 3248 :
2957 3193 3013 3248 ut
3038 3202 3094 3249 'et
3126 3194 3179 3249 in
3209 3199 3518 3267 cogitando,
3558 3214 3612 3257 et
3646 3206 3697 3257 iu

2133 3275 2426 3345 implendo,
2458 3278 2787 3335 desiderium
2817 3281 2925 3337 Deo
2950 3285 3247 3343 oﬁ‘e'ramus
3273 3307 3286 3342 :
3315 3298 3529 3360 oportet
3553 3297 3695 3349 enim

2132 3368 2361 3457 proponi
2417 3369 2586 3437 prius,
2635 3380 2689 3424 et
2736 3379 2921 3442 postea
2962 3374 3250 3447 'co‘tmilcri.
3292 3381 3517 3454 Propter
3555 3386 3695 3457 quod

2131 3464 2187 3510 et
2238 3455 2439 3512 Paulus
2475 3460 2722 3515 diccbat:
2773 3463 2874 3527 Qui
2906 3466 3268 3537 episcopatum
3301 3455 3586 3538 desiderat,
3612 3471 3673 3530 bo

2127 3562 2259 3601 num
2300 3565 2430 3619 opus
2472 3551 2814 3606 desiderat".
2864 3553 2937 3609 De
2960 3557 3058 3609 illo
3088 3535 3297 3630 quippe
3331 3535 3476 3618 nunc
3514 3535 3697 3621 ventre

2132 3636 2404 3707 legislator
2457 3640 2714 3710 loquitur.
2762 3644 2829 3697 de
2872 3653 2980 3714 quo
3019 3647 3285 3703 Jeremias
3318 3651 3527 3723 inquit:
3567 3648 3699 3711 ι’ριμ

2131 3736 2264 3781 trem
2286 3744 2456 3783 meum
2476 3731 2644 3795 doleo,
2662 3747 2889 3789 ventrem
2925 3753 3093 3791 meum
3115 3740 3263 3793 doleo
3282 3743 3344 3795 ":
3365 3757 3472 3797 non
3503 3740 3696 3802 frustra

2130 3830 2187 3876 et
2216 3822 2328 3892 ipse
2375 3824 2664 3895 dupliciter
2691 3830 3002 3895 nominans,
3033 3833 3127 3888 sed
3165 3845 3222 3889 ut
3268 3837 3538 3908 duplicem
3569 3854 3699 3911 ope-

2133 3918 2359 3973 rationis
2405 3920 2524 3989 ejns
2552 3920 2661 3975 vim
2698 3923 3043 3995 signiﬁcaret.
3073 3926 3151 3982 Ne
3196 3928 3329 3984 forte
3366 3937 3546 3987 autem
3576 3950 3698 3986 cor-

2131 4009 2369 4075 poralem
2459 4014 2837 4069 necessitatem
2920 4019 3277 4074 accusandam
3348 4022 3695 4091 putaremus.

2131 4102 2456 4159 suhint‘nlit':
2503 4104 2570 4159 Et
2614 4108 2792 4161 sensit:
2826 4109 2996 4163 cordis
3044 4112 3145 4164 mei
3177 4108 3470 4168 roii‘turbati
3492 4127 3611 4169 sunt
3634 4117 3695 4171 “.

2136 4194 2275 4266 Ergo
2319 4207 2509 4252 venter
2553 4201 2749 4255 anima:
2773 4209 2868 4255 cor
2896 4212 2999 4268 est,
3044 4203 3097 4256 in
3128 4211 3237 4274 'quo
3263 4197 3416 4276 prius
3443 4196 3697 4281 proponi-

2130 4299 2251 4342 mus
2297 4289 2554 4357 quasdam
2610 4290 2886 4355 actiones,
2946 4301 3130 4364 pbstea
3190 4298 3373 4352 autem
3438 4315 3701 4357 conamur

452 4395 577 4433 nam
652 4381 874 4449 privans
930 4382 999 4435 ab
1056 4381 1364 4449 huiusmodi
1424 4383 1865 4445 conversatione.
1929 4384 2023 4440 sed
2056 4404 2101 4461 ι)
2133 4376 2376 4448 implere.
2431 4374 2747 4452 i’roponer'e
2793 4400 2924 4456 ergo
2982 4393 3241 4457 appetere
3304 4391 3701 4460 quodammodo

451 4470 744 4523 ostendens
786 4470 911 4539 quia
953 4471 1190 4540 perfecta
1234 4487 1447 4541 sapere,
1496 4476 1715 4544 proprie
1777 4475 2021 4531 virorum

444 4568 555 4612 est.
590 4560 740 4625 Quod
779 4560 881 4614 etsi
926 4562 1121 4616 mulier
1168 4562 1281 4616 haec
1309 4563 1513 4632 sapiat,
1547 4565 1631 4618 vir
1659 4564 1796 4630 haec,
1836 4574 2022 4635 utpote

455 4653 625 4716 fortis,
659 4655 1035 4724 appellabitur,
1081 4655 1147 4708 de
1191 4672 1295 4725 qua
1341 4656 1597 4712 Solomon
1624 4658 1798 4711 dixit:
1831 4657 2018 4713 Matie-

453 4761 558 4798 reiu
588 4747 773 4815 fortem
811 4747 927 4818 quis
960 4747 1279 4800 inveniet"?
1331 4749 1711 4804 demonstrans
1748 4752 1873 4820 quia
1912 4750 2022 4805 for-

453 4840 643 4900 titudo,
704 4839 755 4893 id
806 4852 887 4894 est
928 4839 1209 4909 perfectio.
1260 4841 1475 4895 diﬁ‘mile
1502 4842 1553 4895 in
1596 4844 1916 4897 mulieribus
1947 4844 2025 4897 in-

451 4928 686 4983 venitur.
737 4928 1091 4983 Paciﬁeorum
1139 4937 1320 4983 autem
1378 4930 1725 4995 sacriﬁcium,
1778 4931 2025 4986 similiter

2130 4479 2232 4536 est,
2257 4471 2512 4528 festinare
2548 4480 2728 4530 autem
2759 4477 3043 4546 perﬁcere,
3076 4479 3306 4549 digestio
3339 4481 3520 4537 forsan
3551 4500 3699 4555 qmv-

2130 4562 2254 4616 dam
2296 4565 2516 4635 proprie
2556 4564 2788 4620 dicatur.
2817 4562 3060 4633 Quorum
3093 4579 3449 4642 utrormnque
3479 4572 3691 4628 deside-

2130 4653 2267 4706 rium
2308 4655 2450 4723 quod
2479 4655 2694 4725 adipem
2733 4656 3004 4720 clamavit.
3038 4675 3265 4716 necesse
3294 4662 3556 4717 habemus
3591 4663 3698 4717 Deo

2128 4747 2345 4811 oﬁ'erre,
2385 4757 2444 4801 ut
2489 4747 2625 4803 nihil
2679 4766 2904 4821 pravum
2957 4767 3342 4823 praponamus,
3384 4770 3561 4823 neque
3603 4772 3695 4808 ex-

2119 4839 2386 4907 pleamus.
2430 4832 2573 4894 Bone
2615 4851 2797 4895 autem
2836 4857 3000 4911 super
3033 4853 3279 4897 ventrem
3330 4843 3693 4913 superiorem,

2121 4928 2329 4998 quiest
2363 4931 2656 5000 appetitus,
2698 4933 2912 5001 adipem
2968 4934 3059 5002 qui
3100 4934 3277 5003 operit
3311 4942 3555 4987 ventrem
3597 4934 3707 4993 τίετε

453 5021 690 5074 virorum
746 5030 802 5075 et
835 5021 1122 5075 mulierum
1152 5031 1256 5083 est,
1280 5031 1493 5091 oportet
1519 5021 1664 5076 enim
1698 5031 1750 5075 et
1769 5021 2024 5076 mulieres
2118 5018 2246 5087 quia
2325 5018 2557 5073 maxima
2610 5034 2736 5088 pars
2781 5020 3034 5074 desiderii
3092 5021 3233 5073 eirea
3275 5020 3599 5090 appetitum,
3642 5031 3695 5074 et

450 5121 520 5164 ita
573 5113 777 5175 vivere,
805 5114 949 5167 sicut
970 5123 1156 5183 aptum
1182 5123 1265 5168 est
1301 5113 1367 5167 ad
1403 5112 1651 5167 salutem.
1716 5111 1822 5168 Sed
1855 5124 2018 5183 quam
2118 5112 2264 5164 circa
2309 5112 2644 5181 propositum
2683 5123 2786 5167 est.
2820 5112 3080 5166 inferiori
3126 5122 3307 5166 autem
3344 5112 3518 5167 ventri
3554 5113 3689 5167 duos

448 5204 518 5257 ob
585 5219 699 5258 rem
781 5222 976 5260 manus
1018 5207 1299 5275 imponere
1351 5221 1520 5276 suprr
1571 5214 1733 5275 caput
1786 5207 2020 5260 victima:

452 5297 860 5364 puecipiuntur,
897 5306 953 5351 et
986 5297 1267 5352 immolare
1312 5297 1366 5351 in
1398 5296 1624 5351 introitu
1663 5298 2017 5361 tabernaculi,

450 5405 506 5443 sa
529 5387 876 5459 igninemque
908 5387 1139 5443 fundere
1171 5389 1226 5444 in
1268 5387 1495 5444 circuitu
1526 5388 1729 5453 altaris,
1764 5391 1816 5444 in
1851 5392 2017 5445 sacri-

521 5588 561 5619 "
599 5586 739 5644 Psal.
763 5604 909 5653 xxlv,
937 5589 992 5643 ιδ
1094 5589 1138 5621 ¹⁹
1168 5587 1345 5644 Calai.
1371 5605 1427 5650 ιι.
1461 5591 1546 5645 19.

454 5669 531 5722 In,
564 5656 614 5713 l.
720 5660 763 5689 ¹⁷
788 5658 987 5714 Jerc-n.
1017 5675 1089 5722 tv,
1126 5660 1207 5715 l9.
1283 5661 1327 5692 ⁸⁸
1356 5661 1489 5715 ibid.
1587 5663 1628 5692 ”
1660 5658 1803 5715 Psal.
1844 5677 1973 5731 xxv,
1995 5664 2051 5716 2.

1650 5592 1694 5623 “
1720 5591 1913 5647 Matth.
1957 5607 2069 5656 xm,
2118 5595 2203 5647 Η.

2127 5220 2285 5262 renes
2336 5205 2637 5276 conjunxit.
2689 5205 2924 5260 diximus
2972 5206 3117 5259 enim
3159 5205 3283 5273 quia
3348 5205 3687 5261 communio-

2126 5314 2249 5357 nem
2292 5315 2452 5354 renes
2504 5300 2570 5352 ad
2613 5314 2708 5352 cor
2753 5298 2996 5351 habent:
3047 5298 3188 5350 unde
3228 5298 3392 5354 David
3443 5299 3555 5353 ait:
3593 5300 3691 5355 Ure

2127 5406 2272 5447 renes
2320 5407 2457 5446 meos
2500 5400 2548 5443 ct
2590 5404 2678 5443 cor
2707 5390 2959 5443 meum".
3001 5386 3137 5442 Audi
3180 5390 3380 5444 etenim
3403 5390 3691 5445 Dominum

2284 5591 2517 5644 “Exod.
2553 5605 2639 5654 xx,
2665 5587 2757 5643 ει.
2836 5588 2880 5619 ¹⁸
2897 5584 3057 5643 Prov.
3087 5602 3235 5654 xxxi,
3270 5586 3339 5644 10
3436 5586 3516 5642 "l
3546 5583 3696 5640 Tim.

3648 5766 3705 5807 Αίῗ
