4076 6188
534 316 642 384 799

1727 338 2091 406 HESYCHII
2140 347 2617 416 PRESBYTERI

535 431 766 501 petitum
789 449 986 494 vacare
1006 437 1151 496 circa
1177 437 1428 510 spiritum
1478 440 1656 512 jubet,
1709 453 1768 502 et
1825 461 2113 524 propterea
2144 459 2190 518 Δ
2218 456 2630 529 Verumtamen,
2656 477 2782 521 eum
2831 466 3016 523 ovium
3071 468 3391 527 memoriam
3436 472 3676 543 fecisset,
3731 482 3813 536 ait

535 538 647 578 non
678 540 800 580 eum
834 527 1220 594 divisionibus,
1250 531 1346 587 sed
1402 547 1504 603 per
1535 549 1595 597 se
1626 537 1838 596 olferri.
1881 543 2117 600 Verum-

533 620 718 668 tamen
741 623 798 670 et
813 615 1130 682 divisiones,
1165 627 1419 691 etcaput,
1438 632 1495 678 et
1517 625 1758 696 adipem,
1783 644 1950 701 super
1970 634 2118 705 ligna

534 702 733 758 quibus
762 702 901 773 ignis
931 706 1214 776 subjectus
1242 720 1349 776 est,
1406 728 1638 786 quaeque
1683 728 1813 775 sunt
1845 702 2119 794 super—al-

537 799 671 853 tare.
696 792 980 863 imponere
999 797 1180 867 jubet,
1212 809 1273 856 ut
1298 817 1520 859 omnem
1556 817 1806 865 nostrum
1833 792 2116 872 hominem

531 883 823 953 scripturis
880 888 1240 957 spiritalibus,
1306 910 1430 964 quae
1485 897 1555 953 de
1626 899 1955 976 intelligibili
2028 910 2113 964 al-

530 974 631 1028 tari
701 978 947 1046 corporis
1013 978 1229 1036 Domini
1294 983 1455 1041 dictae
1526 998 1689 1059 sunt,
1774 974 2112 1067 coaptemus,

530 1068 830 1122 secundum
887 1070 1009 1141 ejus
1053 1073 1305 1131 viventes
1366 1091 1465 1134 seu
1533 1095 1929 1144 conversantes
1985 1089 2113 1146 imi-

497 1157 501 1160 ’
530 1156 809 1213 tationem.
1116 1158 1123 1163 ’

599 1248 872 1305 lntestinis
904 1259 1082 1307 autem
1116 1262 1165 1309 et
1197 1257 1413 1325 pedibus
1448 1260 1568 1317 lotis
1584 1280 1751 1335 aqua,
1789 1272 1933 1339 quod
1969 1272 2111 1329 LXX

528 1337 701 1394 edunt
725 1358 738 1394 :
768 1340 841 1397 Ea
855 1357 977 1413 quae
996 1355 1120 1401 sunt
1140 1346 1196 1401 in
1219 1360 1430 1417 ventre,
1464 1362 1521 1407 et
1543 1356 1711 1425 pedes
1735 1337 1874 1431 aqua
1903 1364 2107 1434 lavent,

529 1441 629 1496 per
655 1444 718 1483 ea
751 1445 874 1499 qua:
905 1432 961 1485 in
995 1443 1190 1491 ventre
1239 1446 1389 1505 sunt,
1437 1442 1652 1498 abditas
1674 1454 1730 1500 et
1765 1448 1998 1508 latentes
2017 1432 2113 1510 co-

526 1520 820 1595 gitationes
863 1523 1240 1596 signiﬁcantes
1300 1530 1354 1585 in
1428 1543 1622 1591 ventre
1684 1541 1926 1610 animae,
1982 1548 2109 1616 quia

526 1622 718 1665 venter
740 1613 935 1669 animas
960 1630 1056 1670 cor
1087 1629 1191 1674 est.
1223 1619 1380 1678 Unde
1428 1634 1483 1680 et
1539 1627 1805 1688 Jeremias
1853 1613 2104 1696 dicebat:

530 1698 770 1755 Ventrem
807 1718 1001 1770 meum,
1026 1717 1255 1762 ventrem
1281 1728 1454 1766 meum
1483 1716 1631 1770 doleo
1649 1718 1715 1785 “,
1748 1738 1911 1790 quem
1967 1743 2104 1782 ven—

526 1796 665 1843 trem
690 1789 804 1859 ipse
836 1793 1146 1850 subinfert:
1176 1797 1244 1851 Et
1265 1816 1447 1856 sensus
1464 1807 1638 1861 cordis
1670 1789 1779 1864 mei
1807 1817 2103 1872 conturbati
2138 1797 2177 1852 Β

523 1886 666 1929 sunt.
691 1876 865 1933 Pedes
892 1888 1075 1936 autem
1112 1883 1377 1952 actiones,
1407 1890 1533 1958 quia
1567 1898 1848 1965 prephetze
1861 1917 2103 1970 praesens

525 1965 789 2021 saeculum
822 1969 987 2025 vitam
1010 1973 1282 2042 appellare
1310 1992 1734 2047 consueverunt,
1764 1988 1833 2042 ita
1855 1965 1913 2043 ut
1937 1993 2103 2049 David

523 2053 734 2111 diceret
765 2077 779 2112 :
815 2059 967 2114 Beati
1006 2062 1340 2119 immaculati
1390 2070 1443 2121 in
1472 2071 1579 2136 via,
1611 2077 1701 2144 qui
1727 2080 2003 2135 ambulant
2049 2084 2105 2137 in

526 2144 637 2216 lege
667 2147 881 2219 Domini
908 2151 976 2214 ",
1002 2152 1054 2207 id
1082 2165 1185 2219 est,
1219 2158 1313 2227 qui
1358 2160 1412 2212 in
1448 2163 1563 2234 lege
1629 2165 1842 2223 Domini
1866 2188 2103 2242 operan-

527 2245 635 2289 tur.
665 2236 791 2291 Vult
820 2256 950 2310 ergo
978 2259 1077 2299 nos
1103 2246 1264 2303 simul
1305 2265 1430 2305 cum
1484 2257 1792 2316 actionibus
1850 2236 1917 2318 et
1960 2268 2105 2339 cogi-

524 2326 759 2384 tationes
775 2330 982 2387 diluere
1010 2350 1170 2405 aqua,
1199 2340 1314 2396 sive
1346 2343 1623 2414 baptismi,
1648 2351 1763 2407 sive
1786 2326 2129 2428 ﬁctus,qtiia'

524 2423 581 2470 et
612 2418 679 2473 de
700 2421 1119 2491 cegitationibus
1147 2430 1224 2484 rei
1253 2432 1306 2486 in
1341 2434 1550 2503 judicio
1575 2448 1845 2500 tenemur.
1871 2447 1924 2501 Si
1955 2418 2102 2507 enim

524 2508 615 2574 qui
635 2511 887 2564 irascitur
907 2515 1176 2583 fratrisuo
1197 2521 1315 2576 sine
1341 2539 1502 2580 causa
1531 2546 1649 2583 reus
1668 2543 1741 2586 est
1771 2537 2100 2608 gehenme“,

524 2596 603 2651 ira
626 2609 807 2655 autem
827 2606 1024 2661 animae
1044 2619 1127 2664 est
1153 2623 1356 2677 motus,
1386 2632 1496 2672 non
1530 2621 1694 2677 debet
1722 2626 1809 2681 hic
1839 2644 1901 2683 ex
1928 2634 2103 2689 actio-

593 2870 929 2944 Adolcbitque
958 2894 1019 2932 ea
1058 2886 1300 2939 sacerdos
1322 2904 1479 2957 super
1510 2893 1684 2949 altare
1731 2870 1788 2952 in
1842 2870 2099 2960 Italocatt;

516 2968 677 3026 stum,
709 2972 757 3016 et
777 2981 995 3023 suavem
1025 2972 1235 3028 odorem
1294 2976 1535 3037 Domino.
1588 2984 1731 3057 Ergo
1761 2994 1981 3059 quando
2007 3012 2099 3051 sa-

516 3051 779 3107 criﬁciuin
808 3068 1056 3115 nostrum
1102 3064 1481 3127 holocaustum
1548 3076 1623 3138 ﬁt,
1684 3086 1815 3135 tunc
1867 3083 2096 3144 Domino

513 3142 652 3196 odor
680 3148 1296 3213 suavitatisincenditur
1324 3177 1337 3213 :
1364 3175 1416 3217 et
1445 3168 1663 3234 quando
1684 3173 1866 3228 omnia
1925 3191 2094 3248 super

514 3231 852 3304 intelligibile
875 3239 1045 3294 altare
1087 3231 1475 3315 obtulerimus,
1529 3254 1829 3315 imitatores
1887 3231 2091 3323 Christi

511 3326 812 3382 secundum
845 3332 1258 3400 possibilitatem
1289 3342 1493 3408 eﬁ'ecti,
1518 3355 1573 3401 et
1601 3350 1667 3403 ad
1700 3351 1871 3421 ipsius
1902 3355 2089 3413 imita-

512 3412 717 3469 tionem
774 3428 1013 3476 nostram
1057 3426 1244 3493 vitam,
1303 3443 1402 3485 seu
1473 3412 1948 3496 conversationem
1993 3459 2089 3499 co-

510 3513 781 3575 aptantes.
811 3508 925 3567 Hoc
981 3517 1126 3572 enim
1164 3535 1287 3577 esse
1359 3524 1530 3582 altare
1585 3531 1842 3600 superius
1896 3544 2088 3591 osten-

510 3594 712 3651 dimus.

580 3685 943 3789 Vens.lO-l3.
978 3717 1001 3789 ι-
1026 3700 1180 3765 Quod
1208 3703 1252 3758 si
1281 3705 1348 3761 de
1381 3712 1670 3777 pecoribus
1721 3717 1927 3776 oblatio
1972 3731 2079 3789 est,

412 3823 416 3827 ,
508 3775 577 3829 de
601 3778 795 3835 ovibus
828 3783 942 3839 sive
970 3787 1038 3842 de
1068 3794 1246 3859 capris
1276 3795 1654 3857 holocaustum
1678 3820 1877 3876 agnum
1918 3811 2082 3864 anni-

506 3867 689 3922 culum
724 3882 775 3927 et
806 3875 1010 3946 abs-que
1037 3884 1245 3939 macula
1281 3887 1495 3956 oﬁeret,
1537 3893 1950 3970 immolabitque
2006 3904 2076 3958 ad

506 3956 650 4014 latus
678 3962 884 4028 altaris,
911 3972 1054 4037 quod
1080 3977 1300 4045 respicit
1330 3980 1395 4034 ad
1422 3984 1732 4053 aquilonem
1756 3956 1942 4046 coram
1972 3993 2078 4047 Do-

504 4050 673 4106 mino.
702 4054 1030 4127 Sanguinem
1063 4081 1192 4120 vero
1220 4068 1366 4124 illius
1406 4072 1637 4131 fundent
1689 4095 1858 4151 super
1906 4085 2080 4141 altare

504 4138 599 4192 lilii
622 4142 799 4198 Aaron
822 4163 920 4216 per
939 4150 1246 4222 circuitum,
1280 4160 1637 4236 dividentque
1681 4138 1946 4237 membra,
1985 4189 2081 4230 ca-

501 4240 621 4299 put,
641 4242 692 4287 et
723 4239 907 4293 omnia
940 4257 1060 4311 quae
1113 4247 1398 4307 adhaerent
1457 4254 1730 4325 jeeori,ct
1792 4263 2074 4334 imponent

499 4335 668 4389 super
689 4323 848 4394 lignis
876 4330 1073 4398 quibus
1096 4323 1472 4406 subjiciendus
1505 4355 1591 4401 est
1638 4349 1811 4420 ignis;
1846 4323 2066 4411 intesti-

502 4426 569 4463 na
601 4428 728 4467 vero
761 4427 815 4470 et
847 4421 1012 4486 pedes
1042 4420 1370 4486 lavabtintur
1392 4450 1553 4504 aqua,
1589 4449 1646 4494 et
1674 4443 1855 4498 oblata
1886 4445 2093 4504 omnia

2220 552 2368 609 enim
2412 572 2426 610 :
2455 554 2515 611 Si
2542 566 2720 613 autem
2753 564 2817 614 de
2846 556 3027 617 ovibus
3073 571 3151 617 est
3204 564 3402 621 oblatio
3426 608 3443 633 ,
3510 570 3814 629 subintulit

2218 643 2360 700 aliud
2391 647 2612 715 animal,
2643 649 2697 705 id
2731 658 2817 706 est
2845 666 3176 723 caprarum;
3213 656 3347 713 dicit
3378 659 3524 714 enim
3554 662 3634 718 sic
3675 680 3690 719 :
3732 664 3813 720 De

2218 737 2397 792 ovibus
2421 748 2472 793 et
2505 740 2568 793 de
2598 742 2793 813 capris.
2846 742 3062 812 Quanta
3088 756 3273 803 autem
3330 749 3476 806 inter
3502 767 3698 823 capras
3747 766 3812 813 et

2216 840 2347 882 oves
2384 827 2693 886 diﬁ'erentia
2723 832 2814 896 sit,
2836 835 3182 904 apertissime
3213 852 3315 892 nos
3349 836 3615 897 Dominus
3639 843 3811 901 Jesns

2217 919 2423 986 docuit,
2466 922 2595 977 dum
2629 924 2699 981 de
2754 931 3234 987 consummatione
3280 935 3466 990 saeculi
3503 949 3753 1003 narraret
3788 960 3805 997 :

2216 1010 2309 1079 qui
2337 1012 2466 1068 dum
2501 1029 2633 1071 oves
2680 1032 2710 1071 a
2755 1018 2968 1076 dextris
3010 1023 3320 1091 statuisset,
3355 1025 3805 1085 benedictionem

2215 1104 2296 1158 eis
2315 1104 2588 1176 justorum
2614 1109 2876 1176 subdidit,
2900 1113 3084 1170 haedos
3113 1125 3294 1171 autem
3325 1133 3354 1170 a
3386 1118 3641 1184 sinistris,
3659 1139 3806 1177 con-

2216 1202 2295 1248 tra
2317 1211 2455 1265 quos
2485 1201 2816 1255 sententiam
2871 1202 3018 1259 illam
3076 1206 3381 1263 terribilem
3436 1219 3799 1279 peccatorum

2215 1287 2438 1355 protulit
2461 1289 2526 1344 ⁸³.
2555 1289 2709 1347 Sicut
2730 1307 2860 1365 ergo
2885 1293 3139 1351 licetnon
3168 1296 3345 1353 solum
3374 1299 3442 1355 de
3458 1301 3675 1367 ovibus,
3696 1304 3798 1359 sed

2211 1386 2267 1433 et
2306 1380 2373 1434 de
2404 1382 2586 1450 capris
2601 1382 2806 1461 oﬁ'erri,
2837 1394 2894 1441 et
2920 1387 3125 1443 oblatio
3150 1387 3219 1444 de
3236 1392 3530 1460 pecoribus
3558 1393 3799 1461 dicitur,

2211 1471 2293 1527 sic
2320 1481 2374 1526 et
2401 1488 2527 1527 eum
2557 1476 2649 1545 qui
2677 1458 3173 1547 ex'peccatoribus
3230 1458 3336 1547 est,
3398 1486 3661 1554 possibile
3707 1499 3799 1546 est

2212 1564 2545 1634 simplicitati
2581 1582 2801 1637 operam
2857 1569 3010 1636 dare,
3041 1581 3097 1627 et
3126 1574 3291 1643 ‘quasi
3340 1591 3497 1632 ovem
3564 1578 3795 1649 factum,

2209 1659 2682 1713 conversationem
2703 1675 2860 1714 suam
2892 1661 2948 1716 in
3002 1664 3383 1722 holocaustum
3405 1668 3604 1726 oﬁ'erre
3643 1671 3755 1728 Deo
3776 1690 3794 1727 :

2208 1747 2334 1815 quia
2367 1748 2514 1802 enim
2540 1749 2676 1804 nihil
2704 1751 2929 1822 impedit
2950 1753 3018 1809 ad
3070 1755 3485 1826 adipiscendam
3516 1759 3798 1829 iustiﬁca-

2209 1837 2409 1890 tionem
2438 1848 2786 1907 peccatorem
2818 1844 3135 1913 quempiam
3180 1843 3373 1912 fuisse,
3400 1850 3653 1918 quamvis
3683 1852 3796 1907 hoc

2203 1924 2375 1980 Judaei
2403 1943 2512 1981 non
2538 1938 2828 1996 putarent,
2860 1934 2985 1989 audi
3007 1935 3187 2005 qualia
3218 1953 3317 2008 per
3348 1937 3652 1996 Ezechielis
3664 1958 3799 2012 pro-

2206 2017 2445 2087 phetiam
2480 2019 2632 2074 dixit.
2664 2019 2800 2076 Cum
2830 2024 2976 2079 enim
3005 2026 3059 2080 in
3079 2028 3262 2083 multis
3291 2030 3544 2087 invectus
3585 2033 3793 2090 luisset

2204 2117 2393 2164 contra
2422 2110 2705 2180 injustam,
2736 2124 2791 2169 et
2821 2115 3072 2183 dixisset,
3101 2118 3273 2175 Morte
3324 2124 3605 2189 moriatur,
3655 2143 3793 2180 san-

2204 2201 2319 2270 guis
2363 2200 2475 2270 ejus
2498 2219 2655 2271 super
2682 2205 2853 2275 ipsum
2880 2208 2977 2261 erit
3011 2248 3026 2274 ,
3085 2209 3202 2265 haec
3255 2210 3419 2268 etiam
3482 2215 3728 2270 subdidit
3772 2232 3790 2270 :

2204 2290 2356 2356 Quod
2388 2294 2433 2347 si
2457 2297 2694 2364 genuerit
2717 2297 2889 2366 ﬁlium
2931 2302 3059 2371 qui,
3084 2303 3264 2358 uidens
3319 2308 3497 2361 omnia
3563 2320 3790 2379 peccata

2203 2383 2371 2449 patris
2408 2383 2492 2436 sui
2517 2401 2634 2455 qua:
2680 2385 2824 2456 fecit,
2880 2405 2982 2444 non
3024 2392 3201 2461 fecerit
3253 2396 3427 2450 simile
3473 2398 3566 2460 eis,
3613 2415 3783 2469 super

2204 2483 2401 2528 montes
2424 2491 2527 2528 non
2553 2478 2853 2548 comederit,
2877 2491 2924 2535 et
2955 2483 3129 2538 oculos
3154 2501 3274 2540 suos
3312 2504 3416 2541 non
3432 2488 3690 2545 levaverit
3714 2494 3795 2546 ad

2203 2565 2343 2620 idola
2371 2573 2554 2623 domus
2584 2569 2775 2634 Israel,
2808 2584 2856 2627 et
2886 2591 3102 2631 uxorem
3129 2581 3359 2647 proximi
3377 2582 3462 2635 sui
3488 2599 3592 2636 non
3620 2584 3792 2638 uiola-

2201 2661 2351 2724 uerit,
2376 2669 2431 2715 et
2451 2662 2554 2715 alia
2582 2662 2667 2718 his
2693 2665 2910 2732 similia,
2943 2667 2997 2721 in
3018 2669 3221 2739 quibus
3253 2672 3414 2728 ﬁnem
3452 2674 3600 2731 hunc
3625 2677 3780 2732 addi-

2202 2751 2299 2819 dit,
2328 2752 2411 2806 hic
2432 2770 2534 2807 non
2554 2757 2807 2811 morietur
2837 2760 2892 2813 in
2911 2761 3192 2833 iniquitate
3215 2768 3388 2834 patris
3412 2770 3518 2833 sui,
3557 2770 3647 2825 sed
3672 2772 3783 2825 vita

2200 2844 2353 2898 vivet.
2386 2844 2451 2899 Et
2479 2847 2652 2902 dicitis
2675 2864 2695 2903 :
2715 2847 2893 2915 Quare
2917 2870 3020 2907 non
3075 2859 3309 2924 portabit
3352 2860 3495 2929 ﬁlius
3521 2862 3784 2933 iniquita-

2202 2944 2304 2989 tem
2335 2938 2503 3024 patris
2527 2938 2610 2992 ‘9?
2671 2940 2761 2995 Sic
2774 2941 2947 2999 Judaei
2974 2960 3201 3002 necesse
3220 2963 3341 3004 esse
3379 2950 3550 3006 ﬁlium
3576 2992 3592 3017 ,
3623 2954 3783 3024 quasi

2202 3012 2685 3099 haereditariojure
2704 3071 2719 3096 ,
2756 3032 2811 3086 in
2840 3034 3009 3103 patris
3039 3038 3340 3095 succedere
3371 3052 3600 3112 peccato
3629 3045 3782 3100 arbi-

2122 3127 2163 3184 ο
2199 3118 2498 3176 trahantur.
2530 3121 2635 3178 Sed
2655 3140 2814 3194 quam
2838 3128 2907 3182 ob
2934 3142 3049 3184 rem
3074 3144 3204 3186 oves
3242 3142 3299 3188 et
3327 3149 3520 3205 capras
3536 3137 3604 3191 ad
3635 3137 3782 3195 latus

2201 3209 2385 3267 altaris
2435 3214 2580 3282 quod
2604 3217 2826 3286 respicit
2860 3219 2928 3274 ad
2957 3221 3293 3291 aquilonem,
3322 3240 3506 3281 coram
3542 3229 3783 3287 Domino

2200 3306 2461 3374 praecepit
2484 3307 2682 3373 occidi,
2705 3324 2829 3364 cum
2858 3326 2968 3366 non
2994 3312 3069 3368 ita
3098 3315 3165 3370 de
3194 3315 3371 3371 bobus
3398 3322 3780 3391 praecepisset,

2198 3394 2294 3449 sed
2326 3410 2510 3452 coram
2542 3398 2771 3455 Domino
2832 3405 3102 3461 sanxisset
3145 3407 3451 3464 immolari?
3510 3410 3783 3470 Videntur

2196 3485 2342 3541 enim
2368 3489 2531 3543 verba
2589 3490 2705 3560 ipsa
2742 3495 3186 3553 contrarietatem
3241 3502 3534 3569 quamdam
3575 3506 3780 3563 habere

2194 3585 2356 3648 atque
2384 3579 2749 3636 diﬁerentiam
2790 3599 2804 3636 :
2833 3585 2959 3654 quia
3003 3602 3129 3643 cum
3166 3587 3237 3642 sit
3268 3592 3594 3648 sacriﬁcium
3617 3595 3781 3652 holo-

2195 3674 2519 3728 cautomatis
2539 3680 2851 3745 utrumque,
2883 3677 3192 3735 diﬁerentia
3221 3681 3308 3738 his
3339 3682 3776 3746 distribuitloca.

2191 3757 2312 3813 Non
2337 3769 2421 3815 est
2445 3777 2574 3832 ergo
2625 3764 2982 3834 ignorandum
3007 3767 3158 3837 quia,
3188 3780 3458 3840 quantum
3488 3776 3555 3830 ad
3574 3791 3774 3847 super-

2191 3846 2367 3904 ﬁciem
2396 3850 2613 3930 litterae,
2648 3842 2903 3911 cutndem
2951 3857 3006 3912 in
3063 3861 3311 3932 utrisque
3332 3863 3512 3920 locum
3550 3842 3776 3939 legisla-

2191 3949 2277 3996 tor
2316 3941 2653 4013 signiﬁcavit.
2711 3945 3227 4008 Holoeautomatum
3256 3956 3404 4011 enim
3424 3958 3618 4024 altare,
3640 3972 3775 4018 ante

2189 4032 2600 4089 tabernaculum
2622 4038 2980 4095 constitutum
3038 4057 3103 4097 ex
3137 4044 3306 4101 latere
3345 4055 3462 4103 erat
3483 4051 3689 4119 jar-ure.
3713 4065 3777 4111 ut

2188 4139 2300 4178 non
2328 4134 2637 4182 sanctorum
2680 4130 3118 4191 ministrantibus
3152 4137 3535 4195 obstrueretur
3593 4143 3772 4199 intro-

2189 4214 2318 4283 itus,
2352 4215 2496 4271 sicut
2525 4217 2580 4272 in
2606 4219 2793 4276 Exodo
2816 4223 2885 4279 de
2919 4226 3114 4281 eodem
3136 4227 3337 4285 dicitur
3369 4232 3468 4286 :Et
3518 4235 3770 4305 imposuit

2185 4304 2557 4376 velumjunuae
2587 4313 2917 4367 tabernaculi
2952 4317 3258 4381 testimonii,
3313 4330 3363 4375 et
3408 4339 3566 4378 aram
3593 4301 3805 4401 vltOlO-t‘

2367 4372 2380 4376 -
3247 4372 3258 4381 .
3317 4372 3355 4375 η
3622 4372 3738 4380 ην.-
3795 4374 3804 4401 ι

2185 4406 2547 4455 cautomatum
2596 4403 2769 4471 posuit
2796 4405 2939 4459 circa
2985 4408 3180 4462 ostium
3222 4410 3557 4469 tabernaculi
3623 4372 3804 4517 ιεδιὶ-ξξ

2185 4488 2343 4517 numnunc-5.
2360 4487 2404 4517 ⁵ο
2448 4487 2797 4517 Ιὶηηυι....-..-
2832 4509 2951 4517 -_..._
2991 4513 3009 4517 _
3029 4497 3053 4517 Δ
3089 4513 3133 4517 Α-
3155 4500 3260 4517 ᾼηοη
3302 4500 3313 4514 ο
3497 4506 3535 4517 .-
3627 4508 3641 4517 .
3782 4510 3785 4513 -

499 4500 736 4556 adolebit
771 4521 797 4535 τι
838 4481 859 4537 ο-
1179 4481 1186 4482 η
1393 4481 1553 4535 ﬁt",
1590 4481 1646 4494 ν’
1675 4481 1855 4498 vum"
1886 4481 2070 4504 “mum
2107 4481 2150 4538 θ
2178 4487 2425 4543 Μοθιίί⁵⁰ο
2448 4487 2800 4563 (ὶυωειιηίιιιθ
2829 4509 2956 4563 ergo
2987 4497 3055 4552 ad
3084 4500 3413 4558 sacriﬁcium
3455 4481 3796 4564 οῆειεεικηι.Ξ

759 4508 1012 4564 saterdos
1057 4528 1223 4564 super
1268 4518 1438 4564 altam
1480 4540 1533 4564 ιη
1591 4527 1970 4564 humanm...“
2021 4545 2071 4564 η.

571 4502 1012 4566 olebitsarerdos
1057 4528 1223 4584 super
1268 4518 1438 4577 altare
1480 4502 1545 4578 in»
1590 4527 1970 4588 holocaustum
2018 4545 2075 4593 et

497 4594 719 4650 odorem
746 4602 1128 4664 suavissimum
1156 4610 1399 4671 Domino.
1442 4636 1461 4670 ι

571 4685 771 4742 Eadem
793 4692 1122 4755 etiamnunc
1150 4704 1338 4771 paucis
1397 4707 1698 4771 immutatis
1728 4716 1879 4773 dicit.
1935 4719 2075 4778 Illud

496 4788 679 4834 autem
706 4781 1004 4858 intelligere
1033 4806 1247 4862 oportet
1286 4814 1412 4855 eum
1445 4804 1535 4873 qui
1565 4807 1849 4865 subtiliter
1905 4813 2073 4870 verba

496 4867 631 4933 lepis
661 4871 967 4946 investigat,
1002 4883 1128 4952 quia
1169 4901 1279 4941 non
1303 4890 1479 4947 solum
1498 4894 1565 4949 de
1596 4897 1792 4964 bobus,
1813 4901 1909 4956 sed
1929 4904 2071 4960 etde

495 4962 688 5019 ovibus
718 4971 1296 5041 przecepitlsraelitam
1319 4983 1517 5042 oﬁ'erre
1553 4962 1895 5049 holocausta.
1926 4995 2070 5068 Ergo

495 5068 601 5107 non
643 5059 821 5143 Solum
853 5063 942 5132 qui
977 5064 1109 5137 legis
1138 5073 1393 5129 mandata
1429 5088 1712 5147 operatur,
1746 5083 1895 5141 hunc
1921 5059 2073 5143 enim

490 5156 614 5199 esse
638 5146 852 5218 bovem,
892 5164 951 5208 ut
975 5168 1103 5226 pote
1122 5171 1465 5230 operatorem
1487 5168 1746 5239 diximus,
1766 5177 1861 5231 sed
1878 5184 1935 5232 et
1949 5179 2073 5248 qui-

495 5234 625 5290 libet
645 5238 878 5311 simplex
934 5257 990 5302 et
1022 5250 1142 5306 sine
1166 5254 1397 5321 malitia,
1436 5259 1524 5313 cui
1556 5277 1910 5334 comparatur
1930 5270 2069 5337 ovis,

493 5326 707 5385 dicente
734 5331 969 5394 Ieremia
1002 5359 1015 5395 :
1053 5342 1164 5413 Ego
1198 5349 1352 5417 quasi
1412 5368 1578 5422 agnus
1612 5370 1937 5426 mansuetus,
1979 5365 2071 5434 qui

490 5426 732 5479 portatur
757 5426 829 5477 ad
853 5428 1139 5497 uictimam,
1198 5445 1250 5489 et
1286 5454 1388 5493 non
1441 5446 1743 5513 cognoui".
1809 5449 1950 5522 Ergo
1991 5426 2070 5507 ἐι

490 5510 1389 5593 ipsosemetipsumholocaustum
1445 5539 1556 5597 Deo
1610 5543 1811 5603 oﬁ'erre
1838 5551 2062 5620 poterit.

589 5655 632 5730 _‘_"
655 5661 855 5730 .lerem.
907 5685 977 5729 tv.
1012 5675 1092 5730 19.

518 5680 1128 5763 ...2i,;'.:~::°"3-.-'v;.:9.--
1199 5680 1414 5763 "feel.
1691 5696 1736 5750 ι-

577 5724 774 5786 Ezet'h.
810 5752 921 5804 xta,
960 5724 1148 5804 lii-l9.

1241 5756 1287 5787 '°
1319 5755 1489 5816 Evod.
1516 5755 1741 5833 xxxvut,
1770 5768 1860 5825 26.

1842 5698 1888 5732 “
1933 5701 2122 5761 Matth.
2158 5724 2209 5772 v,
2243 5708 2333 5764 9.2.

2177 4586 2289 4643 tur,
2315 4594 2380 4634 ex
2408 4580 2580 4637 latere
2602 4584 2790 4640 altaris
2820 4588 2889 4643 ab
2915 4590 3181 4659 aquilone
3208 4596 3449 4664 stabant,
3482 4608 3537 4655 et
3572 4602 3651 4657 sic
3681 4572 3791 4659 co-i

2176 4685 2290 4724 ram
2327 4669 2558 4729 Domino
2589 4677 2919 4734 sacriﬁcium
2941 4683 3344 4752 celebrabatur,
3386 4689 3439 4745 id
3461 4702 3545 4746 est
3569 4693 3622 4747 in
3641 4711 3769 4750 con-

2177 4768 2369 4830 spectu
2397 4773 2711 4821 sanctorum
2748 4787 2763 4824 :
2810 4769 3017 4828 faciem
3055 4777 3204 4833 enim
3252 4777 3466 4836 Domini
3528 4788 3769 4856 appellat

2177 4848 2374 4907 Sancta
2398 4864 2732 4927 sanctorum,
2758 4863 2885 4932 quia
2906 4864 2963 4919 in
2984 4864 3120 4937 ipsis
3143 4868 3237 4923 Dei
3275 4871 3553 4930 habitabat
3565 4848 3768 4948 gloria.

2176 4939 2330 4999 Unde
2356 4960 2459 5001 nec
2484 4946 2803 5019 frequenter
2829 4955 2887 5009 in
2940 4957 3062 5027 ipsa
3120 4960 3330 5019 intrare
3388 4969 3757 5037 sacerdotem,

2173 5030 2278 5087 nisi
2308 5036 2477 5091 semel
2507 5037 2564 5093 in
2594 5056 2741 5098 anno
2768 5042 3014 5114 iubebat.
3037 5049 3131 5106 liis
3179 5067 3311 5126 ergo
3343 5055 3418 5111 ita
3450 5073 3511 5114 se
3547 5030 3763 5117 haben;-

2175 5123 2340 5192 tibus,
2373 5126 2740 5188 diﬁ'erentiam
2784 5136 2893 5193 dici
2920 5123 3425 5213 verborum,vsicut
3448 5154 3761 5209 necessaria

2173 5220 2619 5291 contemplationi
2647 5236 2786 5292 erat,
2815 5234 3077 5299 oportuit.
3100 5235 3238 5302 Quia
3255 5242 3402 5296 enim
3428 5244 3599 5301 altare
3614 5246 3761 5303 dixi-

2173 5322 2296 5364 mus
2319 5326 2440 5367 esse
2459 5312 2762 5385 Christum,
2791 5322 2977 5379 ovium
2998 5337 3181 5384 autem
3205 5334 3531 5405 sacriﬁcium
3550 5339 3760 5410 simpli-

2176 5397 2394 5455 citatem
2424 5405 2781 5475 studentium,
2807 5429 2917 5469 non
2939 5417 3188 5477 absolute
3204 5433 3386 5479 autem
3408 5404 3571 5482 etiam
3590 5397 3756 5499 justi-

2177 5490 2304 5546 tiam
2321 5494 2685 5566 operantium,
2698 5519 2809 5559 non
2823 5506 2879 5561 in
2891 5508 3157 5568 directum
3181 5515 3533 5591 intelligibilis
3547 5490 3755 5591 altaris,

2172 5582 2268 5639 sed
2296 5600 2361 5640 ex
2394 5587 2566 5647 latere
2592 5593 2843 5653 oﬁ‘ertur.
2875 5600 2934 5655 ln
2981 5603 3251 5662 directum
3293 5582 3379 5664 esi
3408 5611 3575 5680 enim,
3626 5616 3756 5684 quia

2432 5711 2474 5744 ⁸⁷
2498 5711 2699 5771 Jercm.
2733 5733 2808 5786 XI,
2842 5716 2927 5775 i9.
3010 5720 3053 5755 ⁸⁸
3084 5722 3273 5781 Matth.
3307 5743 3434 5793 xxv,
3471 5728 3541 5785 35
3592 5740 3751 5803 seqq.
