  <div class='ocr_page' id='page_1' title='image "/cluster/home/n/w/nwhite01/storage/ocr_20150623/93/hvd.32044054128533/414.png"; bbox 0 0 4076 6188; ppageno 0'>
   <div class='ocr_carea' id='block_1_1' title="bbox 311 263 410 334">
    <p class='ocr_par' dir='ltr' id='par_1_1' title="bbox 311 263 410 334">
     <span class='ocr_line' id='line_1_1' title="bbox 311 263 410 334; baseline -0.03 0"><span class='ocrx_word' id='word_1_1' title='bbox 311 263 410 334; x_wconf 78' lang='lat'><strong>801</strong></span> 
     </span>
    </p>
   </div>
   <div class='ocr_carea' id='block_1_2' title="bbox 1461 261 2393 332">
    <p class='ocr_par' dir='ltr' id='par_1_2' title="bbox 1461 261 2393 332">
     <span class='ocr_line' id='line_1_2' title="bbox 1461 261 2393 332; baseline -0.003 -9"><span class='ocrx_word' id='word_1_2' title='bbox 1461 263 1541 324; x_wconf 76' lang='lat' dir='ltr'><strong>IN</strong></span> <span class='ocrx_word' id='word_1_3' title='bbox 1580 262 2016 332; x_wconf 65' lang='lat' dir='ltr'><strong>LEVITICUM,</strong></span> <span class='ocrx_word' id='word_1_4' title='bbox 2057 284 2123 296; x_wconf 88' lang='grc'><strong>-</strong></span> <span class='ocrx_word' id='word_1_5' title='bbox 2157 262 2304 320; x_wconf 86' lang='lat' dir='ltr'><strong>LIB.</strong></span> <span class='ocrx_word' id='word_1_6' title='bbox 2347 261 2393 320; x_wconf 90' lang='grc' dir='ltr'><strong>Ι.</strong></span> 
     </span>
    </p>
   </div>
   <div class='ocr_carea' id='block_1_3' title="bbox 3458 264 3564 330">
    <p class='ocr_par' dir='ltr' id='par_1_3' title="bbox 3458 264 3564 330">
     <span class='ocr_line' id='line_1_3' title="bbox 3458 264 3564 330; baseline 0 0"><span class='ocrx_word' id='word_1_7' title='bbox 3458 264 3564 330; x_wconf 76' lang='lat'><strong>802</strong></span> 
     </span>
    </p>
   </div>
   <div class='ocr_carea' id='block_1_4' title="bbox 311 367 3561 446">
    <p class='ocr_par' dir='ltr' id='par_1_4' title="bbox 311 367 3561 446">
     <span class='ocr_line' id='line_1_4' title="bbox 311 367 3561 446; baseline -0.001 -12"><span class='ocrx_word' id='word_1_8' title='bbox 311 378 566 434; x_wconf 82' lang='lat' dir='ltr'><strong>mandata</strong></span> <span class='ocrx_word' id='word_1_9' title='bbox 615 376 845 446; x_wconf 88' lang='lat' dir='ltr'><strong>perlicit.</strong></span> <span class='ocrx_word' id='word_1_10' title='bbox 881 375 956 430; x_wconf 73' lang='lat' dir='ltr'><strong>Ex</strong></span> <span class='ocrx_word' id='word_1_11' title='bbox 1015 373 1182 429; x_wconf 88' lang='lat' dir='ltr'><strong>latere</strong></span> <span class='ocrx_word' id='word_1_12' title='bbox 1226 382 1431 438; x_wconf 81' lang='lat' dir='ltr'><strong>autem,</strong></span> <span class='ocrx_word' id='word_1_13' title='bbox 1465 374 1591 444; x_wconf 82' lang='lat' dir='ltr'><strong>quia</strong></span> <span class='ocrx_word' id='word_1_14' title='bbox 1646 388 1676 426; x_wconf 89' lang='lat' dir='ltr'><strong>a</strong></span> <span class='ocrx_word' id='word_1_15' title='bbox 1736 369 1889 426; x_wconf 87' lang='lat' dir='ltr'><strong>malis</strong></span> <span class='ocrx_word' id='word_1_16' title='bbox 1919 376 1959 430; x_wconf 82' lang='grc' dir='ltr'><strong>Α</strong></span> <span class='ocrx_word' id='word_1_17' title='bbox 1993 367 2174 421; x_wconf 85' lang='lat' dir='ltr'><strong>autde</strong></span> <span class='ocrx_word' id='word_1_18' title='bbox 2205 369 2473 423; x_wconf 80' lang='lat' dir='ltr'><strong>columbis</strong></span> <span class='ocrx_word' id='word_1_19' title='bbox 2531 370 2722 425; x_wconf 81' lang='lat' dir='ltr'><strong>ofl‘erat</strong></span> <span class='ocrx_word' id='word_1_20' title='bbox 2771 387 2971 426; x_wconf 90' lang='lat' dir='ltr'><strong>munus</strong></span> <span class='ocrx_word' id='word_1_21' title='bbox 3027 389 3207 440; x_wconf 85' lang='lat' dir='ltr'><strong>suum,</strong></span> <span class='ocrx_word' id='word_1_22' title='bbox 3258 373 3312 429; x_wconf 88' lang='lat' dir='ltr'><strong>id</strong></span> <span class='ocrx_word' id='word_1_23' title='bbox 3367 385 3472 442; x_wconf 88' lang='lat' dir='ltr'><strong>est,</strong></span> <span class='ocrx_word' id='word_1_24' title='bbox 3503 378 3561 431; x_wconf 93' lang='lat' dir='ltr'><strong>in</strong></span> 
     </span>
    </p>
   </div>
   <div class='ocr_carea' id='block_1_5' title="bbox 310 467 1882 538">
    <p class='ocr_par' dir='ltr' id='par_1_5' title="bbox 310 467 1882 538">
     <span class='ocr_line' id='line_1_5' title="bbox 310 467 1882 538; baseline -0.005 -12"><span class='ocrx_word' id='word_1_25' title='bbox 310 471 570 526; x_wconf 89' lang='lat' dir='ltr'><strong>abstinet.</strong></span> <span class='ocrx_word' id='word_1_26' title='bbox 598 467 812 535; x_wconf 84' lang='lat' dir='ltr'><strong>Quare?</strong></span> <span class='ocrx_word' id='word_1_27' title='bbox 848 468 973 538; x_wconf 84' lang='lat' dir='ltr'><strong>quia</strong></span> <span class='ocrx_word' id='word_1_28' title='bbox 1002 468 1143 523; x_wconf 87' lang='lat' dir='ltr'><strong>sicut</strong></span> <span class='ocrx_word' id='word_1_29' title='bbox 1178 470 1229 521; x_wconf 89' lang='lat' dir='ltr'><strong>in</strong></span> <span class='ocrx_word' id='word_1_30' title='bbox 1263 468 1464 530; x_wconf 85' lang='lat' dir='ltr'><strong>aulam,</strong></span> <span class='ocrx_word' id='word_1_31' title='bbox 1485 467 1633 521; x_wconf 85' lang='lat' dir='ltr'><strong>verbi</strong></span> <span class='ocrx_word' id='word_1_32' title='bbox 1689 467 1882 536; x_wconf 82' lang='lat' dir='ltr'><strong>gratia,</strong></span> 
     </span>
    </p>
   </div>
   <div class='ocr_carea' id='block_1_6' title="bbox 310 555 1886 632">
    <p class='ocr_par' dir='ltr' id='par_1_6' title="bbox 310 555 1886 632">
     <span class='ocr_line' id='line_1_6' title="bbox 310 555 1886 632; baseline -0.006 -15"><span class='ocrx_word' id='word_1_33' title='bbox 310 562 516 632; x_wconf 90' lang='lat' dir='ltr'><strong>regiam</strong></span> <span class='ocrx_word' id='word_1_34' title='bbox 553 560 749 614; x_wconf 90' lang='lat' dir='ltr'><strong>melius</strong></span> <span class='ocrx_word' id='word_1_35' title='bbox 779 559 1110 629; x_wconf 89' lang='lat' dir='ltr'><strong>estquidem</strong></span> <span class='ocrx_word' id='word_1_36' title='bbox 1171 574 1272 627; x_wconf 87' lang='lat' dir='ltr'><strong>per</strong></span> <span class='ocrx_word' id='word_1_37' title='bbox 1295 559 1494 612; x_wconf 89' lang='lat' dir='ltr'><strong>ostium</strong></span> <span class='ocrx_word' id='word_1_38' title='bbox 1541 564 1748 611; x_wconf 87' lang='lat' dir='ltr'><strong>rectum</strong></span> <span class='ocrx_word' id='word_1_39' title='bbox 1800 555 1886 608; x_wconf 88' lang='lat' dir='ltr'><strong>in-</strong></span> 
     </span>
    </p>
   </div>
   <div class='ocr_carea' id='block_1_7' title="bbox 309 643 1888 723">
    <p class='ocr_par' dir='ltr' id='par_1_7' title="bbox 309 643 1888 723">
     <span class='ocr_line' id='line_1_7' title="bbox 309 643 1888 723; baseline -0.004 -17"><span class='ocrx_word' id='word_1_40' title='bbox 309 651 484 723; x_wconf 87' lang='lat' dir='ltr'><strong>gredi,</strong></span> <span class='ocrx_word' id='word_1_41' title='bbox 513 665 637 706; x_wconf 88' lang='lat' dir='ltr'><strong>cutn</strong></span> <span class='ocrx_word' id='word_1_42' title='bbox 668 660 851 705; x_wconf 85' lang='lat' dir='ltr'><strong>autem</strong></span> <span class='ocrx_word' id='word_1_43' title='bbox 874 650 977 704; x_wconf 90' lang='lat' dir='ltr'><strong>hoc</strong></span> <span class='ocrx_word' id='word_1_44' title='bbox 1019 665 1128 702; x_wconf 90' lang='lat' dir='ltr'><strong>non</strong></span> <span class='ocrx_word' id='word_1_45' title='bbox 1182 657 1265 702; x_wconf 81' lang='lat' dir='ltr'><strong>est</strong></span> <span class='ocrx_word' id='word_1_46' title='bbox 1325 647 1504 709; x_wconf 78' lang='lat' dir='ltr'><strong>facile,</strong></span> <span class='ocrx_word' id='word_1_47' title='bbox 1559 647 1760 700; x_wconf 91' lang='lat' dir='ltr'><strong>bonum</strong></span> <span class='ocrx_word' id='word_1_48' title='bbox 1817 643 1888 700; x_wconf 90' lang='lat' dir='ltr'><strong>sit</strong></span> 
     </span>
    </p>
   </div>
   <div class='ocr_carea' id='block_1_8' title="bbox 310 738 1887 811">
    <p class='ocr_par' dir='ltr' id='par_1_8' title="bbox 310 738 1887 811">
     <span class='ocr_line' id='line_1_8' title="bbox 310 738 1887 811; baseline -0.004 -15"><span class='ocrx_word' id='word_1_49' title='bbox 310 742 473 796; x_wconf 89' lang='lat' dir='ltr'><strong>etiam</strong></span> <span class='ocrx_word' id='word_1_50' title='bbox 507 757 602 811; x_wconf 91' lang='lat' dir='ltr'><strong>per</strong></span> <span class='ocrx_word' id='word_1_51' title='bbox 632 742 764 796; x_wconf 91' lang='lat' dir='ltr'><strong>illud</strong></span> <span class='ocrx_word' id='word_1_52' title='bbox 791 741 934 809; x_wconf 92' lang='lat' dir='ltr'><strong>quod</strong></span> <span class='ocrx_word' id='word_1_53' title='bbox 967 755 1033 793; x_wconf 83' lang='lat' dir='ltr'><strong>ex</strong></span> <span class='ocrx_word' id='word_1_54' title='bbox 1065 740 1234 795; x_wconf 84' lang='lat' dir='ltr'><strong>latere</strong></span> <span class='ocrx_word' id='word_1_55' title='bbox 1264 750 1347 794; x_wconf 85' lang='lat' dir='ltr'><strong>est</strong></span> <span class='ocrx_word' id='word_1_56' title='bbox 1377 739 1602 793; x_wconf 86' lang='lat' dir='ltr'><strong>introire</strong></span> <span class='ocrx_word' id='word_1_57' title='bbox 1631 756 1644 791; x_wconf 87' lang='lat'><strong>:</strong></span> <span class='ocrx_word' id='word_1_58' title='bbox 1677 738 1756 792; x_wconf 92' lang='lat' dir='ltr'><strong>sic</strong></span> <span class='ocrx_word' id='word_1_59' title='bbox 1769 751 1887 791; x_wconf 89' lang='lat' dir='ltr'><strong>me-</strong></span> 
     </span>
    </p>
   </div>
   <div class='ocr_carea' id='block_1_9' title="bbox 311 831 1888 902">
    <p class='ocr_par' dir='ltr' id='par_1_9' title="bbox 311 831 1888 902">
     <span class='ocr_line' id='line_1_9' title="bbox 311 831 1888 902; baseline -0.002 -14"><span class='ocrx_word' id='word_1_60' title='bbox 311 834 418 888; x_wconf 86' lang='lat' dir='ltr'><strong>lius</strong></span> <span class='ocrx_word' id='word_1_61' title='bbox 439 845 522 888; x_wconf 90' lang='lat' dir='ltr'><strong>est</strong></span> <span class='ocrx_word' id='word_1_62' title='bbox 553 834 665 888; x_wconf 90' lang='lat' dir='ltr'><strong>Deo</strong></span> <span class='ocrx_word' id='word_1_63' title='bbox 693 834 910 902; x_wconf 84' lang='lat' dir='ltr'><strong>quidem</strong></span> <span class='ocrx_word' id='word_1_64' title='bbox 944 848 1041 902; x_wconf 91' lang='lat' dir='ltr'><strong>per</strong></span> <span class='ocrx_word' id='word_1_65' title='bbox 1091 831 1466 886; x_wconf 86' lang='lat' dir='ltr'><strong>mandatorum</strong></span> <span class='ocrx_word' id='word_1_66' title='bbox 1495 831 1677 885; x_wconf 73' lang='lat' dir='ltr'><strong>oﬂerri</strong></span> <span class='ocrx_word' id='word_1_67' title='bbox 1707 831 1888 900; x_wconf 87' lang='lat' dir='ltr'><strong>perfe-</strong></span> 
     </span>
    </p>
   </div>
   <div class='ocr_carea' id='block_1_10' title="bbox 311 923 1887 992">
    <p class='ocr_par' dir='ltr' id='par_1_10' title="bbox 311 923 1887 992">
     <span class='ocr_line' id='line_1_10' title="bbox 311 923 1887 992; baseline -0.002 -13"><span class='ocrx_word' id='word_1_68' title='bbox 311 925 796 988; x_wconf 89' lang='lat' dir='ltr'><strong>ctionem,bonum</strong></span> <span class='ocrx_word' id='word_1_69' title='bbox 815 933 901 978; x_wconf 91' lang='lat' dir='ltr'><strong>est</strong></span> <span class='ocrx_word' id='word_1_70' title='bbox 932 932 1115 977; x_wconf 87' lang='lat' dir='ltr'><strong>tamen</strong></span> <span class='ocrx_word' id='word_1_71' title='bbox 1161 932 1216 977; x_wconf 91' lang='lat' dir='ltr'><strong>et</strong></span> <span class='ocrx_word' id='word_1_72' title='bbox 1249 923 1295 977; x_wconf 89' lang='lat' dir='ltr'><strong>si</strong></span> <span class='ocrx_word' id='word_1_73' title='bbox 1357 939 1454 992; x_wconf 93' lang='lat' dir='ltr'><strong>per</strong></span> <span class='ocrx_word' id='word_1_74' title='bbox 1506 923 1772 975; x_wconf 90' lang='lat' dir='ltr'><strong>malorum</strong></span> <span class='ocrx_word' id='word_1_75' title='bbox 1829 937 1887 976; x_wconf 91' lang='lat' dir='ltr'><strong>se</strong></span> 
     </span>
    </p>
   </div>
   <div class='ocr_carea' id='block_1_11' title="bbox 313 1015 1885 1088">
    <p class='ocr_par' dir='ltr' id='par_1_11' title="bbox 313 1015 1885 1088">
     <span class='ocr_line' id='line_1_11' title="bbox 313 1015 1885 1088; baseline -0.004 -16"><span class='ocrx_word' id='word_1_76' title='bbox 313 1018 435 1088; x_wconf 89' lang='lat' dir='ltr'><strong>quis</strong></span> <span class='ocrx_word' id='word_1_77' title='bbox 463 1018 659 1072; x_wconf 67' lang='lat' dir='ltr'><strong>offerat</strong></span> <span class='ocrx_word' id='word_1_78' title='bbox 685 1017 1092 1081; x_wconf 85' lang='lat' dir='ltr'><strong>abstinentiam,</strong></span> <span class='ocrx_word' id='word_1_79' title='bbox 1139 1017 1247 1070; x_wconf 92' lang='lat' dir='ltr'><strong>Deo</strong></span> <span class='ocrx_word' id='word_1_80' title='bbox 1306 1017 1510 1084; x_wconf 87' lang='lat' dir='ltr'><strong>quippe</strong></span> <span class='ocrx_word' id='word_1_81' title='bbox 1553 1015 1715 1068; x_wconf 90' lang='lat' dir='ltr'><strong>modo</strong></span> <span class='ocrx_word' id='word_1_82' title='bbox 1750 1030 1885 1083; x_wconf 86' lang='lat' dir='ltr'><strong>quo-</strong></span> 
     </span>
    </p>
   </div>
   <div class='ocr_carea' id='block_1_12' title="bbox 315 1104 1889 1163">
    <p class='ocr_par' dir='ltr' id='par_1_12' title="bbox 315 1104 1889 1163">
     <span class='ocr_line' id='line_1_12' title="bbox 315 1104 1889 1163; baseline -0.002 -3"><span class='ocrx_word' id='word_1_83' title='bbox 315 1107 450 1163; x_wconf 84' lang='lat' dir='ltr'><strong>libet</strong></span> <span class='ocrx_word' id='word_1_84' title='bbox 479 1108 663 1162; x_wconf 77' lang='lat' dir='ltr'><strong>oﬂ‘erri</strong></span> <span class='ocrx_word' id='word_1_85' title='bbox 697 1109 904 1162; x_wconf 92' lang='lat' dir='ltr'><strong>bonum</strong></span> <span class='ocrx_word' id='word_1_86' title='bbox 926 1117 1032 1161; x_wconf 89' lang='lat' dir='ltr'><strong>est.</strong></span> <span class='ocrx_word' id='word_1_87' title='bbox 1064 1107 1143 1160; x_wconf 85' lang='lat' dir='ltr'><strong>Ad</strong></span> <span class='ocrx_word' id='word_1_88' title='bbox 1182 1107 1327 1160; x_wconf 91' lang='lat' dir='ltr'><strong>latus</strong></span> <span class='ocrx_word' id='word_1_89' title='bbox 1357 1115 1540 1160; x_wconf 90' lang='lat' dir='ltr'><strong>autem</strong></span> <span class='ocrx_word' id='word_1_90' title='bbox 1581 1105 1767 1159; x_wconf 90' lang='lat' dir='ltr'><strong>altaris</strong></span> <span class='ocrx_word' id='word_1_91' title='bbox 1821 1104 1889 1158; x_wconf 93' lang='lat' dir='ltr'><strong>ad</strong></span> 
     </span>
    </p>
   </div>
   <div class='ocr_carea' id='block_1_13' title="bbox 315 1198 1891 1268">
    <p class='ocr_par' dir='ltr' id='par_1_13' title="bbox 315 1198 1891 1268">
     <span class='ocr_line' id='line_1_13' title="bbox 315 1198 1891 1268; baseline -0.001 -16"><span class='ocrx_word' id='word_1_92' title='bbox 315 1201 626 1268; x_wconf 89' lang='lat' dir='ltr'><strong>aquilonem</strong></span> <span class='ocrx_word' id='word_1_93' title='bbox 657 1199 973 1254; x_wconf 90' lang='lat' dir='ltr'><strong>necessario</strong></span> <span class='ocrx_word' id='word_1_94' title='bbox 1003 1199 1242 1264; x_wconf 84' lang='lat' dir='ltr'><strong>addidit;</strong></span> <span class='ocrx_word' id='word_1_95' title='bbox 1293 1200 1556 1253; x_wconf 87' lang='lat' dir='ltr'><strong>nebulosa</strong></span> <span class='ocrx_word' id='word_1_96' title='bbox 1573 1198 1718 1252; x_wconf 88' lang='lat' dir='ltr'><strong>enim</strong></span> <span class='ocrx_word' id='word_1_97' title='bbox 1753 1211 1891 1266; x_wconf 87' lang='lat' dir='ltr'><strong>pene</strong></span> 
     </span>
    </p>
   </div>
   <div class='ocr_carea' id='block_1_14' title="bbox 319 1289 1887 1360">
    <p class='ocr_par' dir='ltr' id='par_1_14' title="bbox 319 1289 1887 1360">
     <span class='ocr_line' id='line_1_14' title="bbox 319 1289 1887 1360; baseline -0.002 -16"><span class='ocrx_word' id='word_1_98' title='bbox 319 1305 535 1359; x_wconf 86' lang='lat' dir='ltr'><strong>semper</strong></span> <span class='ocrx_word' id='word_1_99' title='bbox 559 1293 678 1344; x_wconf 68' lang='lat' dir='ltr'><strong>haec</strong></span> <span class='ocrx_word' id='word_1_100' title='bbox 697 1305 823 1360; x_wconf 89' lang='lat' dir='ltr'><strong>pars</strong></span> <span class='ocrx_word' id='word_1_101' title='bbox 852 1299 938 1344; x_wconf 90' lang='lat' dir='ltr'><strong>est</strong></span> <span class='ocrx_word' id='word_1_102' title='bbox 966 1309 980 1344; x_wconf 91' lang='lat'><strong>:</strong></span> <span class='ocrx_word' id='word_1_103' title='bbox 1007 1291 1325 1345; x_wconf 90' lang='lat' dir='ltr'><strong>obtinentur</strong></span> <span class='ocrx_word' id='word_1_104' title='bbox 1369 1289 1638 1359; x_wconf 84' lang='lat' dir='ltr'><strong>siquidem</strong></span> <span class='ocrx_word' id='word_1_105' title='bbox 1671 1289 1887 1354; x_wconf 90' lang='lat' dir='ltr'><strong>nebula,</strong></span> 
     </span>
    </p>
   </div>
   <div class='ocr_carea' id='block_1_15' title="bbox 285 1369 1894 1452">
    <p class='ocr_par' dir='ltr' id='par_1_15' title="bbox 285 1369 1894 1452">
     <span class='ocr_line' id='line_1_15' title="bbox 285 1369 1894 1452; baseline -0.002 -17"><span class='ocrx_word' id='word_1_106' title='bbox 285 1369 293 1388; x_wconf 84' lang='grc'><em>’</em></span> <span class='ocrx_word' id='word_1_107' title='bbox 320 1381 376 1435; x_wconf 90' lang='lat' dir='ltr'><strong>id</strong></span> <span class='ocrx_word' id='word_1_108' title='bbox 399 1391 484 1435; x_wconf 86' lang='lat' dir='ltr'><strong>est</strong></span> <span class='ocrx_word' id='word_1_109' title='bbox 516 1381 850 1452; x_wconf 87' lang='lat' dir='ltr'><strong>ignorantia,</strong></span> <span class='ocrx_word' id='word_1_110' title='bbox 885 1380 943 1434; x_wconf 91' lang='lat' dir='ltr'><strong>hi</strong></span> <span class='ocrx_word' id='word_1_111' title='bbox 973 1382 1064 1448; x_wconf 88' lang='lat' dir='ltr'><strong>qui</strong></span> <span class='ocrx_word' id='word_1_112' title='bbox 1096 1396 1161 1435; x_wconf 83' lang='lat' dir='ltr'><strong>ex</strong></span> <span class='ocrx_word' id='word_1_113' title='bbox 1190 1389 1302 1435; x_wconf 91' lang='lat' dir='ltr'><strong>toto</strong></span> <span class='ocrx_word' id='word_1_114' title='bbox 1337 1395 1397 1435; x_wconf 91' lang='lat' dir='ltr'><strong>se</strong></span> <span class='ocrx_word' id='word_1_115' title='bbox 1435 1381 1758 1435; x_wconf 68' lang='lat' dir='ltr'><strong>innocentiae</strong></span> <span class='ocrx_word' id='word_1_116' title='bbox 1784 1389 1894 1434; x_wconf 87' lang='lat' dir='ltr'><strong>tra-</strong></span> 
     </span>
    </p>
   </div>
   <div class='ocr_carea' id='block_1_16' title="bbox 256 1455 1893 1538">
    <p class='ocr_par' dir='ltr' id='par_1_16' title="bbox 256 1455 1893 1538">
     <span class='ocr_line' id='line_1_16' title="bbox 256 1455 1893 1538; baseline 0.002 -15"><span class='ocrx_word' id='word_1_117' title='bbox 256 1455 278 1474; x_wconf 77' lang='grc'><em>’</em></span> <span class='ocrx_word' id='word_1_118' title='bbox 317 1470 479 1532; x_wconf 88' lang='lat' dir='ltr'><strong>dunt,</strong></span> <span class='ocrx_word' id='word_1_119' title='bbox 503 1477 792 1538; x_wconf 84' lang='lat' dir='ltr'><strong>propterea</strong></span> <span class='ocrx_word' id='word_1_120' title='bbox 819 1477 874 1524; x_wconf 89' lang='lat' dir='ltr'><strong>et</strong></span> <span class='ocrx_word' id='word_1_121' title='bbox 892 1469 1268 1524; x_wconf 86' lang='lat' dir='ltr'><strong>holocaustum</strong></span> <span class='ocrx_word' id='word_1_122' title='bbox 1327 1469 1548 1535; x_wconf 87' lang='lat' dir='ltr'><strong>dicitur,</strong></span> <span class='ocrx_word' id='word_1_123' title='bbox 1575 1470 1740 1524; x_wconf 87' lang='lat' dir='ltr'><strong>etiam</strong></span> <span class='ocrx_word' id='word_1_124' title='bbox 1774 1469 1893 1526; x_wconf 88' lang='lat' dir='ltr'><strong>sine</strong></span> 
     </span>
    </p>
   </div>
   <div class='ocr_carea' id='block_1_17' title="bbox 315 1559 902 1628">
    <p class='ocr_par' dir='ltr' id='par_1_17' title="bbox 315 1559 902 1628">
     <span class='ocr_line' id='line_1_17' title="bbox 315 1559 902 1628; baseline 0.002 -15"><span class='ocrx_word' id='word_1_125' title='bbox 315 1560 634 1628; x_wconf 86' lang='lat' dir='ltr'><strong>operatione</strong></span> <span class='ocrx_word' id='word_1_126' title='bbox 658 1559 902 1628; x_wconf 55' lang='lat' dir='ltr'><strong>justitia’.</strong></span> 
     </span>
    </p>
   </div>
   <div class='ocr_carea' id='block_1_18' title="bbox 387 1648 1887 1706">
    <p class='ocr_par' dir='ltr' id='par_1_18' title="bbox 387 1648 1887 1706">
     <span class='ocr_line' id='line_1_18' title="bbox 387 1648 1887 1706; baseline 0 -2"><span class='ocrx_word' id='word_1_127' title='bbox 387 1650 552 1705; x_wconf 73' lang='lat' dir='ltr'><strong>Vens.</strong></span> <span class='ocrx_word' id='word_1_128' title='bbox 593 1653 781 1706; x_wconf 67' lang='lat'><strong>14-17.</strong></span> <span class='ocrx_word' id='word_1_129' title='bbox 815 1669 834 1701; x_wconf 83' lang='grc'><em>‹</em></span> <span class='ocrx_word' id='word_1_130' title='bbox 896 1648 953 1704; x_wconf 88' lang='lat' dir='ltr'><strong>Si</strong></span> <span class='ocrx_word' id='word_1_131' title='bbox 982 1659 1164 1704; x_wconf 88' lang='lat' dir='ltr'><strong>autem</strong></span> <span class='ocrx_word' id='word_1_132' title='bbox 1221 1650 1287 1704; x_wconf 91' lang='lat' dir='ltr'><strong>de</strong></span> <span class='ocrx_word' id='word_1_133' title='bbox 1351 1651 1544 1706; x_wconf 90' lang='lat' dir='ltr'><strong>avibus</strong></span> <span class='ocrx_word' id='word_1_134' title='bbox 1587 1651 1887 1706; x_wconf 90' lang='lat' dir='ltr'><strong>holocausti</strong></span> 
     </span>
    </p>
   </div>
   <div class='ocr_carea' id='block_1_19' title="bbox 314 1720 1961 1812">
    <p class='ocr_par' dir='ltr' id='par_1_19' title="bbox 314 1720 1961 1812">
     <span class='ocr_line' id='line_1_19' title="bbox 314 1720 1961 1812; baseline 0.001 -15"><span class='ocrx_word' id='word_1_135' title='bbox 314 1743 518 1798; x_wconf 89' lang='lat' dir='ltr'><strong>oblatio</strong></span> <span class='ocrx_word' id='word_1_136' title='bbox 538 1743 704 1796; x_wconf 88' lang='lat' dir='ltr'><strong>fuerit</strong></span> <span class='ocrx_word' id='word_1_137' title='bbox 739 1741 991 1805; x_wconf 91' lang='lat' dir='ltr'><strong>Domino,</strong></span> <span class='ocrx_word' id='word_1_138' title='bbox 1033 1742 1100 1796; x_wconf 90' lang='lat' dir='ltr'><strong>de</strong></span> <span class='ocrx_word' id='word_1_139' title='bbox 1133 1742 1440 1796; x_wconf 89' lang='lat' dir='ltr'><strong>turturibus</strong></span> <span class='ocrx_word' id='word_1_140' title='bbox 1497 1751 1551 1797; x_wconf 89' lang='lat' dir='ltr'><strong>et</strong></span> <span class='ocrx_word' id='word_1_141' title='bbox 1584 1743 1746 1812; x_wconf 87' lang='lat' dir='ltr'><strong>pullis</strong></span> <span class='ocrx_word' id='word_1_142' title='bbox 1804 1759 1888 1798; x_wconf 50' lang='lat' dir='ltr'><strong>co.</strong></span> <span class='ocrx_word' id='word_1_143' title='bbox 1920 1720 1961 1773; x_wconf 67' lang='grc' dir='ltr'><strong>Β</strong></span> 
     </span>
    </p>
   </div>
   <div class='ocr_carea' id='block_1_20' title="bbox 313 1833 1887 1900">
    <p class='ocr_par' dir='ltr' id='par_1_20' title="bbox 313 1833 1887 1900">
     <span class='ocr_line' id='line_1_20' title="bbox 313 1833 1887 1900; baseline 0.001 -12"><span class='ocrx_word' id='word_1_144' title='bbox 313 1834 532 1900; x_wconf 73' lang='lat' dir='ltr'><strong>lumbse,</strong></span> <span class='ocrx_word' id='word_1_145' title='bbox 551 1834 746 1890; x_wconf 81' lang='lat' dir='ltr'><strong>offeret</strong></span> <span class='ocrx_word' id='word_1_146' title='bbox 765 1847 886 1888; x_wconf 91' lang='lat' dir='ltr'><strong>eam</strong></span> <span class='ocrx_word' id='word_1_147' title='bbox 914 1833 1170 1888; x_wconf 87' lang='lat' dir='ltr'><strong>sacerdos</strong></span> <span class='ocrx_word' id='word_1_148' title='bbox 1199 1834 1266 1887; x_wconf 89' lang='lat' dir='ltr'><strong>ad</strong></span> <span class='ocrx_word' id='word_1_149' title='bbox 1301 1834 1491 1900; x_wconf 88' lang='lat' dir='ltr'><strong>altare,</strong></span> <span class='ocrx_word' id='word_1_150' title='bbox 1513 1843 1566 1889; x_wconf 91' lang='lat' dir='ltr'><strong>et</strong></span> <span class='ocrx_word' id='word_1_151' title='bbox 1596 1845 1800 1890; x_wconf 89' lang='lat' dir='ltr'><strong>retorto</strong></span> <span class='ocrx_word' id='word_1_152' title='bbox 1819 1836 1887 1890; x_wconf 89' lang='lat' dir='ltr'><strong>ad</strong></span> 
     </span>
    </p>
   </div>
   <div class='ocr_carea' id='block_1_21' title="bbox 314 1924 1889 1994">
    <p class='ocr_par' dir='ltr' id='par_1_21' title="bbox 314 1924 1889 1994">
     <span class='ocr_line' id='line_1_21' title="bbox 314 1924 1889 1994; baseline 0.001 -15"><span class='ocrx_word' id='word_1_153' title='bbox 314 1924 514 1979; x_wconf 88' lang='lat' dir='ltr'><strong>collum</strong></span> <span class='ocrx_word' id='word_1_154' title='bbox 536 1925 735 1994; x_wconf 86' lang='lat' dir='ltr'><strong>capite,</strong></span> <span class='ocrx_word' id='word_1_155' title='bbox 770 1940 835 1978; x_wconf 90' lang='lat' dir='ltr'><strong>ac</strong></span> <span class='ocrx_word' id='word_1_156' title='bbox 865 1934 1027 1993; x_wconf 92' lang='lat' dir='ltr'><strong>rupto</strong></span> <span class='ocrx_word' id='word_1_157' title='bbox 1049 1925 1292 1979; x_wconf 85' lang='lat' dir='ltr'><strong>vulneris</strong></span> <span class='ocrx_word' id='word_1_158' title='bbox 1328 1927 1470 1981; x_wconf 91' lang='lat' dir='ltr'><strong>loco.</strong></span> <span class='ocrx_word' id='word_1_159' title='bbox 1495 1926 1786 1981; x_wconf 89' lang='lat' dir='ltr'><strong>decurrere</strong></span> <span class='ocrx_word' id='word_1_160' title='bbox 1810 1927 1889 1981; x_wconf 90' lang='lat' dir='ltr'><strong>fa-</strong></span> 
     </span>
    </p>
   </div>
   <div class='ocr_carea' id='block_1_22' title="bbox 314 2016 1885 2087">
    <p class='ocr_par' dir='ltr' id='par_1_22' title="bbox 314 2016 1885 2087">
     <span class='ocr_line' id='line_1_22' title="bbox 314 2016 1885 2087; baseline 0.002 -18"><span class='ocrx_word' id='word_1_161' title='bbox 314 2018 423 2072; x_wconf 82' lang='lat' dir='ltr'><strong>ciet</strong></span> <span class='ocrx_word' id='word_1_162' title='bbox 442 2016 762 2087; x_wconf 81' lang='lat' dir='ltr'><strong>sanguinem</strong></span> <span class='ocrx_word' id='word_1_163' title='bbox 787 2031 952 2085; x_wconf 91' lang='lat' dir='ltr'><strong>super</strong></span> <span class='ocrx_word' id='word_1_164' title='bbox 983 2016 1316 2085; x_wconf 88' lang='lat' dir='ltr'><strong>crepidinem</strong></span> <span class='ocrx_word' id='word_1_165' title='bbox 1336 2017 1544 2072; x_wconf 88' lang='lat' dir='ltr'><strong>altaris.</strong></span> <span class='ocrx_word' id='word_1_166' title='bbox 1580 2017 1885 2074; x_wconf 85' lang='lat' dir='ltr'><strong>Vesiculam</strong></span> 
     </span>
    </p>
   </div>
   <div class='ocr_carea' id='block_1_23' title="bbox 312 2106 1886 2177">
    <p class='ocr_par' dir='ltr' id='par_1_23' title="bbox 312 2106 1886 2177">
     <span class='ocr_line' id='line_1_23' title="bbox 312 2106 1886 2177; baseline 0.001 -15"><span class='ocrx_word' id='word_1_167' title='bbox 312 2121 446 2162; x_wconf 82' lang='lat' dir='ltr'><strong>vero</strong></span> <span class='ocrx_word' id='word_1_168' title='bbox 465 2107 700 2176; x_wconf 79' lang='lat' dir='ltr'><strong>gutturis</strong></span> <span class='ocrx_word' id='word_1_169' title='bbox 729 2115 785 2160; x_wconf 91' lang='lat' dir='ltr'><strong>et</strong></span> <span class='ocrx_word' id='word_1_170' title='bbox 813 2106 1029 2175; x_wconf 88' lang='lat' dir='ltr'><strong>plumas</strong></span> <span class='ocrx_word' id='word_1_171' title='bbox 1064 2107 1317 2175; x_wconf 87' lang='lat' dir='ltr'><strong>projiciet</strong></span> <span class='ocrx_word' id='word_1_172' title='bbox 1344 2117 1565 2177; x_wconf 87' lang='lat' dir='ltr'><strong>propter</strong></span> <span class='ocrx_word' id='word_1_173' title='bbox 1597 2109 1769 2163; x_wconf 89' lang='lat' dir='ltr'><strong>altare</strong></span> <span class='ocrx_word' id='word_1_174' title='bbox 1818 2110 1886 2164; x_wconf 91' lang='lat' dir='ltr'><strong>ad</strong></span> 
     </span>
    </p>
   </div>
   <div class='ocr_carea' id='block_1_24' title="bbox 313 2197 1886 2269">
    <p class='ocr_par' dir='ltr' id='par_1_24' title="bbox 313 2197 1886 2269">
     <span class='ocr_line' id='line_1_24' title="bbox 313 2197 1886 2269; baseline 0.001 -17"><span class='ocrx_word' id='word_1_175' title='bbox 313 2198 632 2253; x_wconf 85' lang='lat' dir='ltr'><strong>orientalem</strong></span> <span class='ocrx_word' id='word_1_176' title='bbox 667 2199 879 2269; x_wconf 81' lang='lat' dir='ltr'><strong>plagam</strong></span> <span class='ocrx_word' id='word_1_177' title='bbox 903 2238 920 2263; x_wconf 98' lang='lat'><strong>,</strong></span> <span class='ocrx_word' id='word_1_178' title='bbox 959 2199 1013 2252; x_wconf 89' lang='lat' dir='ltr'><strong>in</strong></span> <span class='ocrx_word' id='word_1_179' title='bbox 1071 2199 1191 2252; x_wconf 91' lang='lat' dir='ltr'><strong>loco</strong></span> <span class='ocrx_word' id='word_1_180' title='bbox 1223 2197 1275 2251; x_wconf 91' lang='lat' dir='ltr'><strong>in</strong></span> <span class='ocrx_word' id='word_1_181' title='bbox 1299 2213 1407 2267; x_wconf 92' lang='lat' dir='ltr'><strong>quo</strong></span> <span class='ocrx_word' id='word_1_182' title='bbox 1439 2198 1652 2254; x_wconf 90' lang='lat' dir='ltr'><strong>cineres</strong></span> <span class='ocrx_word' id='word_1_183' title='bbox 1683 2198 1886 2254; x_wconf 69' lang='lat' dir='ltr'><strong>edundi</strong></span> 
     </span>
    </p>
   </div>
   <div class='ocr_carea' id='block_1_25' title="bbox 312 2289 1883 2361">
    <p class='ocr_par' dir='ltr' id='par_1_25' title="bbox 312 2289 1883 2361">
     <span class='ocr_line' id='line_1_25' title="bbox 312 2289 1883 2361; baseline -0.001 -16"><span class='ocrx_word' id='word_1_184' title='bbox 312 2290 513 2355; x_wconf 85' lang='lat' dir='ltr'><strong>solent,</strong></span> <span class='ocrx_word' id='word_1_185' title='bbox 543 2289 956 2361; x_wconf 82' lang='lat' dir='ltr'><strong>confringetque</strong></span> <span class='ocrx_word' id='word_1_186' title='bbox 984 2289 1212 2344; x_wconf 89' lang='lat' dir='ltr'><strong>ascellas</strong></span> <span class='ocrx_word' id='word_1_187' title='bbox 1261 2291 1401 2359; x_wconf 87' lang='lat' dir='ltr'><strong>ejus,</strong></span> <span class='ocrx_word' id='word_1_188' title='bbox 1432 2299 1487 2344; x_wconf 93' lang='lat' dir='ltr'><strong>et</strong></span> <span class='ocrx_word' id='word_1_189' title='bbox 1515 2305 1627 2343; x_wconf 88' lang='lat' dir='ltr'><strong>non</strong></span> <span class='ocrx_word' id='word_1_190' title='bbox 1656 2291 1883 2356; x_wconf 87' lang='lat' dir='ltr'><strong>secabit,</strong></span> 
     </span>
    </p>
   </div>
   <div class='ocr_carea' id='block_1_26' title="bbox 311 2381 1887 2455">
    <p class='ocr_par' dir='ltr' id='par_1_26' title="bbox 311 2381 1887 2455">
     <span class='ocr_line' id='line_1_26' title="bbox 311 2381 1887 2455; baseline 0.001 -20"><span class='ocrx_word' id='word_1_191' title='bbox 311 2396 417 2437; x_wconf 89' lang='lat' dir='ltr'><strong>nec</strong></span> <span class='ocrx_word' id='word_1_192' title='bbox 438 2381 584 2435; x_wconf 79' lang='lat' dir='ltr'><strong>ferro</strong></span> <span class='ocrx_word' id='word_1_193' title='bbox 612 2381 818 2435; x_wconf 85' lang='lat' dir='ltr'><strong>dividet</strong></span> <span class='ocrx_word' id='word_1_194' title='bbox 831 2396 987 2440; x_wconf 84' lang='lat' dir='ltr'><strong>eam:</strong></span> <span class='ocrx_word' id='word_1_195' title='bbox 1019 2390 1075 2436; x_wconf 90' lang='lat' dir='ltr'><strong>et</strong></span> <span class='ocrx_word' id='word_1_196' title='bbox 1100 2382 1515 2452; x_wconf 89' lang='lat' dir='ltr'><strong>adolebitsuper</strong></span> <span class='ocrx_word' id='word_1_197' title='bbox 1542 2383 1711 2437; x_wconf 90' lang='lat' dir='ltr'><strong>altare</strong></span> <span class='ocrx_word' id='word_1_198' title='bbox 1729 2384 1887 2455; x_wconf 78' lang='lat' dir='ltr'><strong>lignis</strong></span> 
     </span>
    </p>
   </div>
   <div class='ocr_carea' id='block_1_27' title="bbox 313 2469 1882 2540">
    <p class='ocr_par' dir='ltr' id='par_1_27' title="bbox 313 2469 1882 2540">
     <span class='ocr_line' id='line_1_27' title="bbox 313 2469 1882 2540; baseline 0.004 -17"><span class='ocrx_word' id='word_1_199' title='bbox 313 2469 436 2540; x_wconf 88' lang='lat' dir='ltr'><strong>igne</strong></span> <span class='ocrx_word' id='word_1_200' title='bbox 463 2470 760 2539; x_wconf 89' lang='lat' dir='ltr'><strong>suppositis</strong></span> <span class='ocrx_word' id='word_1_201' title='bbox 793 2488 809 2528; x_wconf 84' lang='lat'><strong>:</strong></span> <span class='ocrx_word' id='word_1_202' title='bbox 842 2471 1220 2527; x_wconf 84' lang='lat' dir='ltr'><strong>holocaustum</strong></span> <span class='ocrx_word' id='word_1_203' title='bbox 1241 2481 1326 2527; x_wconf 88' lang='lat' dir='ltr'><strong>est</strong></span> <span class='ocrx_word' id='word_1_204' title='bbox 1356 2482 1412 2528; x_wconf 88' lang='lat' dir='ltr'><strong>ct</strong></span> <span class='ocrx_word' id='word_1_205' title='bbox 1441 2473 1644 2528; x_wconf 91' lang='lat' dir='ltr'><strong>oblatio</strong></span> <span class='ocrx_word' id='word_1_206' title='bbox 1667 2474 1882 2530; x_wconf 86' lang='lat' dir='ltr'><strong>suavis-</strong></span> 
     </span>
    </p>
   </div>
   <div class='ocr_carea' id='block_1_28' title="bbox 313 2557 987 2612">
    <p class='ocr_par' dir='ltr' id='par_1_28' title="bbox 313 2557 987 2612">
     <span class='ocr_line' id='line_1_28' title="bbox 313 2557 987 2612; baseline 0 0"><span class='ocrx_word' id='word_1_207' title='bbox 313 2558 438 2612; x_wconf 87' lang='lat' dir='ltr'><strong>simi</strong></span> <span class='ocrx_word' id='word_1_208' title='bbox 462 2557 646 2612; x_wconf 90' lang='lat' dir='ltr'><strong>odoris</strong></span> <span class='ocrx_word' id='word_1_209' title='bbox 678 2557 930 2612; x_wconf 85' lang='lat' dir='ltr'><strong>Domino.</strong></span> <span class='ocrx_word' id='word_1_210' title='bbox 967 2578 987 2612; x_wconf 74' lang='grc' dir='ltr'><strong>ι</strong></span> 
     </span>
    </p>
   </div>
   <div class='ocr_carea' id='block_1_29' title="bbox 380 2646 1883 2721">
    <p class='ocr_par' dir='ltr' id='par_1_29' title="bbox 380 2646 1883 2721">
     <span class='ocr_line' id='line_1_29' title="bbox 380 2646 1883 2721; baseline 0.004 -21"><span class='ocrx_word' id='word_1_211' title='bbox 380 2646 733 2703; x_wconf 80' lang='lat' dir='ltr'><strong>Admirabilis</strong></span> <span class='ocrx_word' id='word_1_212' title='bbox 766 2660 849 2704; x_wconf 92' lang='lat' dir='ltr'><strong>est</strong></span> <span class='ocrx_word' id='word_1_213' title='bbox 871 2650 1119 2721; x_wconf 78' lang='lat' dir='ltr'><strong>legalium</strong></span> <span class='ocrx_word' id='word_1_214' title='bbox 1155 2652 1444 2706; x_wconf 79' lang='lat' dir='ltr'><strong>verborum</strong></span> <span class='ocrx_word' id='word_1_215' title='bbox 1463 2651 1754 2718; x_wconf 87' lang='lat' dir='ltr'><strong>subtilitas,</strong></span> <span class='ocrx_word' id='word_1_216' title='bbox 1773 2666 1883 2706; x_wconf 90' lang='lat' dir='ltr'><strong>non</strong></span> 
     </span>
    </p>
   </div>
   <div class='ocr_carea' id='block_1_30' title="bbox 312 2739 1880 2809">
    <p class='ocr_par' dir='ltr' id='par_1_30' title="bbox 312 2739 1880 2809">
     <span class='ocr_line' id='line_1_30' title="bbox 312 2739 1880 2809; baseline 0.003 -15"><span class='ocrx_word' id='word_1_217' title='bbox 312 2739 488 2794; x_wconf 85' lang='lat' dir='ltr'><strong>solum</strong></span> <span class='ocrx_word' id='word_1_218' title='bbox 513 2739 642 2808; x_wconf 83' lang='lat' dir='ltr'><strong>quia</strong></span> <span class='ocrx_word' id='word_1_219' title='bbox 678 2739 1019 2795; x_wconf 75' lang='lat' dir='ltr'><strong>differentias</strong></span> <span class='ocrx_word' id='word_1_220' title='bbox 1071 2744 1543 2798; x_wconf 83' lang='lat' dir='ltr'><strong>conversationum</strong></span> <span class='ocrx_word' id='word_1_221' title='bbox 1605 2743 1880 2809; x_wconf 81' lang='lat' dir='ltr'><strong>describit,</strong></span> 
     </span>
    </p>
   </div>
   <div class='ocr_carea' id='block_1_31' title="bbox 313 2829 1884 2901">
    <p class='ocr_par' dir='ltr' id='par_1_31' title="bbox 313 2829 1884 2901">
     <span class='ocr_line' id='line_1_31' title="bbox 313 2829 1884 2901; baseline 0.004 -18"><span class='ocrx_word' id='word_1_222' title='bbox 313 2829 408 2883; x_wconf 87' lang='lat' dir='ltr'><strong>sed</strong></span> <span class='ocrx_word' id='word_1_223' title='bbox 431 2829 592 2884; x_wconf 89' lang='lat' dir='ltr'><strong>etiam</strong></span> <span class='ocrx_word' id='word_1_224' title='bbox 624 2831 1081 2899; x_wconf 87' lang='lat' dir='ltr'><strong>quemadmodum</strong></span> <span class='ocrx_word' id='word_1_225' title='bbox 1136 2833 1397 2901; x_wconf 87' lang='lat' dir='ltr'><strong>quasdam</strong></span> <span class='ocrx_word' id='word_1_226' title='bbox 1436 2835 1884 2890; x_wconf 86' lang='lat' dir='ltr'><strong>conversationes</strong></span> 
     </span>
    </p>
   </div>
   <div class='ocr_carea' id='block_1_32' title="bbox 313 2921 1881 2997">
    <p class='ocr_par' dir='ltr' id='par_1_32' title="bbox 313 2921 1881 2997">
     <span class='ocr_line' id='line_1_32' title="bbox 313 2921 1881 2997; baseline 0.003 -22"><span class='ocrx_word' id='word_1_227' title='bbox 313 2921 611 2976; x_wconf 83' lang='lat' dir='ltr'><strong>secundum</strong></span> <span class='ocrx_word' id='word_1_228' title='bbox 644 2921 840 2992; x_wconf 89' lang='lat' dir='ltr'><strong>legem,</strong></span> <span class='ocrx_word' id='word_1_229' title='bbox 863 2923 1126 2992; x_wconf 85' lang='lat' dir='ltr'><strong>quasdam</strong></span> <span class='ocrx_word' id='word_1_230' title='bbox 1154 2939 1281 2978; x_wconf 90' lang='lat' dir='ltr'><strong>vero</strong></span> <span class='ocrx_word' id='word_1_231' title='bbox 1295 2939 1457 2994; x_wconf 87' lang='lat' dir='ltr'><strong>super</strong></span> <span class='ocrx_word' id='word_1_232' title='bbox 1487 2925 1680 2996; x_wconf 87' lang='lat' dir='ltr'><strong>legem,</strong></span> <span class='ocrx_word' id='word_1_233' title='bbox 1711 2926 1881 2997; x_wconf 90' lang='lat' dir='ltr'><strong>signi-</strong></span> 
     </span>
    </p>
   </div>
   <div class='ocr_carea' id='block_1_33' title="bbox 315 3011 1880 3084">
    <p class='ocr_par' dir='ltr' id='par_1_33' title="bbox 315 3011 1880 3084">
     <span class='ocr_line' id='line_1_33' title="bbox 315 3011 1880 3084; baseline 0.003 -18"><span class='ocrx_word' id='word_1_234' title='bbox 315 3011 457 3066; x_wconf 81' lang='lat' dir='ltr'><strong>ficet.</strong></span> <span class='ocrx_word' id='word_1_235' title='bbox 492 3011 802 3067; x_wconf 89' lang='lat' dir='ltr'><strong>Secundum</strong></span> <span class='ocrx_word' id='word_1_236' title='bbox 827 3014 998 3084; x_wconf 89' lang='lat' dir='ltr'><strong>legem</strong></span> <span class='ocrx_word' id='word_1_237' title='bbox 1034 3015 1180 3069; x_wconf 90' lang='lat' dir='ltr'><strong>enim</strong></span> <span class='ocrx_word' id='word_1_238' title='bbox 1221 3023 1349 3069; x_wconf 88' lang='lat' dir='ltr'><strong>sunt</strong></span> <span class='ocrx_word' id='word_1_239' title='bbox 1382 3016 1545 3070; x_wconf 86' lang='lat' dir='ltr'><strong>boum</strong></span> <span class='ocrx_word' id='word_1_240' title='bbox 1587 3025 1642 3071; x_wconf 91' lang='lat' dir='ltr'><strong>et</strong></span> <span class='ocrx_word' id='word_1_241' title='bbox 1673 3018 1880 3081; x_wconf 90' lang='lat' dir='ltr'><strong>ovium,</strong></span> 
     </span>
    </p>
   </div>
   <div class='ocr_carea' id='block_1_34' title="bbox 313 3103 1884 3178">
    <p class='ocr_par' dir='ltr' id='par_1_34' title="bbox 313 3103 1884 3178">
     <span class='ocr_line' id='line_1_34' title="bbox 313 3103 1884 3178; baseline 0.001 -20"><span class='ocrx_word' id='word_1_242' title='bbox 313 3103 440 3158; x_wconf 88' lang='lat' dir='ltr'><strong>licet</strong></span> <span class='ocrx_word' id='word_1_243' title='bbox 465 3112 778 3174; x_wconf 60' lang='lat' dir='ltr'><strong>spontaneaa</strong></span> <span class='ocrx_word' id='word_1_244' title='bbox 800 3105 1076 3160; x_wconf 88' lang='lat' dir='ltr'><strong>dicuntur.</strong></span> <span class='ocrx_word' id='word_1_245' title='bbox 1123 3104 1436 3161; x_wconf 91' lang='lat' dir='ltr'><strong>Secundum</strong></span> <span class='ocrx_word' id='word_1_246' title='bbox 1462 3107 1638 3178; x_wconf 83' lang='lat' dir='ltr'><strong>legem</strong></span> <span class='ocrx_word' id='word_1_247' title='bbox 1673 3106 1884 3176; x_wconf 85' lang='lat' dir='ltr'><strong>quare?</strong></span> 
     </span>
    </p>
   </div>
   <div class='ocr_carea' id='block_1_35' title="bbox 313 3192 1882 3266">
    <p class='ocr_par' dir='ltr' id='par_1_35' title="bbox 313 3192 1882 3266">
     <span class='ocr_line' id='line_1_35' title="bbox 313 3192 1882 3266; baseline 0.001 -18"><span class='ocrx_word' id='word_1_248' title='bbox 313 3192 450 3259; x_wconf 87' lang='lat' dir='ltr'><strong>Quia</strong></span> <span class='ocrx_word' id='word_1_249' title='bbox 480 3195 581 3250; x_wconf 90' lang='lat' dir='ltr'><strong>etsi</strong></span> <span class='ocrx_word' id='word_1_250' title='bbox 615 3193 813 3249; x_wconf 80' lang='lat' dir='ltr'><strong>oﬂerre</strong></span> <span class='ocrx_word' id='word_1_251' title='bbox 876 3209 1078 3249; x_wconf 92' lang='lat' dir='ltr'><strong>munus</strong></span> <span class='ocrx_word' id='word_1_252' title='bbox 1110 3197 1164 3248; x_wconf 91' lang='lat' dir='ltr'><strong>in</strong></span> <span class='ocrx_word' id='word_1_253' title='bbox 1212 3204 1537 3266; x_wconf 89' lang='lat' dir='ltr'><strong>potestatem</strong></span> <span class='ocrx_word' id='word_1_254' title='bbox 1597 3195 1882 3250; x_wconf 72' lang='lat' dir='ltr'><strong>offerentis</strong></span> 
     </span>
    </p>
   </div>
   <div class='ocr_carea' id='block_1_36' title="bbox 312 3283 1884 3355">
    <p class='ocr_par' dir='ltr' id='par_1_36' title="bbox 312 3283 1884 3355">
     <span class='ocr_line' id='line_1_36' title="bbox 312 3283 1884 3355; baseline 0.001 -17"><span class='ocrx_word' id='word_1_255' title='bbox 312 3283 482 3351; x_wconf 89' lang='lat' dir='ltr'><strong>dedit,</strong></span> <span class='ocrx_word' id='word_1_256' title='bbox 511 3285 675 3340; x_wconf 90' lang='lat' dir='ltr'><strong>nimis</strong></span> <span class='ocrx_word' id='word_1_257' title='bbox 696 3293 862 3348; x_wconf 88' lang='lat' dir='ltr'><strong>recte,</strong></span> <span class='ocrx_word' id='word_1_258' title='bbox 886 3285 1041 3339; x_wconf 88' lang='lat' dir='ltr'><strong>liberi</strong></span> <span class='ocrx_word' id='word_1_259' title='bbox 1069 3285 1270 3355; x_wconf 81' lang='lat' dir='ltr'><strong>quippe</strong></span> <span class='ocrx_word' id='word_1_260' title='bbox 1297 3285 1506 3340; x_wconf 88' lang='lat' dir='ltr'><strong>arbitrii</strong></span> <span class='ocrx_word' id='word_1_261' title='bbox 1536 3286 1680 3340; x_wconf 90' lang='lat' dir='ltr'><strong>Deus</strong></span> <span class='ocrx_word' id='word_1_262' title='bbox 1702 3286 1884 3340; x_wconf 87' lang='lat' dir='ltr'><strong>homi-</strong></span> 
     </span>
    </p>
   </div>
   <div class='ocr_carea' id='block_1_37' title="bbox 312 3373 1884 3445">
    <p class='ocr_par' dir='ltr' id='par_1_37' title="bbox 312 3373 1884 3445">
     <span class='ocr_line' id='line_1_37' title="bbox 312 3373 1884 3445; baseline 0 -17"><span class='ocrx_word' id='word_1_263' title='bbox 312 3388 439 3428; x_wconf 88' lang='lat' dir='ltr'><strong>nem</strong></span> <span class='ocrx_word' id='word_1_264' title='bbox 469 3375 774 3439; x_wconf 89' lang='lat' dir='ltr'><strong>constituit,</strong></span> <span class='ocrx_word' id='word_1_265' title='bbox 797 3384 978 3428; x_wconf 90' lang='lat' dir='ltr'><strong>tamen</strong></span> <span class='ocrx_word' id='word_1_266' title='bbox 1017 3375 1175 3442; x_wconf 92' lang='lat' dir='ltr'><strong>quale</strong></span> <span class='ocrx_word' id='word_1_267' title='bbox 1201 3373 1483 3438; x_wconf 77' lang='lat' dir='ltr'><strong>oﬂeratur,</strong></span> <span class='ocrx_word' id='word_1_268' title='bbox 1507 3390 1618 3429; x_wconf 91' lang='lat' dir='ltr'><strong>non</strong></span> <span class='ocrx_word' id='word_1_269' title='bbox 1654 3376 1768 3445; x_wconf 89' lang='lat' dir='ltr'><strong>jam</strong></span> <span class='ocrx_word' id='word_1_270' title='bbox 1788 3389 1884 3429; x_wconf 89' lang='lat' dir='ltr'><strong>vo-</strong></span> 
     </span>
    </p>
   </div>
   <div class='ocr_carea' id='block_1_38' title="bbox 313 3466 1885 3531">
    <p class='ocr_par' dir='ltr' id='par_1_38' title="bbox 313 3466 1885 3531">
     <span class='ocr_line' id='line_1_38' title="bbox 313 3466 1885 3531; baseline 0.002 -11"><span class='ocrx_word' id='word_1_271' title='bbox 313 3467 541 3521; x_wconf 90' lang='lat' dir='ltr'><strong>luntatis</strong></span> <span class='ocrx_word' id='word_1_272' title='bbox 570 3475 675 3531; x_wconf 90' lang='lat' dir='ltr'><strong>est,</strong></span> <span class='ocrx_word' id='word_1_273' title='bbox 695 3482 765 3521; x_wconf 88' lang='lat' dir='ltr'><strong>ne</strong></span> <span class='ocrx_word' id='word_1_274' title='bbox 792 3467 932 3520; x_wconf 91' lang='lat' dir='ltr'><strong>forte</strong></span> <span class='ocrx_word' id='word_1_275' title='bbox 959 3467 1100 3520; x_wconf 90' lang='lat' dir='ltr'><strong>mala</strong></span> <span class='ocrx_word' id='word_1_276' title='bbox 1152 3466 1488 3522; x_wconf 64' lang='lat' dir='ltr'><strong>oderantur:</strong></span> <span class='ocrx_word' id='word_1_277' title='bbox 1515 3483 1744 3524; x_wconf 86' lang='lat' dir='ltr'><strong>necesse</strong></span> <span class='ocrx_word' id='word_1_278' title='bbox 1799 3479 1885 3524; x_wconf 87' lang='lat' dir='ltr'><strong>est</strong></span> 
     </span>
    </p>
   </div>
   <div class='ocr_carea' id='block_1_39' title="bbox 312 3557 1882 3628">
    <p class='ocr_par' dir='ltr' id='par_1_39' title="bbox 312 3557 1882 3628">
     <span class='ocr_line' id='line_1_39' title="bbox 312 3557 1882 3628; baseline 0.003 -18"><span class='ocrx_word' id='word_1_279' title='bbox 312 3572 442 3626; x_wconf 90' lang='lat' dir='ltr'><strong>ergo</strong></span> <span class='ocrx_word' id='word_1_280' title='bbox 464 3566 557 3609; x_wconf 91' lang='lat' dir='ltr'><strong>aut</strong></span> <span class='ocrx_word' id='word_1_281' title='bbox 577 3558 769 3610; x_wconf 85' lang='lat' dir='ltr'><strong>bovem</strong></span> <span class='ocrx_word' id='word_1_282' title='bbox 791 3557 976 3611; x_wconf 83' lang='lat' dir='ltr'><strong>oll‘erri</strong></span> <span class='ocrx_word' id='word_1_283' title='bbox 1007 3565 1101 3610; x_wconf 92' lang='lat' dir='ltr'><strong>aut</strong></span> <span class='ocrx_word' id='word_1_284' title='bbox 1128 3572 1310 3624; x_wconf 90' lang='lat' dir='ltr'><strong>ovem,</strong></span> <span class='ocrx_word' id='word_1_285' title='bbox 1336 3557 1386 3612; x_wconf 92' lang='lat' dir='ltr'><strong>id</strong></span> <span class='ocrx_word' id='word_1_286' title='bbox 1411 3567 1517 3623; x_wconf 89' lang='lat' dir='ltr'><strong>est,</strong></span> <span class='ocrx_word' id='word_1_287' title='bbox 1548 3568 1642 3613; x_wconf 90' lang='lat' dir='ltr'><strong>aut</strong></span> <span class='ocrx_word' id='word_1_288' title='bbox 1665 3560 1882 3628; x_wconf 90' lang='lat' dir='ltr'><strong>operari</strong></span> 
     </span>
    </p>
   </div>
   <div class='ocr_carea' id='block_1_40' title="bbox 307 3647 1884 3715">
    <p class='ocr_par' dir='ltr' id='par_1_40' title="bbox 307 3647 1884 3715">
     <span class='ocr_line' id='line_1_40' title="bbox 307 3647 1884 3715; baseline 0.004 -15"><span class='ocrx_word' id='word_1_289' title='bbox 307 3647 600 3715; x_wconf 84' lang='lat' dir='ltr'><strong>justitiam,</strong></span> <span class='ocrx_word' id='word_1_290' title='bbox 618 3655 712 3701; x_wconf 91' lang='lat' dir='ltr'><strong>aut</strong></span> <span class='ocrx_word' id='word_1_291' title='bbox 749 3664 780 3702; x_wconf 92' lang='lat' dir='ltr'><strong>a</strong></span> <span class='ocrx_word' id='word_1_292' title='bbox 811 3649 968 3702; x_wconf 90' lang='lat' dir='ltr'><strong>malis</strong></span> <span class='ocrx_word' id='word_1_293' title='bbox 995 3649 1290 3703; x_wconf 88' lang='lat' dir='ltr'><strong>abstinere.</strong></span> <span class='ocrx_word' id='word_1_294' title='bbox 1313 3649 1459 3704; x_wconf 80' lang='lat' dir='ltr'><strong>Dixit</strong></span> <span class='ocrx_word' id='word_1_295' title='bbox 1484 3651 1629 3705; x_wconf 89' lang='lat' dir='ltr'><strong>enim</strong></span> <span class='ocrx_word' id='word_1_296' title='bbox 1655 3651 1709 3704; x_wconf 92' lang='lat' dir='ltr'><strong>in</strong></span> <span class='ocrx_word' id='word_1_297' title='bbox 1727 3650 1884 3706; x_wconf 89' lang='lat' dir='ltr'><strong>initio</strong></span> 
     </span>
    </p>
   </div>
   <div class='ocr_carea' id='block_1_41' title="bbox 311 3736 1880 3809">
    <p class='ocr_par' dir='ltr' id='par_1_41' title="bbox 311 3736 1880 3809">
     <span class='ocr_line' id='line_1_41' title="bbox 311 3736 1880 3809; baseline 0.004 -19"><span class='ocrx_word' id='word_1_298' title='bbox 311 3736 437 3792; x_wconf 88' lang='lat' dir='ltr'><strong>libri</strong></span> <span class='ocrx_word' id='word_1_299' title='bbox 461 3753 474 3790; x_wconf 91' lang='lat'><strong>:</strong></span> <span class='ocrx_word' id='word_1_300' title='bbox 509 3737 693 3794; x_wconf 71' lang='lat' dir='ltr'><strong>.Homo</strong></span> <span class='ocrx_word' id='word_1_301' title='bbox 725 3739 815 3809; x_wconf 89' lang='lat' dir='ltr'><strong>qui</strong></span> <span class='ocrx_word' id='word_1_302' title='bbox 843 3739 1088 3793; x_wconf 80' lang='lat' dir='ltr'><strong>obtulerit</strong></span> <span class='ocrx_word' id='word_1_303' title='bbox 1117 3755 1182 3793; x_wconf 79' lang='lat' dir='ltr'><strong>ex</strong></span> <span class='ocrx_word' id='word_1_304' title='bbox 1207 3739 1346 3793; x_wconf 82' lang='lat' dir='ltr'><strong>vobis</strong></span> <span class='ocrx_word' id='word_1_305' title='bbox 1368 3739 1596 3794; x_wconf 80' lang='lat' dir='ltr'><strong>hostium</strong></span> <span class='ocrx_word' id='word_1_306' title='bbox 1635 3741 1880 3807; x_wconf 87' lang='lat' dir='ltr'><strong>Domino,</strong></span> 
     </span>
    </p>
   </div>
   <div class='ocr_carea' id='block_1_42' title="bbox 309 3829 1878 3900">
    <p class='ocr_par' dir='ltr' id='par_1_42' title="bbox 309 3829 1878 3900">
     <span class='ocr_line' id='line_1_42' title="bbox 309 3829 1878 3900; baseline 0.005 -19"><span class='ocrx_word' id='word_1_307' title='bbox 309 3829 377 3882; x_wconf 88' lang='lat' dir='ltr'><strong>de</strong></span> <span class='ocrx_word' id='word_1_308' title='bbox 400 3829 689 3895; x_wconf 79' lang='lat' dir='ltr'><strong>pecoribus,</strong></span> <span class='ocrx_word' id='word_1_309' title='bbox 723 3829 776 3882; x_wconf 79' lang='lat' dir='ltr'><strong>id</strong></span> <span class='ocrx_word' id='word_1_310' title='bbox 801 3838 876 3882; x_wconf 90' lang='lat' dir='ltr'><strong>est</strong></span> <span class='ocrx_word' id='word_1_311' title='bbox 906 3829 970 3882; x_wconf 88' lang='lat' dir='ltr'><strong>de</strong></span> <span class='ocrx_word' id='word_1_312' title='bbox 985 3829 1140 3883; x_wconf 90' lang='lat' dir='ltr'><strong>bobus</strong></span> <span class='ocrx_word' id='word_1_313' title='bbox 1162 3837 1212 3882; x_wconf 87' lang='lat' dir='ltr'><strong>et</strong></span> <span class='ocrx_word' id='word_1_314' title='bbox 1233 3830 1410 3884; x_wconf 83' lang='lat' dir='ltr'><strong>ovibus</strong></span> <span class='ocrx_word' id='word_1_315' title='bbox 1434 3831 1878 3900; x_wconf 74' lang='lat' dir='ltr'><strong>oﬂ&#39;eretviclimas.</strong></span> 
     </span>
    </p>
   </div>
   <div class='ocr_carea' id='block_1_43' title="bbox 309 3917 1880 3992">
    <p class='ocr_par' dir='ltr' id='par_1_43' title="bbox 309 3917 1880 3992">
     <span class='ocr_line' id='line_1_43' title="bbox 309 3917 1880 3992; baseline 0.004 -20"><span class='ocrx_word' id='word_1_316' title='bbox 309 3917 370 3972; x_wconf 86' lang='lat' dir='ltr'><strong>In</strong></span> <span class='ocrx_word' id='word_1_317' title='bbox 396 3918 499 3971; x_wconf 89' lang='lat' dir='ltr'><strong>hac</strong></span> <span class='ocrx_word' id='word_1_318' title='bbox 527 3926 709 3972; x_wconf 89' lang='lat' dir='ltr'><strong>autem</strong></span> <span class='ocrx_word' id='word_1_319' title='bbox 728 3918 1004 3974; x_wconf 90' lang='lat' dir='ltr'><strong>oblatione</strong></span> <span class='ocrx_word' id='word_1_320' title='bbox 1037 3935 1147 3973; x_wconf 91' lang='lat' dir='ltr'><strong>non</strong></span> <span class='ocrx_word' id='word_1_321' title='bbox 1180 3919 1274 3985; x_wconf 92' lang='lat' dir='ltr'><strong>ita,</strong></span> <span class='ocrx_word' id='word_1_322' title='bbox 1310 3921 1582 3990; x_wconf 69' lang='lat' dir='ltr'><strong>praedicta:</strong></span> <span class='ocrx_word' id='word_1_323' title='bbox 1613 3922 1880 3992; x_wconf 90' lang='lat' dir='ltr'><strong>siquidem</strong></span> 
     </span>
    </p>
   </div>
   <div class='ocr_carea' id='block_1_44' title="bbox 307 4008 1882 4072">
    <p class='ocr_par' dir='ltr' id='par_1_44' title="bbox 307 4008 1882 4072">
     <span class='ocr_line' id='line_1_44' title="bbox 307 4008 1882 4072; baseline 0.005 -8"><span class='ocrx_word' id='word_1_324' title='bbox 307 4008 569 4064; x_wconf 89' lang='lat' dir='ltr'><strong>oblationi</strong></span> <span class='ocrx_word' id='word_1_325' title='bbox 597 4009 907 4065; x_wconf 73' lang='lat' dir='ltr'><strong>diﬁcrentia</strong></span> <span class='ocrx_word' id='word_1_326' title='bbox 928 4012 1230 4067; x_wconf 88' lang='lat' dir='ltr'><strong>volatilium</strong></span> <span class='ocrx_word' id='word_1_327' title='bbox 1263 4027 1373 4068; x_wconf 88' lang='lat' dir='ltr'><strong>non</strong></span> <span class='ocrx_word' id='word_1_328' title='bbox 1409 4023 1495 4069; x_wconf 92' lang='lat' dir='ltr'><strong>est</strong></span> <span class='ocrx_word' id='word_1_329' title='bbox 1518 4029 1882 4072; x_wconf 87' lang='lat' dir='ltr'><strong>connumera-</strong></span> 
     </span>
    </p>
   </div>
   <div class='ocr_carea' id='block_1_45' title="bbox 306 4101 1879 4181">
    <p class='ocr_par' dir='ltr' id='par_1_45' title="bbox 306 4101 1879 4181">
     <span class='ocr_line' id='line_1_45' title="bbox 306 4101 1879 4181; baseline 0.008 -25"><span class='ocrx_word' id='word_1_330' title='bbox 306 4109 384 4166; x_wconf 88' lang='lat' dir='ltr'><strong>ta,</strong></span> <span class='ocrx_word' id='word_1_331' title='bbox 421 4109 480 4156; x_wconf 91' lang='lat' dir='ltr'><strong>ut</strong></span> <span class='ocrx_word' id='word_1_332' title='bbox 502 4101 757 4157; x_wconf 78' lang='lat' dir='ltr'><strong>videlicet</strong></span> <span class='ocrx_word' id='word_1_333' title='bbox 782 4102 1074 4172; x_wconf 81' lang='lat' dir='ltr'><strong>perfectior</strong></span> <span class='ocrx_word' id='word_1_334' title='bbox 1138 4114 1195 4162; x_wconf 91' lang='lat' dir='ltr'><strong>et</strong></span> <span class='ocrx_word' id='word_1_335' title='bbox 1244 4107 1440 4176; x_wconf 83' lang='lat' dir='ltr'><strong>major,</strong></span> <span class='ocrx_word' id='word_1_336' title='bbox 1472 4110 1879 4181; x_wconf 88' lang='lat' dir='ltr'><strong>multorumque</strong></span> 
     </span>
    </p>
   </div>
   <div class='ocr_carea' id='block_1_46' title="bbox 311 4191 1880 4266">
    <p class='ocr_par' dir='ltr' id='par_1_46' title="bbox 311 4191 1880 4266">
     <span class='ocr_line' id='line_1_46' title="bbox 311 4191 1880 4266; baseline 0.01 -24"><span class='ocrx_word' id='word_1_337' title='bbox 311 4191 720 4260; x_wconf 82' lang='lat' dir='ltr'><strong>transgrediens</strong></span> <span class='ocrx_word' id='word_1_338' title='bbox 738 4193 1178 4261; x_wconf 83' lang='lat' dir='ltr'><strong>possibilitatem.</strong></span> <span class='ocrx_word' id='word_1_339' title='bbox 1234 4195 1483 4253; x_wconf 78' lang='lat' dir='ltr'><strong>Volatilia</strong></span> <span class='ocrx_word' id='word_1_340' title='bbox 1504 4201 1674 4266; x_wconf 91' lang='lat' dir='ltr'><strong>enim,</strong></span> <span class='ocrx_word' id='word_1_341' title='bbox 1697 4202 1880 4258; x_wconf 91' lang='lat' dir='ltr'><strong>homi-</strong></span> 
     </span>
    </p>
   </div>
   <div class='ocr_carea' id='block_1_47' title="bbox 306 4284 1878 4353">
    <p class='ocr_par' dir='ltr' id='par_1_47' title="bbox 306 4284 1878 4353">
     <span class='ocr_line' id='line_1_47' title="bbox 306 4284 1878 4353; baseline 0.011 -18"><span class='ocrx_word' id='word_1_342' title='bbox 306 4297 404 4336; x_wconf 91' lang='lat' dir='ltr'><strong>nes</strong></span> <span class='ocrx_word' id='word_1_343' title='bbox 424 4291 551 4337; x_wconf 88' lang='lat' dir='ltr'><strong>sunt</strong></span> <span class='ocrx_word' id='word_1_344' title='bbox 584 4284 1033 4353; x_wconf 85' lang='lat' dir='ltr'><strong>contemplationi</strong></span> <span class='ocrx_word' id='word_1_345' title='bbox 1091 4299 1366 4353; x_wconf 87' lang='lat' dir='ltr'><strong>vacantes,</strong></span> <span class='ocrx_word' id='word_1_346' title='bbox 1398 4294 1630 4349; x_wconf 87' lang='lat' dir='ltr'><strong>terrenis</strong></span> <span class='ocrx_word' id='word_1_347' title='bbox 1653 4297 1878 4352; x_wconf 91' lang='lat' dir='ltr'><strong>omnino</strong></span> 
     </span>
    </p>
   </div>
   <div class='ocr_carea' id='block_1_48' title="bbox 1987 460 3565 538">
    <p class='ocr_par' dir='ltr' id='par_1_48' title="bbox 1987 460 3565 538">
     <span class='ocr_line' id='line_1_48' title="bbox 1987 460 3565 538; baseline 0.006 -24"><span class='ocrx_word' id='word_1_348' title='bbox 1987 460 2217 514; x_wconf 90' lang='lat' dir='ltr'><strong>scicntia</strong></span> <span class='ocrx_word' id='word_1_349' title='bbox 2248 464 2739 517; x_wconf 89' lang='lat' dir='ltr'><strong>etmansuetudine</strong></span> <span class='ocrx_word' id='word_1_350' title='bbox 2786 463 3037 533; x_wconf 85' lang='lat' dir='ltr'><strong>spiritali,</strong></span> <span class='ocrx_word' id='word_1_351' title='bbox 3079 466 3179 520; x_wconf 88' lang='lat' dir='ltr'><strong>hac</strong></span> <span class='ocrx_word' id='word_1_352' title='bbox 3226 465 3372 520; x_wconf 88' lang='lat' dir='ltr'><strong>enim</strong></span> <span class='ocrx_word' id='word_1_353' title='bbox 3423 483 3565 538; x_wconf 84' lang='lat' dir='ltr'><strong>opus</strong></span> 
     </span>
    </p>
   </div>
   <div class='ocr_carea' id='block_1_49' title="bbox 1988 551 3566 627">
    <p class='ocr_par' dir='ltr' id='par_1_49' title="bbox 1988 551 3566 627">
     <span class='ocr_line' id='line_1_49' title="bbox 1988 551 3566 627; baseline 0.005 -24"><span class='ocrx_word' id='word_1_354' title='bbox 1988 551 2177 616; x_wconf 87' lang='lat' dir='ltr'><strong>habet,</strong></span> <span class='ocrx_word' id='word_1_355' title='bbox 2210 561 2398 607; x_wconf 89' lang='lat' dir='ltr'><strong>utnon</strong></span> <span class='ocrx_word' id='word_1_356' title='bbox 2427 554 2653 608; x_wconf 79' lang='lat' dir='ltr'><strong>excedat</strong></span> <span class='ocrx_word' id='word_1_357' title='bbox 2706 554 2840 624; x_wconf 84' lang='lat' dir='ltr'><strong>legis</strong></span> <span class='ocrx_word' id='word_1_358' title='bbox 2897 555 3258 627; x_wconf 71' lang='lat' dir='ltr'><strong>consideratio</strong></span> <span class='ocrx_word' id='word_1_359' title='bbox 3311 557 3362 609; x_wconf 92' lang='lat' dir='ltr'><strong>in</strong></span> <span class='ocrx_word' id='word_1_360' title='bbox 3411 558 3566 611; x_wconf 85' lang='lat' dir='ltr'><strong>vanis</strong></span> 
     </span>
    </p>
   </div>
   <div class='ocr_carea' id='block_1_50' title="bbox 1987 645 3557 712">
    <p class='ocr_par' dir='ltr' id='par_1_50' title="bbox 1987 645 3557 712">
     <span class='ocr_line' id='line_1_50' title="bbox 1987 645 3557 712; baseline 0.004 -15"><span class='ocrx_word' id='word_1_361' title='bbox 1987 654 2274 712; x_wconf 88' lang='lat' dir='ltr'><strong>occupata.</strong></span> <span class='ocrx_word' id='word_1_362' title='bbox 2303 645 2420 700; x_wconf 87' lang='lat' dir='ltr'><strong>Non</strong></span> <span class='ocrx_word' id='word_1_363' title='bbox 2447 646 2644 701; x_wconf 89' lang='lat' dir='ltr'><strong>frustra</strong></span> <span class='ocrx_word' id='word_1_364' title='bbox 2701 656 2880 700; x_wconf 85' lang='lat' dir='ltr'><strong>autem</strong></span> <span class='ocrx_word' id='word_1_365' title='bbox 2937 657 3202 702; x_wconf 89' lang='lat' dir='ltr'><strong>turturem</strong></span> <span class='ocrx_word' id='word_1_366' title='bbox 3259 658 3314 703; x_wconf 89' lang='lat' dir='ltr'><strong>et</strong></span> <span class='ocrx_word' id='word_1_367' title='bbox 3354 651 3557 704; x_wconf 76' lang='lat' dir='ltr'><strong>colum.</strong></span> 
     </span>
    </p>
   </div>
   <div class='ocr_carea' id='block_1_51' title="bbox 1989 735 3564 808">
    <p class='ocr_par' dir='ltr' id='par_1_51' title="bbox 1989 735 3564 808">
     <span class='ocr_line' id='line_1_51' title="bbox 1989 735 3564 808; baseline 0.004 -20"><span class='ocrx_word' id='word_1_368' title='bbox 1989 735 2137 799; x_wconf 78' lang='lat' dir='ltr'><strong>bant,</strong></span> <span class='ocrx_word' id='word_1_369' title='bbox 2163 736 2256 790; x_wconf 91' lang='lat' dir='ltr'><strong>sed</strong></span> <span class='ocrx_word' id='word_1_370' title='bbox 2283 737 2350 791; x_wconf 91' lang='lat' dir='ltr'><strong>ad</strong></span> <span class='ocrx_word' id='word_1_371' title='bbox 2374 737 2826 807; x_wconf 87' lang='lat' dir='ltr'><strong>significationem</strong></span> <span class='ocrx_word' id='word_1_372' title='bbox 2876 737 3254 808; x_wconf 72' lang='lat' dir='ltr'><strong>praedictorum</strong></span> <span class='ocrx_word' id='word_1_373' title='bbox 3289 739 3564 808; x_wconf 83' lang='lat' dir='ltr'><strong>legislator</strong></span> 
     </span>
    </p>
   </div>
   <div class='ocr_carea' id='block_1_52' title="bbox 1988 827 3564 899">
    <p class='ocr_par' dir='ltr' id='par_1_52' title="bbox 1988 827 3564 899">
     <span class='ocr_line' id='line_1_52' title="bbox 1988 827 3564 899; baseline 0.001 -19"><span class='ocrx_word' id='word_1_374' title='bbox 1988 828 2326 896; x_wconf 86' lang='lat' dir='ltr'><strong>assumpsit;</strong></span> <span class='ocrx_word' id='word_1_375' title='bbox 2362 838 2540 883; x_wconf 91' lang='lat' dir='ltr'><strong>turtur</strong></span> <span class='ocrx_word' id='word_1_376' title='bbox 2577 830 2844 898; x_wconf 86' lang='lat' dir='ltr'><strong>siquidem</strong></span> <span class='ocrx_word' id='word_1_377' title='bbox 2865 871 2878 889; x_wconf 90' lang='lat'><strong>.</strong></span> <span class='ocrx_word' id='word_1_378' title='bbox 2915 829 3040 899; x_wconf 90' lang='lat' dir='ltr'><strong>quia</strong></span> <span class='ocrx_word' id='word_1_379' title='bbox 3069 827 3432 898; x_wconf 82' lang='lat' dir='ltr'><strong>cognitionem</strong></span> <span class='ocrx_word' id='word_1_380' title='bbox 3461 830 3564 882; x_wconf 90' lang='lat' dir='ltr'><strong>ha-</strong></span> 
     </span>
    </p>
   </div>
   <div class='ocr_carea' id='block_1_53' title="bbox 1987 918 3566 989">
    <p class='ocr_par' dir='ltr' id='par_1_53' title="bbox 1987 918 3566 989">
     <span class='ocr_line' id='line_1_53' title="bbox 1987 918 3566 989; baseline -0.002 -16"><span class='ocrx_word' id='word_1_381' title='bbox 1987 918 2102 984; x_wconf 88' lang='lat' dir='ltr'><strong>bet,</strong></span> <span class='ocrx_word' id='word_1_382' title='bbox 2135 919 2208 972; x_wconf 90' lang='lat' dir='ltr'><strong>ita</strong></span> <span class='ocrx_word' id='word_1_383' title='bbox 2243 927 2299 972; x_wconf 88' lang='lat' dir='ltr'><strong>ut</strong></span> <span class='ocrx_word' id='word_1_384' title='bbox 2329 919 2448 987; x_wconf 82' lang='lat' dir='ltr'><strong>ejus</strong></span> <span class='ocrx_word' id='word_1_385' title='bbox 2481 919 2750 988; x_wconf 86' lang='lat' dir='ltr'><strong>exemplo,</strong></span> <span class='ocrx_word' id='word_1_386' title='bbox 2783 920 3094 974; x_wconf 75' lang='lat' dir='ltr'><strong>Judaeorum</strong></span> <span class='ocrx_word' id='word_1_387' title='bbox 3143 919 3566 989; x_wconf 81' lang='lat' dir='ltr'><strong>exprobraretur</strong></span> 
     </span>
    </p>
   </div>
   <div class='ocr_carea' id='block_1_54' title="bbox 1988 1013 3565 1084">
    <p class='ocr_par' dir='ltr' id='par_1_54' title="bbox 1988 1013 3565 1084">
     <span class='ocr_line' id='line_1_54' title="bbox 1988 1013 3565 1084; baseline 0 -18"><span class='ocrx_word' id='word_1_388' title='bbox 1988 1015 2242 1082; x_wconf 77' lang='lat' dir='ltr'><strong>pupulas,</strong></span> <span class='ocrx_word' id='word_1_389' title='bbox 2297 1013 2564 1068; x_wconf 83' lang='lat' dir='ltr'><strong>Jeremias</strong></span> <span class='ocrx_word' id='word_1_390' title='bbox 2634 1015 2871 1084; x_wconf 90' lang='lat' dir='ltr'><strong>prohat;</strong></span> <span class='ocrx_word' id='word_1_391' title='bbox 2922 1015 2997 1068; x_wconf 85' lang='lat' dir='ltr'><strong>ait</strong></span> <span class='ocrx_word' id='word_1_392' title='bbox 3046 1030 3191 1069; x_wconf 87' lang='lat' dir='ltr'><strong>entm</strong></span> <span class='ocrx_word' id='word_1_393' title='bbox 3227 1032 3240 1068; x_wconf 91' lang='lat'><strong>:</strong></span> <span class='ocrx_word' id='word_1_394' title='bbox 3281 1013 3473 1066; x_wconf 86' lang='lat' dir='ltr'><strong>Turtur</strong></span> <span class='ocrx_word' id='word_1_395' title='bbox 3517 1022 3565 1066; x_wconf 85' lang='lat' dir='ltr'><strong>et</strong></span> 
     </span>
    </p>
   </div>
   <div class='ocr_carea' id='block_1_55' title="bbox 1989 1101 3567 1175">
    <p class='ocr_par' dir='ltr' id='par_1_55' title="bbox 1989 1101 3567 1175">
     <span class='ocr_line' id='line_1_55' title="bbox 1989 1101 3567 1175; baseline 0.001 -21"><span class='ocrx_word' id='word_1_396' title='bbox 1989 1101 2217 1155; x_wconf 81' lang='lat' dir='ltr'><strong>hirundo</strong></span> <span class='ocrx_word' id='word_1_397' title='bbox 2241 1113 2288 1156; x_wconf 90' lang='lat' dir='ltr'><strong>et</strong></span> <span class='ocrx_word' id='word_1_398' title='bbox 2317 1104 2517 1156; x_wconf 80' lang='lat' dir='ltr'><strong>ciconia</strong></span> <span class='ocrx_word' id='word_1_399' title='bbox 2551 1107 2906 1158; x_wconf 77' lang='lat' dir='ltr'><strong>custodierunt</strong></span> <span class='ocrx_word' id='word_1_400' title='bbox 2939 1117 3140 1175; x_wconf 79' lang='lat' dir='ltr'><strong>tempus</strong></span> <span class='ocrx_word' id='word_1_401' title='bbox 3174 1105 3424 1156; x_wconf 85' lang='lat' dir='ltr'><strong>adveutus</strong></span> <span class='ocrx_word' id='word_1_402' title='bbox 3451 1104 3567 1163; x_wconf 88' lang='lat' dir='ltr'><strong>sui;</strong></span> 
     </span>
    </p>
   </div>
   <div class='ocr_carea' id='block_1_56' title="bbox 1990 1196 3564 1269">
    <p class='ocr_par' dir='ltr' id='par_1_56' title="bbox 1990 1196 3564 1269">
     <span class='ocr_line' id='line_1_56' title="bbox 1990 1196 3564 1269; baseline -0.004 -17"><span class='ocrx_word' id='word_1_403' title='bbox 1990 1199 2213 1269; x_wconf 82' lang='lat' dir='ltr'><strong>populus</strong></span> <span class='ocrx_word' id='word_1_404' title='bbox 2242 1208 2418 1252; x_wconf 83' lang='lat' dir='ltr'><strong>autem</strong></span> <span class='ocrx_word' id='word_1_405' title='bbox 2440 1215 2582 1254; x_wconf 86' lang='lat' dir='ltr'><strong>meus</strong></span> <span class='ocrx_word' id='word_1_406' title='bbox 2607 1213 2707 1250; x_wconf 88' lang='lat' dir='ltr'><strong>non</strong></span> <span class='ocrx_word' id='word_1_407' title='bbox 2738 1197 2970 1267; x_wconf 85' lang='lat' dir='ltr'><strong>cognovit</strong></span> <span class='ocrx_word' id='word_1_408' title='bbox 2989 1197 3254 1265; x_wconf 80' lang='lat' dir='ltr'><strong>judicium</strong></span> <span class='ocrx_word' id='word_1_409' title='bbox 3276 1196 3485 1248; x_wconf 84' lang='lat' dir='ltr'><strong>Domini</strong></span> <span class='ocrx_word' id='word_1_410' title='bbox 3499 1196 3564 1246; x_wconf 78' lang='grc'><strong>⁵⁵.</strong></span> 
     </span>
    </p>
   </div>
   <div class='ocr_carea' id='block_1_57' title="bbox 1991 1287 3567 1361">
    <p class='ocr_par' dir='ltr' id='par_1_57' title="bbox 1991 1287 3567 1361">
     <span class='ocr_line' id='line_1_57' title="bbox 1991 1287 3567 1361; baseline -0.003 -19"><span class='ocrx_word' id='word_1_411' title='bbox 1991 1289 2254 1344; x_wconf 84' lang='lat' dir='ltr'><strong>Columba</strong></span> <span class='ocrx_word' id='word_1_412' title='bbox 2286 1298 2468 1343; x_wconf 86' lang='lat' dir='ltr'><strong>autem</strong></span> <span class='ocrx_word' id='word_1_413' title='bbox 2500 1291 2700 1344; x_wconf 88' lang='lat' dir='ltr'><strong>munda</strong></span> <span class='ocrx_word' id='word_1_414' title='bbox 2721 1297 2775 1342; x_wconf 89' lang='lat' dir='ltr'><strong>et</strong></span> <span class='ocrx_word' id='word_1_415' title='bbox 2807 1289 3057 1361; x_wconf 73' lang='lat' dir='ltr'><strong>simplex,</strong></span> <span class='ocrx_word' id='word_1_416' title='bbox 3088 1287 3567 1353; x_wconf 79' lang='lat' dir='ltr'><strong>annuntiatrixque</strong></span> 
     </span>
    </p>
   </div>
   <div class='ocr_carea' id='block_1_58' title="bbox 1991 1379 3568 1450">
    <p class='ocr_par' dir='ltr' id='par_1_58' title="bbox 1991 1379 3568 1450">
     <span class='ocr_line' id='line_1_58' title="bbox 1991 1379 3568 1450; baseline -0.001 -18"><span class='ocrx_word' id='word_1_417' title='bbox 1991 1380 2297 1450; x_wconf 66' lang='lat' dir='ltr'><strong>praesentia:</strong></span> <span class='ocrx_word' id='word_1_418' title='bbox 2326 1381 2498 1435; x_wconf 86' lang='lat' dir='ltr'><strong>sancti</strong></span> <span class='ocrx_word' id='word_1_419' title='bbox 2527 1381 2763 1450; x_wconf 83' lang='lat' dir='ltr'><strong>Spiritus</strong></span> <span class='ocrx_word' id='word_1_420' title='bbox 2779 1387 2883 1444; x_wconf 89' lang='lat' dir='ltr'><strong>est,</strong></span> <span class='ocrx_word' id='word_1_421' title='bbox 2940 1379 3128 1448; x_wconf 89' lang='lat' dir='ltr'><strong>quales</strong></span> <span class='ocrx_word' id='word_1_422' title='bbox 3184 1386 3402 1447; x_wconf 87' lang='lat' dir='ltr'><strong>oportet</strong></span> <span class='ocrx_word' id='word_1_423' title='bbox 3439 1390 3568 1430; x_wconf 90' lang='lat' dir='ltr'><strong>esse</strong></span> 
     </span>
    </p>
   </div>
   <div class='ocr_carea' id='block_1_59' title="bbox 1992 1469 3569 1540">
    <p class='ocr_par' dir='ltr' id='par_1_59' title="bbox 1992 1469 3569 1540">
     <span class='ocr_line' id='line_1_59' title="bbox 1992 1469 3569 1540; baseline -0.003 -16"><span class='ocrx_word' id='word_1_424' title='bbox 1992 1474 2193 1540; x_wconf 88' lang='lat' dir='ltr'><strong>eosqui</strong></span> <span class='ocrx_word' id='word_1_425' title='bbox 2230 1472 2369 1526; x_wconf 89' lang='lat' dir='ltr'><strong>circa</strong></span> <span class='ocrx_word' id='word_1_426' title='bbox 2406 1472 2854 1540; x_wconf 87' lang='lat' dir='ltr'><strong>contemplandas</strong></span> <span class='ocrx_word' id='word_1_427' title='bbox 2877 1469 3187 1540; x_wconf 87' lang='lat' dir='ltr'><strong>Scripturas</strong></span> <span class='ocrx_word' id='word_1_428' title='bbox 3221 1470 3423 1523; x_wconf 86' lang='lat' dir='ltr'><strong>habent</strong></span> <span class='ocrx_word' id='word_1_429' title='bbox 3451 1479 3569 1522; x_wconf 88' lang='lat' dir='ltr'><strong>stu-</strong></span> 
     </span>
    </p>
   </div>
   <div class='ocr_carea' id='block_1_60' title="bbox 1992 1559 3567 1630">
    <p class='ocr_par' dir='ltr' id='par_1_60' title="bbox 1992 1559 3567 1630">
     <span class='ocr_line' id='line_1_60' title="bbox 1992 1559 3567 1630; baseline 0.001 -18"><span class='ocrx_word' id='word_1_430' title='bbox 1992 1560 2163 1613; x_wconf 90' lang='lat' dir='ltr'><strong>dium.</strong></span> <span class='ocrx_word' id='word_1_431' title='bbox 2200 1561 2428 1630; x_wconf 83' lang='lat' dir='ltr'><strong>Propter</strong></span> <span class='ocrx_word' id='word_1_432' title='bbox 2461 1561 2603 1630; x_wconf 88' lang='lat' dir='ltr'><strong>quod</strong></span> <span class='ocrx_word' id='word_1_433' title='bbox 2626 1569 2680 1614; x_wconf 85' lang='lat' dir='ltr'><strong>et</strong></span> <span class='ocrx_word' id='word_1_434' title='bbox 2708 1561 2981 1630; x_wconf 85' lang='lat' dir='ltr'><strong>apostolos</strong></span> <span class='ocrx_word' id='word_1_435' title='bbox 3017 1560 3290 1629; x_wconf 86' lang='lat' dir='ltr'><strong>simplices</strong></span> <span class='ocrx_word' id='word_1_436' title='bbox 3322 1559 3567 1613; x_wconf 83' lang='lat' dir='ltr'><strong>vultcsse</strong></span> 
     </span>
    </p>
   </div>
   <div class='ocr_carea' id='block_1_61' title="bbox 1994 1649 3568 1718">
    <p class='ocr_par' dir='ltr' id='par_1_61' title="bbox 1994 1649 3568 1718">
     <span class='ocr_line' id='line_1_61' title="bbox 1994 1649 3568 1718; baseline -0.001 -14"><span class='ocrx_word' id='word_1_437' title='bbox 1994 1651 2277 1715; x_wconf 89' lang='lat' dir='ltr'><strong>Dominus,</strong></span> <span class='ocrx_word' id='word_1_438' title='bbox 2307 1661 2366 1706; x_wconf 91' lang='lat' dir='ltr'><strong>ut</strong></span> <span class='ocrx_word' id='word_1_439' title='bbox 2407 1652 2750 1718; x_wconf 87' lang='lat' dir='ltr'><strong>columbam;</strong></span> <span class='ocrx_word' id='word_1_440' title='bbox 2791 1650 2866 1704; x_wconf 91' lang='lat' dir='ltr'><strong>ait</strong></span> <span class='ocrx_word' id='word_1_441' title='bbox 2917 1651 3060 1705; x_wconf 92' lang='lat' dir='ltr'><strong>enim</strong></span> <span class='ocrx_word' id='word_1_442' title='bbox 3101 1668 3113 1703; x_wconf 93' lang='lat'><strong>:</strong></span> <span class='ocrx_word' id='word_1_443' title='bbox 3157 1649 3308 1703; x_wconf 85' lang='lat' dir='ltr'><strong>Beati</strong></span> <span class='ocrx_word' id='word_1_444' title='bbox 3371 1651 3568 1704; x_wconf 77' lang='lat' dir='ltr'><strong>mundo</strong></span> 
     </span>
    </p>
   </div>
   <div class='ocr_carea' id='block_1_62' title="bbox 1994 1739 3567 1811">
    <p class='ocr_par' dir='ltr' id='par_1_62' title="bbox 1994 1739 3567 1811">
     <span class='ocr_line' id='line_1_62' title="bbox 1994 1739 3567 1811; baseline 0.003 -19"><span class='ocrx_word' id='word_1_445' title='bbox 1994 1741 2169 1805; x_wconf 86' lang='lat' dir='ltr'><strong>corde,</strong></span> <span class='ocrx_word' id='word_1_446' title='bbox 2203 1742 2327 1810; x_wconf 86' lang='lat' dir='ltr'><strong>quia</strong></span> <span class='ocrx_word' id='word_1_447' title='bbox 2373 1741 2473 1811; x_wconf 86' lang='lat' dir='ltr'><strong>ipsi</strong></span> <span class='ocrx_word' id='word_1_448' title='bbox 2539 1741 2822 1795; x_wconf 84' lang='lat' dir='ltr'><strong>Dominum</strong></span> <span class='ocrx_word' id='word_1_449' title='bbox 2879 1741 3121 1794; x_wconf 81' lang='lat' dir='ltr'><strong>videbunt</strong></span> <span class='ocrx_word' id='word_1_450' title='bbox 3151 1742 3216 1794; x_wconf 80' lang='grc'><strong>⁵⁸.</strong></span> <span class='ocrx_word' id='word_1_451' title='bbox 3277 1739 3384 1794; x_wconf 77' lang='lat' dir='ltr'><strong>Sed</strong></span> <span class='ocrx_word' id='word_1_452' title='bbox 3413 1750 3468 1794; x_wconf 86' lang='lat' dir='ltr'><strong>et</strong></span> <span class='ocrx_word' id='word_1_453' title='bbox 3498 1741 3567 1796; x_wconf 79' lang='lat' dir='ltr'><strong>ad</strong></span> 
     </span>
    </p>
   </div>
   <div class='ocr_carea' id='block_1_63' title="bbox 1994 1828 3566 1896">
    <p class='ocr_par' dir='ltr' id='par_1_63' title="bbox 1994 1828 3566 1896">
     <span class='ocr_line' id='line_1_63' title="bbox 1994 1828 3566 1896; baseline -0.001 -13"><span class='ocrx_word' id='word_1_454' title='bbox 1994 1831 2362 1886; x_wconf 88' lang='lat' dir='ltr'><strong>meditandum</strong></span> <span class='ocrx_word' id='word_1_455' title='bbox 2390 1847 2581 1887; x_wconf 85' lang='lat' dir='ltr'><strong>vacare</strong></span> <span class='ocrx_word' id='word_1_456' title='bbox 2606 1832 2826 1896; x_wconf 87' lang='lat' dir='ltr'><strong>debent,</strong></span> <span class='ocrx_word' id='word_1_457' title='bbox 2851 1832 2992 1885; x_wconf 89' lang='lat' dir='ltr'><strong>unde</strong></span> <span class='ocrx_word' id='word_1_458' title='bbox 3017 1829 3276 1884; x_wconf 81' lang='lat' dir='ltr'><strong>Ezechias</strong></span> <span class='ocrx_word' id='word_1_459' title='bbox 3306 1828 3382 1884; x_wconf 89' lang='lat' dir='ltr'><strong>ait</strong></span> <span class='ocrx_word' id='word_1_460' title='bbox 3415 1828 3566 1882; x_wconf 81' lang='lat' dir='ltr'><strong>:Me-</strong></span> 
     </span>
    </p>
   </div>
   <div class='ocr_carea' id='block_1_64' title="bbox 1992 1921 3568 1978">
    <p class='ocr_par' dir='ltr' id='par_1_64' title="bbox 1992 1921 3568 1978">
     <span class='ocr_line' id='line_1_64' title="bbox 1992 1921 3568 1978; baseline 0.001 -5"><span class='ocrx_word' id='word_1_461' title='bbox 1992 1921 2202 1975; x_wconf 86' lang='lat' dir='ltr'><strong>ditabor</strong></span> <span class='ocrx_word' id='word_1_462' title='bbox 2230 1932 2284 1976; x_wconf 87' lang='lat' dir='ltr'><strong>ut</strong></span> <span class='ocrx_word' id='word_1_463' title='bbox 2318 1923 2554 1977; x_wconf 88' lang='lat' dir='ltr'><strong>columba</strong></span> <span class='ocrx_word' id='word_1_464' title='bbox 2581 1926 2646 1977; x_wconf 80' lang='grc'><strong>⁸⁷.</strong></span> <span class='ocrx_word' id='word_1_465' title='bbox 2688 1923 2835 1978; x_wconf 86' lang='lat' dir='ltr'><strong>Hanc</strong></span> <span class='ocrx_word' id='word_1_466' title='bbox 2856 1924 3186 1978; x_wconf 90' lang='lat' dir='ltr'><strong>oblationem</strong></span> <span class='ocrx_word' id='word_1_467' title='bbox 3221 1937 3362 1976; x_wconf 91' lang='lat' dir='ltr'><strong>unus</strong></span> <span class='ocrx_word' id='word_1_468' title='bbox 3387 1936 3568 1976; x_wconf 85' lang='lat' dir='ltr'><strong>sacer-</strong></span> 
     </span>
    </p>
   </div>
   <div class='ocr_carea' id='block_1_65' title="bbox 1993 2011 3566 2083">
    <p class='ocr_par' dir='ltr' id='par_1_65' title="bbox 1993 2011 3566 2083">
     <span class='ocr_line' id='line_1_65' title="bbox 1993 2011 3566 2083; baseline 0.002 -18"><span class='ocrx_word' id='word_1_469' title='bbox 1993 2011 2092 2066; x_wconf 90' lang='lat' dir='ltr'><strong>dos</strong></span> <span class='ocrx_word' id='word_1_470' title='bbox 2120 2013 2334 2076; x_wconf 82' lang='lat' dir='ltr'><strong>oll‘eret,</strong></span> <span class='ocrx_word' id='word_1_471' title='bbox 2361 2030 2470 2068; x_wconf 92' lang='lat' dir='ltr'><strong>non</strong></span> <span class='ocrx_word' id='word_1_472' title='bbox 2501 2015 2655 2068; x_wconf 90' lang='lat' dir='ltr'><strong>multi</strong></span> <span class='ocrx_word' id='word_1_473' title='bbox 2675 2032 2691 2081; x_wconf 90' lang='lat'><strong>;</strong></span> <span class='ocrx_word' id='word_1_474' title='bbox 2711 2030 2820 2068; x_wconf 89' lang='lat' dir='ltr'><strong>non</strong></span> <span class='ocrx_word' id='word_1_475' title='bbox 2836 2014 3132 2083; x_wconf 91' lang='lat' dir='ltr'><strong>estquippe</strong></span> <span class='ocrx_word' id='word_1_476' title='bbox 3149 2013 3566 2081; x_wconf 72' lang='lat' dir='ltr'><strong>contemplativa</strong></span> 
     </span>
    </p>
   </div>
   <div class='ocr_carea' id='block_1_66' title="bbox 1993 2103 3565 2172">
    <p class='ocr_par' dir='ltr' id='par_1_66' title="bbox 1993 2103 3565 2172">
     <span class='ocr_line' id='line_1_66' title="bbox 1993 2103 3565 2172; baseline -0.001 -14"><span class='ocrx_word' id='word_1_477' title='bbox 1993 2103 2105 2159; x_wconf 86' lang='lat' dir='ltr'><strong>vita</strong></span> <span class='ocrx_word' id='word_1_478' title='bbox 2145 2103 2525 2172; x_wconf 87' lang='lat' dir='ltr'><strong>plurimorum,</strong></span> <span class='ocrx_word' id='word_1_479' title='bbox 2561 2105 2612 2160; x_wconf 92' lang='lat' dir='ltr'><strong>id</strong></span> <span class='ocrx_word' id='word_1_480' title='bbox 2633 2115 2736 2171; x_wconf 92' lang='lat' dir='ltr'><strong>est,</strong></span> <span class='ocrx_word' id='word_1_481' title='bbox 2769 2114 2828 2159; x_wconf 89' lang='lat' dir='ltr'><strong>ut</strong></span> <span class='ocrx_word' id='word_1_482' title='bbox 2861 2121 2927 2159; x_wconf 82' lang='lat' dir='ltr'><strong>ex</strong></span> <span class='ocrx_word' id='word_1_483' title='bbox 2951 2114 3059 2159; x_wconf 90' lang='lat' dir='ltr'><strong>tota</strong></span> <span class='ocrx_word' id='word_1_484' title='bbox 3099 2119 3158 2158; x_wconf 91' lang='lat' dir='ltr'><strong>se</strong></span> <span class='ocrx_word' id='word_1_485' title='bbox 3214 2113 3398 2159; x_wconf 89' lang='lat' dir='ltr'><strong>mente</strong></span> <span class='ocrx_word' id='word_1_486' title='bbox 3427 2104 3565 2159; x_wconf 79' lang='lat' dir='ltr'><strong>olle-</strong></span> 
     </span>
    </p>
   </div>
   <div class='ocr_carea' id='block_1_67' title="bbox 1993 2192 3564 2265">
    <p class='ocr_par' dir='ltr' id='par_1_67' title="bbox 1993 2192 3564 2265">
     <span class='ocr_line' id='line_1_67' title="bbox 1993 2192 3564 2265; baseline 0.002 -19"><span class='ocrx_word' id='word_1_487' title='bbox 1993 2203 2120 2246; x_wconf 85' lang='lat' dir='ltr'><strong>rant</strong></span> <span class='ocrx_word' id='word_1_488' title='bbox 2144 2192 2278 2258; x_wconf 89' lang='lat' dir='ltr'><strong>Deo,</strong></span> <span class='ocrx_word' id='word_1_489' title='bbox 2313 2195 2561 2264; x_wconf 87' lang='lat' dir='ltr'><strong>nihilque</strong></span> <span class='ocrx_word' id='word_1_490' title='bbox 2593 2197 2890 2250; x_wconf 89' lang='lat' dir='ltr'><strong>humanum</strong></span> <span class='ocrx_word' id='word_1_491' title='bbox 2916 2195 3147 2249; x_wconf 89' lang='lat' dir='ltr'><strong>ulterius</strong></span> <span class='ocrx_word' id='word_1_492' title='bbox 3172 2195 3432 2265; x_wconf 90' lang='lat' dir='ltr'><strong>cogitent,</strong></span> <span class='ocrx_word' id='word_1_493' title='bbox 3467 2195 3564 2249; x_wconf 89' lang='lat' dir='ltr'><strong>sed</strong></span> 
     </span>
    </p>
   </div>
   <div class='ocr_carea' id='block_1_68' title="bbox 1994 2285 3564 2362">
    <p class='ocr_par' dir='ltr' id='par_1_68' title="bbox 1994 2285 3564 2362">
     <span class='ocr_line' id='line_1_68' title="bbox 1994 2285 3564 2362; baseline 0 -23"><span class='ocrx_word' id='word_1_494' title='bbox 1994 2285 2254 2341; x_wconf 90' lang='lat' dir='ltr'><strong>continue</strong></span> <span class='ocrx_word' id='word_1_495' title='bbox 2275 2288 2714 2357; x_wconf 89' lang='lat' dir='ltr'><strong>contemplentur</strong></span> <span class='ocrx_word' id='word_1_496' title='bbox 2741 2289 3002 2354; x_wconf 71' lang='lat' dir='ltr'><strong>cmlestia,</strong></span> <span class='ocrx_word' id='word_1_497' title='bbox 3034 2298 3089 2341; x_wconf 88' lang='lat' dir='ltr'><strong>et</strong></span> <span class='ocrx_word' id='word_1_498' title='bbox 3117 2301 3180 2341; x_wconf 88' lang='lat' dir='ltr'><strong>ea</strong></span> <span class='ocrx_word' id='word_1_499' title='bbox 3206 2302 3326 2355; x_wconf 69' lang='lat' dir='ltr'><strong>quae</strong></span> <span class='ocrx_word' id='word_1_500' title='bbox 3346 2301 3564 2362; x_wconf 81' lang='lat' dir='ltr'><strong>sursum</strong></span> 
     </span>
    </p>
   </div>
   <div class='ocr_carea' id='block_1_69' title="bbox 1993 2374 3562 2446">
    <p class='ocr_par' dir='ltr' id='par_1_69' title="bbox 1993 2374 3562 2446">
     <span class='ocr_line' id='line_1_69' title="bbox 1993 2374 3562 2446; baseline 0 -18"><span class='ocrx_word' id='word_1_501' title='bbox 1993 2383 2142 2440; x_wconf 91' lang='lat' dir='ltr'><strong>sunt,</strong></span> <span class='ocrx_word' id='word_1_502' title='bbox 2175 2376 2410 2446; x_wconf 90' lang='lat' dir='ltr'><strong>sapiant,</strong></span> <span class='ocrx_word' id='word_1_503' title='bbox 2445 2378 2531 2430; x_wconf 90' lang='lat' dir='ltr'><strong>ubi</strong></span> <span class='ocrx_word' id='word_1_504' title='bbox 2567 2376 2806 2431; x_wconf 84' lang='lat' dir='ltr'><strong>Christus</strong></span> <span class='ocrx_word' id='word_1_505' title='bbox 2854 2386 2952 2442; x_wconf 85' lang='lat' dir='ltr'><strong>est,</strong></span> <span class='ocrx_word' id='word_1_506' title='bbox 2989 2376 3220 2430; x_wconf 90' lang='lat' dir='ltr'><strong>sicutait</strong></span> <span class='ocrx_word' id='word_1_507' title='bbox 3248 2374 3562 2445; x_wconf 84' lang='lat' dir='ltr'><strong>Apostolus,</strong></span> 
     </span>
    </p>
   </div>
   <div class='ocr_carea' id='block_1_70' title="bbox 1991 2462 3563 2533">
    <p class='ocr_par' dir='ltr' id='par_1_70' title="bbox 1991 2462 3563 2533">
     <span class='ocr_line' id='line_1_70' title="bbox 1991 2462 3563 2533; baseline 0.001 -19"><span class='ocrx_word' id='word_1_508' title='bbox 1991 2462 2047 2514; x_wconf 87' lang='lat' dir='ltr'><strong>in</strong></span> <span class='ocrx_word' id='word_1_509' title='bbox 2066 2469 2279 2517; x_wconf 74' lang='lat' dir='ltr'><strong>dextera</strong></span> <span class='ocrx_word' id='word_1_510' title='bbox 2309 2463 2408 2518; x_wconf 88' lang='lat' dir='ltr'><strong>Dei</strong></span> <span class='ocrx_word' id='word_1_511' title='bbox 2437 2466 2616 2519; x_wconf 86' lang='lat' dir='ltr'><strong>sedens</strong></span> <span class='ocrx_word' id='word_1_512' title='bbox 2643 2465 2708 2531; x_wconf 78' lang='grc'><strong>⁵⁸,</strong></span> <span class='ocrx_word' id='word_1_513' title='bbox 2735 2465 2985 2519; x_wconf 76' lang='lat' dir='ltr'><strong>videlicet</strong></span> <span class='ocrx_word' id='word_1_514' title='bbox 3004 2465 3215 2530; x_wconf 87' lang='lat' dir='ltr'><strong>Patris;</strong></span> <span class='ocrx_word' id='word_1_515' title='bbox 3241 2464 3366 2533; x_wconf 91' lang='lat' dir='ltr'><strong>quia</strong></span> <span class='ocrx_word' id='word_1_516' title='bbox 3380 2473 3563 2518; x_wconf 87' lang='lat' dir='ltr'><strong>autem</strong></span> 
     </span>
    </p>
   </div>
   <div class='ocr_carea' id='block_1_71' title="bbox 1992 2554 3565 2626">
    <p class='ocr_par' dir='ltr' id='par_1_71' title="bbox 1992 2554 3565 2626">
     <span class='ocr_line' id='line_1_71' title="bbox 1992 2554 3565 2626; baseline 0 -18"><span class='ocrx_word' id='word_1_517' title='bbox 1992 2554 2096 2608; x_wconf 91' lang='lat' dir='ltr'><strong>hoc</strong></span> <span class='ocrx_word' id='word_1_518' title='bbox 2134 2555 2298 2610; x_wconf 89' lang='lat' dir='ltr'><strong>nimis</strong></span> <span class='ocrx_word' id='word_1_519' title='bbox 2322 2571 2506 2610; x_wconf 89' lang='lat' dir='ltr'><strong>rarum</strong></span> <span class='ocrx_word' id='word_1_520' title='bbox 2530 2565 2633 2620; x_wconf 90' lang='lat' dir='ltr'><strong>est,</strong></span> <span class='ocrx_word' id='word_1_521' title='bbox 2671 2556 2788 2626; x_wconf 90' lang='lat' dir='ltr'><strong>ipse</strong></span> <span class='ocrx_word' id='word_1_522' title='bbox 2819 2556 3082 2611; x_wconf 88' lang='lat' dir='ltr'><strong>Dominus</strong></span> <span class='ocrx_word' id='word_1_523' title='bbox 3116 2556 3184 2611; x_wconf 91' lang='lat' dir='ltr'><strong>de</strong></span> <span class='ocrx_word' id='word_1_524' title='bbox 3218 2556 3414 2610; x_wconf 87' lang='lat' dir='ltr'><strong>talibus</strong></span> <span class='ocrx_word' id='word_1_525' title='bbox 3434 2570 3565 2624; x_wconf 84' lang='lat' dir='ltr'><strong>pru-</strong></span> 
     </span>
    </p>
   </div>
   <div class='ocr_carea' id='block_1_72' title="bbox 1991 2645 3564 2717">
    <p class='ocr_par' dir='ltr' id='par_1_72' title="bbox 1991 2645 3564 2717">
     <span class='ocr_line' id='line_1_72' title="bbox 1991 2645 3564 2717; baseline 0 -18"><span class='ocrx_word' id='word_1_526' title='bbox 1991 2645 2170 2715; x_wconf 67' lang='lat' dir='ltr'><strong>phetae</strong></span> <span class='ocrx_word' id='word_1_527' title='bbox 2201 2647 2470 2702; x_wconf 85' lang='lat' dir='ltr'><strong>Ezechieli</strong></span> <span class='ocrx_word' id='word_1_528' title='bbox 2495 2647 2722 2717; x_wconf 90' lang='lat' dir='ltr'><strong>loquens</strong></span> <span class='ocrx_word' id='word_1_529' title='bbox 2760 2648 3011 2703; x_wconf 88' lang='lat' dir='ltr'><strong>edocuit:</strong></span> <span class='ocrx_word' id='word_1_530' title='bbox 3063 2647 3318 2702; x_wconf 81' lang='lat' dir='ltr'><strong>Scrutare</strong></span> <span class='ocrx_word' id='word_1_531' title='bbox 3340 2646 3564 2701; x_wconf 81' lang='lat' dir='ltr'><strong>Jerusa-</strong></span> 
     </span>
    </p>
   </div>
   <div class='ocr_carea' id='block_1_73' title="bbox 1991 2737 3567 2802">
    <p class='ocr_par' dir='ltr' id='par_1_73' title="bbox 1991 2737 3567 2802">
     <span class='ocr_line' id='line_1_73' title="bbox 1991 2737 3567 2802; baseline 0.001 -13"><span class='ocrx_word' id='word_1_532' title='bbox 1991 2737 2112 2802; x_wconf 86' lang='lat' dir='ltr'><strong>lem,</strong></span> <span class='ocrx_word' id='word_1_533' title='bbox 2143 2745 2191 2790; x_wconf 90' lang='lat' dir='ltr'><strong>et</strong></span> <span class='ocrx_word' id='word_1_534' title='bbox 2221 2738 2334 2791; x_wconf 82' lang='lat' dir='ltr'><strong>vide</strong></span> <span class='ocrx_word' id='word_1_535' title='bbox 2363 2753 2382 2791; x_wconf 90' lang='lat'><strong><em>:</em></strong></span> <span class='ocrx_word' id='word_1_536' title='bbox 2400 2739 2446 2790; x_wconf 89' lang='lat' dir='ltr'><strong>si</strong></span> <span class='ocrx_word' id='word_1_537' title='bbox 2474 2739 2729 2792; x_wconf 82' lang='lat' dir='ltr'><strong>inveneris</strong></span> <span class='ocrx_word' id='word_1_538' title='bbox 2756 2740 2924 2792; x_wconf 84' lang='lat' dir='ltr'><strong>virum</strong></span> <span class='ocrx_word' id='word_1_539' title='bbox 2943 2739 2997 2791; x_wconf 90' lang='lat' dir='ltr'><strong>in</strong></span> <span class='ocrx_word' id='word_1_540' title='bbox 3029 2754 3089 2790; x_wconf 90' lang='lat' dir='ltr'><strong>ea</strong></span> <span class='ocrx_word' id='word_1_541' title='bbox 3115 2737 3323 2790; x_wconf 88' lang='lat' dir='ltr'><strong>omnino</strong></span> <span class='ocrx_word' id='word_1_542' title='bbox 3338 2745 3567 2791; x_wconf 86' lang='lat' dir='ltr'><strong>stantem</strong></span> 
     </span>
    </p>
   </div>
   <div class='ocr_carea' id='block_1_74' title="bbox 1989 2826 3563 2900">
    <p class='ocr_par' dir='ltr' id='par_1_74' title="bbox 1989 2826 3563 2900">
     <span class='ocr_line' id='line_1_74' title="bbox 1989 2826 3563 2900; baseline -0.002 -16"><span class='ocrx_word' id='word_1_543' title='bbox 1989 2839 2112 2884; x_wconf 86' lang='lat' dir='ltr'><strong>ante</strong></span> <span class='ocrx_word' id='word_1_544' title='bbox 2141 2831 2327 2900; x_wconf 79' lang='lat' dir='ltr'><strong>faciem</strong></span> <span class='ocrx_word' id='word_1_545' title='bbox 2350 2846 2541 2896; x_wconf 87' lang='lat' dir='ltr'><strong>meam,</strong></span> <span class='ocrx_word' id='word_1_546' title='bbox 2564 2831 2858 2899; x_wconf 87' lang='lat' dir='ltr'><strong>propitians</strong></span> <span class='ocrx_word' id='word_1_547' title='bbox 2889 2829 3209 2898; x_wconf 83' lang='lat' dir='ltr'><strong>propitiabor</strong></span> <span class='ocrx_word' id='word_1_548' title='bbox 3231 2829 3279 2882; x_wconf 86' lang='lat' dir='ltr'><strong>ei</strong></span> <span class='ocrx_word' id='word_1_549' title='bbox 3302 2827 3368 2882; x_wconf 74' lang='grc' dir='ltr'><strong>δ’.</strong></span> <span class='ocrx_word' id='word_1_550' title='bbox 3399 2826 3563 2897; x_wconf 83' lang='lat' dir='ltr'><strong>Atqui</strong></span> 
     </span>
    </p>
   </div>
   <div class='ocr_carea' id='block_1_75' title="bbox 1989 2913 3564 2979">
    <p class='ocr_par' dir='ltr' id='par_1_75' title="bbox 1989 2913 3564 2979">
     <span class='ocr_line' id='line_1_75' title="bbox 1989 2913 3564 2979; baseline -0.004 -6"><span class='ocrx_word' id='word_1_551' title='bbox 1989 2927 2147 2974; x_wconf 87' lang='lat' dir='ltr'><strong>erant</strong></span> <span class='ocrx_word' id='word_1_552' title='bbox 2177 2918 2269 2972; x_wconf 89' lang='lat' dir='ltr'><strong>filii</strong></span> <span class='ocrx_word' id='word_1_553' title='bbox 2299 2917 2544 2973; x_wconf 72' lang='lat' dir='ltr'><strong>Ionadab</strong></span> <span class='ocrx_word' id='word_1_554' title='bbox 2593 2933 2697 2972; x_wconf 91' lang='lat' dir='ltr'><strong>nec</strong></span> <span class='ocrx_word' id='word_1_555' title='bbox 2721 2915 2906 2971; x_wconf 87' lang='lat' dir='ltr'><strong>vinum</strong></span> <span class='ocrx_word' id='word_1_556' title='bbox 2937 2917 3207 2979; x_wconf 85' lang='lat' dir='ltr'><strong>bibentes,</strong></span> <span class='ocrx_word' id='word_1_557' title='bbox 3239 2929 3342 2970; x_wconf 90' lang='lat' dir='ltr'><strong>nec</strong></span> <span class='ocrx_word' id='word_1_558' title='bbox 3368 2913 3564 2968; x_wconf 85' lang='lat' dir='ltr'><strong>domus</strong></span> 
     </span>
    </p>
   </div>
   <div class='ocr_carea' id='block_1_76' title="bbox 1992 3005 3564 3078">
    <p class='ocr_par' dir='ltr' id='par_1_76' title="bbox 1992 3005 3564 3078">
     <span class='ocr_line' id='line_1_76' title="bbox 1992 3005 3564 3078; baseline -0.004 -12"><span class='ocrx_word' id='word_1_559' title='bbox 1992 3011 2278 3074; x_wconf 88' lang='lat' dir='ltr'><strong>habentes,</strong></span> <span class='ocrx_word' id='word_1_560' title='bbox 2310 3024 2415 3064; x_wconf 89' lang='lat' dir='ltr'><strong>nec</strong></span> <span class='ocrx_word' id='word_1_561' title='bbox 2443 3024 2602 3078; x_wconf 82' lang='lat' dir='ltr'><strong>agros</strong></span> <span class='ocrx_word' id='word_1_562' title='bbox 2637 3008 2966 3078; x_wconf 88' lang='lat' dir='ltr'><strong>plantantes.</strong></span> <span class='ocrx_word' id='word_1_563' title='bbox 3009 3007 3119 3062; x_wconf 87' lang='lat' dir='ltr'><strong>Sed</strong></span> <span class='ocrx_word' id='word_1_564' title='bbox 3161 3007 3408 3061; x_wconf 90' lang='lat' dir='ltr'><strong>absolute</strong></span> <span class='ocrx_word' id='word_1_565' title='bbox 3459 3005 3564 3060; x_wconf 87' lang='lat' dir='ltr'><strong>ali-</strong></span> 
     </span>
    </p>
   </div>
   <div class='ocr_carea' id='block_1_77' title="bbox 1989 3085 3564 3173">
    <p class='ocr_par' dir='ltr' id='par_1_77' title="bbox 1989 3085 3564 3173">
     <span class='ocr_line' id='line_1_77' title="bbox 1989 3085 3564 3173; baseline -0.004 -16"><span class='ocrx_word' id='word_1_566' title='bbox 1989 3103 2122 3173; x_wconf 92' lang='lat' dir='ltr'><strong>quid</strong></span> <span class='ocrx_word' id='word_1_567' title='bbox 2144 3085 2430 3157; x_wconf 86' lang='lat' dir='ltr'><strong>sublimius</strong></span> <span class='ocrx_word' id='word_1_568' title='bbox 2453 3101 2667 3171; x_wconf 84' lang='lat' dir='ltr'><strong>quaerit,</strong></span> <span class='ocrx_word' id='word_1_569' title='bbox 2702 3100 2847 3154; x_wconf 90' lang='lat' dir='ltr'><strong>unde</strong></span> <span class='ocrx_word' id='word_1_570' title='bbox 2896 3099 2987 3154; x_wconf 90' lang='lat' dir='ltr'><strong>alii</strong></span> <span class='ocrx_word' id='word_1_571' title='bbox 3032 3100 3099 3154; x_wconf 89' lang='lat' dir='ltr'><strong>ad</strong></span> <span class='ocrx_word' id='word_1_572' title='bbox 3152 3098 3564 3153; x_wconf 87' lang='lat' dir='ltr'><strong>tabernaculum</strong></span> 
     </span>
    </p>
   </div>
   <div class='ocr_carea' id='block_1_78' title="bbox 1994 3187 3565 3256">
    <p class='ocr_par' dir='ltr' id='par_1_78' title="bbox 1994 3187 3565 3256">
     <span class='ocr_line' id='line_1_78' title="bbox 1994 3187 3565 3256; baseline -0.004 -8"><span class='ocrx_word' id='word_1_573' title='bbox 1994 3193 2290 3248; x_wconf 89' lang='lat' dir='ltr'><strong>testimonii</strong></span> <span class='ocrx_word' id='word_1_574' title='bbox 2306 3192 2635 3247; x_wconf 88' lang='lat' dir='ltr'><strong>oblationem</strong></span> <span class='ocrx_word' id='word_1_575' title='bbox 2666 3189 2935 3256; x_wconf 81' lang='lat' dir='ltr'><strong>olIerunt;</strong></span> <span class='ocrx_word' id='word_1_576' title='bbox 2956 3191 3073 3245; x_wconf 80' lang='lat' dir='ltr'><strong>haec</strong></span> <span class='ocrx_word' id='word_1_577' title='bbox 3094 3198 3274 3244; x_wconf 87' lang='lat' dir='ltr'><strong>autem</strong></span> <span class='ocrx_word' id='word_1_578' title='bbox 3307 3187 3374 3243; x_wconf 90' lang='lat' dir='ltr'><strong>ad</strong></span> <span class='ocrx_word' id='word_1_579' title='bbox 3394 3188 3565 3243; x_wconf 90' lang='lat' dir='ltr'><strong>altare</strong></span> 
     </span>
    </p>
   </div>
   <div class='ocr_carea' id='block_1_79' title="bbox 1991 3280 3566 3354">
    <p class='ocr_par' dir='ltr' id='par_1_79' title="bbox 1991 3280 3566 3354">
     <span class='ocr_line' id='line_1_79' title="bbox 1991 3280 3566 3354; baseline -0.003 -14"><span class='ocrx_word' id='word_1_580' title='bbox 1991 3284 2238 3348; x_wconf 81' lang='lat' dir='ltr'><strong>oﬂ&#39;ertur,</strong></span> <span class='ocrx_word' id='word_1_581' title='bbox 2273 3283 2429 3354; x_wconf 87' lang='lat' dir='ltr'><strong>cujus</strong></span> <span class='ocrx_word' id='word_1_582' title='bbox 2460 3283 2568 3338; x_wconf 92' lang='lat' dir='ltr'><strong>vim</strong></span> <span class='ocrx_word' id='word_1_583' title='bbox 2600 3283 2654 3336; x_wconf 89' lang='lat' dir='ltr'><strong>in</strong></span> <span class='ocrx_word' id='word_1_584' title='bbox 2705 3282 3144 3353; x_wconf 71' lang='lat' dir='ltr'><strong>praecedentibus</strong></span> <span class='ocrx_word' id='word_1_585' title='bbox 3198 3280 3456 3345; x_wconf 91' lang='lat' dir='ltr'><strong>didicisti,</strong></span> <span class='ocrx_word' id='word_1_586' title='bbox 3511 3280 3566 3335; x_wconf 91' lang='lat' dir='ltr'><strong>id</strong></span> 
     </span>
    </p>
   </div>
   <div class='ocr_carea' id='block_1_80' title="bbox 1991 3371 3566 3446">
    <p class='ocr_par' dir='ltr' id='par_1_80' title="bbox 1991 3371 3566 3446">
     <span class='ocr_line' id='line_1_80' title="bbox 1991 3371 3566 3446; baseline -0.003 -15"><span class='ocrx_word' id='word_1_587' title='bbox 1991 3386 2074 3432; x_wconf 92' lang='lat' dir='ltr'><strong>est</strong></span> <span class='ocrx_word' id='word_1_588' title='bbox 2104 3377 2230 3446; x_wconf 89' lang='lat' dir='ltr'><strong>quia</strong></span> <span class='ocrx_word' id='word_1_589' title='bbox 2264 3376 2607 3430; x_wconf 78' lang='lat' dir='ltr'><strong>Dominicum</strong></span> <span class='ocrx_word' id='word_1_590' title='bbox 2655 3371 2938 3444; x_wconf 62' lang='lat' dir='ltr'><strong>significet‘</strong></span> <span class='ocrx_word' id='word_1_591' title='bbox 2967 3389 3184 3444; x_wconf 88' lang='lat' dir='ltr'><strong>corpus.</strong></span> <span class='ocrx_word' id='word_1_592' title='bbox 3239 3373 3349 3428; x_wconf 87' lang='lat' dir='ltr'><strong>Sed</strong></span> <span class='ocrx_word' id='word_1_593' title='bbox 3377 3372 3566 3427; x_wconf 89' lang='lat' dir='ltr'><strong>videa-</strong></span> 
     </span>
    </p>
   </div>
   <div class='ocr_carea' id='block_1_81' title="bbox 1992 3469 2788 3538">
    <p class='ocr_par' dir='ltr' id='par_1_81' title="bbox 1992 3469 2788 3538">
     <span class='ocr_line' id='line_1_81' title="bbox 1992 3469 2788 3538; baseline -0.01 -10"><span class='ocrx_word' id='word_1_594' title='bbox 1992 3486 2112 3528; x_wconf 88' lang='lat' dir='ltr'><strong>mus</strong></span> <span class='ocrx_word' id='word_1_595' title='bbox 2137 3485 2257 3538; x_wconf 72' lang='lat' dir='ltr'><strong>quze</strong></span> <span class='ocrx_word' id='word_1_596' title='bbox 2288 3469 2374 3523; x_wconf 89' lang='lat' dir='ltr'><strong>his</strong></span> <span class='ocrx_word' id='word_1_597' title='bbox 2407 3469 2788 3537; x_wconf 91' lang='lat' dir='ltr'><strong>subjiciantur.</strong></span> 
     </span>
    </p>
   </div>
   <div class='ocr_carea' id='block_1_82' title="bbox 2061 3559 3558 3629">
    <p class='ocr_par' dir='ltr' id='par_1_82' title="bbox 2061 3559 3558 3629">
     <span class='ocr_line' id='line_1_82' title="bbox 2061 3559 3558 3629; baseline 0.001 -15"><span class='ocrx_word' id='word_1_598' title='bbox 2061 3561 2131 3614; x_wconf 87' lang='lat' dir='ltr'><strong>Et</strong></span> <span class='ocrx_word' id='word_1_599' title='bbox 2150 3570 2343 3614; x_wconf 89' lang='lat' dir='ltr'><strong>retorto</strong></span> <span class='ocrx_word' id='word_1_600' title='bbox 2374 3561 2444 3614; x_wconf 89' lang='lat' dir='ltr'><strong>ad</strong></span> <span class='ocrx_word' id='word_1_601' title='bbox 2469 3559 2658 3614; x_wconf 87' lang='lat' dir='ltr'><strong>collum</strong></span> <span class='ocrx_word' id='word_1_602' title='bbox 2685 3559 2878 3628; x_wconf 84' lang='lat' dir='ltr'><strong>capite,</strong></span> <span class='ocrx_word' id='word_1_603' title='bbox 2925 3575 2988 3612; x_wconf 87' lang='lat' dir='ltr'><strong>ac</strong></span> <span class='ocrx_word' id='word_1_604' title='bbox 3013 3567 3166 3629; x_wconf 83' lang='lat' dir='ltr'><strong>rupto</strong></span> <span class='ocrx_word' id='word_1_605' title='bbox 3182 3559 3408 3613; x_wconf 77' lang='lat' dir='ltr'><strong>uulneris</strong></span> <span class='ocrx_word' id='word_1_606' title='bbox 3425 3559 3558 3616; x_wconf 82' lang='lat' dir='ltr'><strong>loco.</strong></span> 
     </span>
    </p>
   </div>
   <div class='ocr_carea' id='block_1_83' title="bbox 1996 3648 3560 3718">
    <p class='ocr_par' dir='ltr' id='par_1_83' title="bbox 1996 3648 3560 3718">
     <span class='ocr_line' id='line_1_83' title="bbox 1996 3648 3560 3718; baseline 0 -16"><span class='ocrx_word' id='word_1_607' title='bbox 1996 3649 2334 3718; x_wconf 73' lang='lat' dir='ltr'><strong>Abrumpens</strong></span> <span class='ocrx_word' id='word_1_608' title='bbox 2361 3649 2613 3702; x_wconf 88' lang='lat' dir='ltr'><strong>videlicet</strong></span> <span class='ocrx_word' id='word_1_609' title='bbox 2640 3663 2670 3702; x_wconf 90' lang='lat' dir='ltr'><strong>a</strong></span> <span class='ocrx_word' id='word_1_610' title='bbox 2702 3648 2842 3716; x_wconf 90' lang='lat' dir='ltr'><strong>pelle</strong></span> <span class='ocrx_word' id='word_1_611' title='bbox 2897 3663 3016 3716; x_wconf 73' lang='lat' dir='ltr'><strong>quae</strong></span> <span class='ocrx_word' id='word_1_612' title='bbox 3055 3648 3362 3717; x_wconf 89' lang='lat' dir='ltr'><strong>superjacet</strong></span> <span class='ocrx_word' id='word_1_613' title='bbox 3399 3648 3560 3711; x_wconf 92' lang='lat' dir='ltr'><strong>collo,</strong></span> 
     </span>
    </p>
   </div>
   <div class='ocr_carea' id='block_1_84' title="bbox 1990 3738 3561 3809">
    <p class='ocr_par' dir='ltr' id='par_1_84' title="bbox 1990 3738 3561 3809">
     <span class='ocr_line' id='line_1_84' title="bbox 1990 3738 3561 3809; baseline 0 -17"><span class='ocrx_word' id='word_1_614' title='bbox 1990 3751 2098 3798; x_wconf 87' lang='lat' dir='ltr'><strong>non</strong></span> <span class='ocrx_word' id='word_1_615' title='bbox 2133 3740 2288 3794; x_wconf 88' lang='lat' dir='ltr'><strong>valde</strong></span> <span class='ocrx_word' id='word_1_616' title='bbox 2311 3739 2453 3793; x_wconf 91' lang='lat' dir='ltr'><strong>illam</strong></span> <span class='ocrx_word' id='word_1_617' title='bbox 2476 3753 2737 3808; x_wconf 88' lang='lat' dir='ltr'><strong>separans</strong></span> <span class='ocrx_word' id='word_1_618' title='bbox 2767 3753 2798 3792; x_wconf 94' lang='lat' dir='ltr'><strong>a</strong></span> <span class='ocrx_word' id='word_1_619' title='bbox 2837 3752 3086 3808; x_wconf 88' lang='lat' dir='ltr'><strong>corpore,</strong></span> <span class='ocrx_word' id='word_1_620' title='bbox 3121 3748 3304 3793; x_wconf 88' lang='lat' dir='ltr'><strong>utnec</strong></span> <span class='ocrx_word' id='word_1_621' title='bbox 3323 3738 3561 3809; x_wconf 89' lang='lat' dir='ltr'><strong>dissipa-</strong></span> 
     </span>
    </p>
   </div>
   <div class='ocr_carea' id='block_1_85' title="bbox 1992 3827 3562 3898">
    <p class='ocr_par' dir='ltr' id='par_1_85' title="bbox 1992 3827 3562 3898">
     <span class='ocr_line' id='line_1_85' title="bbox 1992 3827 3562 3898; baseline 0.002 -17"><span class='ocrx_word' id='word_1_622' title='bbox 1992 3837 2075 3882; x_wconf 87' lang='lat' dir='ltr'><strong>ret</strong></span> <span class='ocrx_word' id='word_1_623' title='bbox 2095 3827 2247 3893; x_wconf 90' lang='lat' dir='ltr'><strong>illud,</strong></span> <span class='ocrx_word' id='word_1_624' title='bbox 2272 3843 2374 3883; x_wconf 90' lang='lat' dir='ltr'><strong>nec</strong></span> <span class='ocrx_word' id='word_1_625' title='bbox 2396 3842 2463 3882; x_wconf 92' lang='lat' dir='ltr'><strong>eo</strong></span> <span class='ocrx_word' id='word_1_626' title='bbox 2502 3843 2689 3884; x_wconf 91' lang='lat' dir='ltr'><strong>rursus</strong></span> <span class='ocrx_word' id='word_1_627' title='bbox 2731 3827 3080 3898; x_wconf 87' lang='lat' dir='ltr'><strong>astringatur,</strong></span> <span class='ocrx_word' id='word_1_628' title='bbox 3109 3827 3253 3898; x_wconf 91' lang='lat' dir='ltr'><strong>quod</strong></span> <span class='ocrx_word' id='word_1_629' title='bbox 3287 3828 3562 3898; x_wconf 80' lang='lat' dir='ltr'><strong>signiﬁca-</strong></span> 
     </span>
    </p>
   </div>
   <div class='ocr_carea' id='block_1_86' title="bbox 1988 3920 3562 3990">
    <p class='ocr_par' dir='ltr' id='par_1_86' title="bbox 1988 3920 3562 3990">
     <span class='ocr_line' id='line_1_86' title="bbox 1988 3920 3562 3990; baseline 0.002 -17"><span class='ocrx_word' id='word_1_630' title='bbox 1988 3929 2077 3975; x_wconf 91' lang='lat' dir='ltr'><strong>tur</strong></span> <span class='ocrx_word' id='word_1_631' title='bbox 2095 3921 2330 3990; x_wconf 84' lang='lat' dir='ltr'><strong>abrupto</strong></span> <span class='ocrx_word' id='word_1_632' title='bbox 2355 3920 2595 3975; x_wconf 88' lang='lat' dir='ltr'><strong>vulneris</strong></span> <span class='ocrx_word' id='word_1_633' title='bbox 2620 3920 2760 3986; x_wconf 81' lang='lat' dir='ltr'><strong>loco,</strong></span> <span class='ocrx_word' id='word_1_634' title='bbox 2784 3920 2892 3984; x_wconf 89' lang='lat' dir='ltr'><strong>vel,</strong></span> <span class='ocrx_word' id='word_1_635' title='bbox 2922 3920 3066 3975; x_wconf 88' lang='lat' dir='ltr'><strong>sicut</strong></span> <span class='ocrx_word' id='word_1_636' title='bbox 3090 3920 3232 3975; x_wconf 82' lang='lat' dir='ltr'><strong>LXX</strong></span> <span class='ocrx_word' id='word_1_637' title='bbox 3257 3920 3449 3986; x_wconf 89' lang='lat' dir='ltr'><strong>edunt,</strong></span> <span class='ocrx_word' id='word_1_638' title='bbox 3473 3937 3562 3976; x_wconf 82' lang='lat' dir='ltr'><strong>re-</strong></span> 
     </span>
    </p>
   </div>
   <div class='ocr_carea' id='block_1_87' title="bbox 1988 4008 3559 4083">
    <p class='ocr_par' dir='ltr' id='par_1_87' title="bbox 1988 4008 3559 4083">
     <span class='ocr_line' id='line_1_87' title="bbox 1988 4008 3559 4083; baseline 0.003 -19"><span class='ocrx_word' id='word_1_639' title='bbox 1988 4008 2253 4066; x_wconf 82' lang='lat' dir='ltr'><strong>fractione</strong></span> <span class='ocrx_word' id='word_1_640' title='bbox 2279 4012 2493 4082; x_wconf 91' lang='lat' dir='ltr'><strong>capitis.</strong></span> <span class='ocrx_word' id='word_1_641' title='bbox 2520 4013 2722 4068; x_wconf 90' lang='lat' dir='ltr'><strong>Eodem</strong></span> <span class='ocrx_word' id='word_1_642' title='bbox 2755 4012 2957 4083; x_wconf 91' lang='lat' dir='ltr'><strong>quippe</strong></span> <span class='ocrx_word' id='word_1_643' title='bbox 2971 4027 3224 4068; x_wconf 90' lang='lat' dir='ltr'><strong>sermone</strong></span> <span class='ocrx_word' id='word_1_644' title='bbox 3261 4021 3316 4067; x_wconf 90' lang='lat' dir='ltr'><strong>et</strong></span> <span class='ocrx_word' id='word_1_645' title='bbox 3340 4011 3559 4070; x_wconf 86' lang='lat' dir='ltr'><strong>Samuel</strong></span> 
     </span>
    </p>
   </div>
   <div class='ocr_carea' id='block_1_88' title="bbox 1985 4099 3557 4171">
    <p class='ocr_par' dir='ltr' id='par_1_88' title="bbox 1985 4099 3557 4171">
     <span class='ocr_line' id='line_1_88' title="bbox 1985 4099 3557 4171; baseline 0.003 -18"><span class='ocrx_word' id='word_1_646' title='bbox 1985 4099 2052 4156; x_wconf 91' lang='lat' dir='ltr'><strong>ad</strong></span> <span class='ocrx_word' id='word_1_647' title='bbox 2079 4100 2296 4156; x_wconf 82' lang='lat' dir='ltr'><strong>Saulem</strong></span> <span class='ocrx_word' id='word_1_648' title='bbox 2321 4116 2453 4156; x_wconf 89' lang='lat' dir='ltr'><strong>usus</strong></span> <span class='ocrx_word' id='word_1_649' title='bbox 2475 4110 2579 4166; x_wconf 89' lang='lat' dir='ltr'><strong>est,</strong></span> <span class='ocrx_word' id='word_1_650' title='bbox 2629 4103 2849 4171; x_wconf 87' lang='lat' dir='ltr'><strong>quando</strong></span> <span class='ocrx_word' id='word_1_651' title='bbox 2905 4103 2957 4157; x_wconf 91' lang='lat' dir='ltr'><strong>ei</strong></span> <span class='ocrx_word' id='word_1_652' title='bbox 2983 4117 3194 4157; x_wconf 86' lang='lat' dir='ltr'><strong>armum</strong></span> <span class='ocrx_word' id='word_1_653' title='bbox 3225 4102 3382 4168; x_wconf 86' lang='lat' dir='ltr'><strong>dans,</strong></span> <span class='ocrx_word' id='word_1_654' title='bbox 3413 4105 3557 4158; x_wconf 90' lang='lat' dir='ltr'><strong>idem</strong></span> 
     </span>
    </p>
   </div>
   <div class='ocr_carea' id='block_1_89' title="bbox 1984 4191 3558 4265">
    <p class='ocr_par' dir='ltr' id='par_1_89' title="bbox 1984 4191 3558 4265">
     <span class='ocr_line' id='line_1_89' title="bbox 1984 4191 3558 4265; baseline 0 -15"><span class='ocrx_word' id='word_1_655' title='bbox 1984 4192 2283 4250; x_wconf 88' lang='lat' dir='ltr'><strong>secundum</strong></span> <span class='ocrx_word' id='word_1_656' title='bbox 2315 4191 2456 4246; x_wconf 81' lang='lat' dir='ltr'><strong>LXX</strong></span> <span class='ocrx_word' id='word_1_657' title='bbox 2476 4192 2611 4248; x_wconf 72' lang='lat' dir='ltr'><strong>dixit</strong></span> <span class='ocrx_word' id='word_1_658' title='bbox 2640 4211 2654 4246; x_wconf 87' lang='lat'><strong>:</strong></span> <span class='ocrx_word' id='word_1_659' title='bbox 2681 4193 2922 4261; x_wconf 84' lang='lat' dir='ltr'><strong>Comede,</strong></span> <span class='ocrx_word' id='word_1_660' title='bbox 2968 4196 3090 4265; x_wconf 86' lang='lat' dir='ltr'><strong>quia</strong></span> <span class='ocrx_word' id='word_1_661' title='bbox 3121 4194 3176 4248; x_wconf 87' lang='lat' dir='ltr'><strong>in</strong></span> <span class='ocrx_word' id='word_1_662' title='bbox 3205 4196 3558 4250; x_wconf 87' lang='lat' dir='ltr'><strong>testimonium</strong></span> 
     </span>
    </p>
   </div>
   <div class='ocr_carea' id='block_1_90' title="bbox 1984 4285 3558 4359">
    <p class='ocr_par' dir='ltr' id='par_1_90' title="bbox 1984 4285 3558 4359">
     <span class='ocr_line' id='line_1_90' title="bbox 1984 4285 3558 4359; baseline 0.001 -19"><span class='ocrx_word' id='word_1_663' title='bbox 1984 4304 2017 4340; x_wconf 93' lang='lat' dir='ltr'><strong>a</strong></span> <span class='ocrx_word' id='word_1_664' title='bbox 2043 4285 2235 4355; x_wconf 83' lang='lat' dir='ltr'><strong>populo</strong></span> <span class='ocrx_word' id='word_1_665' title='bbox 2261 4285 2488 4354; x_wconf 84' lang='lat' dir='ltr'><strong>positum</strong></span> <span class='ocrx_word' id='word_1_666' title='bbox 2517 4287 2706 4340; x_wconf 85' lang='lat' dir='ltr'><strong>esttibi</strong></span> <span class='ocrx_word' id='word_1_667' title='bbox 2730 4287 2796 4340; x_wconf 76' lang='grc'><strong>⁸⁸.</strong></span> <span class='ocrx_word' id='word_1_668' title='bbox 2831 4285 3100 4358; x_wconf 78' lang='lat' dir='ltr'><strong>Refringe,</strong></span> <span class='ocrx_word' id='word_1_669' title='bbox 3128 4286 3182 4341; x_wconf 87' lang='lat' dir='ltr'><strong>id</strong></span> <span class='ocrx_word' id='word_1_670' title='bbox 3208 4294 3294 4342; x_wconf 87' lang='lat' dir='ltr'><strong>est</strong></span> <span class='ocrx_word' id='word_1_671' title='bbox 3313 4303 3411 4358; x_wconf 87' lang='lat' dir='ltr'><strong>per</strong></span> <span class='ocrx_word' id='word_1_672' title='bbox 3429 4303 3558 4359; x_wconf 85' lang='lat' dir='ltr'><strong>par-</strong></span> 
     </span>
    </p>
   </div>
   <div class='ocr_carea' id='block_1_91' title="bbox 306 4374 1884 4470">
    <p class='ocr_par' dir='ltr' id='par_1_91' title="bbox 306 4374 1877 4448">
     <span class='ocr_line' id='line_1_91' title="bbox 306 4374 1877 4448; baseline 0.012 -23"><span class='ocrx_word' id='word_1_673' title='bbox 306 4387 366 4425; x_wconf 80' lang='lat' dir='ltr'><strong>se</strong></span> <span class='ocrx_word' id='word_1_674' title='bbox 397 4387 505 4426; x_wconf 91' lang='lat' dir='ltr'><strong>non</strong></span> <span class='ocrx_word' id='word_1_675' title='bbox 533 4374 827 4430; x_wconf 86' lang='lat' dir='ltr'><strong>miscentes</strong></span> <span class='ocrx_word' id='word_1_676' title='bbox 849 4377 1083 4447; x_wconf 87' lang='lat' dir='ltr'><strong>negotiis</strong></span> <span class='ocrx_word' id='word_1_677' title='bbox 1113 4397 1125 4432; x_wconf 92' lang='lat'>:</span> <span class='ocrx_word' id='word_1_678' title='bbox 1157 4381 1301 4448; x_wconf 90' lang='lat' dir='ltr'><strong>quod</strong></span> <span class='ocrx_word' id='word_1_679' title='bbox 1319 4390 1371 4436; x_wconf 88' lang='lat' dir='ltr'><strong>et</strong></span> <span class='ocrx_word' id='word_1_680' title='bbox 1397 4383 1442 4437; x_wconf 92' lang='lat' dir='ltr'><strong>si</strong></span> <span class='ocrx_word' id='word_1_681' title='bbox 1473 4383 1611 4440; x_wconf 80' lang='lat' dir='ltr'><strong>forte</strong></span> <span class='ocrx_word' id='word_1_682' title='bbox 1635 4389 1877 4443; x_wconf 87' lang='lat' dir='ltr'><strong>necessi-</strong></span> 
     </span>
    </p>
   </div>
   <div class='ocr_carea' id='block_1_92' title="bbox 1988 4374 3556 4470">
    <p class='ocr_par' dir='ltr' id='par_1_92' title="bbox 1988 4378 3556 4438">
     <span class='ocr_line' id='line_1_92' title="bbox 1988 4378 3556 4438; baseline 0.003 -6"><span class='ocrx_word' id='word_1_683' title='bbox 1988 4388 2066 4435; x_wconf 92' lang='lat' dir='ltr'><strong>tes</strong></span> <span class='ocrx_word' id='word_1_684' title='bbox 2096 4378 2406 4434; x_wconf 89' lang='lat' dir='ltr'><strong>comminue</strong></span> <span class='ocrx_word' id='word_1_685' title='bbox 2438 4389 2492 4434; x_wconf 89' lang='lat' dir='ltr'><strong>et</strong></span> <span class='ocrx_word' id='word_1_686' title='bbox 2513 4395 2796 4434; x_wconf 89' lang='lat' dir='ltr'><strong>consume.</strong></span> <span class='ocrx_word' id='word_1_687' title='bbox 2824 4380 2892 4434; x_wconf 89' lang='lat' dir='ltr'><strong>Et</strong></span> <span class='ocrx_word' id='word_1_688' title='bbox 2919 4381 3042 4435; x_wconf 89' lang='lat' dir='ltr'><strong>ideo</strong></span> <span class='ocrx_word' id='word_1_689' title='bbox 3070 4381 3233 4436; x_wconf 88' lang='lat' dir='ltr'><strong>etiam</strong></span> <span class='ocrx_word' id='word_1_690' title='bbox 3268 4396 3416 4438; x_wconf 91' lang='lat' dir='ltr'><strong>nunc</strong></span> <span class='ocrx_word' id='word_1_691' title='bbox 3443 4397 3556 4437; x_wconf 92' lang='lat' dir='ltr'><strong>non</strong></span> 
     </span>
    </p>
   </div>
   <div class='ocr_carea' id='block_1_93' title="bbox 307 4465 1887 4540">
    <p class='ocr_par' dir='ltr' id='par_1_93' title="bbox 307 4465 1887 4540">
     <span class='ocr_line' id='line_1_93' title="bbox 307 4465 1887 4540; baseline 0.015 -25"><span class='ocrx_word' id='word_1_692' title='bbox 307 4471 391 4516; x_wconf 89' lang='lat' dir='ltr'><strong>tas</strong></span> <span class='ocrx_word' id='word_1_693' title='bbox 417 4465 676 4534; x_wconf 80' lang='lat' dir='ltr'><strong>exegerit,</strong></span> <span class='ocrx_word' id='word_1_694' title='bbox 696 4481 821 4520; x_wconf 77' lang='lat' dir='ltr'><strong>mox</strong></span> <span class='ocrx_word' id='word_1_695' title='bbox 847 4469 1091 4523; x_wconf 89' lang='lat' dir='ltr'><strong>revolant</strong></span> <span class='ocrx_word' id='word_1_696' title='bbox 1111 4471 1179 4525; x_wconf 91' lang='lat' dir='ltr'><strong>ad</strong></span> <span class='ocrx_word' id='word_1_697' title='bbox 1207 4473 1480 4540; x_wconf 87' lang='lat' dir='ltr'><strong>sublimia,</strong></span> <span class='ocrx_word' id='word_1_698' title='bbox 1524 4486 1580 4531; x_wconf 90' lang='lat' dir='ltr'><strong>et</strong></span> <span class='ocrx_word' id='word_1_699' title='bbox 1606 4479 1698 4533; x_wconf 92' lang='lat' dir='ltr'><strong>illo</strong></span> <span class='ocrx_word' id='word_1_700' title='bbox 1718 4497 1887 4538; x_wconf 88' lang='lat' dir='ltr'><strong>evan-</strong></span> 
     </span>
    </p>
   </div>
   <div class='ocr_carea' id='block_1_94' title="bbox 309 4551 1881 4632">
    <p class='ocr_par' dir='ltr' id='par_1_94' title="bbox 309 4551 1881 4632">
     <span class='ocr_line' id='line_1_94' title="bbox 309 4551 1881 4632; baseline 0.018 -31"><span class='ocrx_word' id='word_1_701' title='bbox 309 4551 481 4618; x_wconf 88' lang='lat' dir='ltr'><strong>gelico</strong></span> <span class='ocrx_word' id='word_1_702' title='bbox 532 4553 790 4620; x_wconf 89' lang='lat' dir='ltr'><strong>juvantur</strong></span> <span class='ocrx_word' id='word_1_703' title='bbox 851 4558 1181 4624; x_wconf 89' lang='lat' dir='ltr'><strong>testimonio,</strong></span> <span class='ocrx_word' id='word_1_704' title='bbox 1247 4564 1392 4632; x_wconf 88' lang='lat' dir='ltr'><strong>quod</strong></span> <span class='ocrx_word' id='word_1_705' title='bbox 1429 4564 1715 4625; x_wconf 87' lang='lat' dir='ltr'><strong>Dominus</strong></span> <span class='ocrx_word' id='word_1_706' title='bbox 1756 4573 1881 4629; x_wconf 91' lang='lat' dir='ltr'><strong>ait:</strong></span> 
     </span>
    </p>
   </div>
   <div class='ocr_carea' id='block_1_95' title="bbox 309 4638 1884 4735">
    <p class='ocr_par' dir='ltr' id='par_1_95' title="bbox 309 4638 1884 4735">
     <span class='ocr_line' id='line_1_95' title="bbox 309 4638 1884 4735; baseline 0.018 -44"><span class='ocrx_word' id='word_1_707' title='bbox 309 4638 647 4708; x_wconf 72' lang='lat' dir='ltr'><strong>Considerate</strong></span> <span class='ocrx_word' id='word_1_708' title='bbox 673 4645 914 4702; x_wconf 79' lang='lat' dir='ltr'><strong>volatilia</strong></span> <span class='ocrx_word' id='word_1_709' title='bbox 951 4649 1085 4713; x_wconf 76' lang='grc' dir='ltr'><strong><em>εωιι,</em></strong></span> <span class='ocrx_word' id='word_1_710' title='bbox 1113 4651 1238 4721; x_wconf 88' lang='lat' dir='ltr'><strong>quia</strong></span> <span class='ocrx_word' id='word_1_711' title='bbox 1289 4670 1391 4707; x_wconf 85' lang='lat' dir='ltr'><strong>non</strong></span> <span class='ocrx_word' id='word_1_712' title='bbox 1415 4659 1675 4714; x_wconf 80' lang='lat' dir='ltr'><strong>seminam</strong></span> <span class='ocrx_word' id='word_1_713' title='bbox 1720 4679 1884 4735; x_wconf 87' lang='lat' dir='ltr'><strong>neque</strong></span> 
     </span>
    </p>
   </div>
   <div class='ocr_carea' id='block_1_96' title="bbox 308 4731 1882 4810">
    <p class='ocr_par' dir='ltr' id='par_1_96' title="bbox 308 4731 1882 4810">
     <span class='ocr_line' id='line_1_96' title="bbox 308 4731 1882 4810; baseline 0.011 -27"><span class='ocrx_word' id='word_1_714' title='bbox 308 4740 530 4796; x_wconf 83' lang='lat' dir='ltr'><strong>metunt,</strong></span> <span class='ocrx_word' id='word_1_715' title='bbox 573 4741 621 4785; x_wconf 86' lang='lat' dir='ltr'><strong>et</strong></span> <span class='ocrx_word' id='word_1_716' title='bbox 643 4731 805 4786; x_wconf 89' lang='lat' dir='ltr'><strong>Pater</strong></span> <span class='ocrx_word' id='word_1_717' title='bbox 835 4746 1003 4790; x_wconf 83' lang='lat' dir='ltr'><strong>vester</strong></span> <span class='ocrx_word' id='word_1_718' title='bbox 1025 4739 1244 4795; x_wconf 73' lang='lat' dir='ltr'><strong>caelestis</strong></span> <span class='ocrx_word' id='word_1_719' title='bbox 1267 4754 1441 4810; x_wconf 84' lang='lat' dir='ltr'><strong>pascet</strong></span> <span class='ocrx_word' id='word_1_720' title='bbox 1473 4747 1566 4801; x_wconf 87' lang='lat' dir='ltr'><strong>illa</strong></span> <span class='ocrx_word' id='word_1_721' title='bbox 1604 4751 1742 4806; x_wconf 82' lang='grc'><strong>⁸¹·⁵¹,</strong></span> <span class='ocrx_word' id='word_1_722' title='bbox 1797 4731 1882 4810; x_wconf 49' lang='grc' dir='ltr'>ὀε</span> 
     </span>
    </p>
   </div>
   <div class='ocr_carea' id='block_1_97' title="bbox 304 4824 1879 4909">
    <p class='ocr_par' dir='ltr' id='par_1_97' title="bbox 304 4824 1879 4909">
     <span class='ocr_line' id='line_1_97' title="bbox 304 4824 1879 4909; baseline 0.013 -31"><span class='ocrx_word' id='word_1_723' title='bbox 304 4824 511 4878; x_wconf 88' lang='lat' dir='ltr'><strong>eisdem</strong></span> <span class='ocrx_word' id='word_1_724' title='bbox 547 4824 810 4880; x_wconf 91' lang='lat' dir='ltr'><strong>Dominus</strong></span> <span class='ocrx_word' id='word_1_725' title='bbox 833 4827 1084 4883; x_wconf 88' lang='lat' dir='ltr'><strong>dicebat:</strong></span> <span class='ocrx_word' id='word_1_726' title='bbox 1131 4831 1315 4888; x_wconf 88' lang='lat' dir='ltr'><strong>Simile</strong></span> <span class='ocrx_word' id='word_1_727' title='bbox 1344 4846 1420 4890; x_wconf 88' lang='lat' dir='ltr'><strong>est</strong></span> <span class='ocrx_word' id='word_1_728' title='bbox 1470 4855 1687 4909; x_wconf 86' lang='lat' dir='ltr'><strong>regnum</strong></span> <span class='ocrx_word' id='word_1_729' title='bbox 1724 4847 1879 4899; x_wconf 74' lang='lat' dir='ltr'><strong>emto-</strong></span> 
     </span>
    </p>
   </div>
   <div class='ocr_carea' id='block_1_98' title="bbox 304 4917 1878 4994">
    <p class='ocr_par' dir='ltr' id='par_1_98' title="bbox 304 4917 1878 4994">
     <span class='ocr_line' id='line_1_98' title="bbox 304 4917 1878 4994; baseline 0.015 -28"><span class='ocrx_word' id='word_1_730' title='bbox 304 4931 423 4969; x_wconf 87' lang='lat' dir='ltr'><strong>rum</strong></span> <span class='ocrx_word' id='word_1_731' title='bbox 443 4932 611 4985; x_wconf 81' lang='lat' dir='ltr'><strong>grano</strong></span> <span class='ocrx_word' id='word_1_732' title='bbox 645 4917 869 4986; x_wconf 82' lang='lat' dir='ltr'><strong>sinapis,</strong></span> <span class='ocrx_word' id='word_1_733' title='bbox 895 4921 1034 4988; x_wconf 83' lang='lat' dir='ltr'><strong>quod</strong></span> <span class='ocrx_word' id='word_1_734' title='bbox 1085 4939 1203 4976; x_wconf 89' lang='lat' dir='ltr'><strong>cum</strong></span> <span class='ocrx_word' id='word_1_735' title='bbox 1247 4927 1560 4994; x_wconf 86' lang='lat' dir='ltr'><strong>seminatur,</strong></span> <span class='ocrx_word' id='word_1_736' title='bbox 1604 4933 1778 4989; x_wconf 86' lang='lat' dir='ltr'><strong>minus</strong></span> <span class='ocrx_word' id='word_1_737' title='bbox 1806 4947 1878 4990; x_wconf 89' lang='lat' dir='ltr'><strong>est</strong></span> 
     </span>
    </p>
   </div>
   <div class='ocr_carea' id='block_1_99' title="bbox 303 5005 1880 5089">
    <p class='ocr_par' dir='ltr' id='par_1_99' title="bbox 303 5005 1880 5089">
     <span class='ocr_line' id='line_1_99' title="bbox 303 5005 1880 5089; baseline 0.013 -31"><span class='ocrx_word' id='word_1_738' title='bbox 303 5005 540 5061; x_wconf 83' lang='lat' dir='ltr'><strong>omnibus</strong></span> <span class='ocrx_word' id='word_1_739' title='bbox 590 5009 864 5074; x_wconf 79' lang='lat' dir='ltr'><strong>oleribus;</strong></span> <span class='ocrx_word' id='word_1_740' title='bbox 927 5027 1044 5062; x_wconf 88' lang='lat' dir='ltr'><strong>cum</strong></span> <span class='ocrx_word' id='word_1_741' title='bbox 1083 5025 1262 5068; x_wconf 85' lang='lat' dir='ltr'><strong>autem</strong></span> <span class='ocrx_word' id='word_1_742' title='bbox 1289 5019 1524 5083; x_wconf 82' lang='lat' dir='ltr'><strong>creverit,</strong></span> <span class='ocrx_word' id='word_1_743' title='bbox 1586 5022 1675 5089; x_wconf 82' lang='lat' dir='ltr'><strong>ﬁet</strong></span> <span class='ocrx_word' id='word_1_744' title='bbox 1724 5025 1880 5079; x_wconf 87' lang='lat' dir='ltr'><strong>arbor</strong></span> 
     </span>
    </p>
   </div>
   <div class='ocr_carea' id='block_1_100' title="bbox 301 5099 1880 5170">
    <p class='ocr_par' dir='ltr' id='par_1_100' title="bbox 301 5099 1880 5170">
     <span class='ocr_line' id='line_1_100' title="bbox 301 5099 1880 5170; baseline 0.011 -18"><span class='ocrx_word' id='word_1_745' title='bbox 301 5099 497 5169; x_wconf 82' lang='lat' dir='ltr'><strong>major,</strong></span> <span class='ocrx_word' id='word_1_746' title='bbox 511 5103 586 5155; x_wconf 89' lang='lat' dir='ltr'><strong>ita</strong></span> <span class='ocrx_word' id='word_1_747' title='bbox 615 5113 670 5156; x_wconf 87' lang='lat' dir='ltr'><strong>ut</strong></span> <span class='ocrx_word' id='word_1_748' title='bbox 701 5103 932 5156; x_wconf 77' lang='lat' dir='ltr'><strong>volucres</strong></span> <span class='ocrx_word' id='word_1_749' title='bbox 963 5105 1078 5159; x_wconf 72' lang='lat' dir='ltr'><strong>cwli</strong></span> <span class='ocrx_word' id='word_1_750' title='bbox 1100 5107 1610 5164; x_wconf 80' lang='lat' dir='ltr'><strong>venientes/tabitent</strong></span> <span class='ocrx_word' id='word_1_751' title='bbox 1633 5113 1688 5164; x_wconf 91' lang='lat' dir='ltr'><strong>in</strong></span> <span class='ocrx_word' id='word_1_752' title='bbox 1717 5117 1880 5170; x_wconf 90' lang='lat' dir='ltr'><strong>ramis</strong></span> 
     </span>
    </p>
   </div>
   <div class='ocr_carea' id='block_1_101' title="bbox 301 5189 1880 5272">
    <p class='ocr_par' dir='ltr' id='par_1_101' title="bbox 301 5189 1880 5272">
     <span class='ocr_line' id='line_1_101' title="bbox 301 5189 1880 5272; baseline 0.01 -31"><span class='ocrx_word' id='word_1_753' title='bbox 301 5189 416 5257; x_wconf 86' lang='lat' dir='ltr'><strong>ejus</strong></span> <span class='ocrx_word' id='word_1_754' title='bbox 445 5191 509 5243; x_wconf 79' lang='grc'><strong>⁸³.</strong></span> <span class='ocrx_word' id='word_1_755' title='bbox 534 5192 988 5261; x_wconf 82' lang='lat' dir='ltr'><strong>Contemplationi</strong></span> <span class='ocrx_word' id='word_1_756' title='bbox 1015 5212 1143 5267; x_wconf 85' lang='lat' dir='ltr'><strong>ergo</strong></span> <span class='ocrx_word' id='word_1_757' title='bbox 1194 5213 1414 5263; x_wconf 86' lang='lat' dir='ltr'><strong>vacans,</strong></span> <span class='ocrx_word' id='word_1_758' title='bbox 1445 5208 1500 5253; x_wconf 86' lang='lat' dir='ltr'><strong>et</strong></span> <span class='ocrx_word' id='word_1_759' title='bbox 1538 5200 1593 5253; x_wconf 90' lang='lat' dir='ltr'><strong>in</strong></span> <span class='ocrx_word' id='word_1_760' title='bbox 1629 5204 1880 5272; x_wconf 82' lang='lat' dir='ltr'><strong>superio-</strong></span> 
     </span>
    </p>
   </div>
   <div class='ocr_carea' id='block_1_102' title="bbox 300 5281 1875 5355">
    <p class='ocr_par' dir='ltr' id='par_1_102' title="bbox 300 5281 1875 5355">
     <span class='ocr_line' id='line_1_102' title="bbox 300 5281 1875 5355; baseline 0.012 -25"><span class='ocrx_word' id='word_1_761' title='bbox 300 5295 421 5332; x_wconf 90' lang='lat' dir='ltr'><strong>rum</strong></span> <span class='ocrx_word' id='word_1_762' title='bbox 450 5281 946 5338; x_wconf 85' lang='lat' dir='ltr'><strong>considerationem</strong></span> <span class='ocrx_word' id='word_1_763' title='bbox 1019 5286 1300 5355; x_wconf 88' lang='lat' dir='ltr'><strong>pcrfcctus</strong></span> <span class='ocrx_word' id='word_1_764' title='bbox 1334 5289 1494 5343; x_wconf 88' lang='lat' dir='ltr'><strong>homo</strong></span> <span class='ocrx_word' id='word_1_765' title='bbox 1527 5306 1540 5341; x_wconf 92' lang='lat'><strong>:</strong></span> <span class='ocrx_word' id='word_1_766' title='bbox 1570 5291 1673 5347; x_wconf 93' lang='lat' dir='ltr'><strong>hoc</strong></span> <span class='ocrx_word' id='word_1_767' title='bbox 1727 5295 1875 5350; x_wconf 89' lang='lat' dir='ltr'><strong>enim</strong></span> 
     </span>
    </p>
   </div>
   <div class='ocr_carea' id='block_1_103' title="bbox 299 5369 1872 5450">
    <p class='ocr_par' dir='ltr' id='par_1_103' title="bbox 299 5369 1872 5450">
     <span class='ocr_line' id='line_1_103' title="bbox 299 5369 1872 5450; baseline 0.012 -30"><span class='ocrx_word' id='word_1_768' title='bbox 299 5383 421 5436; x_wconf 73' lang='lat' dir='ltr'><strong>qua:</strong></span> <span class='ocrx_word' id='word_1_769' title='bbox 443 5369 702 5437; x_wconf 62' lang='lat' dir='ltr'><strong>prmdicta</strong></span> <span class='ocrx_word' id='word_1_770' title='bbox 729 5373 1202 5440; x_wconf 88' lang='lat' dir='ltr'><strong>suntdocuerunt,</strong></span> <span class='ocrx_word' id='word_1_771' title='bbox 1263 5376 1309 5430; x_wconf 94' lang='lat' dir='ltr'><strong>si</strong></span> <span class='ocrx_word' id='word_1_772' title='bbox 1373 5383 1872 5450; x_wconf 85' lang='lat' dir='ltr'><strong>conversationem,</strong></span> 
     </span>
    </p>
   </div>
   <div class='ocr_carea' id='block_1_104' title="bbox 238 5456 1870 5536">
    <p class='ocr_par' dir='ltr' id='par_1_104' title="bbox 238 5456 1870 5536">
     <span class='ocr_line' id='line_1_104' title="bbox 238 5456 1870 5536; baseline 0.015 -33"><span class='ocrx_word' id='word_1_773' title='bbox 238 5499 242 5503; x_wconf 88' lang='lat'><strong>.</strong></span> <span class='ocrx_word' id='word_1_774' title='bbox 296 5456 415 5510; x_wconf 80' lang='lat' dir='ltr'><strong>sive</strong></span> <span class='ocrx_word' id='word_1_775' title='bbox 453 5456 616 5511; x_wconf 91' lang='lat' dir='ltr'><strong>vitam</strong></span> <span class='ocrx_word' id='word_1_776' title='bbox 634 5472 786 5512; x_wconf 90' lang='lat' dir='ltr'><strong>suam</strong></span> <span class='ocrx_word' id='word_1_777' title='bbox 821 5460 1153 5517; x_wconf 88' lang='lat' dir='ltr'><strong>oblationem</strong></span> <span class='ocrx_word' id='word_1_778' title='bbox 1185 5464 1398 5532; x_wconf 70' lang='lat' dir='ltr'><strong>offeret,</strong></span> <span class='ocrx_word' id='word_1_779' title='bbox 1434 5467 1501 5522; x_wconf 92' lang='lat' dir='ltr'><strong>dc</strong></span> <span class='ocrx_word' id='word_1_780' title='bbox 1551 5471 1870 5536; x_wconf 86' lang='lat' dir='ltr'><strong>turturibus,</strong></span> 
     </span>
    </p>
   </div>
   <div class='ocr_carea' id='block_1_105' title="bbox 367 5589 1715 5662">
    <p class='ocr_par' dir='ltr' id='par_1_105' title="bbox 367 5589 1715 5662">
     <span class='ocr_line' id='line_1_105' title="bbox 367 5589 1715 5662; baseline 0.015 -24"><span class='ocrx_word' id='word_1_781' title='bbox 367 5589 487 5662; x_wconf 49' lang='grc' dir='ltr'><strong>ξιξ-ξ’</strong></span> <span class='ocrx_word' id='word_1_782' title='bbox 531 5589 719 5644; x_wconf 81' lang='lat' dir='ltr'><strong>Matth.</strong></span> <span class='ocrx_word' id='word_1_783' title='bbox 753 5608 829 5656; x_wconf 83' lang='lat' dir='ltr'><strong>vt,</strong></span> <span class='ocrx_word' id='word_1_784' title='bbox 862 5592 952 5646; x_wconf 73' lang='lat'><strong>26.</strong></span> <span class='ocrx_word' id='word_1_785' title='bbox 1029 5595 1074 5626; x_wconf 79' lang='grc'><strong>⁸³</strong></span> <span class='ocrx_word' id='word_1_786' title='bbox 1103 5594 1295 5650; x_wconf 81' lang='lat' dir='ltr'><strong>Matth.</strong></span> <span class='ocrx_word' id='word_1_787' title='bbox 1341 5613 1460 5662; x_wconf 82' lang='lat' dir='ltr'><strong>xm,</strong></span> <span class='ocrx_word' id='word_1_788' title='bbox 1491 5601 1583 5662; x_wconf 72' lang='lat'><strong>&#39;51,</strong></span> <span class='ocrx_word' id='word_1_789' title='bbox 1627 5604 1715 5658; x_wconf 66' lang='lat'><strong>52.</strong></span> 
     </span>
    </p>
   </div>
   <div class='ocr_carea' id='block_1_106' title="bbox 297 5656 1468 5734">
    <p class='ocr_par' dir='ltr' id='par_1_106' title="bbox 297 5656 1468 5734">
     <span class='ocr_line' id='line_1_106' title="bbox 297 5656 1468 5734; baseline 0.009 -24"><span class='ocrx_word' id='word_1_790' title='bbox 297 5656 341 5688; x_wconf 83' lang='grc'><strong>⁵⁸</strong></span> <span class='ocrx_word' id='word_1_791' title='bbox 361 5658 568 5716; x_wconf 82' lang='lat' dir='ltr'><strong>Coloss.</strong></span> <span class='ocrx_word' id='word_1_792' title='bbox 597 5677 677 5726; x_wconf 87' lang='grc' dir='ltr'><strong><em>ιιι,</em></strong></span> <span class='ocrx_word' id='word_1_793' title='bbox 713 5663 758 5716; x_wconf 91' lang='lat' dir='ltr'><strong>l.</strong></span> <span class='ocrx_word' id='word_1_794' title='bbox 863 5664 906 5695; x_wconf 82' lang='grc'><strong><em>⁵⁹</em></strong></span> <span class='ocrx_word' id='word_1_795' title='bbox 939 5664 1072 5731; x_wconf 88' lang='lat' dir='ltr'><strong>lmo,</strong></span> <span class='ocrx_word' id='word_1_796' title='bbox 1101 5665 1306 5722; x_wconf 84' lang='lat' dir='ltr'><strong>Jerem.</strong></span> <span class='ocrx_word' id='word_1_797' title='bbox 1337 5684 1390 5734; x_wconf 85' lang='lat' dir='ltr'><strong>v,</strong></span> <span class='ocrx_word' id='word_1_798' title='bbox 1421 5656 1468 5721; x_wconf 85' lang='grc' dir='ltr'><strong>ι’.</strong></span> 
     </span>
    </p>
   </div>
   <div class='ocr_carea' id='block_1_107' title="bbox 1827 5605 2331 5677">
    <p class='ocr_par' dir='ltr' id='par_1_107' title="bbox 1827 5605 2331 5677">
     <span class='ocr_line' id='line_1_107' title="bbox 1827 5605 2331 5677; baseline 0.01 -16"><span class='ocrx_word' id='word_1_799' title='bbox 1827 5605 1870 5637; x_wconf 81' lang='grc'><strong><em>⁸⁵</em></strong></span> <span class='ocrx_word' id='word_1_800' title='bbox 1896 5607 2097 5664; x_wconf 81' lang='lat' dir='ltr'><strong>Jerem.</strong></span> <span class='ocrx_word' id='word_1_801' title='bbox 2134 5627 2250 5677; x_wconf 77' lang='lat' dir='ltr'><strong>vm,</strong></span> <span class='ocrx_word' id='word_1_802' title='bbox 2281 5614 2331 5666; x_wconf 84' lang='lat'><strong>7.</strong></span> 
     </span>
    </p>
   </div>
   <div class='ocr_carea' id='block_1_108' title="bbox 1572 5673 2059 5759">
    <p class='ocr_par' dir='ltr' id='par_1_108' title="bbox 1572 5673 2059 5759">
     <span class='ocr_line' id='line_1_108' title="bbox 1572 5673 2059 5759; baseline 0.01 -32"><span class='ocrx_word' id='word_1_803' title='bbox 1572 5673 1665 5759; x_wconf 38' lang='lat'><strong>“&#39;1</strong></span> <span class='ocrx_word' id='word_1_804' title='bbox 1693 5674 1826 5746; x_wconf 66' lang='lat' dir='ltr'><strong>Reg.</strong></span> <span class='ocrx_word' id='word_1_805' title='bbox 1865 5694 1938 5745; x_wconf 75' lang='lat' dir='ltr'><strong>ix,</strong></span> <span class='ocrx_word' id='word_1_806' title='bbox 1969 5679 2059 5732; x_wconf 71' lang='grc'><strong>24.</strong></span> 
     </span>
    </p>
   </div>
   <div class='ocr_carea' id='block_1_109' title="bbox 1984 4472 3553 4550">
    <p class='ocr_par' dir='ltr' id='par_1_109' title="bbox 1984 4472 3553 4550">
     <span class='ocr_line' id='line_1_109' title="bbox 1984 4472 3553 4550; baseline 0.005 -24"><span class='ocrx_word' id='word_1_807' title='bbox 1984 4479 2045 4526; x_wconf 80' lang='grc' dir='ltr'><strong>ιιι</strong></span> <span class='ocrx_word' id='word_1_808' title='bbox 2072 4472 2353 4527; x_wconf 87' lang='lat' dir='ltr'><strong>occidatur</strong></span> <span class='ocrx_word' id='word_1_809' title='bbox 2373 4473 2511 4535; x_wconf 88' lang='lat' dir='ltr'><strong>avis,</strong></span> <span class='ocrx_word' id='word_1_810' title='bbox 2545 4473 2641 4534; x_wconf 66' lang='lat' dir='ltr'><strong>sed</strong></span> <span class='ocrx_word' id='word_1_811' title='bbox 2667 4485 2725 4526; x_wconf 86' lang='grc' dir='ltr'><strong>ιιι</strong></span> <span class='ocrx_word' id='word_1_812' title='bbox 2787 4474 3146 4544; x_wconf 88' lang='lat' dir='ltr'><strong>abrumpatur</strong></span> <span class='ocrx_word' id='word_1_813' title='bbox 3172 4475 3257 4532; x_wconf 90' lang='lat' dir='ltr'><strong>vel</strong></span> <span class='ocrx_word' id='word_1_814' title='bbox 3288 4476 3553 4550; x_wconf 88' lang='lat' dir='ltr'><strong>refringa-</strong></span> 
     </span>
    </p>
   </div>
   <div class='ocr_carea' id='block_1_110' title="bbox 1983 4562 3555 4638">
    <p class='ocr_par' dir='ltr' id='par_1_110' title="bbox 1983 4562 3555 4638">
     <span class='ocr_line' id='line_1_110' title="bbox 1983 4562 3555 4638; baseline 0.004 -22"><span class='ocrx_word' id='word_1_815' title='bbox 1983 4572 2072 4616; x_wconf 91' lang='lat' dir='ltr'><strong>tur</strong></span> <span class='ocrx_word' id='word_1_816' title='bbox 2095 4562 2366 4630; x_wconf 85' lang='lat' dir='ltr'><strong>legislator</strong></span> <span class='ocrx_word' id='word_1_817' title='bbox 2385 4563 2567 4632; x_wconf 83' lang='lat' dir='ltr'><strong>jussit,</strong></span> <span class='ocrx_word' id='word_1_818' title='bbox 2593 4563 2890 4618; x_wconf 89' lang='lat' dir='ltr'><strong>ostendens</strong></span> <span class='ocrx_word' id='word_1_819' title='bbox 2951 4566 3224 4634; x_wconf 87' lang='lat' dir='ltr'><strong>quomodo</strong></span> <span class='ocrx_word' id='word_1_820' title='bbox 3253 4583 3352 4637; x_wconf 91' lang='lat' dir='ltr'><strong>per</strong></span> <span class='ocrx_word' id='word_1_821' title='bbox 3374 4577 3555 4638; x_wconf 91' lang='lat' dir='ltr'><strong>partes</strong></span> 
     </span>
    </p>
   </div>
   <div class='ocr_carea' id='block_1_111' title="bbox 1981 4655 3552 4726">
    <p class='ocr_par' dir='ltr' id='par_1_111' title="bbox 1981 4655 3552 4726">
     <span class='ocr_line' id='line_1_111' title="bbox 1981 4655 3552 4726; baseline 0.006 -19"><span class='ocrx_word' id='word_1_822' title='bbox 1981 4663 2035 4708; x_wconf 91' lang='lat' dir='ltr'><strong>et</strong></span> <span class='ocrx_word' id='word_1_823' title='bbox 2065 4655 2260 4709; x_wconf 91' lang='lat' dir='ltr'><strong>leniter</strong></span> <span class='ocrx_word' id='word_1_824' title='bbox 2287 4671 2478 4709; x_wconf 89' lang='lat' dir='ltr'><strong>verum</strong></span> <span class='ocrx_word' id='word_1_825' title='bbox 2512 4664 2694 4726; x_wconf 88' lang='lat' dir='ltr'><strong>caput,</strong></span> <span class='ocrx_word' id='word_1_826' title='bbox 2742 4656 2793 4711; x_wconf 91' lang='lat' dir='ltr'><strong>id</strong></span> <span class='ocrx_word' id='word_1_827' title='bbox 2840 4663 2924 4711; x_wconf 81' lang='lat' dir='ltr'><strong>est</strong></span> <span class='ocrx_word' id='word_1_828' title='bbox 2978 4667 3215 4713; x_wconf 85' lang='lat' dir='ltr'><strong>mentem</strong></span> <span class='ocrx_word' id='word_1_829' title='bbox 3269 4659 3474 4716; x_wconf 87' lang='lat' dir='ltr'><strong>dividat</strong></span> <span class='ocrx_word' id='word_1_830' title='bbox 3521 4676 3552 4715; x_wconf 91' lang='lat' dir='ltr'><strong>a</strong></span> 
     </span>
    </p>
   </div>
   <div class='ocr_carea' id='block_1_112' title="bbox 1980 4747 3551 4824">
    <p class='ocr_par' dir='ltr' id='par_1_112' title="bbox 1980 4747 3551 4824">
     <span class='ocr_line' id='line_1_112' title="bbox 1980 4747 3551 4824; baseline 0.006 -26"><span class='ocrx_word' id='word_1_831' title='bbox 1980 4747 2140 4815; x_wconf 85' lang='lat' dir='ltr'><strong>pelle,</strong></span> <span class='ocrx_word' id='word_1_832' title='bbox 2163 4747 2218 4801; x_wconf 90' lang='lat' dir='ltr'><strong>id</strong></span> <span class='ocrx_word' id='word_1_833' title='bbox 2249 4756 2349 4809; x_wconf 89' lang='lat' dir='ltr'><strong>est,</strong></span> <span class='ocrx_word' id='word_1_834' title='bbox 2375 4763 2402 4800; x_wconf 93' lang='lat' dir='ltr'><strong>a</strong></span> <span class='ocrx_word' id='word_1_835' title='bbox 2430 4763 2624 4814; x_wconf 89' lang='lat' dir='ltr'><strong>carne;</strong></span> <span class='ocrx_word' id='word_1_836' title='bbox 2646 4749 2790 4803; x_wconf 89' lang='lat' dir='ltr'><strong>unde</strong></span> <span class='ocrx_word' id='word_1_837' title='bbox 2817 4763 2917 4803; x_wconf 90' lang='lat' dir='ltr'><strong>nec</strong></span> <span class='ocrx_word' id='word_1_838' title='bbox 2949 4749 3183 4806; x_wconf 74' lang='lat' dir='ltr'><strong>eﬂundit</strong></span> <span class='ocrx_word' id='word_1_839' title='bbox 3207 4754 3551 4824; x_wconf 88' lang='lat' dir='ltr'><strong>sanguinem,</strong></span> 
     </span>
    </p>
   </div>
   <div class='ocr_carea' id='block_1_113' title="bbox 1979 4837 3554 4909">
    <p class='ocr_par' dir='ltr' id='par_1_113' title="bbox 1979 4837 3554 4909">
     <span class='ocr_line' id='line_1_113' title="bbox 1979 4837 3554 4909; baseline 0.005 -19"><span class='ocrx_word' id='word_1_840' title='bbox 1979 4837 2074 4890; x_wconf 73' lang='lat' dir='ltr'><strong>sed</strong></span> <span class='ocrx_word' id='word_1_841' title='bbox 2098 4837 2390 4893; x_wconf 90' lang='lat' dir='ltr'><strong>decurrere</strong></span> <span class='ocrx_word' id='word_1_842' title='bbox 2411 4839 2594 4905; x_wconf 81' lang='lat' dir='ltr'><strong>faciet,</strong></span> <span class='ocrx_word' id='word_1_843' title='bbox 2619 4841 2704 4895; x_wconf 85' lang='lat' dir='ltr'><strong>vel</strong></span> <span class='ocrx_word' id='word_1_844' title='bbox 2732 4843 3032 4896; x_wconf 90' lang='lat' dir='ltr'><strong>secundum</strong></span> <span class='ocrx_word' id='word_1_845' title='bbox 3056 4844 3218 4909; x_wconf 81' lang='lat' dir='ltr'><strong>LXX,</strong></span> <span class='ocrx_word' id='word_1_846' title='bbox 3248 4845 3476 4908; x_wconf 89' lang='lat' dir='ltr'><strong>esculat,</strong></span> <span class='ocrx_word' id='word_1_847' title='bbox 3493 4853 3554 4897; x_wconf 91' lang='lat' dir='ltr'><strong>ut</strong></span> 
     </span>
    </p>
   </div>
   <div class='ocr_carea' id='block_1_114' title="bbox 1978 4933 3552 5004">
    <p class='ocr_par' dir='ltr' id='par_1_114' title="bbox 1978 4933 3552 5004">
     <span class='ocr_line' id='line_1_114' title="bbox 1978 4933 3552 5004; baseline 0.005 -23"><span class='ocrx_word' id='word_1_848' title='bbox 1978 4945 2074 4999; x_wconf 91' lang='lat' dir='ltr'><strong>per</strong></span> <span class='ocrx_word' id='word_1_849' title='bbox 2105 4940 2288 4999; x_wconf 89' lang='lat' dir='ltr'><strong>partes</strong></span> <span class='ocrx_word' id='word_1_850' title='bbox 2311 4941 2366 4986; x_wconf 90' lang='lat' dir='ltr'><strong>et</strong></span> <span class='ocrx_word' id='word_1_851' title='bbox 2401 4934 2638 5001; x_wconf 87' lang='lat' dir='ltr'><strong>perfecte</strong></span> <span class='ocrx_word' id='word_1_852' title='bbox 2666 4933 2928 5004; x_wconf 89' lang='lat' dir='ltr'><strong>despiciat</strong></span> <span class='ocrx_word' id='word_1_853' title='bbox 2949 4936 3299 5004; x_wconf 76' lang='lat' dir='ltr'><strong>praesentium</strong></span> <span class='ocrx_word' id='word_1_854' title='bbox 3321 4935 3552 4989; x_wconf 89' lang='lat' dir='ltr'><strong>medita-</strong></span> 
     </span>
    </p>
   </div>
   <div class='ocr_carea' id='block_1_115' title="bbox 1979 5022 3550 5096">
    <p class='ocr_par' dir='ltr' id='par_1_115' title="bbox 1979 5022 3550 5096">
     <span class='ocr_line' id='line_1_115' title="bbox 1979 5022 3550 5096; baseline 0.004 -24"><span class='ocrx_word' id='word_1_855' title='bbox 1979 5022 2181 5074; x_wconf 88' lang='lat' dir='ltr'><strong>tionem</strong></span> <span class='ocrx_word' id='word_1_856' title='bbox 2212 5023 2299 5076; x_wconf 85' lang='lat' dir='ltr'><strong>vel</strong></span> <span class='ocrx_word' id='word_1_857' title='bbox 2328 5023 2516 5089; x_wconf 84' lang='lat' dir='ltr'><strong>vitam,</strong></span> <span class='ocrx_word' id='word_1_858' title='bbox 2546 5035 2735 5096; x_wconf 84' lang='lat' dir='ltr'><strong>utpote</strong></span> <span class='ocrx_word' id='word_1_859' title='bbox 2762 5027 2853 5095; x_wconf 89' lang='lat' dir='ltr'><strong>qui</strong></span> <span class='ocrx_word' id='word_1_860' title='bbox 2888 5036 3052 5081; x_wconf 89' lang='lat' dir='ltr'><strong>totam</strong></span> <span class='ocrx_word' id='word_1_861' title='bbox 3115 5042 3267 5080; x_wconf 88' lang='lat' dir='ltr'><strong>suam</strong></span> <span class='ocrx_word' id='word_1_862' title='bbox 3313 5027 3550 5079; x_wconf 87' lang='lat' dir='ltr'><strong>animam</strong></span> 
     </span>
    </p>
   </div>
   <div class='ocr_carea' id='block_1_116' title="bbox 1977 5113 3595 5188">
    <p class='ocr_par' dir='ltr' id='par_1_116' title="bbox 1977 5113 3595 5188">
     <span class='ocr_line' id='line_1_116' title="bbox 1977 5113 3595 5188; baseline 0.003 -23"><span class='ocrx_word' id='word_1_863' title='bbox 1977 5113 2172 5168; x_wconf 86' lang='lat' dir='ltr'><strong>obtulit</strong></span> <span class='ocrx_word' id='word_1_864' title='bbox 2206 5114 2336 5168; x_wconf 88' lang='lat' dir='ltr'><strong>Deo.</strong></span> <span class='ocrx_word' id='word_1_865' title='bbox 2380 5116 2492 5171; x_wconf 84' lang='lat' dir='ltr'><strong>Hoc</strong></span> <span class='ocrx_word' id='word_1_866' title='bbox 2525 5119 2669 5171; x_wconf 90' lang='lat' dir='ltr'><strong>enim</strong></span> <span class='ocrx_word' id='word_1_867' title='bbox 2706 5119 2978 5188; x_wconf 73' lang='lat' dir='ltr'><strong>signiﬁcat</strong></span> <span class='ocrx_word' id='word_1_868' title='bbox 3014 5136 3031 5171; x_wconf 88' lang='lat'><strong><em>:</em></strong></span> <span class='ocrx_word' id='word_1_869' title='bbox 3070 5118 3137 5172; x_wconf 86' lang='lat' dir='ltr'><strong>Et</strong></span> <span class='ocrx_word' id='word_1_870' title='bbox 3167 5119 3381 5186; x_wconf 85' lang='lat' dir='ltr'><strong>sanguis</strong></span> <span class='ocrx_word' id='word_1_871' title='bbox 3407 5133 3553 5170; x_wconf 87' lang='lat' dir='ltr'><strong>escu-</strong></span> <span class='ocrx_word' id='word_1_872' title='bbox 3592 5146 3595 5150; x_wconf 96' lang='lat'><strong><em>-</em></strong></span> 
     </span>
    </p>
   </div>
   <div class='ocr_carea' id='block_1_117' title="bbox 1979 5203 3553 5278">
    <p class='ocr_par' dir='ltr' id='par_1_117' title="bbox 1979 5203 3553 5278">
     <span class='ocr_line' id='line_1_117' title="bbox 1979 5203 3553 5278; baseline 0.005 -22"><span class='ocrx_word' id='word_1_873' title='bbox 1979 5203 2118 5257; x_wconf 84' lang='lat' dir='ltr'><strong>latus</strong></span> <span class='ocrx_word' id='word_1_874' title='bbox 2148 5207 2287 5258; x_wconf 87' lang='lat' dir='ltr'><strong>circa</strong></span> <span class='ocrx_word' id='word_1_875' title='bbox 2321 5205 2489 5260; x_wconf 86' lang='lat' dir='ltr'><strong>basim</strong></span> <span class='ocrx_word' id='word_1_876' title='bbox 2519 5208 2729 5272; x_wconf 87' lang='lat' dir='ltr'><strong>altaris,</strong></span> <span class='ocrx_word' id='word_1_877' title='bbox 2761 5209 2903 5278; x_wconf 88' lang='lat' dir='ltr'><strong>quod</strong></span> <span class='ocrx_word' id='word_1_878' title='bbox 2927 5217 3010 5263; x_wconf 91' lang='lat' dir='ltr'><strong>est</strong></span> <span class='ocrx_word' id='word_1_879' title='bbox 3045 5209 3298 5263; x_wconf 87' lang='lat' dir='ltr'><strong>Christus</strong></span> <span class='ocrx_word' id='word_1_880' title='bbox 3323 5209 3553 5264; x_wconf 85' lang='lat' dir='ltr'><strong>:Christi</strong></span> 
     </span>
    </p>
   </div>
   <div class='ocr_carea' id='block_1_118' title="bbox 1983 5296 3554 5370">
    <p class='ocr_par' dir='ltr' id='par_1_118' title="bbox 1983 5296 3554 5370">
     <span class='ocr_line' id='line_1_118' title="bbox 1983 5296 3554 5370; baseline 0.004 -22"><span class='ocrx_word' id='word_1_881' title='bbox 1983 5303 2166 5349; x_wconf 86' lang='lat' dir='ltr'><strong>autem</strong></span> <span class='ocrx_word' id='word_1_882' title='bbox 2205 5296 2349 5350; x_wconf 90' lang='lat' dir='ltr'><strong>basis</strong></span> <span class='ocrx_word' id='word_1_883' title='bbox 2378 5307 2461 5353; x_wconf 91' lang='lat' dir='ltr'><strong>est</strong></span> <span class='ocrx_word' id='word_1_884' title='bbox 2486 5298 2862 5370; x_wconf 88' lang='lat' dir='ltr'><strong>Evangelium,</strong></span> <span class='ocrx_word' id='word_1_885' title='bbox 2891 5300 2945 5353; x_wconf 92' lang='lat' dir='ltr'><strong>in</strong></span> <span class='ocrx_word' id='word_1_886' title='bbox 2985 5317 3094 5370; x_wconf 90' lang='lat' dir='ltr'><strong>quo</strong></span> <span class='ocrx_word' id='word_1_887' title='bbox 3123 5298 3355 5354; x_wconf 85' lang='lat' dir='ltr'><strong>maxime</strong></span> <span class='ocrx_word' id='word_1_888' title='bbox 3387 5315 3554 5369; x_wconf 89' lang='lat' dir='ltr'><strong>opor-</strong></span> 
     </span>
    </p>
   </div>
   <div class='ocr_carea' id='block_1_119' title="bbox 1985 5389 3554 5461">
    <p class='ocr_par' dir='ltr' id='par_1_119' title="bbox 1985 5389 3554 5461">
     <span class='ocr_line' id='line_1_119' title="bbox 1985 5389 3554 5461; baseline 0.006 -25"><span class='ocrx_word' id='word_1_889' title='bbox 1985 5391 2099 5439; x_wconf 91' lang='lat' dir='ltr'><strong>tere</strong></span> <span class='ocrx_word' id='word_1_890' title='bbox 2123 5402 2220 5441; x_wconf 89' lang='lat' dir='ltr'><strong>nos</strong></span> <span class='ocrx_word' id='word_1_891' title='bbox 2249 5397 2572 5456; x_wconf 65' lang='lat' dir='ltr'><strong>praesentem</strong></span> <span class='ocrx_word' id='word_1_892' title='bbox 2601 5389 2766 5444; x_wconf 89' lang='lat' dir='ltr'><strong>vitam</strong></span> <span class='ocrx_word' id='word_1_893' title='bbox 2812 5392 3114 5461; x_wconf 86' lang='lat' dir='ltr'><strong>despicere,</strong></span> <span class='ocrx_word' id='word_1_894' title='bbox 3145 5399 3335 5460; x_wconf 89' lang='lat' dir='ltr'><strong>utpote</strong></span> <span class='ocrx_word' id='word_1_895' title='bbox 3384 5401 3554 5446; x_wconf 88' lang='lat' dir='ltr'><strong>totam</strong></span> 
     </span>
    </p>
   </div>
   <div class='ocr_carea' id='block_1_120' title="bbox 1983 5474 3552 5548">
    <p class='ocr_par' dir='ltr' id='par_1_120' title="bbox 1983 5474 3552 5548">
     <span class='ocr_line' id='line_1_120' title="bbox 1983 5474 3552 5548; baseline 0.007 -19"><span class='ocrx_word' id='word_1_896' title='bbox 1983 5477 2220 5532; x_wconf 89' lang='lat' dir='ltr'><strong>animam</strong></span> <span class='ocrx_word' id='word_1_897' title='bbox 2250 5489 2492 5534; x_wconf 89' lang='lat' dir='ltr'><strong>nostram</strong></span> <span class='ocrx_word' id='word_1_898' title='bbox 2534 5474 2646 5535; x_wconf 87' lang='lat' dir='ltr'><strong>Deo</strong></span> <span class='ocrx_word' id='word_1_899' title='bbox 2677 5482 2992 5548; x_wconf 67' lang='lat' dir='ltr'><strong>offerentes,</strong></span> <span class='ocrx_word' id='word_1_900' title='bbox 3027 5483 3336 5540; x_wconf 86' lang='lat' dir='ltr'><strong>didicimus.</strong></span> <span class='ocrx_word' id='word_1_901' title='bbox 3396 5484 3552 5539; x_wconf 67' lang='lat' dir='ltr'><strong>Vesi-</strong></span> 
     </span>
    </p>
   </div>
   <div class='ocr_carea' id='block_1_121' title="bbox 2429 5610 3550 5680">
    <p class='ocr_par' dir='ltr' id='par_1_121' title="bbox 2429 5610 3550 5680">
     <span class='ocr_line' id='line_1_121' title="bbox 2429 5610 3550 5680; baseline 0.015 -18"><span class='ocrx_word' id='word_1_902' title='bbox 2429 5611 2473 5644; x_wconf 76' lang='grc'><strong>⁸⁶</strong></span> <span class='ocrx_word' id='word_1_903' title='bbox 2508 5610 2694 5665; x_wconf 80' lang='lat' dir='ltr'><strong>Matth.</strong></span> <span class='ocrx_word' id='word_1_904' title='bbox 2725 5630 2776 5680; x_wconf 91' lang='lat' dir='ltr'><strong>v,</strong></span> <span class='ocrx_word' id='word_1_905' title='bbox 2810 5615 2863 5671; x_wconf 92' lang='lat'><strong>8.</strong></span> <span class='ocrx_word' id='word_1_906' title='bbox 2954 5617 2997 5650; x_wconf 69' lang='grc' dir='ltr'><strong>δ’</strong></span> <span class='ocrx_word' id='word_1_907' title='bbox 3044 5619 3142 5674; x_wconf 89' lang='lat' dir='ltr'><strong>lsa.</strong></span> <span class='ocrx_word' id='word_1_908' title='bbox 3191 5635 3420 5680; x_wconf 72' lang='lat' dir='ltr'><strong>xxxviii.</strong></span> <span class='ocrx_word' id='word_1_909' title='bbox 3468 5622 3550 5679; x_wconf 69' lang='lat' dir='ltr'><strong>li.</strong></span> 
     </span>
    </p>
   </div>
  </div>
