4076 6188
496 259 608 325 803

505 471 609 525 est,
635 471 887 530 utroque,
922 471 979 514 et
1019 459 1320 521 inﬂatione,
1347 469 1509 527 atque
1537 459 1937 529 superﬂuorum
2004 461 2091 514 in-

503 552 799 620 quisitione
831 567 955 605 eum
975 566 1182 614 carere,
1211 551 1574 620 mundarique
1594 552 1782 606 volens
1813 569 1825 604 ε
1856 553 2090 606 maxime

503 643 650 696 (nim
682 643 766 696 his
801 641 1165 710 passiouibus,
1201 641 1253 695 hi
1285 645 1376 710 qui
1410 643 1648 695 uberiori
1674 644 1880 712 pollent
1910 645 2092 698 scien-

507 736 599 796 tia,
621 733 1006 792 succumbunt,
1039 741 1331 787 attestante
1357 734 1518 786 Paulo
1546 751 1556 785 :
1591 734 1821 786 Scientia
1847 735 1999 802 inﬂat
2019 737 2083 788 ⁸⁸.

505 825 570 878 Et
595 837 830 876 rursus:
884 822 942 876 Si
980 825 1097 893 quis
1153 824 1359 877 videtur
1406 825 1540 878 scire
1592 825 1820 890 aliquid,
1869 828 2087 879 necdum

502 915 742 984 cognovit
764 915 1204 981 quemadmodum
1259 927 1493 984 oporteat
1527 933 1643 968 eum
1679 917 1810 969 scire
1835 917 1901 969 “.
1947 917 2087 970 Rur-

503 1021 595 1058 sus
626 1004 742 1073 ipse
763 1003 841 1056 ait
876 1022 888 1057 :
917 1003 1115 1072 Corpus
1160 1016 1338 1058 autem
1374 1005 1567 1060 Christi
1597 1022 1614 1058 :
1664 1023 1816 1060 nemo
1838 1024 1925 1060 vos
1955 1008 2088 1061 deci-

501 1096 637 1164 piat,
683 1095 856 1148 volens
882 1096 935 1148 in
969 1096 1270 1149 humilitate
1305 1108 1353 1149 et
1378 1097 1628 1166 religione
1651 1099 1956 1167 angelorum
1970 1116 2086 1168 qua:

503 1205 605 1241 non
639 1189 788 1249 vidit,
851 1189 1135 1240 ambulans
1185 1190 1384 1258 frustra
1430 1191 1648 1258 inﬂatus
1706 1208 1858 1244 sensu
1911 1194 2085 1246 carnis

499 1296 608 1333 siut:
634 1279 700 1331 ".
738 1279 874 1333 Nam
909 1279 1248 1332 Theodotion
1313 1280 1568 1334 similiter
1615 1283 1838 1334 vesicam
1869 1284 2038 1337 edidit
2069 1301 2081 1336 :

500 1371 689 1439 Aq‘uila
717 1370 908 1436 σιτίον,
938 1371 990 1423 id
1037 1379 1120 1423 est
1149 1370 1435 1433 cibarium,
1469 1371 1594 1438 quia
1621 1372 1673 1423 in
1701 1372 1893 1424 avibus
1926 1373 2080 1426 inﬂa-

504 1461 835 1529 tiouiaptnm
868 1477 962 1515 vas
988 1461 1405 1529 suscipiensque
1439 1462 1737 1530 superﬂua,
1764 1463 1941 1517 vesica
1977 1473 2080 1518 est.

501 1551 618 1604 Non
651 1568 780 1622 ergo
812 1553 1071 1620 permittit
1098 1552 1296 1616 inﬂari,
1331 1563 1386 1607 et
1435 1554 1553 1606 ideo
1583 1555 1784 1606 auferri
1827 1556 2085 1625 praecepit

504 1644 766 1698 vesicam.
798 1645 903 1698 Sed
941 1660 1042 1698 nec
1072 1645 1276 1713 majora
1314 1645 1471 1699 nobis
1499 1662 1742 1714 qtuerere
1774 1649 2078 1702 velaltiora.

502 1736 702 1789 Altiora
728 1736 870 1789 enim
901 1745 970 1797 te,
1006 1737 1098 1797 ait,
1142 1753 1203 1788 ne
1263 1738 1552 1806 qutesieris,
1588 1746 1637 1790 et
1668 1738 1976 1791 sublimiora
2030 1749 2078 1792 te

504 1843 567 1880 ne
594 1837 860 1880 scrutatus
893 1827 1055 1897 fueris
1076 1827 1141 1880 “.
1168 1825 1321 1880 Unde
1351 1836 1402 1880 et
1444 1829 1655 1897 plumas
1685 1829 1751 1881 ab
1785 1830 1958 1882 hostia
1993 1845 2080 1883 se-

502 1918 730 1987 paravit,
793 1925 850 1970 et
917 1918 1150 1985 projecit
1220 1925 1441 1987 propter
1506 1919 1673 1971 altare
1723 1919 1786 1971 ad
1865 1921 2075 1990 plagam

501 2009 842 2070 orientalem,
914 2009 968 2061 in
1016 2008 1136 2062 loco
1175 2008 1230 2062 in
1277 2025 1387 2078 quo
1429 2009 1639 2064 cineres
1705 2009 1910 2064 edundi
1986 2026 2078 2065 so-

503 2101 632 2153 lent.
659 2100 738 2153 Ad
769 2099 1034 2153 orientem
1056 2099 1301 2168 quidem,
1326 2101 1449 2168 quia
1469 2101 1746 2169 inquisitio
1766 2103 2077 2156 sublimium

501 2207 682 2244 rerum
705 2191 922 2244 videtur
947 2204 1090 2243 esse.
1129 2190 1289 2243 Extra
1311 2192 1480 2244 altare
1529 2201 1732 2256 autem,
1783 2194 1912 2262 quia
1966 2209 2074 2248 non

501 2283 890 2344 necessariam.
923 2282 1016 2336 sed
1043 2283 1371 2351 superlluam
1404 2292 1566 2351 atque
1617 2284 1832 2336 noxiam
1865 2293 2078 2350 scruta-

501 2375 706 2428 tionem
736 2374 1000 2444 possidet.
1052 2375 1112 2427 In
1173 2374 1352 2428 locum
1380 2385 1562 2429 autem
1603 2375 1760 2444 jubet
1802 2377 2075 2438 cinerum,

502 2476 725 2536 propter
747 2475 1018 2527 naturam,
1052 2466 1119 2519 de
1144 2480 1249 2532 qua
1281 2467 1554 2518 Abraham
1600 2466 1771 2519 dicit:
1803 2465 1914 2534 Ego
1961 2481 2077 2516 sum

500 2559 668 2625 pulvis
681 2569 726 2610 et
741 2558 945 2610 cinis".
964 2557 1100 2626 Ergo
1114 2572 1206 2625 per
1224 2557 1402 2609 locum
1419 2558 1663 2610 cinerum
1680 2559 1986 2625 praedictam
2003 2558 2074 2610 in-

501 2649 774 2702 ﬂationem
793 2647 1068 2710 redarguit
1084 2647 1376 2716 legislator,
1400 2656 1587 2716 utpote
1604 2663 1724 2714 quae
1740 2647 1898 2717 digna
1915 2653 1984 2701 sit
2000 2648 2078 2700 ci-

501 2756 651 2806 nere;
673 2741 812 2808 quod
833 2748 1010 2794 autem
1027 2739 1210 2792 cinere
1227 2739 1446 2807 dignum
1470 2747 1573 2802 est,
1589 2739 1840 2792 deorsum
1864 2740 2073 2793 interra

500 2841 702 2888 manet.
727 2839 781 2883 et
798 2830 848 2881 iu
869 2830 1063 2882 coelum
1081 2830 1372 2883 ascendere
1389 2844 1492 2881 non
1510 2838 1704 2898 potest.
1733 2828 1933 2883 Deinde
1956 2830 2032 2882 ait
2057 2847 2070 2883 :

572 2921 976 2992 Confriugetque
1025 2919 1248 2976 ascellas
1297 2919 1430 2987 ejus,
1488 2929 1538 2972 et
1593 2937 1695 2972 non
1739 2921 1954 2984 sicabit,
1983 2937 2075 2973 nec

497 3015 637 3082 ferro
654 3012 864 3064 dividet.
899 3010 1219 3064 Necessarie
1240 3011 1564 3080 pr.ecipieus
1597 3022 1886 3081 utrumque
1908 3030 1917 3061 :
1937 3027 2071 3065 eon-

496 3099 745 3170 t‘ringens
780 3099 1072 3167 siquidem,
1109 3100 1232 3168 quia
1257 3107 1470 3167 oportet
1502 3101 1741 3153 membra
1789 3109 2070 3157 conterere

495 3195 658 3256 atque
684 3187 1058 3256 aﬂligereeum
1113 3187 1203 3256 qui
1257 3187 1364 3240 Deo
1388 3187 1710 3241 sacriﬁcium
1736 3189 1850 3242 ﬁeri
1901 3189 2067 3259 cupit.

498 3277 616 3330 Non
649 3277 855 3330 secabit
885 3286 1092 3341 autem,
1138 3291 1240 3332 nec
1296 3278 1442 3332 ferro
1507 3279 1731 3343 dividet,
1757 3295 1860 3333 nec
1912 3281 2072 3334 faciet

495 3383 651 3420 avem
697 3369 836 3420 sicut
900 3367 1091 3421 bovem
1123 3356 1414 3422 ’autovem
1461 3383 1556 3437 per
1612 3368 1924 3422 divisiones.
1957 3369 2071 3423 Hoc

495 3459 696 3528 quippe
721 3467 772 3511 ct
823 3458 1095 3511 Abraham
1167 3459 1220 3510 in
1283 3475 1382 3512 suo
1443 3459 1709 3514 sacriﬁcio
1752 3461 2066 3526 CUSlOdl\'l|,

495 3550 711 3618 quando
747 3551 854 3602 Deo
881 3550 1102 3614 iubente
1160 3566 1379 3604 vaccam
1408 3551 1642 3614 trimam,
1707 3553 1960 3606 similiter
2015 3564 2070 3607 et

493 3656 730 3710 Capram,
754 3650 808 3692 et
833 3641 1056 3693 arietem
1083 3641 1373 3705 triennem,
1399 3651 1453 3696 et
1479 3651 1748 3696 turturem
1777 3652 1830 3697 et
1857 3644 2068 3698 colunt-

493 3735 616 3786 bam
640 3731 875 3795 obtulit;
903 3730 980 3784 ait
1011 3730 1154 3783 enim
1191 3747 1205 3782 :
1238 3731 1446 3797 Accepit
1466 3732 1562 3785 sibi
1605 3735 1715 3785 haec
1765 3735 1963 3797 omnia,
2019 3743 2067 3786 et

491 3823 665 3875 diuisit
694 3837 754 3873 ea
783 3836 874 3887 per
894 3821 1124 3873 medium
1169 3819 1498 3884 altrinsecus,
1522 3831 1570 3874 et
1620 3831 1799 3874 contra
1826 3839 1881 3876 se
1909 3840 2068 3892 expo-

488 3914 616 3977 suit,
647 3930 767 3966 aves
795 3923 970 3966 autem
1000 3929 1100 3966 non
1115 3913 1288 3967 diuisit
1315 3915 1380 3966 ⁸⁸.
1428 3913 1729 3968 Prudenter
1750 3925 1930 3968 autem
1963 3919 2068 3970 hoc

491 4006 804 4068 custodivit,
861 4014 1022 4073 atque
1071 4005 1374 4060 secundum
1428 4006 1758 4060 intellectum
1813 4009 2063 4077 prmeepti

493 4095 718 4148 nuncin
752 4096 923 4166 legem
949 4096 1060 4149 dat.
1109 4096 1567 4164 Contemplationi
1622 4098 1767 4151 enim
1795 4098 2066 4152 inhaerens

492 4187 678 4249 homo,
713 4187 958 4256 nihilque
996 4188 1205 4242 habens
1270 4198 1573 4246 terrenum.
1609 4189 1702 4243 sed
1764 4191 1856 4258 qui
1921 4200 2064 4244 totus

485 4276 805 4347 jamdudum
820 4275 1058 4330 caelestis
1089 4275 1506 4334 est.adrersans
1532 4275 1726 4330 anima:
1757 4291 1865 4329 non
1901 4276 2065 4331 habet

1690 263 2048 324 HESYCHII
2087 262 2539 327 PRESBYTER]

509 372 682 425 iniam
709 379 888 427 autem
911 369 1146 444 gutturis
1194 378 1250 424 et
1297 371 1512 441 plumas
1559 371 1749 440 projici
1793 372 1976 440 jussit,
2037 372 2088 426 id
2119 382 2160 433 Α

3658 269 3767 332 εοι

2807 439 3038 496 CAPUT
3083 441 3149 496 ll.

2265 547 2428 602 Vnus.
2464 547 2580 602 1-5.
2637 568 2656 602 ε
2717 550 2907 604 Anima
2957 568 3081 608 cum
3114 553 3373 608 obtulerit
3439 555 3769 613 oblationem

2187 639 2436 693 sacriﬁcii
2470 640 2718 702 Domino,
2749 641 2923 694 simila
2939 643 3042 696 erit
3069 645 3189 712 ejus
3207 644 3432 706 oblatio,
3469 644 3775 716 fundetquo

2187 742 2354 796 super
2377 743 2496 782 eam
2523 729 2726 791 oleum,
2756 741 2811 783 et
2832 741 2999 799 ponet
3031 733 3176 796 thus,
3208 748 3270 788 ac
3299 734 3508 788 deleret
3533 738 3600 790 ad
3628 738 3775 792 ﬁlios

2185 819 2367 873 Aaron
2419 822 2741 876 sacerdotis.
2803 822 3047 886 Quorum
3094 839 3236 877 unus
3285 825 3436 880 tollet
3500 828 3771 898 pugillum

2186 909 2405 978 plenum
2440 910 2629 964 simila:
2653 920 2709 964 et
2737 911 2838 964 olei
2868 928 2933 966 ac
2969 921 3142 966 totum
3175 914 3324 978 ibus,
3357 925 3412 969 et
3444 927 3611 985 punet
3644 933 3771 972 me-

2185 1002 2414 1055 moriale
2435 1017 2601 1070 super
2630 1004 2800 1056 altare
2850 1003 2902 1055 in
2964 1006 3188 1058 odorem
3229 1008 3611 1061 suavissimum
3657 1008 3773 1061 Do-

2184 1089 2356 1142 mino.
2389 1087 2541 1152 Quod
2565 1099 2746 1142 autem
2781 1091 3048 1158 reliquum
3078 1091 3242 1146 fuerit
3266 1094 3335 1147 de
3359 1095 3774 1158 sacriﬁcio,erit

2184 1175 2363 1230 Aaron
2383 1187 2437 1231 et
2457 1177 2689 1232 ﬁliorum
2719 1179 2839 1246 ejus
2885 1181 3142 1234 Sanctum
3183 1194 3495 1237 sanctorum
3519 1187 3584 1239 de
3609 1187 3769 1240 oblao

2186 1268 2425 1323 tionibus
2448 1269 2686 1324 Domini.
2717 1290 2736 1322 ›

2253 1359 2390 1425 Quia
2420 1361 2656 1416 animam
2689 1371 2862 1417 totum
2895 1364 3173 1418 hominem
3212 1367 3466 1434 appellat,
3532 1385 3654 1423 man
3683 1369 3766 1424 fe-

2183 1459 2324 1504 stum
2355 1460 2440 1506 est
2473 1467 2534 1506 ex
2564 1453 2667 1506 hoc
2684 1454 2829 1522 quod
2869 1454 2942 1508 ait
2974 1473 2986 1510 :
3025 1454 3215 1509 Simila
3245 1458 3343 1509 erit
3382 1459 3497 1527 ejus
3528 1460 3767 1516 oblatio:

2184 1542 2238 1596 in
2265 1552 2434 1598 totum
2460 1546 2698 1600 animam
2742 1547 2940 1600 iterare
2964 1548 3154 1602 volens
3185 1549 3289 1602 hoc
3318 1552 3462 1618 quod
3519 1551 3762 1606 ﬂendum

2183 1643 2321 1697 erat,
2355 1637 2554 1691 deinde
2580 1646 2634 1691 et
2663 1637 2894 1694 similam
2929 1639 3112 1693 oﬂerri
3148 1641 3410 1710 praecipit.
3438 1643 3628 1696 Anima
3655 1661 3763 1698 au-

2115 1721 2152 1776 B
2184 1733 2290 1778 tem
2323 1726 2436 1795 ipsa
2467 1742 2563 1796 per
2589 1743 2649 1782 se
2675 1731 2948 1798 quomodo
2974 1732 3575 1800 deferretoblationem,
3594 1751 3762 1804 quam

2180 1831 2403 1871 necesse
2431 1818 2664 1874 habebat
2689 1821 3011 1890 deprecans,
3064 1832 3120 1877 et
3157 1823 3225 1876 ad
3284 1825 3389 1878 hoc
3420 1827 3606 1894 utique
3658 1842 3756 1880 ne-

2179 1906 2486 1960 cessarium
2508 1907 2734 1962 haberet
2765 1911 3132 1966 ministerium
3166 1915 3450 1983 corporis?
3513 1915 3617 1970 Sed
3652 1933 3753 1969 au-

2180 1997 2464 2066 ribusquae
2493 1998 2694 2053 divinis
2724 2011 2850 2054 sunt
2893 2002 3209 2058 assuefactze
3265 2005 3583 2074 Scripturis,
3619 2009 3761 2063 nihil

2179 2088 2435 2142 novitatis
2466 2089 2552 2143 hic
2584 2092 2778 2145 asserit
2799 2108 3000 2148 sermo.
3055 2094 3187 2148 Nam
3229 2104 3285 2150 et
3339 2098 3490 2163 alibi,
3513 2101 3757 2154 animam

2179 2193 2275 2247 per
2303 2194 2378 2244 se,
2415 2195 2592 2235 mores
2623 2200 2750 2236 vero
2770 2194 2940 2239 totum
2974 2187 3252 2243 hominem
3275 2191 3600 2261 appellarit;
3629 2195 3758 2247 vel-

2179 2271 2255 2324 uti
2292 2287 2414 2325 cum
2442 2288 2630 2328 eorum
2673 2277 2764 2344 qui
2797 2278 2849 2330 in
2917 2278 3148 2350 Egypto
3199 2283 3596 2338 descenderunt
3641 2302 3758 2340 nu-

2179 2378 2386 2416 merum
2415 2365 2687 2434 digerens,
2716 2369 2791 2422 ait
2816 2387 2828 2422 :
2853 2368 3065 2426 Cunctw
3111 2375 3306 2428 animm
3344 2393 3460 2445 quia
3502 2377 3759 2446 ingressa

2177 2463 2296 2505 sunt
2320 2471 2436 2508 cum
2457 2455 2623 2510 Jacob
2655 2460 2707 2511 in
2731 2460 3042 2530 zEgyptum,
3075 2475 3123 2516 et
3153 2467 3345 2534 egressi
3367 2469 3431 2519 de
3465 2470 3754 2538 femoribus

2177 2545 2312 2614 ejus,
2343 2547 2537 2617 absque
2565 2551 2811 2604 uxoribus
2827 2554 3080 2617 filiorum,
3112 2561 3448 2627 septuaginta
3476 2562 3538 2613 ⁸⁸.
3562 2562 3666 2614 Sed
3694 2571 3754 2616 ct

2177 2635 2372 2698 Lucas,
2404 2654 2529 2693 cum
2556 2641 2704 2696 Pauli
2737 2645 3008 2714 navigium
3033 2645 3259 2702 Romam
3311 2652 3496 2706 euntis
3539 2654 3750 2708 descri-

2177 2726 2352 2787 heret,
2381 2729 2454 2782 ait
2489 2748 2500 2782 :
2539 2729 2769 2788 Eramus
2791 2745 2967 2788 autem
2995 2753 3170 2791 omnes
3209 2740 3404 2794 animw
3426 2744 3479 2795 in
3512 2745 3749 2797 uavidu-

2175 2816 2310 2868 ceuti
2335 2819 2667 2887 septuaginta
2695 2832 2744 2874 et
2771 2811 2880 2876 sex.
2909 2825 2976 2877 “.
3017 2823 3340 2880 Intuendum
3420 2841 3506 2883 est
3560 2840 3746 2887 autem

2176 2921 2244 2960 ne
2277 2907 2498 2962 forsitan
2519 2911 2754 2965 animam
2804 2914 2860 2968 in
2919 2916 3021 2971 hoc
3059 2917 3182 2972 loco
3235 2921 3490 2988 gentilem
3521 2923 3748 2978 dixisset

2178 2997 2455 3054 hominem
2482 3019 2495 3054 :
2524 3005 2648 3070 quia
2684 3006 2828 3058 enim
2875 3008 3126 3074 superius
3184 3009 3307 3064 ﬁliis
3341 3012 3502 3067 Israel
3532 3030 3596 3068 ea
3623 3031 3748 3084 qua

2176 3098 2306 3142 sunt
2355 3089 2406 3141 in
2448 3093 2711 3161 sanguine
2763 3097 3026 3150 sacriﬁcia
3077 3099 3216 3153 dixit
3261 3117 3274 3153 :
3328 3100 3584 3173 Loquere,
3647 3106 3744 3168 ait,

2169 3178 2296 3246 ﬁliis
2339 3180 2556 3235 Israel:
2619 3187 2792 3240 Homo
2841 3189 2930 3256 qui
2959 3189 3200 3244 obtulerit
3237 3209 3301 3246 ex
3328 3194 3468 3248 vobis
3517 3197 3746 3250 hostiam

2171 3270 2416 3337 Domino,
2446 3275 2509 3328 dc
2539 3278 2830 3343 pecoribus,
2861 3281 2915 3334 id
2945 3290 3017 3334 est
3053 3284 3116 3335 de
3135 3284 3294 3338 bobus
3327 3297 3375 3339 et
3401 3289 3577 3341 ovibus
3608 3291 3746 3358 0]Ιέ-

2170 3375 2245 3417 ret
2265 3366 2538 3431 victimas;
2567 3369 2651 3422 hic
2677 3369 2805 3423 illud
2849 3373 2991 3440 quod
3057 3383 3208 3428 extra
3258 3379 3576 3445 sanguinem
3634 3390 3742 3449 est,

2169 3455 2494 3509 sacriﬁcium
2521 3457 2714 3511 similae
2745 3460 3066 3530 praecipiens
3103 3467 3430 3529 necessarie,
3459 3483 3566 3522 non
3583 3471 3739 3536 dixit}

2170 3544 2343 3598 limite
2365 3548 2622 3616 exyobis,
2640 3551 2756 3615 sed,
2777 3553 2969 3604 Anima
2993 3569 3109 3605 cum
3130 3555 3374 3610 obtulerit
3398 3559 3739 3626 oblationem,

2167 3637 2400 3690 animam
2433 3639 2687 3708 gentilem
2714 3641 3025 3706 nominans,
3073 3645 3196 3712 quia
3263 3648 3527 3704 animales
3582 3664 3743 3708 erant

2168 3728 2340 3796 prius,
2373 3731 2538 3799 etqui
2565 3747 2671 3785 non
2697 3735 3002 3800 potuissent
3043 3735 3344 3806 intelligere
3374 3756 3435 3794 ea
3467 3758 3587 3811 qua:
3610 3755 3743 3801 sunt

2167 3819 2412 3887 spiritus;
2433 3830 2803 3876 verumtamen
2817 3835 3079 3880 vocantur
3097 3828 3162 3880 ad
3189 3829 3538 3896 oblationem,
3561 3837 3762 3902 mise-_

2166 3919 2321 3965 rante
2375 3927 2472 3965 eos
2493 3913 2641 3981 justo
2679 3915 2810 3975 Deo,
2865 3925 3028 3986 atque
3074 3935 3172 3988 per
3215 3924 3737 3982 condescensionem

2166 4002 2433 4057 salvaute.
2462 4003 2536 4057 De
2559 4021 2667 4072 quo
2695 4016 2750 4058 et
2785 4007 3040 4061 Salomon
3085 4011 3214 4065 dicit
3273 4013 3327 4065 in
3379 4013 3692 4072 Proverbiis
3721 4037 3736 4074 :

2163 4086 2344 4141 Justus
2381 4091 2655 4144 miseretur
2680 4093 3256 4164 animasjumentorum
3282 4118 3499 4156 suarum
3526 4107 3593 4158 "°.
3620 4106 3738 4162 llu-

2161 4178 2251 4248 jus
2282 4195 2410 4250 ergo
2439 4181 2527 4247 qui
2555 4193 2676 4252 eget
2708 4186 2914 4240 divitiis
2965 4205 3086 4257 qua:
3135 4203 3266 4246 sunt
3309 4198 3598 4261 virtutum,
3632 4201 3739 4255 erit

2164 4271 2366 4325 oblatio
2397 4273 2593 4328 simila.
2622 4275 2786 4330 Paulo
2801 4280 3103 4348 postenim,
3127 4299 3251 4337 cum
3271 4301 3366 4354 pro
3387 4291 3626 4356 peccatis
3645 4307 3738 4346 sa-

490 4383 688 4437 curpus
725 4385 738 4421 :
772 4367 1038 4437 integrum
1075 4365 1274 4435 quippe
1298 4366 1418 4434 ejus
1447 4381 1645 4434 corpus
1669 4375 1724 4420 et
1743 4367 1922 4421 anima
1954 4377 2056 4428 est,
2094 4372 2134 4426 D
2164 4362 2365 4418 criﬁcia
2387 4365 2647 4435 disponit,
2676 4383 2801 4422 eum
2836 4371 2929 4440 qui
2975 4388 3078 4428 nec
3105 4390 3265 4430 ovem
3311 4378 3475 4436 habet
3497 4398 3600 4438 nec
3642 4377 3757 4456 ea:1

489 4459 583 4513 sed
616 4467 671 4512 et
700 4458 946 4527 spiritus,
979 4459 1278 4512 secundum
1304 4457 1614 4526 quodzdixit
1670 4458 1866 4512 Paulus
1895 4477 1908 4513 :
1939 4458 2065 4513 Sine

490 4549 699 4620 querela
717 4549 773 4602 in
788 4550 1068 4603 adventum
1094 4549 1306 4602 Domini
1325 4549 1616 4602 custoditur
1630 4549 1695 4602 ⁵⁷.
1718 4549 1787 4602 ΕΙ.
1817 4559 2064 4618 propter-

488 4657 550 4696 ea
587 4639 861 4710 superﬂua
912 4642 966 4695 in
1007 4641 1088 4696 eis
1145 4643 1516 4696 membrorum
1559 4641 1758 4696 divisio
1786 4650 1890 4702 est,
1924 4642 2064 4696 inte-

487 4748 642 4803 grum
672 4733 818 4786 enim
845 4747 1013 4802 super
1043 4733 1379 4802 iulelligibile
1419 4733 1610 4797 altare,
1635 4740 1690 4787 et
1717 4748 1884 4802 super
1916 4733 2062 4803 ligna

439 4837 452 4901 ,ξ
485 4825 688 4894 quibus
721 4823 1012 4893 subjicitur
1040 4823 1204 4893 ignis,
1237 4822 1464 4878 oﬂ‘ertur
1487 4841 1498 4875 :
1525 4838 1704 4892 neque
1728 4824 1872 4877 enim
1903 4823 2060 4877 aliter

485 4915 814 4972 sacriﬁcium
864 4914 1199 4984 acceptabile
1249 4912 1499 4976 edicitur,
1551 4913 1655 4966 nisi
1711 4912 2058 4967 meditatione

484 5007 742 5078 spiritalis
767 5007 921 5076 legis,
953 5015 1009 5060 et
1045 5015 1174 5059 tunc
1220 5003 1596 5058 holocaustum
1624 5012 1680 5057 et
1705 5003 1904 5058 oblatio
1929 5019 2058 5058 sua-

485 5097 688 5154 vissimi
711 5096 893 5152 odoris
921 5094 1154 5150 Domino
1197 5094 1464 5163 reperitur
1505 5093 1597 5162 qni
1625 5108 1839 5163 semper
1863 5095 2059 5149 odora-

486 5198 575 5242 tur
594 5186 919 5242 sacriﬁcium
942 5195 1211 5246 nostrum,
1233 5192 1287 5238 et
1340 5181 1769 5252 uniuscujusque
1808 5192 2055 5238 nostrum

483 5277 650 5332 vitam
682 5277 798 5332 sive
847 5274 1316 5331 conversationem
1348 5311 1364 5337 ,
1418 5289 1488 5328 an
1538 5274 1837 5328 secundum
1883 5275 2054 5346 legem

480 5383 598 5437 quae
633 5368 701 5422 ab
725 5383 793 5424 eo
819 5368 942 5423 data
959 5377 1064 5432 est,
1089 5367 1368 5423 oﬂ‘eratur.

573 5589 613 5620 "
643 5588 658 5639 l
687 5588 814 5643 Cor.
849 5606 966 5649 vni.
1005 5591 1052 5646 1.
1161 5593 1202 5621 “
1241 5590 1374 5644 ibid.
1421 5590 1476 5643 εὶ.
1553 5589 1598 5618 ⁸³
1629 5587 1840 5642 Coloss.
1877 5603 1935 5646 ll,
1964 5587 2016 5640 ἆ.

2119 5586 2164 5618 ⁵⁸
2196 5586 2363 5642 Eccli.
2395 5604 2478 5652 in,
2507 5589 2600 5643 29..

2164 4475 2335 4528 pram,
2358 4469 2601 4516 turtures
2629 4472 2685 4516 et
2730 4465 2907 4534 pullos
2955 4469 3329 4526 columbarum
3377 4475 3574 4532 oﬂ‘erre
3595 4496 3736 4549 pra:-

2160 4551 2306 4620 (epit
2332 4567 2352 4618 ς
2381 4552 2473 4619 qui
2507 4562 2690 4608 autem
2724 4571 2824 4610 nec
2855 4558 2958 4612 hoc
2988 4559 3173 4634 habet.
3209 4563 3440 4620 similam
3468 4583 3593 4622 eum
3612 4586 3735 4624 san-

2159 4644 2234 4696 cit
2259 4641 2477 4698 oﬂérre.
2508 4642 2626 4698 Non
2656 4647 2801 4702 enim
2820 4649 2932 4716 jam
2959 4665 3024 4704 ex
3056 4653 3338 4720 operibus,
3371 4667 3561 4728 utpote
3593 4677 3734 4731 pau-

2161 4746 2258 4800 per
2285 4732 2592 4802 virtutibus;
2623 4735 2716 4788 sed
2771 4737 2882 4790 sola
2935 4735 3028 4792 Dei
3088 4742 3399 4810 cognitione
3439 4747 3674 4801 salvator
3712 4764 3726 4800 :

2159 4837 2281 4891 quae
2303 4821 2355 4875 in
2403 4822 2520 4894 lege
2543 4813 2722 4879 simila
2744 4871 2762 4891 ,
2794 4827 2848 4881 in
2906 4827 3196 4900 Evangelio
3225 4843 3404 4888 autem
3433 4835 3604 4890 farina
3631 4853 3731 4891 no-

2155 4913 2431 4981 minatur;
2463 4915 2534 4969 ait
2558 4916 2706 4971 enim
2736 4918 2998 4976 Dominus
3033 4939 3046 4974 :
3077 4921 3261 4978 Simile
3289 4935 3365 4979 est
3392 4943 3609 4997 regnum
3625 4945 3731 4983 cre-

2158 5002 2325 5056 lorum
2357 5005 2627 5074 feriitento,
2661 5009 2797 5072 quod
2821 5009 3014 5078 accipit
3066 5011 3275 5076 mulier,
3309 5023 3359 5066 et
3380 5013 3646 5069 abscondit
3673 5017 3730 5069 in

2157 5095 2476 5164 farintesata
2508 5097 2634 5155 tria.
2667 5114 2828 5169 usque
2859 5100 2986 5153 dum
3031 5102 3438 5169 fermentaretur
3465 5115 3631 5158 totum
3656 5107 3728 5172 ",

2157 5182 2453 5238 licclcsiam
2486 5185 2816 5255 signiﬁcans,
2866 5205 2988 5258 qua:
3016 5191 3070 5244 in
3136 5191 3419 5248 Trinitatis
3440 5197 3608 5249 verbo
3627 5196 3729 5250 fer-

2159 5275 2668 5346 mentattheologia:
2692 5279 3030 5344 mysterium.
3068 5279 3190 5335 llaec
3235 5283 3408 5338 simila
3425 5285 3728 5339 secundum

2159 5365 2332 5438 legem
2362 5366 2578 5433 dicitur,
2617 5369 2760 5423 unde
2789 5377 2844 5424 et
2883 5379 2995 5426 tres
3039 5373 3279 5429 decimas
3299 5375 3489 5431 simila:
3532 5377 3731 5432 θεῖαι-η

2676 5589 2883 5665 ergo“:
2913 5597 3069 5654 χνιῑι,
3099 5592 3192 5665 g7.
3267 5594 3311 5625 “
3343 5593 3481 5653 Gen.
3518 5612 3604 5665 sv,
3639 5596 3730 5656 10.

459 5657 520 5739 ."
546 5657 565 5712 ι
596 5657 789 5712 Thess.
807 5675 861 5723 ν,
891 5659 985 5713 25.
1061 5660 1104 5692 ⁸⁸
1127 5659 1296 5714 Exod.
1325 5660 1430 5725 1,5.
1508 5660 1551 5691 ‘9
1586 5662 1708 5711 Aet.
1745 5673 1912 5722 xxvii,
1941 5657 2032 5711 57.
2108 5658 2152 5688 ’⁸
2185 5657 2346 5713 Prov.
2381 5675 2476 5725 xu,
2517 5661 2600 5713 lU.
2670 5657 2711 5689 "
2736 5659 2924 5715 Matth.
2949 5678 3071 5728 ml,
3097 5663 3186 5719 33.
