  <div class='ocr_page' id='page_1' title='image "/cluster/home/n/w/nwhite01/storage/ocr_20150623/93/hvd.32044054128533/416.png"; bbox 0 0 4076 6188; ppageno 0'>
   <div class='ocr_carea' id='block_1_1' title="bbox 300 270 406 337">
    <p class='ocr_par' dir='ltr' id='par_1_1' title="bbox 300 270 406 337">
     <span class='ocr_line' id='line_1_1' title="bbox 300 270 406 337; baseline 0.038 -4"><span class='ocrx_word' id='word_1_1' title='bbox 300 270 406 337; x_wconf 76' lang='lat'><strong>805</strong></span> 
     </span>
    </p>
   </div>
   <div class='ocr_carea' id='block_1_2' title="bbox 1458 262 2397 327">
    <p class='ocr_par' dir='ltr' id='par_1_2' title="bbox 1458 262 2397 327">
     <span class='ocr_line' id='line_1_2' title="bbox 1458 262 2397 327; baseline -0.002 -3"><span class='ocrx_word' id='word_1_2' title='bbox 1458 266 1534 325; x_wconf 79' lang='lat' dir='ltr'><strong>IN</strong></span> <span class='ocrx_word' id='word_1_3' title='bbox 1573 263 2011 327; x_wconf 77' lang='lat' dir='ltr'><strong>LEViTICUM.</strong></span> <span class='ocrx_word' id='word_1_4' title='bbox 2057 287 2123 299; x_wconf 63' lang='grc' dir='ltr'><strong>-ν</strong></span> <span class='ocrx_word' id='word_1_5' title='bbox 2166 263 2312 322; x_wconf 83' lang='lat' dir='ltr'><strong>LIB.</strong></span> <span class='ocrx_word' id='word_1_6' title='bbox 2350 262 2397 322; x_wconf 92' lang='lat' dir='ltr'><strong>l.</strong></span> 
     </span>
    </p>
   </div>
   <div class='ocr_carea' id='block_1_3' title="bbox 3439 260 3549 323">
    <p class='ocr_par' dir='ltr' id='par_1_3' title="bbox 3439 260 3549 323">
     <span class='ocr_line' id='line_1_3' title="bbox 3439 260 3549 323; baseline -0.018 -2"><span class='ocrx_word' id='word_1_7' title='bbox 3439 260 3549 323; x_wconf 60' lang='lat'><strong>8‘16</strong></span> 
     </span>
    </p>
   </div>
   <div class='ocr_carea' id='block_1_4' title="bbox 299 368 3549 449">
    <p class='ocr_par' dir='ltr' id='par_1_4' title="bbox 299 368 3549 449">
     <span class='ocr_line' id='line_1_4' title="bbox 299 368 3549 449; baseline -0.002 -16"><span class='ocrx_word' id='word_1_8' title='bbox 299 381 366 434; x_wconf 89' lang='lat' dir='ltr'><strong>ad</strong></span> <span class='ocrx_word' id='word_1_9' title='bbox 386 378 751 449; x_wconf 78' lang='lat' dir='ltr'><strong>expiationem</strong></span> <span class='ocrx_word' id='word_1_10' title='bbox 782 378 967 447; x_wconf 64' lang='lat' dir='ltr'><strong>lcprae,</strong></span> <span class='ocrx_word' id='word_1_11' title='bbox 994 378 1046 432; x_wconf 99' lang='lat' dir='ltr'><strong>id</strong></span> <span class='ocrx_word' id='word_1_12' title='bbox 1067 385 1153 432; x_wconf 88' lang='lat' dir='ltr'><strong>est</strong></span> <span class='ocrx_word' id='word_1_13' title='bbox 1194 377 1261 431; x_wconf 91' lang='lat' dir='ltr'><strong>ad</strong></span> <span class='ocrx_word' id='word_1_14' title='bbox 1314 377 1692 433; x_wconf 81' lang='lat' dir='ltr'><strong>remissionem</strong></span> <span class='ocrx_word' id='word_1_15' title='bbox 1740 390 1871 446; x_wconf 87' lang='lat' dir='ltr'><strong>pec—</strong></span> <span class='ocrx_word' id='word_1_16' title='bbox 1900 383 1942 435; x_wconf 80' lang='grc' dir='ltr'><strong>Α</strong></span> <span class='ocrx_word' id='word_1_17' title='bbox 1976 373 2135 432; x_wconf 72' lang='lat' dir='ltr'><strong>LXX.</strong></span> <span class='ocrx_word' id='word_1_18' title='bbox 2163 389 2270 426; x_wconf 90' lang='lat' dir='ltr'><strong>non</strong></span> <span class='ocrx_word' id='word_1_19' title='bbox 2304 373 2504 427; x_wconf 87' lang='lat' dir='ltr'><strong>dicitur</strong></span> <span class='ocrx_word' id='word_1_20' title='bbox 2543 380 2601 425; x_wconf 91' lang='lat' dir='ltr'><strong>ut</strong></span> <span class='ocrx_word' id='word_1_21' title='bbox 2643 370 2891 425; x_wconf 80' lang='lat' dir='ltr'><strong>absolute</strong></span> <span class='ocrx_word' id='word_1_22' title='bbox 2920 368 3239 425; x_wconf 67' lang='lat' dir='ltr'><strong>oﬁerentrm</strong></span> <span class='ocrx_word' id='word_1_23' title='bbox 3269 369 3549 442; x_wconf 73' lang='lat' dir='ltr'><strong>signiﬁca-</strong></span> 
     </span>
    </p>
   </div>
   <div class='ocr_carea' id='block_1_5' title="bbox 296 467 1866 540">
    <p class='ocr_par' dir='ltr' id='par_1_5' title="bbox 296 467 1866 540">
     <span class='ocr_line' id='line_1_5' title="bbox 296 467 1866 540; baseline -0.004 -13"><span class='ocrx_word' id='word_1_24' title='bbox 296 471 425 536; x_wconf 79' lang='lat' dir='ltr'><strong>cati,</strong></span> <span class='ocrx_word' id='word_1_25' title='bbox 454 470 595 525; x_wconf 90' lang='lat' dir='ltr'><strong>Deus</strong></span> <span class='ocrx_word' id='word_1_26' title='bbox 630 468 794 540; x_wconf 77' lang='lat' dir='ltr'><strong>Moysi</strong></span> <span class='ocrx_word' id='word_1_27' title='bbox 826 468 1102 539; x_wconf 71' lang='lat' dir='ltr'><strong>praecepit.</strong></span> <span class='ocrx_word' id='word_1_28' title='bbox 1157 467 1227 524; x_wconf 89' lang='lat' dir='ltr'><strong>Ut</strong></span> <span class='ocrx_word' id='word_1_29' title='bbox 1259 482 1387 539; x_wconf 85' lang='lat' dir='ltr'><strong>ergo</strong></span> <span class='ocrx_word' id='word_1_30' title='bbox 1408 468 1585 523; x_wconf 86' lang='lat' dir='ltr'><strong>adhuc</strong></span> <span class='ocrx_word' id='word_1_31' title='bbox 1610 468 1866 532; x_wconf 84' lang='lat' dir='ltr'><strong>crassior,</strong></span> 
     </span>
    </p>
   </div>
   <div class='ocr_carea' id='block_1_6' title="bbox 298 559 1872 631">
    <p class='ocr_par' dir='ltr' id='par_1_6' title="bbox 298 559 1872 631">
     <span class='ocr_line' id='line_1_6' title="bbox 298 559 1872 631; baseline -0.003 -15"><span class='ocrx_word' id='word_1_32' title='bbox 298 572 489 631; x_wconf 70' lang='lat' dir='ltr'><strong>etquae</strong></span> <span class='ocrx_word' id='word_1_33' title='bbox 541 560 776 615; x_wconf 87' lang='lat' dir='ltr'><strong>necdum</strong></span> <span class='ocrx_word' id='word_1_34' title='bbox 799 560 957 630; x_wconf 89' lang='lat' dir='ltr'><strong>plena</strong></span> <span class='ocrx_word' id='word_1_35' title='bbox 986 559 1043 613; x_wconf 93' lang='lat' dir='ltr'><strong>in</strong></span> <span class='ocrx_word' id='word_1_36' title='bbox 1087 559 1205 630; x_wconf 87' lang='lat' dir='ltr'><strong>lege</strong></span> <span class='ocrx_word' id='word_1_37' title='bbox 1258 560 1443 615; x_wconf 84' lang='lat' dir='ltr'><strong>divina</strong></span> <span class='ocrx_word' id='word_1_38' title='bbox 1495 559 1730 631; x_wconf 75' lang='lat' dir='ltr'><strong>cognitio</strong></span> <span class='ocrx_word' id='word_1_39' title='bbox 1774 572 1872 612; x_wconf 80' lang='lat' dir='ltr'><strong>ne-</strong></span> 
     </span>
    </p>
   </div>
   <div class='ocr_carea' id='block_1_7' title="bbox 296 650 1873 723">
    <p class='ocr_par' dir='ltr' id='par_1_7' title="bbox 296 650 1873 723">
     <span class='ocr_line' id='line_1_7' title="bbox 296 650 1873 723; baseline -0.001 -17"><span class='ocrx_word' id='word_1_40' title='bbox 296 651 723 707; x_wconf 82' lang='lat' dir='ltr'><strong>cessariesimila</strong></span> <span class='ocrx_word' id='word_1_41' title='bbox 750 652 1074 722; x_wconf 88' lang='lat' dir='ltr'><strong>appellatur,</strong></span> <span class='ocrx_word' id='word_1_42' title='bbox 1099 652 1155 706; x_wconf 91' lang='lat' dir='ltr'><strong>in</strong></span> <span class='ocrx_word' id='word_1_43' title='bbox 1208 652 1519 723; x_wconf 88' lang='lat' dir='ltr'><strong>Evangeliis</strong></span> <span class='ocrx_word' id='word_1_44' title='bbox 1559 659 1744 705; x_wconf 85' lang='lat' dir='ltr'><strong>autem</strong></span> <span class='ocrx_word' id='word_1_45' title='bbox 1793 650 1873 705; x_wconf 81' lang='lat' dir='ltr'><strong>fa-</strong></span> 
     </span>
    </p>
   </div>
   <div class='ocr_carea' id='block_1_8' title="bbox 300 739 1870 810">
    <p class='ocr_par' dir='ltr' id='par_1_8' title="bbox 300 739 1870 810">
     <span class='ocr_line' id='line_1_8' title="bbox 300 739 1870 810; baseline -0.001 -15"><span class='ocrx_word' id='word_1_46' title='bbox 300 742 436 806; x_wconf 85' lang='lat' dir='ltr'><strong>rina,</strong></span> <span class='ocrx_word' id='word_1_47' title='bbox 461 750 521 796; x_wconf 91' lang='lat' dir='ltr'><strong>ut</strong></span> <span class='ocrx_word' id='word_1_48' title='bbox 547 741 861 797; x_wconf 90' lang='lat' dir='ltr'><strong>subtiliores</strong></span> <span class='ocrx_word' id='word_1_49' title='bbox 901 742 1156 797; x_wconf 90' lang='lat' dir='ltr'><strong>videlicet</strong></span> <span class='ocrx_word' id='word_1_50' title='bbox 1205 751 1260 797; x_wconf 89' lang='lat' dir='ltr'><strong>et</strong></span> <span class='ocrx_word' id='word_1_51' title='bbox 1280 741 1627 795; x_wconf 88' lang='lat' dir='ltr'><strong>sublimiores</strong></span> <span class='ocrx_word' id='word_1_52' title='bbox 1675 756 1706 794; x_wconf 90' lang='lat' dir='ltr'><strong>a</strong></span> <span class='ocrx_word' id='word_1_53' title='bbox 1752 739 1870 810; x_wconf 88' lang='lat' dir='ltr'><strong>lege</strong></span> 
     </span>
    </p>
   </div>
   <div class='ocr_carea' id='block_1_9' title="bbox 297 832 1869 904">
    <p class='ocr_par' dir='ltr' id='par_1_9' title="bbox 297 832 1869 904">
     <span class='ocr_line' id='line_1_9' title="bbox 297 832 1869 904; baseline -0.003 -16"><span class='ocrx_word' id='word_1_54' title='bbox 297 834 603 888; x_wconf 87' lang='lat' dir='ltr'><strong>intellectus</strong></span> <span class='ocrx_word' id='word_1_55' title='bbox 632 833 876 897; x_wconf 83' lang='lat' dir='ltr'><strong>habens,</strong></span> <span class='ocrx_word' id='word_1_56' title='bbox 915 834 1021 901; x_wconf 78' lang='lat' dir='ltr'><strong>hoc</strong></span> <span class='ocrx_word' id='word_1_57' title='bbox 1061 833 1269 903; x_wconf 79' lang='lat' dir='ltr'><strong>Moyses</strong></span> <span class='ocrx_word' id='word_1_58' title='bbox 1306 832 1542 887; x_wconf 89' lang='lat' dir='ltr'><strong>innuens</strong></span> <span class='ocrx_word' id='word_1_59' title='bbox 1570 832 1717 904; x_wconf 82' lang='lat' dir='ltr'><strong>(quia</strong></span> <span class='ocrx_word' id='word_1_60' title='bbox 1758 839 1869 884; x_wconf 90' lang='lat' dir='ltr'><strong>tam</strong></span> 
     </span>
    </p>
   </div>
   <div class='ocr_carea' id='block_1_10' title="bbox 297 923 1867 994">
    <p class='ocr_par' dir='ltr' id='par_1_10' title="bbox 297 923 1867 994">
     <span class='ocr_line' id='line_1_10' title="bbox 297 923 1867 994; baseline -0.002 -15"><span class='ocrx_word' id='word_1_61' title='bbox 297 925 472 979; x_wconf 83' lang='lat' dir='ltr'><strong>farina</strong></span> <span class='ocrx_word' id='word_1_62' title='bbox 510 939 674 994; x_wconf 87' lang='lat' dir='ltr'><strong>quam</strong></span> <span class='ocrx_word' id='word_1_63' title='bbox 703 924 903 986; x_wconf 88' lang='lat' dir='ltr'><strong>simila,</strong></span> <span class='ocrx_word' id='word_1_64' title='bbox 936 933 1162 993; x_wconf 84' lang='lat' dir='ltr'><strong>propter</strong></span> <span class='ocrx_word' id='word_1_65' title='bbox 1190 923 1477 993; x_wconf 64' lang='lat' dir='ltr'><strong>praedictas</strong></span> <span class='ocrx_word' id='word_1_66' title='bbox 1541 937 1735 978; x_wconf 87' lang='lat' dir='ltr'><strong>causas</strong></span> <span class='ocrx_word' id='word_1_67' title='bbox 1784 923 1867 978; x_wconf 88' lang='lat' dir='ltr'><strong>di-</strong></span> 
     </span>
    </p>
   </div>
   <div class='ocr_carea' id='block_1_11' title="bbox 297 1010 1870 1083">
    <p class='ocr_par' dir='ltr' id='par_1_11' title="bbox 297 1010 1870 1083">
     <span class='ocr_line' id='line_1_11' title="bbox 297 1010 1870 1083; baseline 0.001 -19"><span class='ocrx_word' id='word_1_68' title='bbox 297 1012 421 1065; x_wconf 89' lang='lat' dir='ltr'><strong>vina</strong></span> <span class='ocrx_word' id='word_1_69' title='bbox 478 1014 707 1066; x_wconf 87' lang='lat' dir='ltr'><strong>scientia</strong></span> <span class='ocrx_word' id='word_1_70' title='bbox 762 1021 978 1082; x_wconf 86' lang='lat' dir='ltr'><strong>poterat</strong></span> <span class='ocrx_word' id='word_1_71' title='bbox 1034 1010 1187 1083; x_wconf 82' lang='lat' dir='ltr'><strong>dici.)</strong></span> <span class='ocrx_word' id='word_1_72' title='bbox 1220 1028 1344 1066; x_wconf 92' lang='lat' dir='ltr'><strong>cum</strong></span> <span class='ocrx_word' id='word_1_73' title='bbox 1409 1021 1706 1082; x_wconf 87' lang='lat' dir='ltr'><strong>apparente</strong></span> <span class='ocrx_word' id='word_1_74' title='bbox 1758 1012 1870 1066; x_wconf 91' lang='lat' dir='ltr'><strong>Deo</strong></span> 
     </span>
    </p>
   </div>
   <div class='ocr_carea' id='block_1_12' title="bbox 296 1102 1867 1177">
    <p class='ocr_par' dir='ltr' id='par_1_12' title="bbox 296 1102 1867 1177">
     <span class='ocr_line' id='line_1_12' title="bbox 296 1102 1867 1177; baseline 0.002 -21"><span class='ocrx_word' id='word_1_75' title='bbox 296 1102 523 1158; x_wconf 76' lang='lat' dir='ltr'><strong>Abrahae</strong></span> <span class='ocrx_word' id='word_1_76' title='bbox 552 1105 619 1159; x_wconf 91' lang='lat' dir='ltr'><strong>ad</strong></span> <span class='ocrx_word' id='word_1_77' title='bbox 652 1104 833 1159; x_wconf 87' lang='lat' dir='ltr'><strong>ilicem</strong></span> <span class='ocrx_word' id='word_1_78' title='bbox 860 1104 1138 1167; x_wconf 68' lang='lat' dir='ltr'><strong>Mambrae,</strong></span> <span class='ocrx_word' id='word_1_79' title='bbox 1195 1103 1484 1160; x_wconf 87' lang='lat' dir='ltr'><strong>Trinitatis</strong></span> <span class='ocrx_word' id='word_1_80' title='bbox 1547 1105 1867 1177; x_wconf 86' lang='lat' dir='ltr'><strong>mysterium</strong></span> 
     </span>
    </p>
   </div>
   <div class='ocr_carea' id='block_1_13' title="bbox 297 1195 1868 1265">
    <p class='ocr_par' dir='ltr' id='par_1_13' title="bbox 297 1195 1868 1265">
     <span class='ocr_line' id='line_1_13' title="bbox 297 1195 1868 1265; baseline 0.003 -18"><span class='ocrx_word' id='word_1_81' title='bbox 297 1195 645 1265; x_wconf 89' lang='lat' dir='ltr'><strong>signiﬁcaret,</strong></span> <span class='ocrx_word' id='word_1_82' title='bbox 673 1196 931 1251; x_wconf 87' lang='lat' dir='ltr'><strong>describit</strong></span> <span class='ocrx_word' id='word_1_83' title='bbox 948 1212 1073 1250; x_wconf 91' lang='lat' dir='ltr'><strong>eum</strong></span> <span class='ocrx_word' id='word_1_84' title='bbox 1127 1195 1274 1251; x_wconf 71' lang='lat' dir='ltr'><strong>Sara:</strong></span> <span class='ocrx_word' id='word_1_85' title='bbox 1301 1196 1572 1252; x_wconf 80' lang='lat' dir='ltr'><strong>dicentem</strong></span> <span class='ocrx_word' id='word_1_86' title='bbox 1606 1214 1620 1250; x_wconf 87' lang='lat'><strong>:</strong></span> <span class='ocrx_word' id='word_1_87' title='bbox 1654 1197 1868 1252; x_wconf 82' lang='lat' dir='ltr'><strong>Festina</strong></span> 
     </span>
    </p>
   </div>
   <div class='ocr_carea' id='block_1_14' title="bbox 297 1287 1868 1343">
    <p class='ocr_par' dir='ltr' id='par_1_14' title="bbox 297 1287 1868 1343">
     <span class='ocr_line' id='line_1_14' title="bbox 297 1287 1868 1343; baseline 0.003 -4"><span class='ocrx_word' id='word_1_88' title='bbox 297 1295 346 1339; x_wconf 85' lang='lat' dir='ltr'><strong>et</strong></span> <span class='ocrx_word' id='word_1_89' title='bbox 366 1287 639 1339; x_wconf 77' lang='lat' dir='ltr'><strong>commisce</strong></span> <span class='ocrx_word' id='word_1_90' title='bbox 662 1288 766 1339; x_wconf 83' lang='lat' dir='ltr'><strong>tria</strong></span> <span class='ocrx_word' id='word_1_91' title='bbox 794 1296 913 1340; x_wconf 87' lang='lat' dir='ltr'><strong>sata</strong></span> <span class='ocrx_word' id='word_1_92' title='bbox 936 1287 1124 1341; x_wconf 82' lang='lat' dir='ltr'><strong>simin</strong></span> <span class='ocrx_word' id='word_1_93' title='bbox 1159 1289 1227 1341; x_wconf 76' lang='grc' dir='ltr'><strong>τ’.</strong></span> <span class='ocrx_word' id='word_1_94' title='bbox 1255 1287 1405 1343; x_wconf 85' lang='lat' dir='ltr'><strong>Licet</strong></span> <span class='ocrx_word' id='word_1_95' title='bbox 1431 1296 1613 1342; x_wconf 86' lang='lat' dir='ltr'><strong>autem</strong></span> <span class='ocrx_word' id='word_1_96' title='bbox 1642 1288 1733 1342; x_wconf 89' lang='lat' dir='ltr'><strong>Dei</strong></span> <span class='ocrx_word' id='word_1_97' title='bbox 1772 1303 1868 1343; x_wconf 94' lang='lat' dir='ltr'><strong>co-</strong></span> 
     </span>
    </p>
   </div>
   <div class='ocr_carea' id='block_1_15' title="bbox 297 1375 1868 1449">
    <p class='ocr_par' dir='ltr' id='par_1_15' title="bbox 297 1375 1868 1449">
     <span class='ocr_line' id='line_1_15' title="bbox 297 1375 1868 1449; baseline 0.003 -21"><span class='ocrx_word' id='word_1_98' title='bbox 297 1375 471 1447; x_wconf 90' lang='lat' dir='ltr'><strong>gnitio</strong></span> <span class='ocrx_word' id='word_1_99' title='bbox 500 1376 693 1431; x_wconf 86' lang='lat' dir='ltr'><strong>salutis</strong></span> <span class='ocrx_word' id='word_1_100' title='bbox 721 1378 962 1447; x_wconf 81' lang='lat' dir='ltr'><strong>gentium</strong></span> <span class='ocrx_word' id='word_1_101' title='bbox 990 1377 1321 1449; x_wconf 84' lang='lat' dir='ltr'><strong>principium</strong></span> <span class='ocrx_word' id='word_1_102' title='bbox 1345 1378 1436 1442; x_wconf 88' lang='lat' dir='ltr'><strong>sit,</strong></span> <span class='ocrx_word' id='word_1_103' title='bbox 1473 1378 1868 1449; x_wconf 81' lang='lat' dir='ltr'><strong>superfundere</strong></span> 
     </span>
    </p>
   </div>
   <div class='ocr_carea' id='block_1_16' title="bbox 296 1476 1867 1549">
    <p class='ocr_par' dir='ltr' id='par_1_16' title="bbox 296 1476 1867 1549">
     <span class='ocr_line' id='line_1_16' title="bbox 296 1476 1867 1549; baseline 0.003 -21"><span class='ocrx_word' id='word_1_104' title='bbox 296 1483 477 1530; x_wconf 73' lang='lat' dir='ltr'><strong>tamen</strong></span> <span class='ocrx_word' id='word_1_105' title='bbox 508 1476 696 1531; x_wconf 76' lang='lat' dir='ltr'><strong>similae</strong></span> <span class='ocrx_word' id='word_1_106' title='bbox 720 1476 900 1532; x_wconf 90' lang='lat' dir='ltr'><strong>oleum</strong></span> <span class='ocrx_word' id='word_1_107' title='bbox 926 1521 941 1544; x_wconf 90' lang='lat'><strong>,</strong></span> <span class='ocrx_word' id='word_1_108' title='bbox 975 1486 1031 1532; x_wconf 89' lang='lat' dir='ltr'><strong>et</strong></span> <span class='ocrx_word' id='word_1_109' title='bbox 1065 1479 1188 1533; x_wconf 88' lang='lat' dir='ltr'><strong>thus</strong></span> <span class='ocrx_word' id='word_1_110' title='bbox 1215 1494 1582 1548; x_wconf 86' lang='lat' dir='ltr'><strong>superponere</strong></span> <span class='ocrx_word' id='word_1_111' title='bbox 1608 1494 1745 1549; x_wconf 81' lang='lat' dir='ltr'><strong>Opus</strong></span> <span class='ocrx_word' id='word_1_112' title='bbox 1768 1480 1867 1533; x_wconf 86' lang='lat' dir='ltr'><strong>ha-</strong></span> 
     </span>
    </p>
   </div>
   <div class='ocr_carea' id='block_1_17' title="bbox 294 1566 1867 1650">
    <p class='ocr_par' dir='ltr' id='par_1_17' title="bbox 294 1566 1867 1650">
     <span class='ocr_line' id='line_1_17' title="bbox 294 1566 1867 1650; baseline 0.004 -32"><span class='ocrx_word' id='word_1_113' title='bbox 294 1566 506 1645; x_wconf 87' lang='lat' dir='ltr'><strong>bemus,</strong></span> <span class='ocrx_word' id='word_1_114' title='bbox 551 1576 610 1620; x_wconf 90' lang='lat' dir='ltr'><strong>ut</strong></span> <span class='ocrx_word' id='word_1_115' title='bbox 666 1569 893 1636; x_wconf 81' lang='lat' dir='ltr'><strong>gratiam</strong></span> <span class='ocrx_word' id='word_1_116' title='bbox 956 1568 1078 1650; x_wconf 53' lang='lat' dir='ltr'><strong>Dei‘</strong></span> <span class='ocrx_word' id='word_1_117' title='bbox 1121 1569 1480 1640; x_wconf 77' lang='lat' dir='ltr'><strong>eleemosynis</strong></span> <span class='ocrx_word' id='word_1_118' title='bbox 1528 1571 1867 1640; x_wconf 89' lang='lat' dir='ltr'><strong>orationique</strong></span> 
     </span>
    </p>
   </div>
   <div class='ocr_carea' id='block_1_18' title="bbox 289 1657 1864 1731">
    <p class='ocr_par' dir='ltr' id='par_1_18' title="bbox 289 1657 1864 1731">
     <span class='ocr_line' id='line_1_18' title="bbox 289 1657 1864 1731; baseline 0.005 -22"><span class='ocrx_word' id='word_1_119' title='bbox 289 1657 744 1712; x_wconf 88' lang='lat' dir='ltr'><strong>commiseeamus</strong></span> <span class='ocrx_word' id='word_1_120' title='bbox 772 1676 789 1710; x_wconf 74' lang='grc' dir='ltr'><strong>ι</strong></span> <span class='ocrx_word' id='word_1_121' title='bbox 824 1659 940 1713; x_wconf 72' lang='lat' dir='ltr'><strong>haec</strong></span> <span class='ocrx_word' id='word_1_122' title='bbox 965 1658 1111 1713; x_wconf 89' lang='lat' dir='ltr'><strong>enim</strong></span> <span class='ocrx_word' id='word_1_123' title='bbox 1152 1661 1313 1715; x_wconf 89' lang='lat' dir='ltr'><strong>nobis</strong></span> <span class='ocrx_word' id='word_1_124' title='bbox 1339 1672 1572 1731; x_wconf 87' lang='lat' dir='ltr'><strong>possunt</strong></span> <span class='ocrx_word' id='word_1_125' title='bbox 1619 1664 1687 1717; x_wconf 87' lang='lat' dir='ltr'><strong>de</strong></span> <span class='ocrx_word' id='word_1_126' title='bbox 1725 1664 1864 1717; x_wconf 69' lang='lat' dir='ltr'><strong>caelo</strong></span> 
     </span>
    </p>
   </div>
   <div class='ocr_carea' id='block_1_19' title="bbox 287 1742 1864 1818">
    <p class='ocr_par' dir='ltr' id='par_1_19' title="bbox 287 1742 1864 1818">
     <span class='ocr_line' id='line_1_19' title="bbox 287 1742 1864 1818; baseline 0.006 -22"><span class='ocrx_word' id='word_1_127' title='bbox 287 1742 383 1798; x_wconf 85' lang='lat' dir='ltr'><strong>Dei</strong></span> <span class='ocrx_word' id='word_1_128' title='bbox 415 1746 698 1800; x_wconf 87' lang='lat' dir='ltr'><strong>scientiam</strong></span> <span class='ocrx_word' id='word_1_129' title='bbox 726 1745 1034 1818; x_wconf 85' lang='lat' dir='ltr'><strong>proﬂigare.</strong></span> <span class='ocrx_word' id='word_1_130' title='bbox 1103 1746 1199 1802; x_wconf 84' lang='lat' dir='ltr'><strong>ilis</strong></span> <span class='ocrx_word' id='word_1_131' title='bbox 1230 1759 1410 1804; x_wconf 82' lang='lat' dir='ltr'><strong>autem</strong></span> <span class='ocrx_word' id='word_1_132' title='bbox 1444 1752 1599 1806; x_wconf 83' lang='lat' dir='ltr'><strong>testis</strong></span> <span class='ocrx_word' id='word_1_133' title='bbox 1618 1760 1703 1805; x_wconf 91' lang='lat' dir='ltr'><strong>est</strong></span> <span class='ocrx_word' id='word_1_134' title='bbox 1729 1750 1864 1806; x_wconf 84' lang='lat' dir='ltr'><strong>Cor-</strong></span> 
     </span>
    </p>
   </div>
   <div class='ocr_carea' id='block_1_20' title="bbox 287 1832 1856 1912">
    <p class='ocr_par' dir='ltr' id='par_1_20' title="bbox 287 1832 1856 1912">
     <span class='ocr_line' id='line_1_20' title="bbox 287 1832 1856 1912; baseline 0.003 -25"><span class='ocrx_word' id='word_1_135' title='bbox 287 1834 487 1897; x_wconf 90' lang='lat' dir='ltr'><strong>nelius,</strong></span> <span class='ocrx_word' id='word_1_136' title='bbox 511 1836 577 1890; x_wconf 88' lang='lat' dir='ltr'><strong>ad</strong></span> <span class='ocrx_word' id='word_1_137' title='bbox 606 1851 767 1906; x_wconf 88' lang='lat' dir='ltr'><strong>quem</strong></span> <span class='ocrx_word' id='word_1_138' title='bbox 799 1837 1143 1892; x_wconf 88' lang='lat' dir='ltr'><strong>descendens</strong></span> <span class='ocrx_word' id='word_1_139' title='bbox 1180 1838 1250 1894; x_wconf 90' lang='lat' dir='ltr'><strong>de</strong></span> <span class='ocrx_word' id='word_1_140' title='bbox 1275 1832 1413 1895; x_wconf 74' lang='lat' dir='ltr'><strong>cmlo</strong></span> <span class='ocrx_word' id='word_1_141' title='bbox 1437 1841 1660 1912; x_wconf 78' lang='lat' dir='ltr'><strong>angelus</strong></span> <span class='ocrx_word' id='word_1_142' title='bbox 1682 1842 1816 1897; x_wconf 81' lang='lat' dir='ltr'><strong>dixit</strong></span> <span class='ocrx_word' id='word_1_143' title='bbox 1843 1858 1856 1892; x_wconf 92' lang='lat'>:</span> 
     </span>
    </p>
   </div>
   <div class='ocr_carea' id='block_1_21' title="bbox 288 1922 1865 1999">
    <p class='ocr_par' dir='ltr' id='par_1_21' title="bbox 288 1922 1865 1999">
     <span class='ocr_line' id='line_1_21' title="bbox 288 1922 1865 1999; baseline 0.006 -23"><span class='ocrx_word' id='word_1_144' title='bbox 288 1922 518 1989; x_wconf 75' lang='lat' dir='ltr'><strong>Corneli,</strong></span> <span class='ocrx_word' id='word_1_145' title='bbox 550 1927 812 1981; x_wconf 85' lang='lat' dir='ltr'><strong>orationes</strong></span> <span class='ocrx_word' id='word_1_146' title='bbox 840 1935 946 1982; x_wconf 80' lang='lat' dir='ltr'><strong>tua:</strong></span> <span class='ocrx_word' id='word_1_147' title='bbox 969 1937 1019 1981; x_wconf 89' lang='lat' dir='ltr'><strong>et</strong></span> <span class='ocrx_word' id='word_1_148' title='bbox 1058 1928 1397 1999; x_wconf 77' lang='lat' dir='ltr'><strong>eleemosymc</strong></span> <span class='ocrx_word' id='word_1_149' title='bbox 1413 1933 1757 1987; x_wconf 79' lang='lat' dir='ltr'><strong>ascenderunt</strong></span> <span class='ocrx_word' id='word_1_150' title='bbox 1793 1932 1865 1985; x_wconf 80' lang='lat' dir='ltr'><strong>ad</strong></span> 
     </span>
    </p>
   </div>
   <div class='ocr_carea' id='block_1_22' title="bbox 289 2014 1864 2090">
    <p class='ocr_par' dir='ltr' id='par_1_22' title="bbox 289 2014 1864 2090">
     <span class='ocr_line' id='line_1_22' title="bbox 289 2014 1864 2090; baseline 0.008 -25"><span class='ocrx_word' id='word_1_151' title='bbox 289 2014 590 2082; x_wconf 87' lang='lat' dir='ltr'><strong>Dominum,</strong></span> <span class='ocrx_word' id='word_1_152' title='bbox 622 2029 672 2070; x_wconf 88' lang='lat' dir='ltr'><strong>et</strong></span> <span class='ocrx_word' id='word_1_153' title='bbox 692 2033 830 2071; x_wconf 86' lang='lat' dir='ltr'><strong>nunc</strong></span> <span class='ocrx_word' id='word_1_154' title='bbox 857 2020 1003 2072; x_wconf 81' lang='lat' dir='ltr'><strong>mitte</strong></span> <span class='ocrx_word' id='word_1_155' title='bbox 1022 2020 1161 2074; x_wconf 84' lang='lat' dir='ltr'><strong>viros</strong></span> <span class='ocrx_word' id='word_1_156' title='bbox 1192 2020 1246 2073; x_wconf 89' lang='lat' dir='ltr'><strong>in</strong></span> <span class='ocrx_word' id='word_1_157' title='bbox 1264 2020 1450 2090; x_wconf 83' lang='lat' dir='ltr'><strong>Joppe,</strong></span> <span class='ocrx_word' id='word_1_158' title='bbox 1483 2025 1681 2077; x_wconf 88' lang='lat' dir='ltr'><strong>accersi</strong></span> <span class='ocrx_word' id='word_1_159' title='bbox 1712 2023 1782 2076; x_wconf 84' lang='lat' dir='ltr'><strong>ad</strong></span> <span class='ocrx_word' id='word_1_160' title='bbox 1816 2032 1864 2078; x_wconf 86' lang='lat' dir='ltr'><strong>te</strong></span> 
     </span>
    </p>
   </div>
   <div class='ocr_carea' id='block_1_23' title="bbox 231 2101 1864 2180">
    <p class='ocr_par' dir='ltr' id='par_1_23' title="bbox 231 2101 1864 2180">
     <span class='ocr_line' id='line_1_23' title="bbox 231 2101 1864 2180; baseline 0.007 -24"><span class='ocrx_word' id='word_1_161' title='bbox 231 2144 237 2149; x_wconf 84' lang='lat'><strong>.</strong></span> <span class='ocrx_word' id='word_1_162' title='bbox 284 2101 566 2169; x_wconf 81' lang='lat' dir='ltr'><strong>Simonem,</strong></span> <span class='ocrx_word' id='word_1_163' title='bbox 597 2106 686 2175; x_wconf 86' lang='lat' dir='ltr'><strong>qui</strong></span> <span class='ocrx_word' id='word_1_164' title='bbox 714 2108 1117 2177; x_wconf 80' lang='lat' dir='ltr'><strong>cognominatur</strong></span> <span class='ocrx_word' id='word_1_165' title='bbox 1138 2108 1327 2163; x_wconf 86' lang='lat' dir='ltr'><strong>Petrus</strong></span> <span class='ocrx_word' id='word_1_166' title='bbox 1343 2112 1410 2164; x_wconf 88' lang='grc'><strong>⁷³.</strong></span> <span class='ocrx_word' id='word_1_167' title='bbox 1438 2111 1558 2180; x_wconf 83' lang='lat' dir='ltr'><strong>Ipse</strong></span> <span class='ocrx_word' id='word_1_168' title='bbox 1590 2113 1735 2167; x_wconf 88' lang='lat' dir='ltr'><strong>enim</strong></span> <span class='ocrx_word' id='word_1_169' title='bbox 1766 2128 1864 2168; x_wconf 86' lang='lat' dir='ltr'><strong>ve-</strong></span> 
     </span>
    </p>
   </div>
   <div class='ocr_carea' id='block_1_24' title="bbox 288 2196 1865 2277">
    <p class='ocr_par' dir='ltr' id='par_1_24' title="bbox 288 2196 1865 2277">
     <span class='ocr_line' id='line_1_24' title="bbox 288 2196 1865 2277; baseline 0.009 -31"><span class='ocrx_word' id='word_1_170' title='bbox 288 2209 400 2248; x_wconf 88' lang='lat' dir='ltr'><strong>ram</strong></span> <span class='ocrx_word' id='word_1_171' title='bbox 420 2196 707 2253; x_wconf 86' lang='lat' dir='ltr'><strong>scientiam</strong></span> <span class='ocrx_word' id='word_1_172' title='bbox 758 2198 1014 2277; x_wconf 69' lang='lat' dir='ltr'><strong>cornelio</strong></span> <span class='ocrx_word' id='word_1_173' title='bbox 1059 2200 1361 2257; x_wconf 88' lang='lat' dir='ltr'><strong>traditurus</strong></span> <span class='ocrx_word' id='word_1_174' title='bbox 1385 2211 1523 2257; x_wconf 78' lang='lat' dir='ltr'><strong>erat.</strong></span> <span class='ocrx_word' id='word_1_175' title='bbox 1581 2204 1865 2269; x_wconf 83' lang='lat' dir='ltr'><strong>Quomodo</strong></span> 
     </span>
    </p>
   </div>
   <div class='ocr_carea' id='block_1_25' title="bbox 286 2287 1862 2364">
    <p class='ocr_par' dir='ltr' id='par_1_25' title="bbox 286 2287 1862 2364">
     <span class='ocr_line' id='line_1_25' title="bbox 286 2287 1862 2364; baseline 0.008 -26"><span class='ocrx_word' id='word_1_176' title='bbox 286 2296 466 2340; x_wconf 84' lang='lat' dir='ltr'><strong>autem</strong></span> <span class='ocrx_word' id='word_1_177' title='bbox 486 2287 543 2341; x_wconf 90' lang='lat' dir='ltr'><strong>in</strong></span> <span class='ocrx_word' id='word_1_178' title='bbox 575 2288 735 2342; x_wconf 85' lang='lat' dir='ltr'><strong>thure</strong></span> <span class='ocrx_word' id='word_1_179' title='bbox 751 2288 1045 2358; x_wconf 82' lang='lat' dir='ltr'><strong>accipiatur</strong></span> <span class='ocrx_word' id='word_1_180' title='bbox 1074 2292 1271 2356; x_wconf 88' lang='lat' dir='ltr'><strong>oratio,</strong></span> <span class='ocrx_word' id='word_1_181' title='bbox 1300 2308 1553 2362; x_wconf 66' lang='lat' dir='ltr'><strong>quaerens</strong></span> <span class='ocrx_word' id='word_1_182' title='bbox 1586 2296 1705 2364; x_wconf 80' lang='lat' dir='ltr'><strong>ejus</strong></span> <span class='ocrx_word' id='word_1_183' title='bbox 1755 2297 1862 2351; x_wconf 88' lang='lat' dir='ltr'><strong>vim</strong></span> 
     </span>
    </p>
   </div>
   <div class='ocr_carea' id='block_1_26' title="bbox 288 2380 1868 2453">
    <p class='ocr_par' dir='ltr' id='par_1_26' title="bbox 288 2380 1868 2453">
     <span class='ocr_line' id='line_1_26' title="bbox 288 2380 1868 2453; baseline 0.007 -23"><span class='ocrx_word' id='word_1_184' title='bbox 288 2386 764 2448; x_wconf 87' lang='lat' dir='ltr'><strong>perscrutansque,</strong></span> <span class='ocrx_word' id='word_1_185' title='bbox 794 2381 1097 2450; x_wconf 82' lang='lat' dir='ltr'><strong>cognoscis.</strong></span> <span class='ocrx_word' id='word_1_186' title='bbox 1134 2380 1219 2436; x_wconf 89' lang='lat' dir='ltr'><strong>Uti</strong></span> <span class='ocrx_word' id='word_1_187' title='bbox 1253 2382 1455 2453; x_wconf 89' lang='lat' dir='ltr'><strong>quippe</strong></span> <span class='ocrx_word' id='word_1_188' title='bbox 1480 2399 1545 2439; x_wconf 90' lang='lat' dir='ltr'><strong>eo</strong></span> <span class='ocrx_word' id='word_1_189' title='bbox 1569 2395 1757 2441; x_wconf 90' lang='lat' dir='ltr'><strong>contra</strong></span> <span class='ocrx_word' id='word_1_190' title='bbox 1788 2387 1868 2440; x_wconf 53' lang='lat' dir='ltr'><strong>in.</strong></span> 
     </span>
    </p>
   </div>
   <div class='ocr_carea' id='block_1_27' title="bbox 286 2467 1864 2549">
    <p class='ocr_par' dir='ltr' id='par_1_27' title="bbox 286 2467 1864 2549">
     <span class='ocr_line' id='line_1_27' title="bbox 286 2467 1864 2549; baseline 0.007 -28"><span class='ocrx_word' id='word_1_191' title='bbox 286 2467 515 2522; x_wconf 90' lang='lat' dir='ltr'><strong>teriores</strong></span> <span class='ocrx_word' id='word_1_192' title='bbox 532 2469 815 2538; x_wconf 81' lang='lat' dir='ltr'><strong>passiones</strong></span> <span class='ocrx_word' id='word_1_193' title='bbox 846 2471 1042 2526; x_wconf 91' lang='lat' dir='ltr'><strong>medici</strong></span> <span class='ocrx_word' id='word_1_194' title='bbox 1065 2472 1269 2538; x_wconf 86' lang='lat' dir='ltr'><strong>solent,</strong></span> <span class='ocrx_word' id='word_1_195' title='bbox 1296 2476 1687 2545; x_wconf 86' lang='lat' dir='ltr'><strong>oculorumque</strong></span> <span class='ocrx_word' id='word_1_196' title='bbox 1705 2479 1864 2549; x_wconf 84' lang='lat' dir='ltr'><strong>aegri-</strong></span> 
     </span>
    </p>
   </div>
   <div class='ocr_carea' id='block_1_28' title="bbox 237 2559 1863 2635">
    <p class='ocr_par' dir='ltr' id='par_1_28' title="bbox 237 2559 1863 2635">
     <span class='ocr_line' id='line_1_28' title="bbox 237 2559 1863 2635; baseline 0.009 -23"><span class='ocrx_word' id='word_1_197' title='bbox 237 2592 243 2597; x_wconf 57' lang='grc' dir='ltr'>ς</span> <span class='ocrx_word' id='word_1_198' title='bbox 286 2559 491 2614; x_wconf 87' lang='lat' dir='ltr'><strong>tudinis</strong></span> <span class='ocrx_word' id='word_1_199' title='bbox 517 2576 708 2616; x_wconf 88' lang='lat' dir='ltr'><strong>curare</strong></span> <span class='ocrx_word' id='word_1_200' title='bbox 746 2563 993 2627; x_wconf 81' lang='lat' dir='ltr'><strong>vulnera,</strong></span> <span class='ocrx_word' id='word_1_201' title='bbox 1028 2574 1084 2619; x_wconf 90' lang='lat' dir='ltr'><strong>et</strong></span> <span class='ocrx_word' id='word_1_202' title='bbox 1121 2565 1301 2635; x_wconf 88' lang='lat' dir='ltr'><strong>siquis</strong></span> <span class='ocrx_word' id='word_1_203' title='bbox 1330 2568 1628 2624; x_wconf 89' lang='lat' dir='ltr'><strong>incendens</strong></span> <span class='ocrx_word' id='word_1_204' title='bbox 1658 2571 1863 2626; x_wconf 81' lang='lat' dir='ltr'><strong>fumum</strong></span> 
     </span>
    </p>
   </div>
   <div class='ocr_carea' id='block_1_29' title="bbox 284 2650 1864 2726">
    <p class='ocr_par' dir='ltr' id='par_1_29' title="bbox 284 2650 1864 2726">
     <span class='ocr_line' id='line_1_29' title="bbox 284 2650 1864 2726; baseline 0.008 -21"><span class='ocrx_word' id='word_1_205' title='bbox 284 2650 405 2720; x_wconf 87' lang='lat' dir='ltr'><strong>ejus</strong></span> <span class='ocrx_word' id='word_1_206' title='bbox 437 2652 717 2721; x_wconf 81' lang='lat' dir='ltr'><strong>suscipiat,</strong></span> <span class='ocrx_word' id='word_1_207' title='bbox 757 2655 1035 2726; x_wconf 88' lang='lat' dir='ltr'><strong>restringit</strong></span> <span class='ocrx_word' id='word_1_208' title='bbox 1086 2658 1492 2714; x_wconf 78' lang='lat' dir='ltr'><strong>accedentesex</strong></span> <span class='ocrx_word' id='word_1_209' title='bbox 1548 2660 1864 2724; x_wconf 70' lang='lat' dir='ltr'><strong>infirmitate</strong></span> 
     </span>
    </p>
   </div>
   <div class='ocr_carea' id='block_1_30' title="bbox 282 2740 1862 2820">
    <p class='ocr_par' dir='ltr' id='par_1_30' title="bbox 282 2740 1862 2820">
     <span class='ocr_line' id='line_1_30' title="bbox 282 2740 1862 2820; baseline 0.008 -26"><span class='ocrx_word' id='word_1_210' title='bbox 282 2740 554 2813; x_wconf 80' lang='lat' dir='ltr'><strong>lacrymas</strong></span> <span class='ocrx_word' id='word_1_211' title='bbox 586 2760 602 2797; x_wconf 93' lang='lat'><strong>:</strong></span> <span class='ocrx_word' id='word_1_212' title='bbox 643 2744 749 2799; x_wconf 86' lang='lat' dir='ltr'><strong>hoc</strong></span> <span class='ocrx_word' id='word_1_213' title='bbox 780 2744 972 2798; x_wconf 89' lang='lat' dir='ltr'><strong>eodem</strong></span> <span class='ocrx_word' id='word_1_214' title='bbox 1006 2746 1169 2800; x_wconf 89' lang='lat' dir='ltr'><strong>modo</strong></span> <span class='ocrx_word' id='word_1_215' title='bbox 1197 2747 1373 2811; x_wconf 83' lang='lat' dir='ltr'><strong>oratio</strong></span> <span class='ocrx_word' id='word_1_216' title='bbox 1394 2766 1612 2819; x_wconf 89' lang='lat' dir='ltr'><strong>quoque</strong></span> <span class='ocrx_word' id='word_1_217' title='bbox 1636 2752 1862 2820; x_wconf 89' lang='lat' dir='ltr'><strong>plurima</strong></span> 
     </span>
    </p>
   </div>
   <div class='ocr_carea' id='block_1_31' title="bbox 282 2834 1866 2909">
    <p class='ocr_par' dir='ltr' id='par_1_31' title="bbox 282 2834 1866 2909">
     <span class='ocr_line' id='line_1_31' title="bbox 282 2834 1866 2909; baseline 0.009 -25"><span class='ocrx_word' id='word_1_218' title='bbox 282 2840 541 2899; x_wconf 86' lang='lat' dir='ltr'><strong>operatur</strong></span> <span class='ocrx_word' id='word_1_219' title='bbox 575 2849 588 2886; x_wconf 88' lang='lat'><strong>:</strong></span> <span class='ocrx_word' id='word_1_220' title='bbox 627 2834 741 2888; x_wconf 66' lang='lat' dir='ltr'><strong>haec</strong></span> <span class='ocrx_word' id='word_1_221' title='bbox 772 2834 976 2903; x_wconf 87' lang='lat' dir='ltr'><strong>quippe</strong></span> <span class='ocrx_word' id='word_1_222' title='bbox 1009 2836 1244 2891; x_wconf 82' lang='lat' dir='ltr'><strong>maxime</strong></span> <span class='ocrx_word' id='word_1_223' title='bbox 1273 2838 1467 2894; x_wconf 63' lang='lat' dir='ltr'><strong>animae</strong></span> <span class='ocrx_word' id='word_1_224' title='bbox 1484 2840 1764 2909; x_wconf 85' lang='lat' dir='ltr'><strong>passiones</strong></span> <span class='ocrx_word' id='word_1_225' title='bbox 1779 2859 1866 2897; x_wconf 83' lang='lat' dir='ltr'><strong>sa-</strong></span> 
     </span>
    </p>
   </div>
   <div class='ocr_carea' id='block_1_32' title="bbox 281 2926 1864 2996">
    <p class='ocr_par' dir='ltr' id='par_1_32' title="bbox 281 2926 1864 2996">
     <span class='ocr_line' id='line_1_32' title="bbox 281 2926 1864 2996; baseline 0.007 -16"><span class='ocrx_word' id='word_1_226' title='bbox 281 2935 396 2992; x_wconf 86' lang='lat' dir='ltr'><strong>nat,</strong></span> <span class='ocrx_word' id='word_1_227' title='bbox 487 2926 604 2982; x_wconf 69' lang='lat' dir='ltr'><strong>haec</strong></span> <span class='ocrx_word' id='word_1_228' title='bbox 654 2928 819 2982; x_wconf 84' lang='lat' dir='ltr'><strong>etiam</strong></span> <span class='ocrx_word' id='word_1_229' title='bbox 866 2928 1287 2996; x_wconf 80' lang='lat' dir='ltr'><strong>intelligibilium</strong></span> <span class='ocrx_word' id='word_1_230' title='bbox 1357 2933 1639 2988; x_wconf 89' lang='lat' dir='ltr'><strong>oculorum</strong></span> <span class='ocrx_word' id='word_1_231' title='bbox 1709 2946 1864 2991; x_wconf 88' lang='lat' dir='ltr'><strong>curat</strong></span> 
     </span>
    </p>
   </div>
   <div class='ocr_carea' id='block_1_33' title="bbox 284 3020 1928 3098">
    <p class='ocr_par' dir='ltr' id='par_1_33' title="bbox 284 3020 1928 3098">
     <span class='ocr_line' id='line_1_33' title="bbox 284 3020 1928 3098; baseline 0.007 -26"><span class='ocrx_word' id='word_1_232' title='bbox 284 3020 533 3087; x_wconf 76' lang='lat' dir='ltr'><strong>vulnera,</strong></span> <span class='ocrx_word' id='word_1_233' title='bbox 556 3021 847 3078; x_wconf 87' lang='lat' dir='ltr'><strong>absolvens</strong></span> <span class='ocrx_word' id='word_1_234' title='bbox 882 3024 950 3077; x_wconf 88' lang='lat' dir='ltr'><strong>ah</strong></span> <span class='ocrx_word' id='word_1_235' title='bbox 1004 3022 1309 3094; x_wconf 82' lang='lat' dir='ltr'><strong>ignorantia</strong></span> <span class='ocrx_word' id='word_1_236' title='bbox 1343 3034 1505 3094; x_wconf 87' lang='lat' dir='ltr'><strong>atque</strong></span> <span class='ocrx_word' id='word_1_237' title='bbox 1521 3042 1584 3081; x_wconf 79' lang='lat' dir='ltr'><strong>ex</strong></span> <span class='ocrx_word' id='word_1_238' title='bbox 1614 3043 1677 3081; x_wconf 89' lang='lat' dir='ltr'><strong>ea</strong></span> <span class='ocrx_word' id='word_1_239' title='bbox 1738 3044 1857 3098; x_wconf 77' lang='lat' dir='ltr'><strong>qua:</strong></span> <span class='ocrx_word' id='word_1_240' title='bbox 1885 3041 1928 3098; x_wconf 75' lang='grc' dir='ltr'><strong>ο</strong></span> 
     </span>
    </p>
   </div>
   <div class='ocr_carea' id='block_1_34' title="bbox 282 3110 1851 3185">
    <p class='ocr_par' dir='ltr' id='par_1_34' title="bbox 282 3110 1851 3185">
     <span class='ocr_line' id='line_1_34' title="bbox 282 3110 1851 3185; baseline 0.007 -23"><span class='ocrx_word' id='word_1_241' title='bbox 282 3124 413 3163; x_wconf 89' lang='lat' dir='ltr'><strong>vere</strong></span> <span class='ocrx_word' id='word_1_242' title='bbox 437 3119 519 3164; x_wconf 90' lang='lat' dir='ltr'><strong>est</strong></span> <span class='ocrx_word' id='word_1_243' title='bbox 544 3110 827 3180; x_wconf 77' lang='lat' dir='ltr'><strong>aegritudo,</strong></span> <span class='ocrx_word' id='word_1_244' title='bbox 861 3112 915 3166; x_wconf 93' lang='lat' dir='ltr'><strong>id</strong></span> <span class='ocrx_word' id='word_1_245' title='bbox 944 3121 1027 3166; x_wconf 90' lang='lat' dir='ltr'><strong>est</strong></span> <span class='ocrx_word' id='word_1_246' title='bbox 1058 3126 1125 3166; x_wconf 85' lang='lat' dir='ltr'><strong>ex</strong></span> <span class='ocrx_word' id='word_1_247' title='bbox 1148 3124 1370 3182; x_wconf 89' lang='lat' dir='ltr'><strong>peccato</strong></span> <span class='ocrx_word' id='word_1_248' title='bbox 1398 3115 1663 3185; x_wconf 80' lang='lat' dir='ltr'><strong>lacrymas</strong></span> <span class='ocrx_word' id='word_1_249' title='bbox 1685 3133 1851 3173; x_wconf 87' lang='lat' dir='ltr'><strong>acce-</strong></span> 
     </span>
    </p>
   </div>
   <div class='ocr_carea' id='block_1_35' title="bbox 281 3200 1854 3275">
    <p class='ocr_par' dir='ltr' id='par_1_35' title="bbox 281 3200 1854 3275">
     <span class='ocr_line' id='line_1_35' title="bbox 281 3200 1854 3275; baseline 0.007 -22"><span class='ocrx_word' id='word_1_250' title='bbox 281 3200 473 3254; x_wconf 84' lang='lat' dir='ltr'><strong>dentes</strong></span> <span class='ocrx_word' id='word_1_251' title='bbox 496 3202 688 3255; x_wconf 81' lang='lat' dir='ltr'><strong>salvat.</strong></span> <span class='ocrx_word' id='word_1_252' title='bbox 711 3201 1024 3270; x_wconf 80' lang='lat' dir='ltr'><strong>Inﬁrmatur</strong></span> <span class='ocrx_word' id='word_1_253' title='bbox 1082 3204 1227 3258; x_wconf 87' lang='lat' dir='ltr'><strong>enim</strong></span> <span class='ocrx_word' id='word_1_254' title='bbox 1286 3206 1401 3275; x_wconf 87' lang='lat' dir='ltr'><strong>quis</strong></span> <span class='ocrx_word' id='word_1_255' title='bbox 1452 3208 1510 3259; x_wconf 88' lang='lat' dir='ltr'><strong>in</strong></span> <span class='ocrx_word' id='word_1_256' title='bbox 1572 3207 1734 3274; x_wconf 73' lang='lat' dir='ltr'><strong>vaio,</strong></span> <span class='ocrx_word' id='word_1_257' title='bbox 1777 3212 1854 3265; x_wconf 90' lang='lat' dir='ltr'><strong>ait</strong></span> 
     </span>
    </p>
   </div>
   <div class='ocr_carea' id='block_1_36' title="bbox 278 3288 1848 3372">
    <p class='ocr_par' dir='ltr' id='par_1_36' title="bbox 278 3288 1848 3372">
     <span class='ocr_line' id='line_1_36' title="bbox 278 3288 1848 3372; baseline 0.006 -27"><span class='ocrx_word' id='word_1_258' title='bbox 278 3288 533 3355; x_wconf 83' lang='lat' dir='ltr'><strong>Jacobus,</strong></span> <span class='ocrx_word' id='word_1_259' title='bbox 566 3302 802 3348; x_wconf 81' lang='lat' dir='ltr'><strong>convocet</strong></span> <span class='ocrx_word' id='word_1_260' title='bbox 839 3294 1186 3372; x_wconf 54' lang='lat' dir='ltr'><strong>presbyteros,</strong></span> <span class='ocrx_word' id='word_1_261' title='bbox 1237 3305 1286 3349; x_wconf 90' lang='lat' dir='ltr'><strong>et</strong></span> <span class='ocrx_word' id='word_1_262' title='bbox 1313 3307 1458 3351; x_wconf 82' lang='lat' dir='ltr'><strong>orent</strong></span> <span class='ocrx_word' id='word_1_263' title='bbox 1508 3315 1668 3367; x_wconf 81' lang='lat' dir='ltr'><strong>super</strong></span> <span class='ocrx_word' id='word_1_264' title='bbox 1709 3317 1848 3366; x_wconf 88' lang='lat' dir='ltr'><strong>eum,</strong></span> 
     </span>
    </p>
   </div>
   <div class='ocr_carea' id='block_1_37' title="bbox 279 3383 1853 3458">
    <p class='ocr_par' dir='ltr' id='par_1_37' title="bbox 279 3383 1853 3458">
     <span class='ocr_line' id='line_1_37' title="bbox 279 3383 1853 3458; baseline 0.007 -24"><span class='ocrx_word' id='word_1_265' title='bbox 279 3391 526 3452; x_wconf 78' lang='lat' dir='ltr'><strong>augentes</strong></span> <span class='ocrx_word' id='word_1_266' title='bbox 556 3400 672 3437; x_wconf 87' lang='lat' dir='ltr'><strong>eum</strong></span> <span class='ocrx_word' id='word_1_267' title='bbox 715 3383 826 3437; x_wconf 83' lang='lat' dir='ltr'><strong>oleo</strong></span> <span class='ocrx_word' id='word_1_268' title='bbox 854 3385 909 3437; x_wconf 88' lang='lat' dir='ltr'><strong>in</strong></span> <span class='ocrx_word' id='word_1_269' title='bbox 939 3388 1148 3440; x_wconf 83' lang='lat' dir='ltr'><strong>nomine</strong></span> <span class='ocrx_word' id='word_1_270' title='bbox 1185 3386 1432 3453; x_wconf 87' lang='lat' dir='ltr'><strong>Domini;</strong></span> <span class='ocrx_word' id='word_1_271' title='bbox 1461 3398 1509 3442; x_wconf 87' lang='lat' dir='ltr'><strong>et</strong></span> <span class='ocrx_word' id='word_1_272' title='bbox 1537 3391 1707 3443; x_wconf 83' lang='lat' dir='ltr'><strong>oratio</strong></span> <span class='ocrx_word' id='word_1_273' title='bbox 1730 3391 1853 3458; x_wconf 80' lang='lat' dir='ltr'><strong>ﬁdei</strong></span> 
     </span>
    </p>
   </div>
   <div class='ocr_carea' id='block_1_38' title="bbox 276 3473 1853 3544">
    <p class='ocr_par' dir='ltr' id='par_1_38' title="bbox 276 3473 1853 3544">
     <span class='ocr_line' id='line_1_38' title="bbox 276 3473 1853 3544; baseline 0.006 -18"><span class='ocrx_word' id='word_1_274' title='bbox 276 3473 500 3527; x_wconf 83' lang='lat' dir='ltr'><strong>salvabit</strong></span> <span class='ocrx_word' id='word_1_275' title='bbox 526 3474 816 3542; x_wconf 79' lang='lat' dir='ltr'><strong>inﬁrmum,</strong></span> <span class='ocrx_word' id='word_1_276' title='bbox 842 3485 890 3528; x_wconf 91' lang='lat' dir='ltr'><strong>et</strong></span> <span class='ocrx_word' id='word_1_277' title='bbox 919 3476 1167 3530; x_wconf 79' lang='lat' dir='ltr'><strong>alleuabit</strong></span> <span class='ocrx_word' id='word_1_278' title='bbox 1193 3494 1309 3532; x_wconf 87' lang='lat' dir='ltr'><strong>eum</strong></span> <span class='ocrx_word' id='word_1_279' title='bbox 1362 3479 1636 3544; x_wconf 80' lang='lat' dir='ltr'><strong>Dominus,</strong></span> <span class='ocrx_word' id='word_1_280' title='bbox 1658 3491 1706 3535; x_wconf 89' lang='lat' dir='ltr'><strong>et</strong></span> <span class='ocrx_word' id='word_1_281' title='bbox 1726 3482 1773 3536; x_wconf 97' lang='lat' dir='ltr'><strong>si</strong></span> <span class='ocrx_word' id='word_1_282' title='bbox 1798 3484 1853 3535; x_wconf 87' lang='lat' dir='ltr'><strong>in</strong></span> 
     </span>
    </p>
   </div>
   <div class='ocr_carea' id='block_1_39' title="bbox 279 3568 1852 3646">
    <p class='ocr_par' dir='ltr' id='par_1_39' title="bbox 279 3568 1852 3646">
     <span class='ocr_line' id='line_1_39' title="bbox 279 3568 1852 3646; baseline 0.006 -26"><span class='ocrx_word' id='word_1_283' title='bbox 279 3568 507 3635; x_wconf 81' lang='lat' dir='ltr'><strong>peccatis</strong></span> <span class='ocrx_word' id='word_1_284' title='bbox 531 3570 620 3633; x_wconf 89' lang='lat' dir='ltr'><strong>sit,</strong></span> <span class='ocrx_word' id='word_1_285' title='bbox 642 3572 975 3623; x_wconf 75' lang='lat' dir='ltr'><strong>remittantur</strong></span> <span class='ocrx_word' id='word_1_286' title='bbox 999 3572 1049 3624; x_wconf 90' lang='lat' dir='ltr'><strong>ei</strong></span> <span class='ocrx_word' id='word_1_287' title='bbox 1080 3573 1144 3626; x_wconf 79' lang='lat'><strong>&quot;.</strong></span> <span class='ocrx_word' id='word_1_288' title='bbox 1196 3571 1327 3628; x_wconf 86' lang='lat' dir='ltr'><strong>Post</strong></span> <span class='ocrx_word' id='word_1_289' title='bbox 1356 3573 1490 3638; x_wconf 70' lang='lat' dir='ltr'><strong>haec,</strong></span> <span class='ocrx_word' id='word_1_290' title='bbox 1516 3575 1718 3646; x_wconf 81' lang='lat' dir='ltr'><strong>pugillo</strong></span> <span class='ocrx_word' id='word_1_291' title='bbox 1748 3576 1852 3630; x_wconf 91' lang='lat' dir='ltr'><strong>tol-</strong></span> 
     </span>
    </p>
   </div>
   <div class='ocr_carea' id='block_1_40' title="bbox 279 3657 1855 3729">
    <p class='ocr_par' dir='ltr' id='par_1_40' title="bbox 279 3657 1855 3729">
     <span class='ocr_line' id='line_1_40' title="bbox 279 3657 1855 3729; baseline 0.006 -17"><span class='ocrx_word' id='word_1_292' title='bbox 279 3657 394 3713; x_wconf 89' lang='lat' dir='ltr'><strong>lere</strong></span> <span class='ocrx_word' id='word_1_293' title='bbox 426 3660 581 3729; x_wconf 90' lang='lat' dir='ltr'><strong>jubet</strong></span> <span class='ocrx_word' id='word_1_294' title='bbox 613 3660 866 3725; x_wconf 86' lang='lat' dir='ltr'><strong>similam,</strong></span> <span class='ocrx_word' id='word_1_295' title='bbox 905 3661 956 3715; x_wconf 90' lang='lat' dir='ltr'><strong>id</strong></span> <span class='ocrx_word' id='word_1_296' title='bbox 986 3671 1070 3716; x_wconf 89' lang='lat' dir='ltr'><strong>est</strong></span> <span class='ocrx_word' id='word_1_297' title='bbox 1132 3663 1236 3718; x_wconf 88' lang='lat' dir='ltr'><strong>ﬁde</strong></span> <span class='ocrx_word' id='word_1_298' title='bbox 1273 3665 1557 3718; x_wconf 87' lang='lat' dir='ltr'><strong>scientiam</strong></span> <span class='ocrx_word' id='word_1_299' title='bbox 1595 3667 1685 3719; x_wconf 86' lang='lat' dir='ltr'><strong>Dei</strong></span> <span class='ocrx_word' id='word_1_300' title='bbox 1712 3682 1855 3722; x_wconf 87' lang='lat' dir='ltr'><strong>com-</strong></span> 
     </span>
    </p>
   </div>
   <div class='ocr_carea' id='block_1_41' title="bbox 279 3751 1853 3827">
    <p class='ocr_par' dir='ltr' id='par_1_41' title="bbox 279 3751 1853 3827">
     <span class='ocr_line' id='line_1_41' title="bbox 279 3751 1853 3827; baseline 0.007 -26"><span class='ocrx_word' id='word_1_301' title='bbox 279 3751 650 3818; x_wconf 86' lang='lat' dir='ltr'><strong>prehendere;</strong></span> <span class='ocrx_word' id='word_1_302' title='bbox 698 3766 797 3819; x_wconf 92' lang='lat' dir='ltr'><strong>per</strong></span> <span class='ocrx_word' id='word_1_303' title='bbox 818 3752 1075 3822; x_wconf 83' lang='lat' dir='ltr'><strong>pugillum</strong></span> <span class='ocrx_word' id='word_1_304' title='bbox 1125 3754 1271 3808; x_wconf 88' lang='lat' dir='ltr'><strong>enim</strong></span> <span class='ocrx_word' id='word_1_305' title='bbox 1306 3754 1395 3810; x_wconf 82' lang='lat' dir='ltr'><strong>hic</strong></span> <span class='ocrx_word' id='word_1_306' title='bbox 1452 3755 1612 3811; x_wconf 88' lang='lat' dir='ltr'><strong>ﬁdem</strong></span> <span class='ocrx_word' id='word_1_307' title='bbox 1646 3757 1853 3827; x_wconf 85' lang='lat' dir='ltr'><strong>signiﬁ-</strong></span> 
     </span>
    </p>
   </div>
   <div class='ocr_carea' id='block_1_42' title="bbox 280 3842 1852 3919">
    <p class='ocr_par' dir='ltr' id='par_1_42' title="bbox 280 3842 1852 3919">
     <span class='ocr_line' id='line_1_42' title="bbox 280 3842 1852 3919; baseline 0.006 -25"><span class='ocrx_word' id='word_1_308' title='bbox 280 3849 386 3903; x_wconf 89' lang='lat' dir='ltr'><strong>cat,</strong></span> <span class='ocrx_word' id='word_1_309' title='bbox 407 3849 700 3910; x_wconf 88' lang='lat' dir='ltr'><strong>aperteque</strong></span> <span class='ocrx_word' id='word_1_310' title='bbox 722 3842 959 3896; x_wconf 87' lang='lat' dir='ltr'><strong>ostendit</strong></span> <span class='ocrx_word' id='word_1_311' title='bbox 991 3843 1135 3897; x_wconf 89' lang='lat' dir='ltr'><strong>illam</strong></span> <span class='ocrx_word' id='word_1_312' title='bbox 1184 3844 1467 3899; x_wconf 85' lang='lat' dir='ltr'><strong>scientiam</strong></span> <span class='ocrx_word' id='word_1_313' title='bbox 1496 3886 1512 3911; x_wconf 94' lang='lat'><strong>,</strong></span> <span class='ocrx_word' id='word_1_314' title='bbox 1539 3847 1654 3902; x_wconf 90' lang='lat' dir='ltr'><strong>sive</strong></span> <span class='ocrx_word' id='word_1_315' title='bbox 1670 3850 1852 3919; x_wconf 88' lang='lat' dir='ltr'><strong>cogni-</strong></span> 
     </span>
    </p>
   </div>
   <div class='ocr_carea' id='block_1_43' title="bbox 281 3929 1853 4011">
    <p class='ocr_par' dir='ltr' id='par_1_43' title="bbox 281 3929 1853 4011">
     <span class='ocr_line' id='line_1_43' title="bbox 281 3929 1853 4011; baseline 0.008 -27"><span class='ocrx_word' id='word_1_316' title='bbox 281 3929 484 3984; x_wconf 88' lang='lat' dir='ltr'><strong>tionem</strong></span> <span class='ocrx_word' id='word_1_317' title='bbox 512 3931 606 3986; x_wconf 89' lang='lat' dir='ltr'><strong>Dei</strong></span> <span class='ocrx_word' id='word_1_318' title='bbox 643 3931 872 3987; x_wconf 87' lang='lat' dir='ltr'><strong>Domino</strong></span> <span class='ocrx_word' id='word_1_319' title='bbox 909 3943 1213 4003; x_wconf 88' lang='lat' dir='ltr'><strong>acceptam,</strong></span> <span class='ocrx_word' id='word_1_320' title='bbox 1256 3951 1419 4006; x_wconf 90' lang='lat' dir='ltr'><strong>quam</strong></span> <span class='ocrx_word' id='word_1_321' title='bbox 1443 3937 1576 3993; x_wconf 89' lang='lat' dir='ltr'><strong>ﬁdes</strong></span> <span class='ocrx_word' id='word_1_322' title='bbox 1600 3953 1853 4011; x_wconf 78' lang='lat' dir='ltr'><strong>compre-</strong></span> 
     </span>
    </p>
   </div>
   <div class='ocr_carea' id='block_1_44' title="bbox 279 4018 1849 4100">
    <p class='ocr_par' dir='ltr' id='par_1_44' title="bbox 279 4018 1849 4100">
     <span class='ocr_line' id='line_1_44' title="bbox 279 4018 1849 4100; baseline 0.009 -27"><span class='ocrx_word' id='word_1_323' title='bbox 279 4018 524 4075; x_wconf 84' lang='lat' dir='ltr'><strong>hendere</strong></span> <span class='ocrx_word' id='word_1_324' title='bbox 553 4028 773 4089; x_wconf 87' lang='lat' dir='ltr'><strong>potest;</strong></span> <span class='ocrx_word' id='word_1_325' title='bbox 809 4032 864 4076; x_wconf 90' lang='lat' dir='ltr'><strong>et</strong></span> <span class='ocrx_word' id='word_1_326' title='bbox 892 4025 1353 4092; x_wconf 88' lang='lat' dir='ltr'><strong>quemadmodum</strong></span> <span class='ocrx_word' id='word_1_327' title='bbox 1386 4026 1478 4097; x_wconf 93' lang='lat' dir='ltr'><strong>qui</strong></span> <span class='ocrx_word' id='word_1_328' title='bbox 1511 4029 1712 4100; x_wconf 85' lang='lat' dir='ltr'><strong>pugillo</strong></span> <span class='ocrx_word' id='word_1_329' title='bbox 1729 4031 1849 4100; x_wconf 90' lang='lat' dir='ltr'><strong>plus</strong></span> 
     </span>
    </p>
   </div>
   <div class='ocr_carea' id='block_1_45' title="bbox 278 4110 1847 4193">
    <p class='ocr_par' dir='ltr' id='par_1_45' title="bbox 278 4110 1847 4193">
     <span class='ocr_line' id='line_1_45' title="bbox 278 4110 1847 4193; baseline 0.01 -30"><span class='ocrx_word' id='word_1_330' title='bbox 278 4110 395 4164; x_wconf 87' lang='lat' dir='ltr'><strong>vult</strong></span> <span class='ocrx_word' id='word_1_331' title='bbox 439 4111 927 4180; x_wconf 83' lang='lat' dir='ltr'><strong>comprehendere,</strong></span> <span class='ocrx_word' id='word_1_332' title='bbox 974 4114 1110 4169; x_wconf 85' lang='lat' dir='ltr'><strong>nihil</strong></span> <span class='ocrx_word' id='word_1_333' title='bbox 1161 4116 1396 4185; x_wconf 89' lang='lat' dir='ltr'><strong>proﬁcit,</strong></span> <span class='ocrx_word' id='word_1_334' title='bbox 1443 4126 1616 4174; x_wconf 90' lang='lat' dir='ltr'><strong>totum</strong></span> <span class='ocrx_word' id='word_1_335' title='bbox 1645 4122 1847 4193; x_wconf 89' lang='lat' dir='ltr'><strong>quippe</strong></span> 
     </span>
    </p>
   </div>
   <div class='ocr_carea' id='block_1_46' title="bbox 277 4201 1846 4273">
    <p class='ocr_par' dir='ltr' id='par_1_46' title="bbox 277 4201 1846 4273">
     <span class='ocr_line' id='line_1_46' title="bbox 277 4201 1846 4273; baseline 0.006 -18"><span class='ocrx_word' id='word_1_336' title='bbox 277 4201 519 4256; x_wconf 88' lang='lat' dir='ltr'><strong>decurrit</strong></span> <span class='ocrx_word' id='word_1_337' title='bbox 544 4213 595 4256; x_wconf 88' lang='lat' dir='ltr'><strong>et</strong></span> <span class='ocrx_word' id='word_1_338' title='bbox 627 4204 791 4267; x_wconf 89' lang='lat' dir='ltr'><strong>cadit,</strong></span> <span class='ocrx_word' id='word_1_339' title='bbox 828 4212 992 4273; x_wconf 89' lang='lat' dir='ltr'><strong>atque</strong></span> <span class='ocrx_word' id='word_1_340' title='bbox 1043 4204 1307 4261; x_wconf 88' lang='lat' dir='ltr'><strong>inutiliter</strong></span> <span class='ocrx_word' id='word_1_341' title='bbox 1332 4206 1561 4273; x_wconf 86' lang='lat' dir='ltr'><strong>laborat,</strong></span> <span class='ocrx_word' id='word_1_342' title='bbox 1583 4209 1662 4265; x_wconf 88' lang='lat' dir='ltr'><strong>sic</strong></span> <span class='ocrx_word' id='word_1_343' title='bbox 1690 4227 1846 4267; x_wconf 88' lang='lat' dir='ltr'><strong>men-</strong></span> 
     </span>
    </p>
   </div>
   <div class='ocr_carea' id='block_1_47' title="bbox 277 4290 1841 4369">
    <p class='ocr_par' dir='ltr' id='par_1_47' title="bbox 277 4290 1841 4369">
     <span class='ocr_line' id='line_1_47' title="bbox 277 4290 1841 4369; baseline 0.005 -21"><span class='ocrx_word' id='word_1_344' title='bbox 277 4306 403 4348; x_wconf 81' lang='lat' dir='ltr'><strong>sura</strong></span> <span class='ocrx_word' id='word_1_345' title='bbox 435 4290 526 4346; x_wconf 90' lang='lat' dir='ltr'><strong>Dei</strong></span> <span class='ocrx_word' id='word_1_346' title='bbox 549 4292 793 4347; x_wconf 68' lang='lat' dir='ltr'><strong>scientias</strong></span> <span class='ocrx_word' id='word_1_347' title='bbox 831 4294 967 4349; x_wconf 89' lang='lat' dir='ltr'><strong>ﬁdes</strong></span> <span class='ocrx_word' id='word_1_348' title='bbox 1016 4305 1121 4349; x_wconf 87' lang='lat' dir='ltr'><strong>est.</strong></span> <span class='ocrx_word' id='word_1_349' title='bbox 1169 4294 1390 4351; x_wconf 80' lang='lat' dir='ltr'><strong>Credere</strong></span> <span class='ocrx_word' id='word_1_350' title='bbox 1434 4299 1576 4353; x_wconf 86' lang='lat' dir='ltr'><strong>enim</strong></span> <span class='ocrx_word' id='word_1_351' title='bbox 1619 4310 1841 4369; x_wconf 82' lang='lat' dir='ltr'><strong>oportet,</strong></span> 
     </span>
    </p>
   </div>
   <div class='ocr_carea' id='block_1_48' title="bbox 1975 459 3547 530">
    <p class='ocr_par' dir='ltr' id='par_1_48' title="bbox 1975 459 3547 530">
     <span class='ocr_line' id='line_1_48' title="bbox 1975 459 3547 530; baseline 0.001 -18"><span class='ocrx_word' id='word_1_352' title='bbox 1975 464 2074 514; x_wconf 83' lang='lat' dir='ltr'><strong>re&#39;t.</strong></span> <span class='ocrx_word' id='word_1_353' title='bbox 2107 460 2161 513; x_wconf 82' lang='lat' dir='ltr'><strong>Si</strong></span> <span class='ocrx_word' id='word_1_354' title='bbox 2187 462 2334 515; x_wconf 85' lang='lat' dir='ltr'><strong>enim</strong></span> <span class='ocrx_word' id='word_1_355' title='bbox 2364 460 2430 514; x_wconf 91' lang='lat' dir='ltr'><strong>de</strong></span> <span class='ocrx_word' id='word_1_356' title='bbox 2456 459 2738 513; x_wconf 65' lang='lat' dir='ltr'><strong>sacerdote</strong></span> <span class='ocrx_word' id='word_1_357' title='bbox 2767 459 3011 521; x_wconf 71' lang='lat' dir='ltr'><strong>dixisset,</strong></span> <span class='ocrx_word' id='word_1_358' title='bbox 3043 460 3199 529; x_wconf 77' lang='lat' dir='ltr'><strong>plane</strong></span> <span class='ocrx_word' id='word_1_359' title='bbox 3224 460 3328 514; x_wconf 89' lang='lat' dir='ltr'><strong>hoc</strong></span> <span class='ocrx_word' id='word_1_360' title='bbox 3358 462 3547 530; x_wconf 72' lang='lat' dir='ltr'><strong>utique</strong></span> 
     </span>
    </p>
   </div>
   <div class='ocr_carea' id='block_1_49' title="bbox 1970 550 3547 621">
    <p class='ocr_par' dir='ltr' id='par_1_49' title="bbox 1970 550 3547 621">
     <span class='ocr_line' id='line_1_49' title="bbox 1970 550 3547 621; baseline 0.001 -16"><span class='ocrx_word' id='word_1_361' title='bbox 1970 552 2113 607; x_wconf 89' lang='lat' dir='ltr'><strong>sicut</strong></span> <span class='ocrx_word' id='word_1_362' title='bbox 2142 552 2196 604; x_wconf 92' lang='lat' dir='ltr'><strong>in</strong></span> <span class='ocrx_word' id='word_1_363' title='bbox 2225 551 2511 612; x_wconf 87' lang='lat' dir='ltr'><strong>sacriﬁcio,</strong></span> <span class='ocrx_word' id='word_1_364' title='bbox 2535 550 2601 603; x_wconf 89' lang='lat' dir='ltr'><strong>de</strong></span> <span class='ocrx_word' id='word_1_365' title='bbox 2624 557 2845 618; x_wconf 74' lang='lat' dir='ltr'><strong>peccato</strong></span> <span class='ocrx_word' id='word_1_366' title='bbox 2906 551 3172 605; x_wconf 83' lang='lat' dir='ltr'><strong>sancitum</strong></span> <span class='ocrx_word' id='word_1_367' title='bbox 3197 560 3362 617; x_wconf 83' lang='lat' dir='ltr'><strong>esset,</strong></span> <span class='ocrx_word' id='word_1_368' title='bbox 3398 552 3547 621; x_wconf 84' lang='lat' dir='ltr'><strong>quod</strong></span> 
     </span>
    </p>
   </div>
   <div class='ocr_carea' id='block_1_50' title="bbox 1971 640 3547 711">
    <p class='ocr_par' dir='ltr' id='par_1_50' title="bbox 1971 640 3547 711">
     <span class='ocr_line' id='line_1_50' title="bbox 1971 640 3547 711; baseline -0.001 -15"><span class='ocrx_word' id='word_1_369' title='bbox 1971 651 2025 696; x_wconf 92' lang='lat' dir='ltr'><strong>ct</strong></span> <span class='ocrx_word' id='word_1_370' title='bbox 2050 643 2227 711; x_wconf 89' lang='lat' dir='ltr'><strong>ipsum</strong></span> <span class='ocrx_word' id='word_1_371' title='bbox 2260 642 2328 696; x_wconf 90' lang='lat' dir='ltr'><strong>de</strong></span> <span class='ocrx_word' id='word_1_372' title='bbox 2369 641 2545 695; x_wconf 87' lang='lat' dir='ltr'><strong>simila</strong></span> <span class='ocrx_word' id='word_1_373' title='bbox 2568 640 2750 701; x_wconf 85' lang='lat' dir='ltr'><strong>ﬁebat,</strong></span> <span class='ocrx_word' id='word_1_374' title='bbox 2776 641 3019 695; x_wconf 90' lang='lat' dir='ltr'><strong>adderet.</strong></span> <span class='ocrx_word' id='word_1_375' title='bbox 3051 641 3126 695; x_wconf 91' lang='lat' dir='ltr'><strong>lbi</strong></span> <span class='ocrx_word' id='word_1_376' title='bbox 3159 642 3306 695; x_wconf 90' lang='lat' dir='ltr'><strong>enim</strong></span> <span class='ocrx_word' id='word_1_377' title='bbox 3334 657 3547 696; x_wconf 83' lang='lat' dir='ltr'><strong>memo-</strong></span> 
     </span>
    </p>
   </div>
   <div class='ocr_carea' id='block_1_51' title="bbox 1970 730 3551 802">
    <p class='ocr_par' dir='ltr' id='par_1_51' title="bbox 1970 730 3551 802">
     <span class='ocr_line' id='line_1_51' title="bbox 1970 730 3551 802; baseline 0 -17"><span class='ocrx_word' id='word_1_378' title='bbox 1970 730 2102 787; x_wconf 90' lang='lat' dir='ltr'><strong>riale</strong></span> <span class='ocrx_word' id='word_1_379' title='bbox 2134 748 2254 787; x_wconf 90' lang='lat' dir='ltr'><strong>esse</strong></span> <span class='ocrx_word' id='word_1_380' title='bbox 2275 733 2389 786; x_wconf 88' lang='lat' dir='ltr'><strong>vult</strong></span> <span class='ocrx_word' id='word_1_381' title='bbox 2427 731 2530 786; x_wconf 86' lang='lat' dir='ltr'><strong>hoc</strong></span> <span class='ocrx_word' id='word_1_382' title='bbox 2550 734 2694 801; x_wconf 91' lang='lat' dir='ltr'><strong>quod</strong></span> <span class='ocrx_word' id='word_1_383' title='bbox 2732 733 2787 785; x_wconf 90' lang='lat' dir='ltr'><strong>in</strong></span> <span class='ocrx_word' id='word_1_384' title='bbox 2846 731 3047 802; x_wconf 76' lang='lat' dir='ltr'><strong>pugillo</strong></span> <span class='ocrx_word' id='word_1_385' title='bbox 3075 732 3368 786; x_wconf 90' lang='lat' dir='ltr'><strong>sacerdotis</strong></span> <span class='ocrx_word' id='word_1_386' title='bbox 3390 733 3551 787; x_wconf 66' lang='grc' dir='ltr'><strong>οσαν-</strong></span> 
     </span>
    </p>
   </div>
   <div class='ocr_carea' id='block_1_52' title="bbox 1974 822 3550 892">
    <p class='ocr_par' dir='ltr' id='par_1_52' title="bbox 1974 822 3550 892">
     <span class='ocr_line' id='line_1_52' title="bbox 1974 822 3550 892; baseline 0.001 -14"><span class='ocrx_word' id='word_1_387' title='bbox 1974 833 2062 879; x_wconf 87' lang='lat' dir='ltr'><strong>tur</strong></span> <span class='ocrx_word' id='word_1_388' title='bbox 2087 823 2198 877; x_wconf 89' lang='lat' dir='ltr'><strong>Deo</strong></span> <span class='ocrx_word' id='word_1_389' title='bbox 2236 822 2423 876; x_wconf 84' lang='lat' dir='ltr'><strong>:aliud</strong></span> <span class='ocrx_word' id='word_1_390' title='bbox 2461 823 2743 892; x_wconf 88' lang='lat' dir='ltr'><strong>quidpiam</strong></span> <span class='ocrx_word' id='word_1_391' title='bbox 2769 823 3024 878; x_wconf 75' lang='lat' dir='ltr'><strong>sanciens</strong></span> <span class='ocrx_word' id='word_1_392' title='bbox 3068 832 3222 876; x_wconf 82' lang='lat' dir='ltr'><strong>extra</strong></span> <span class='ocrx_word' id='word_1_393' title='bbox 3247 823 3351 877; x_wconf 85' lang='lat' dir='ltr'><strong>hoc</strong></span> <span class='ocrx_word' id='word_1_394' title='bbox 3401 823 3550 892; x_wconf 84' lang='lat' dir='ltr'><strong>quod</strong></span> 
     </span>
    </p>
   </div>
   <div class='ocr_carea' id='block_1_53' title="bbox 1969 915 3549 986">
    <p class='ocr_par' dir='ltr' id='par_1_53' title="bbox 1969 915 3549 986">
     <span class='ocr_line' id='line_1_53' title="bbox 1969 915 3549 986; baseline 0.002 -17"><span class='ocrx_word' id='word_1_395' title='bbox 1969 930 2118 970; x_wconf 89' lang='lat' dir='ltr'><strong>nunc</strong></span> <span class='ocrx_word' id='word_1_396' title='bbox 2148 916 2372 978; x_wconf 88' lang='lat' dir='ltr'><strong>dicitur,</strong></span> <span class='ocrx_word' id='word_1_397' title='bbox 2406 915 2548 969; x_wconf 91' lang='lat' dir='ltr'><strong>sicut</strong></span> <span class='ocrx_word' id='word_1_398' title='bbox 2578 916 2745 986; x_wconf 88' lang='lat' dir='ltr'><strong>paulo</strong></span> <span class='ocrx_word' id='word_1_399' title='bbox 2773 915 3045 985; x_wconf 85' lang='lat' dir='ltr'><strong>posterius</strong></span> <span class='ocrx_word' id='word_1_400' title='bbox 3065 917 3435 971; x_wconf 88' lang='lat' dir='ltr'><strong>ostendemus.</strong></span> <span class='ocrx_word' id='word_1_401' title='bbox 3454 916 3549 972; x_wconf 90' lang='lat' dir='ltr'><strong>llic</strong></span> 
     </span>
    </p>
   </div>
   <div class='ocr_carea' id='block_1_54' title="bbox 1973 1007 3549 1077">
    <p class='ocr_par' dir='ltr' id='par_1_54' title="bbox 1973 1007 3549 1077">
     <span class='ocr_line' id='line_1_54' title="bbox 1973 1007 3549 1077; baseline 0.003 -17"><span class='ocrx_word' id='word_1_402' title='bbox 1973 1023 2103 1062; x_wconf 89' lang='lat' dir='ltr'><strong>vero</strong></span> <span class='ocrx_word' id='word_1_403' title='bbox 2132 1022 2242 1061; x_wconf 89' lang='lat' dir='ltr'><strong>non</strong></span> <span class='ocrx_word' id='word_1_404' title='bbox 2273 1007 2345 1060; x_wconf 89' lang='lat' dir='ltr'><strong>ita</strong></span> <span class='ocrx_word' id='word_1_405' title='bbox 2369 1047 2384 1071; x_wconf 93' lang='lat'><strong>,</strong></span> <span class='ocrx_word' id='word_1_406' title='bbox 2418 1008 2513 1062; x_wconf 90' lang='lat' dir='ltr'><strong>sed</strong></span> <span class='ocrx_word' id='word_1_407' title='bbox 2563 1015 2801 1076; x_wconf 89' lang='lat' dir='ltr'><strong>sumpto,</strong></span> <span class='ocrx_word' id='word_1_408' title='bbox 2836 1008 3137 1062; x_wconf 59' lang='lat' dir='ltr'><strong>st-cundum</strong></span> <span class='ocrx_word' id='word_1_409' title='bbox 3167 1009 3311 1077; x_wconf 91' lang='lat' dir='ltr'><strong>quod</strong></span> <span class='ocrx_word' id='word_1_410' title='bbox 3344 1008 3549 1064; x_wconf 71' lang='lat' dir='ltr'><strong>dict-Lm</strong></span> 
     </span>
    </p>
   </div>
   <div class='ocr_carea' id='block_1_55' title="bbox 1972 1099 3550 1170">
    <p class='ocr_par' dir='ltr' id='par_1_55' title="bbox 1972 1099 3550 1170">
     <span class='ocr_line' id='line_1_55' title="bbox 1972 1099 3550 1170; baseline 0.001 -16"><span class='ocrx_word' id='word_1_411' title='bbox 1972 1109 2073 1163; x_wconf 89' lang='lat' dir='ltr'><strong>est,</strong></span> <span class='ocrx_word' id='word_1_412' title='bbox 2110 1115 2177 1154; x_wconf 91' lang='lat' dir='ltr'><strong>eo</strong></span> <span class='ocrx_word' id='word_1_413' title='bbox 2246 1100 2391 1168; x_wconf 88' lang='lat' dir='ltr'><strong>quod</strong></span> <span class='ocrx_word' id='word_1_414' title='bbox 2443 1099 2637 1154; x_wconf 77' lang='lat' dir='ltr'><strong>oﬂcret</strong></span> <span class='ocrx_word' id='word_1_415' title='bbox 2689 1100 2942 1154; x_wconf 87' lang='lat' dir='ltr'><strong>sacerdos</strong></span> <span class='ocrx_word' id='word_1_416' title='bbox 2970 1101 3110 1170; x_wconf 86' lang='lat' dir='ltr'><strong>(esse</strong></span> <span class='ocrx_word' id='word_1_417' title='bbox 3161 1109 3340 1155; x_wconf 78' lang='lat' dir='ltr'><strong>autem</strong></span> <span class='ocrx_word' id='word_1_418' title='bbox 3404 1100 3550 1156; x_wconf 81' lang='lat' dir='ltr'><strong>hunc</strong></span> 
     </span>
    </p>
   </div>
   <div class='ocr_carea' id='block_1_56' title="bbox 1967 1187 3552 1259">
    <p class='ocr_par' dir='ltr' id='par_1_56' title="bbox 1967 1187 3552 1259">
     <span class='ocr_line' id='line_1_56' title="bbox 1967 1187 3552 1259; baseline 0.003 -17"><span class='ocrx_word' id='word_1_419' title='bbox 1967 1187 2152 1243; x_wconf 82' lang='lat' dir='ltr'><strong>Jesutn</strong></span> <span class='ocrx_word' id='word_1_420' title='bbox 2187 1189 2469 1259; x_wconf 85' lang='lat' dir='ltr'><strong>didicisti),</strong></span> <span class='ocrx_word' id='word_1_421' title='bbox 2504 1189 2756 1244; x_wconf 84' lang='lat' dir='ltr'><strong>sacriﬁcii</strong></span> <span class='ocrx_word' id='word_1_422' title='bbox 2779 1190 3091 1245; x_wconf 86' lang='lat' dir='ltr'><strong>mcmorialc</strong></span> <span class='ocrx_word' id='word_1_423' title='bbox 3117 1191 3397 1247; x_wconf 75' lang='lat' dir='ltr'><strong>iucmlcsti</strong></span> <span class='ocrx_word' id='word_1_424' title='bbox 3422 1193 3552 1246; x_wconf 71' lang='grc' dir='ltr'><strong>οπε-</strong></span> 
     </span>
    </p>
   </div>
   <div class='ocr_carea' id='block_1_57' title="bbox 1969 1278 3547 1351">
    <p class='ocr_par' dir='ltr' id='par_1_57' title="bbox 1969 1278 3547 1351">
     <span class='ocr_line' id='line_1_57' title="bbox 1969 1278 3547 1351; baseline 0.003 -19"><span class='ocrx_word' id='word_1_425' title='bbox 1969 1290 2050 1334; x_wconf 92' lang='lat' dir='ltr'><strong>ret</strong></span> <span class='ocrx_word' id='word_1_426' title='bbox 2076 1279 2255 1332; x_wconf 89' lang='lat' dir='ltr'><strong>altari.</strong></span> <span class='ocrx_word' id='word_1_427' title='bbox 2286 1278 2601 1334; x_wconf 81' lang='lat' dir='ltr'><strong>Mcmoriale</strong></span> <span class='ocrx_word' id='word_1_428' title='bbox 2654 1288 2837 1333; x_wconf 86' lang='lat' dir='ltr'><strong>autem</strong></span> <span class='ocrx_word' id='word_1_429' title='bbox 2869 1282 3200 1348; x_wconf 78' lang='lat' dir='ltr'><strong>cognitiunis</strong></span> <span class='ocrx_word' id='word_1_430' title='bbox 3233 1282 3326 1336; x_wconf 90' lang='lat' dir='ltr'><strong>Dci</strong></span> <span class='ocrx_word' id='word_1_431' title='bbox 3371 1285 3547 1351; x_wconf 67' lang='lat' dir='ltr'><strong>perfeo</strong></span> 
     </span>
    </p>
   </div>
   <div class='ocr_carea' id='block_1_58' title="bbox 1968 1372 3544 1444">
    <p class='ocr_par' dir='ltr' id='par_1_58' title="bbox 1968 1372 3544 1444">
     <span class='ocr_line' id='line_1_58' title="bbox 1968 1372 3544 1444; baseline 0 -18"><span class='ocrx_word' id='word_1_432' title='bbox 1968 1380 2052 1426; x_wconf 90' lang='lat' dir='ltr'><strong>cta</strong></span> <span class='ocrx_word' id='word_1_433' title='bbox 2109 1372 2339 1426; x_wconf 86' lang='lat' dir='ltr'><strong>scientia</strong></span> <span class='ocrx_word' id='word_1_434' title='bbox 2400 1380 2502 1436; x_wconf 83' lang='lat' dir='ltr'><strong>est,</strong></span> <span class='ocrx_word' id='word_1_435' title='bbox 2535 1372 2695 1441; x_wconf 79' lang='lat' dir='ltr'><strong>cujus</strong></span> <span class='ocrx_word' id='word_1_436' title='bbox 2745 1389 2963 1444; x_wconf 84' lang='lat' dir='ltr'><strong>semper</strong></span> <span class='ocrx_word' id='word_1_437' title='bbox 3003 1388 3272 1427; x_wconf 73' lang='lat' dir='ltr'><strong>memores</strong></span> <span class='ocrx_word' id='word_1_438' title='bbox 3322 1374 3544 1438; x_wconf 70' lang='lat' dir='ltr'><strong>erimus,</strong></span> 
     </span>
    </p>
   </div>
   <div class='ocr_carea' id='block_1_59' title="bbox 1966 1463 3547 1534">
    <p class='ocr_par' dir='ltr' id='par_1_59' title="bbox 1966 1463 3547 1534">
     <span class='ocr_line' id='line_1_59' title="bbox 1966 1463 3547 1534; baseline 0.003 -19"><span class='ocrx_word' id='word_1_439' title='bbox 1966 1463 2183 1531; x_wconf 86' lang='lat' dir='ltr'><strong>quando</strong></span> <span class='ocrx_word' id='word_1_440' title='bbox 2210 1463 2329 1533; x_wconf 77' lang='lat' dir='ltr'><strong>ejus</strong></span> <span class='ocrx_word' id='word_1_441' title='bbox 2350 1478 2575 1533; x_wconf 79' lang='lat' dir='ltr'><strong>capaces</strong></span> <span class='ocrx_word' id='word_1_442' title='bbox 2597 1463 2883 1528; x_wconf 79' lang='lat' dir='ltr'><strong>fuerimus,</strong></span> <span class='ocrx_word' id='word_1_443' title='bbox 2939 1481 3061 1534; x_wconf 61' lang='lat' dir='ltr'><strong>quae</strong></span> <span class='ocrx_word' id='word_1_444' title='bbox 3122 1469 3399 1534; x_wconf 81' lang='lat' dir='ltr'><strong>nunquam</strong></span> <span class='ocrx_word' id='word_1_445' title='bbox 3456 1467 3547 1521; x_wconf 80' lang='lat' dir='ltr'><strong>de-</strong></span> 
     </span>
    </p>
   </div>
   <div class='ocr_carea' id='block_1_60' title="bbox 1967 1554 3543 1625">
    <p class='ocr_par' dir='ltr' id='par_1_60' title="bbox 1967 1554 3543 1625">
     <span class='ocr_line' id='line_1_60' title="bbox 1967 1554 3543 1625; baseline 0.004 -20"><span class='ocrx_word' id='word_1_446' title='bbox 1967 1554 2217 1619; x_wconf 90' lang='lat' dir='ltr'><strong>struitur,</strong></span> <span class='ocrx_word' id='word_1_447' title='bbox 2241 1570 2362 1623; x_wconf 79' lang='lat' dir='ltr'><strong>quae</strong></span> <span class='ocrx_word' id='word_1_448' title='bbox 2386 1569 2504 1610; x_wconf 89' lang='lat' dir='ltr'><strong>eam</strong></span> <span class='ocrx_word' id='word_1_449' title='bbox 2548 1570 2669 1625; x_wconf 60' lang='lat' dir='ltr'><strong>quae</strong></span> <span class='ocrx_word' id='word_1_450' title='bbox 2683 1571 2830 1610; x_wconf 90' lang='lat' dir='ltr'><strong>nunc</strong></span> <span class='ocrx_word' id='word_1_451' title='bbox 2845 1564 2948 1621; x_wconf 88' lang='lat' dir='ltr'><strong>est,</strong></span> <span class='ocrx_word' id='word_1_452' title='bbox 2996 1572 3107 1610; x_wconf 88' lang='lat' dir='ltr'><strong>non</strong></span> <span class='ocrx_word' id='word_1_453' title='bbox 3138 1565 3197 1610; x_wconf 89' lang='lat' dir='ltr'><strong>ut</strong></span> <span class='ocrx_word' id='word_1_454' title='bbox 3215 1558 3543 1612; x_wconf 85' lang='lat' dir='ltr'><strong>contrariam</strong></span> 
     </span>
    </p>
   </div>
   <div class='ocr_carea' id='block_1_61' title="bbox 1966 1643 3544 1718">
    <p class='ocr_par' dir='ltr' id='par_1_61' title="bbox 1966 1643 3544 1718">
     <span class='ocr_line' id='line_1_61' title="bbox 1966 1643 3544 1718; baseline 0.004 -22"><span class='ocrx_word' id='word_1_455' title='bbox 1966 1643 2219 1707; x_wconf 85' lang='lat' dir='ltr'><strong>destruit,</strong></span> <span class='ocrx_word' id='word_1_456' title='bbox 2244 1645 2343 1700; x_wconf 92' lang='lat' dir='ltr'><strong>sed</strong></span> <span class='ocrx_word' id='word_1_457' title='bbox 2375 1654 2584 1714; x_wconf 84' lang='lat' dir='ltr'><strong>partem</strong></span> <span class='ocrx_word' id='word_1_458' title='bbox 2611 1662 2731 1700; x_wconf 88' lang='lat' dir='ltr'><strong>eam</strong></span> <span class='ocrx_word' id='word_1_459' title='bbox 2784 1647 3059 1701; x_wconf 82' lang='lat' dir='ltr'><strong>minimam</strong></span> <span class='ocrx_word' id='word_1_460' title='bbox 3103 1664 3223 1703; x_wconf 87' lang='lat' dir='ltr'><strong>esse</strong></span> <span class='ocrx_word' id='word_1_461' title='bbox 3272 1665 3367 1718; x_wconf 74' lang='lat' dir='ltr'><strong>per</strong></span> <span class='ocrx_word' id='word_1_462' title='bbox 3391 1663 3544 1704; x_wconf 89' lang='lat' dir='ltr'><strong>suam</strong></span> 
     </span>
    </p>
   </div>
   <div class='ocr_carea' id='block_1_62' title="bbox 1966 1735 3538 1806">
    <p class='ocr_par' dir='ltr' id='par_1_62' title="bbox 1966 1735 3538 1806">
     <span class='ocr_line' id='line_1_62' title="bbox 1966 1735 3538 1806; baseline 0.003 -19"><span class='ocrx_word' id='word_1_463' title='bbox 1966 1735 2354 1804; x_wconf 84' lang='lat' dir='ltr'><strong>plenitudinem</strong></span> <span class='ocrx_word' id='word_1_464' title='bbox 2382 1744 2669 1799; x_wconf 82' lang='lat' dir='ltr'><strong>monstrat,</strong></span> <span class='ocrx_word' id='word_1_465' title='bbox 2690 1735 2992 1790; x_wconf 87' lang='lat' dir='ltr'><strong>secundum</strong></span> <span class='ocrx_word' id='word_1_466' title='bbox 3021 1737 3166 1806; x_wconf 85' lang='lat' dir='ltr'><strong>quod</strong></span> <span class='ocrx_word' id='word_1_467' title='bbox 3193 1737 3403 1791; x_wconf 87' lang='lat' dir='ltr'><strong>dictum</strong></span> <span class='ocrx_word' id='word_1_468' title='bbox 3422 1747 3538 1792; x_wconf 87' lang='lat' dir='ltr'><strong>est:</strong></span> 
     </span>
    </p>
   </div>
   <div class='ocr_carea' id='block_1_63' title="bbox 1966 1808 3545 1899">
    <p class='ocr_par' dir='ltr' id='par_1_63' title="bbox 1966 1808 3545 1899">
     <span class='ocr_line' id='line_1_63' title="bbox 1966 1808 3545 1899; baseline 0.003 -20"><span class='ocrx_word' id='word_1_469' title='bbox 1966 1825 2050 1879; x_wconf 81' lang='lat' dir='ltr'><strong>Ea:</strong></span> <span class='ocrx_word' id='word_1_470' title='bbox 2082 1836 2233 1897; x_wconf 80' lang='lat' dir='ltr'><strong>parte</strong></span> <span class='ocrx_word' id='word_1_471' title='bbox 2254 1828 2629 1898; x_wconf 82' lang='lat' dir='ltr'><strong>cognoscimus,</strong></span> <span class='ocrx_word' id='word_1_472' title='bbox 2664 1836 2713 1881; x_wconf 86' lang='lat' dir='ltr'><strong>et</strong></span> <span class='ocrx_word' id='word_1_473' title='bbox 2743 1845 2805 1881; x_wconf 80' lang='lat' dir='ltr'><strong>ea:</strong></span> <span class='ocrx_word' id='word_1_474' title='bbox 2833 1840 2984 1894; x_wconf 84' lang='lat' dir='ltr'><strong>parte</strong></span> <span class='ocrx_word' id='word_1_475' title='bbox 3008 1808 3393 1899; x_wconf 66' lang='lat' dir='ltr'><strong>prophetarum.</strong></span> <span class='ocrx_word' id='word_1_476' title='bbox 3412 1830 3545 1884; x_wconf 85' lang='lat' dir='ltr'><strong>Cum</strong></span> 
     </span>
    </p>
   </div>
   <div class='ocr_carea' id='block_1_64' title="bbox 1964 1920 3542 1990">
    <p class='ocr_par' dir='ltr' id='par_1_64' title="bbox 1964 1920 3542 1990">
     <span class='ocr_line' id='line_1_64' title="bbox 1964 1920 3542 1990; baseline 0.004 -19"><span class='ocrx_word' id='word_1_477' title='bbox 1964 1929 2141 1971; x_wconf 82' lang='lat' dir='ltr'><strong>autem</strong></span> <span class='ocrx_word' id='word_1_478' title='bbox 2167 1920 2362 1973; x_wconf 84' lang='lat' dir='ltr'><strong>venerit</strong></span> <span class='ocrx_word' id='word_1_479' title='bbox 2392 1921 2529 1989; x_wconf 82' lang='lat' dir='ltr'><strong>quod</strong></span> <span class='ocrx_word' id='word_1_480' title='bbox 2553 1921 2838 1989; x_wconf 77' lang='lat' dir='ltr'><strong>perfectum</strong></span> <span class='ocrx_word' id='word_1_481' title='bbox 2884 1931 2981 1984; x_wconf 87' lang='lat' dir='ltr'><strong>est,</strong></span> <span class='ocrx_word' id='word_1_482' title='bbox 3035 1921 3374 1977; x_wconf 80' lang='lat' dir='ltr'><strong>evacuabitur</strong></span> <span class='ocrx_word' id='word_1_483' title='bbox 3402 1926 3542 1990; x_wconf 82' lang='lat' dir='ltr'><strong>quod</strong></span> 
     </span>
    </p>
   </div>
   <div class='ocr_carea' id='block_1_65' title="bbox 1964 2011 3540 2090">
    <p class='ocr_par' dir='ltr' id='par_1_65' title="bbox 1964 2011 3540 2090">
     <span class='ocr_line' id='line_1_65' title="bbox 1964 2011 3540 2090; baseline 0.003 -28"><span class='ocrx_word' id='word_1_484' title='bbox 1964 2026 2028 2063; x_wconf 74' lang='lat' dir='ltr'><strong>ex</strong></span> <span class='ocrx_word' id='word_1_485' title='bbox 2051 2020 2203 2077; x_wconf 87' lang='lat' dir='ltr'><strong>parte</strong></span> <span class='ocrx_word' id='word_1_486' title='bbox 2223 2019 2297 2064; x_wconf 85' lang='lat' dir='ltr'><strong>est</strong></span> <span class='ocrx_word' id='word_1_487' title='bbox 2316 2011 2380 2065; x_wconf 76' lang='grc' dir='ltr'><strong>⁸ο.</strong></span> <span class='ocrx_word' id='word_1_488' title='bbox 2415 2012 2479 2064; x_wconf 85' lang='lat' dir='ltr'><strong>Et</strong></span> <span class='ocrx_word' id='word_1_489' title='bbox 2512 2011 2787 2079; x_wconf 88' lang='lat' dir='ltr'><strong>quomodo</strong></span> <span class='ocrx_word' id='word_1_490' title='bbox 2842 2011 3222 2076; x_wconf 84' lang='lat' dir='ltr'><strong>evacuabitur,</strong></span> <span class='ocrx_word' id='word_1_491' title='bbox 3253 2016 3399 2068; x_wconf 89' lang='lat' dir='ltr'><strong>clare</strong></span> <span class='ocrx_word' id='word_1_492' title='bbox 3420 2027 3540 2090; x_wconf 74' lang='lat' dir='ltr'><strong>ma-</strong></span> 
     </span>
    </p>
   </div>
   <div class='ocr_carea' id='block_1_66' title="bbox 1963 2102 3542 2174">
    <p class='ocr_par' dir='ltr' id='par_1_66' title="bbox 1963 2102 3542 2174">
     <span class='ocr_line' id='line_1_66' title="bbox 1963 2102 3542 2174; baseline 0.002 -19"><span class='ocrx_word' id='word_1_493' title='bbox 1963 2102 2187 2156; x_wconf 79' lang='lat' dir='ltr'><strong>niiestat</strong></span> <span class='ocrx_word' id='word_1_494' title='bbox 2212 2102 2495 2156; x_wconf 82' lang='lat' dir='ltr'><strong>subdens:</strong></span> <span class='ocrx_word' id='word_1_495' title='bbox 2534 2102 2775 2156; x_wconf 80' lang='lat' dir='ltr'><strong>Videmus</strong></span> <span class='ocrx_word' id='word_1_496' title='bbox 2812 2119 2951 2158; x_wconf 83' lang='lat' dir='ltr'><strong>nunc</strong></span> <span class='ocrx_word' id='word_1_497' title='bbox 3013 2119 3107 2172; x_wconf 82' lang='lat' dir='ltr'><strong>per</strong></span> <span class='ocrx_word' id='word_1_498' title='bbox 3160 2103 3430 2174; x_wconf 81' lang='lat' dir='ltr'><strong>speculum</strong></span> <span class='ocrx_word' id='word_1_499' title='bbox 3481 2106 3542 2158; x_wconf 82' lang='lat' dir='ltr'><strong>in</strong></span> 
     </span>
    </p>
   </div>
   <div class='ocr_carea' id='block_1_67' title="bbox 1968 2193 3544 2267">
    <p class='ocr_par' dir='ltr' id='par_1_67' title="bbox 1968 2193 3544 2267">
     <span class='ocr_line' id='line_1_67' title="bbox 1968 2193 3544 2267; baseline 0.003 -22"><span class='ocrx_word' id='word_1_500' title='bbox 1968 2193 2270 2261; x_wconf 65' lang='lat' dir='ltr'><strong>aenigmate.</strong></span> <span class='ocrx_word' id='word_1_501' title='bbox 2299 2203 2423 2246; x_wconf 83' lang='lat' dir='ltr'><strong>tunc</strong></span> <span class='ocrx_word' id='word_1_502' title='bbox 2451 2203 2628 2246; x_wconf 84' lang='lat' dir='ltr'><strong>autem</strong></span> <span class='ocrx_word' id='word_1_503' title='bbox 2662 2194 2799 2264; x_wconf 77' lang='lat' dir='ltr'><strong>facie</strong></span> <span class='ocrx_word' id='word_1_504' title='bbox 2830 2194 2901 2246; x_wconf 85' lang='lat' dir='ltr'><strong>ad</strong></span> <span class='ocrx_word' id='word_1_505' title='bbox 2929 2195 3142 2262; x_wconf 83' lang='lat' dir='ltr'><strong>faciem.</strong></span> <span class='ocrx_word' id='word_1_506' title='bbox 3183 2194 3544 2267; x_wconf 79' lang='lat' dir='ltr'><strong>Nunccoguo-</strong></span> 
     </span>
    </p>
   </div>
   <div class='ocr_carea' id='block_1_68' title="bbox 1963 2285 3540 2356">
    <p class='ocr_par' dir='ltr' id='par_1_68' title="bbox 1963 2285 3540 2356">
     <span class='ocr_line' id='line_1_68' title="bbox 1963 2285 3540 2356; baseline 0.004 -20"><span class='ocrx_word' id='word_1_507' title='bbox 1963 2300 2051 2337; x_wconf 73' lang='lat' dir='ltr'><strong>sco</strong></span> <span class='ocrx_word' id='word_1_508' title='bbox 2080 2300 2141 2337; x_wconf 73' lang='lat' dir='ltr'><strong>ea:</strong></span> <span class='ocrx_word' id='word_1_509' title='bbox 2159 2294 2331 2352; x_wconf 83' lang='lat' dir='ltr'><strong>parte,</strong></span> <span class='ocrx_word' id='word_1_510' title='bbox 2363 2295 2484 2337; x_wconf 84' lang='lat' dir='ltr'><strong>tunc</strong></span> <span class='ocrx_word' id='word_1_511' title='bbox 2515 2300 2818 2354; x_wconf 78' lang='lat' dir='ltr'><strong>cognoscam</strong></span> <span class='ocrx_word' id='word_1_512' title='bbox 2846 2285 2982 2338; x_wconf 86' lang='lat' dir='ltr'><strong>sicut</strong></span> <span class='ocrx_word' id='word_1_513' title='bbox 3013 2294 3059 2340; x_wconf 89' lang='lat' dir='ltr'><strong>et</strong></span> <span class='ocrx_word' id='word_1_514' title='bbox 3080 2287 3315 2356; x_wconf 83' lang='lat' dir='ltr'><strong>cognitus</strong></span> <span class='ocrx_word' id='word_1_515' title='bbox 3344 2288 3540 2342; x_wconf 77' lang='lat' dir='ltr'><strong>sum&quot;.</strong></span> 
     </span>
    </p>
   </div>
   <div class='ocr_carea' id='block_1_69' title="bbox 1966 2372 3545 2434">
    <p class='ocr_par' dir='ltr' id='par_1_69' title="bbox 1966 2372 3545 2434">
     <span class='ocr_line' id='line_1_69' title="bbox 1966 2372 3545 2434; baseline 0.005 -8"><span class='ocrx_word' id='word_1_516' title='bbox 1966 2372 2081 2430; x_wconf 88' lang='lat' dir='ltr'><strong>lloc</strong></span> <span class='ocrx_word' id='word_1_517' title='bbox 2112 2377 2440 2431; x_wconf 88' lang='lat' dir='ltr'><strong>sacriﬁcium</strong></span> <span class='ocrx_word' id='word_1_518' title='bbox 2490 2375 2717 2431; x_wconf 85' lang='lat' dir='ltr'><strong>odorem</strong></span> <span class='ocrx_word' id='word_1_519' title='bbox 2784 2377 3170 2431; x_wconf 78' lang='lat' dir='ltr'><strong>suavissimum</strong></span> <span class='ocrx_word' id='word_1_520' title='bbox 3232 2379 3545 2434; x_wconf 83' lang='lat' dir='ltr'><strong>necessarie</strong></span> 
     </span>
    </p>
   </div>
   <div class='ocr_carea' id='block_1_70' title="bbox 1964 2466 3545 2537">
    <p class='ocr_par' dir='ltr' id='par_1_70' title="bbox 1964 2466 3545 2537">
     <span class='ocr_line' id='line_1_70' title="bbox 1964 2466 3545 2537; baseline 0.003 -18"><span class='ocrx_word' id='word_1_521' title='bbox 1964 2466 2196 2522; x_wconf 86' lang='lat' dir='ltr'><strong>Domino</strong></span> <span class='ocrx_word' id='word_1_522' title='bbox 2222 2468 2494 2537; x_wconf 62' lang='lat' dir='ltr'><strong>lrgislatoc</strong></span> <span class='ocrx_word' id='word_1_523' title='bbox 2524 2466 2833 2537; x_wconf 87' lang='lat' dir='ltr'><strong>appellavit.</strong></span> <span class='ocrx_word' id='word_1_524' title='bbox 2861 2466 3093 2522; x_wconf 84' lang='lat' dir='ltr'><strong>Odorem</strong></span> <span class='ocrx_word' id='word_1_525' title='bbox 3132 2468 3186 2521; x_wconf 88' lang='lat' dir='ltr'><strong>in</strong></span> <span class='ocrx_word' id='word_1_526' title='bbox 3207 2467 3434 2524; x_wconf 87' lang='lat' dir='ltr'><strong>Domino</strong></span> <span class='ocrx_word' id='word_1_527' title='bbox 3458 2478 3545 2523; x_wconf 90' lang='lat' dir='ltr'><strong>est</strong></span> 
     </span>
    </p>
   </div>
   <div class='ocr_carea' id='block_1_71' title="bbox 1964 2557 3548 2626">
    <p class='ocr_par' dir='ltr' id='par_1_71' title="bbox 1964 2557 3548 2626">
     <span class='ocr_line' id='line_1_71' title="bbox 1964 2557 3548 2626; baseline 0.003 -17"><span class='ocrx_word' id='word_1_528' title='bbox 1964 2557 2225 2626; x_wconf 86' lang='lat' dir='ltr'><strong>cognitio,</strong></span> <span class='ocrx_word' id='word_1_529' title='bbox 2248 2558 2364 2611; x_wconf 82' lang='lat' dir='ltr'><strong>sive</strong></span> <span class='ocrx_word' id='word_1_530' title='bbox 2393 2557 2620 2612; x_wconf 82' lang='lat' dir='ltr'><strong>scientia</strong></span> <span class='ocrx_word' id='word_1_531' title='bbox 2645 2557 2796 2626; x_wconf 84' lang='lat' dir='ltr'><strong>ejus;</strong></span> <span class='ocrx_word' id='word_1_532' title='bbox 2823 2564 2875 2611; x_wconf 89' lang='lat' dir='ltr'><strong>et</strong></span> <span class='ocrx_word' id='word_1_533' title='bbox 2908 2572 2975 2613; x_wconf 86' lang='lat' dir='ltr'><strong>ne</strong></span> <span class='ocrx_word' id='word_1_534' title='bbox 2993 2557 3096 2612; x_wconf 87' lang='lat' dir='ltr'><strong>hoc</strong></span> <span class='ocrx_word' id='word_1_535' title='bbox 3116 2558 3350 2623; x_wconf 84' lang='lat' dir='ltr'><strong>dubites,</strong></span> <span class='ocrx_word' id='word_1_536' title='bbox 3374 2559 3548 2614; x_wconf 84' lang='lat' dir='ltr'><strong>habes</strong></span> 
     </span>
    </p>
   </div>
   <div class='ocr_carea' id='block_1_72' title="bbox 1963 2645 3547 2715">
    <p class='ocr_par' dir='ltr' id='par_1_72' title="bbox 1963 2645 3547 2715">
     <span class='ocr_line' id='line_1_72' title="bbox 1963 2645 3547 2715; baseline 0.003 -15"><span class='ocrx_word' id='word_1_537' title='bbox 1963 2648 2029 2702; x_wconf 90' lang='lat' dir='ltr'><strong>ad</strong></span> <span class='ocrx_word' id='word_1_538' title='bbox 2056 2647 2158 2700; x_wconf 87' lang='lat' dir='ltr'><strong>hoc</strong></span> <span class='ocrx_word' id='word_1_539' title='bbox 2190 2660 2406 2715; x_wconf 87' lang='lat' dir='ltr'><strong>quoque</strong></span> <span class='ocrx_word' id='word_1_540' title='bbox 2430 2645 2657 2699; x_wconf 87' lang='lat' dir='ltr'><strong>Paulum</strong></span> <span class='ocrx_word' id='word_1_541' title='bbox 2705 2645 3114 2700; x_wconf 84' lang='lat' dir='ltr'><strong>veraeissimum</strong></span> <span class='ocrx_word' id='word_1_542' title='bbox 3149 2655 3341 2702; x_wconf 85' lang='lat' dir='ltr'><strong>testem</strong></span> <span class='ocrx_word' id='word_1_543' title='bbox 3379 2664 3393 2702; x_wconf 88' lang='lat'><strong>:</strong></span> <span class='ocrx_word' id='word_1_544' title='bbox 3430 2649 3547 2703; x_wconf 86' lang='lat' dir='ltr'><strong>Deo</strong></span> 
     </span>
    </p>
   </div>
   <div class='ocr_carea' id='block_1_73' title="bbox 1964 2736 3544 2808">
    <p class='ocr_par' dir='ltr' id='par_1_73' title="bbox 1964 2736 3544 2808">
     <span class='ocr_line' id='line_1_73' title="bbox 1964 2736 3544 2808; baseline 0.004 -19"><span class='ocrx_word' id='word_1_545' title='bbox 1964 2739 2102 2790; x_wconf 86' lang='lat' dir='ltr'><strong>enim</strong></span> <span class='ocrx_word' id='word_1_546' title='bbox 2138 2739 2364 2808; x_wconf 84' lang='lat' dir='ltr'><strong>gratias,</strong></span> <span class='ocrx_word' id='word_1_547' title='bbox 2396 2736 2591 2806; x_wconf 89' lang='lat' dir='ltr'><strong>inquit,</strong></span> <span class='ocrx_word' id='word_1_548' title='bbox 2621 2739 2712 2808; x_wconf 85' lang='lat' dir='ltr'><strong>qui</strong></span> <span class='ocrx_word' id='word_1_549' title='bbox 2757 2753 2961 2805; x_wconf 85' lang='lat' dir='ltr'><strong>semper</strong></span> <span class='ocrx_word' id='word_1_550' title='bbox 2981 2739 3269 2807; x_wconf 73' lang='lat' dir='ltr'><strong>triumphat</strong></span> <span class='ocrx_word' id='word_1_551' title='bbox 3306 2756 3399 2807; x_wconf 87' lang='lat' dir='ltr'><strong>per</strong></span> <span class='ocrx_word' id='word_1_552' title='bbox 3448 2756 3544 2797; x_wconf 86' lang='lat' dir='ltr'><strong>uos</strong></span> 
     </span>
    </p>
   </div>
   <div class='ocr_carea' id='block_1_74' title="bbox 1962 2827 3544 2900">
    <p class='ocr_par' dir='ltr' id='par_1_74' title="bbox 1962 2827 3544 2900">
     <span class='ocr_line' id='line_1_74' title="bbox 1962 2827 3544 2900; baseline 0.002 -19"><span class='ocrx_word' id='word_1_553' title='bbox 1962 2829 2018 2881; x_wconf 89' lang='lat' dir='ltr'><strong>in</strong></span> <span class='ocrx_word' id='word_1_554' title='bbox 2046 2827 2254 2881; x_wconf 81' lang='lat' dir='ltr'><strong>Christo</strong></span> <span class='ocrx_word' id='word_1_555' title='bbox 2276 2827 2421 2894; x_wconf 84' lang='lat' dir='ltr'><strong>Jesu,</strong></span> <span class='ocrx_word' id='word_1_556' title='bbox 2443 2838 2492 2880; x_wconf 90' lang='lat' dir='ltr'><strong>et</strong></span> <span class='ocrx_word' id='word_1_557' title='bbox 2523 2828 2730 2882; x_wconf 78' lang='lat' dir='ltr'><strong>odorem</strong></span> <span class='ocrx_word' id='word_1_558' title='bbox 2757 2829 2955 2882; x_wconf 81' lang='lat' dir='ltr'><strong>notitia:</strong></span> <span class='ocrx_word' id='word_1_559' title='bbox 2979 2844 3090 2883; x_wconf 81' lang='lat' dir='ltr'><strong>sua:</strong></span> <span class='ocrx_word' id='word_1_560' title='bbox 3113 2830 3415 2900; x_wconf 79' lang='lat' dir='ltr'><strong>manifestat</strong></span> <span class='ocrx_word' id='word_1_561' title='bbox 3449 2846 3544 2899; x_wconf 75' lang='lat' dir='ltr'><strong>per</strong></span> 
     </span>
    </p>
   </div>
   <div class='ocr_carea' id='block_1_75' title="bbox 1964 2918 3542 2990">
    <p class='ocr_par' dir='ltr' id='par_1_75' title="bbox 1964 2918 3542 2990">
     <span class='ocr_line' id='line_1_75' title="bbox 1964 2918 3542 2990; baseline 0.001 -19"><span class='ocrx_word' id='word_1_562' title='bbox 1964 2934 2055 2971; x_wconf 88' lang='lat' dir='ltr'><strong>nos</strong></span> <span class='ocrx_word' id='word_1_563' title='bbox 2088 2918 2141 2970; x_wconf 87' lang='lat' dir='ltr'><strong>in</strong></span> <span class='ocrx_word' id='word_1_564' title='bbox 2163 2921 2304 2972; x_wconf 89' lang='lat' dir='ltr'><strong>omni</strong></span> <span class='ocrx_word' id='word_1_565' title='bbox 2344 2918 2456 2972; x_wconf 84' lang='lat' dir='ltr'><strong>loco</strong></span> <span class='ocrx_word' id='word_1_566' title='bbox 2481 2919 2547 2972; x_wconf 80' lang='grc'><strong>³⁸.</strong></span> <span class='ocrx_word' id='word_1_567' title='bbox 2573 2920 2708 2974; x_wconf 83' lang='lat' dir='ltr'><strong>Ecce</strong></span> <span class='ocrx_word' id='word_1_568' title='bbox 2743 2919 2958 2973; x_wconf 87' lang='lat' dir='ltr'><strong>interim</strong></span> <span class='ocrx_word' id='word_1_569' title='bbox 2989 2920 3285 2990; x_wconf 74' lang='lat' dir='ltr'><strong>cognovisti</strong></span> <span class='ocrx_word' id='word_1_570' title='bbox 3313 2920 3542 2974; x_wconf 86' lang='lat' dir='ltr'><strong>odorem</strong></span> 
     </span>
    </p>
   </div>
   <div class='ocr_carea' id='block_1_76' title="bbox 1962 3009 3543 3081">
    <p class='ocr_par' dir='ltr' id='par_1_76' title="bbox 1962 3009 3543 3081">
     <span class='ocr_line' id='line_1_76' title="bbox 1962 3009 3543 3081; baseline 0.004 -17"><span class='ocrx_word' id='word_1_571' title='bbox 1962 3011 2189 3065; x_wconf 69' lang='lat' dir='ltr'><strong>notitire.</strong></span> <span class='ocrx_word' id='word_1_572' title='bbox 2214 3009 2320 3065; x_wconf 88' lang='lat' dir='ltr'><strong>Sed</strong></span> <span class='ocrx_word' id='word_1_573' title='bbox 2340 3017 2395 3064; x_wconf 85' lang='lat' dir='ltr'><strong>et</strong></span> <span class='ocrx_word' id='word_1_574' title='bbox 2430 3013 2628 3065; x_wconf 90' lang='lat' dir='ltr'><strong>bonum</strong></span> <span class='ocrx_word' id='word_1_575' title='bbox 2687 3013 2908 3066; x_wconf 87' lang='lat' dir='ltr'><strong>odorem</strong></span> <span class='ocrx_word' id='word_1_576' title='bbox 2965 3012 3021 3065; x_wconf 89' lang='lat' dir='ltr'><strong>in</strong></span> <span class='ocrx_word' id='word_1_577' title='bbox 3083 3012 3543 3081; x_wconf 80' lang='lat' dir='ltr'><strong>subsequentibus</strong></span> 
     </span>
    </p>
   </div>
   <div class='ocr_carea' id='block_1_77' title="bbox 1960 3100 3546 3173">
    <p class='ocr_par' dir='ltr' id='par_1_77' title="bbox 1960 3100 3546 3173">
     <span class='ocr_line' id='line_1_77' title="bbox 1960 3100 3546 3173; baseline 0.002 -18"><span class='ocrx_word' id='word_1_578' title='bbox 1960 3100 2085 3155; x_wconf 84' lang='lat' dir='ltr'><strong>audi</strong></span> <span class='ocrx_word' id='word_1_579' title='bbox 2131 3100 2304 3165; x_wconf 83' lang='lat' dir='ltr'><strong>:Quia</strong></span> <span class='ocrx_word' id='word_1_580' title='bbox 2335 3100 2526 3156; x_wconf 82' lang='lat' dir='ltr'><strong>Christi</strong></span> <span class='ocrx_word' id='word_1_581' title='bbox 2591 3104 2753 3155; x_wconf 80' lang='lat' dir='ltr'><strong>bonus</strong></span> <span class='ocrx_word' id='word_1_582' title='bbox 2781 3104 2911 3155; x_wconf 80' lang='lat' dir='ltr'><strong>odor</strong></span> <span class='ocrx_word' id='word_1_583' title='bbox 2974 3118 3176 3167; x_wconf 86' lang='lat' dir='ltr'><strong>sumus,</strong></span> <span class='ocrx_word' id='word_1_584' title='bbox 3206 3102 3261 3155; x_wconf 87' lang='lat' dir='ltr'><strong>in</strong></span> <span class='ocrx_word' id='word_1_585' title='bbox 3313 3102 3394 3157; x_wconf 72' lang='lat' dir='ltr'><strong>Itis</strong></span> <span class='ocrx_word' id='word_1_586' title='bbox 3451 3103 3546 3173; x_wconf 81' lang='lat' dir='ltr'><strong>qui</strong></span> 
     </span>
    </p>
   </div>
   <div class='ocr_carea' id='block_1_78' title="bbox 1957 3193 3538 3263">
    <p class='ocr_par' dir='ltr' id='par_1_78' title="bbox 1957 3193 3538 3263">
     <span class='ocr_line' id='line_1_78' title="bbox 1957 3193 3538 3263; baseline 0.003 -18"><span class='ocrx_word' id='word_1_587' title='bbox 1957 3194 2091 3247; x_wconf 85' lang='lat' dir='ltr'><strong>salvi</strong></span> <span class='ocrx_word' id='word_1_588' title='bbox 2110 3202 2251 3257; x_wconf 83' lang='lat' dir='ltr'><strong>sunt,</strong></span> <span class='ocrx_word' id='word_1_589' title='bbox 2276 3202 2325 3247; x_wconf 84' lang='lat' dir='ltr'><strong>et</strong></span> <span class='ocrx_word' id='word_1_590' title='bbox 2355 3194 2409 3247; x_wconf 70' lang='lat' dir='ltr'><strong>in</strong></span> <span class='ocrx_word' id='word_1_591' title='bbox 2432 3195 2512 3247; x_wconf 79' lang='lat' dir='ltr'><strong>Iris</strong></span> <span class='ocrx_word' id='word_1_592' title='bbox 2546 3195 2635 3263; x_wconf 88' lang='lat' dir='ltr'><strong>qui</strong></span> <span class='ocrx_word' id='word_1_593' title='bbox 2672 3206 2888 3263; x_wconf 83' lang='lat' dir='ltr'><strong>pereunt</strong></span> <span class='ocrx_word' id='word_1_594' title='bbox 2916 3195 2983 3248; x_wconf 80' lang='grc'><strong>⁸³.</strong></span> <span class='ocrx_word' id='word_1_595' title='bbox 3052 3193 3258 3250; x_wconf 85' lang='lat' dir='ltr'><strong>Deinde</strong></span> <span class='ocrx_word' id='word_1_596' title='bbox 3297 3195 3428 3250; x_wconf 89' lang='lat' dir='ltr'><strong>dicit</strong></span> <span class='ocrx_word' id='word_1_597' title='bbox 3459 3196 3538 3250; x_wconf 82' lang='lat' dir='ltr'><strong>le-</strong></span> 
     </span>
    </p>
   </div>
   <div class='ocr_carea' id='block_1_79' title="bbox 1958 3288 2226 3358">
    <p class='ocr_par' dir='ltr' id='par_1_79' title="bbox 1958 3288 2226 3358">
     <span class='ocr_line' id='line_1_79' title="bbox 1958 3288 2226 3358; baseline 0.004 -18"><span class='ocrx_word' id='word_1_598' title='bbox 1958 3288 2178 3358; x_wconf 88' lang='lat' dir='ltr'><strong>gislator</strong></span> <span class='ocrx_word' id='word_1_599' title='bbox 2211 3303 2226 3341; x_wconf 74' lang='grc' dir='ltr'><strong>ι</strong></span> 
     </span>
    </p>
   </div>
   <div class='ocr_carea' id='block_1_80' title="bbox 1990 3377 3543 3455">
    <p class='ocr_par' dir='ltr' id='par_1_80' title="bbox 1990 3377 3543 3455">
     <span class='ocr_line' id='line_1_80' title="bbox 1990 3377 3543 3455; baseline 0.003 -26"><span class='ocrx_word' id='word_1_600' title='bbox 1990 3444 2009 3455; x_wconf 26' lang='grc' dir='ltr'>ἣ</span> <span class='ocrx_word' id='word_1_601' title='bbox 2029 3377 2179 3441; x_wconf 83' lang='lat' dir='ltr'><strong>Quod</strong></span> <span class='ocrx_word' id='word_1_602' title='bbox 2211 3388 2387 3430; x_wconf 89' lang='lat' dir='ltr'><strong>autem</strong></span> <span class='ocrx_word' id='word_1_603' title='bbox 2420 3378 2677 3447; x_wconf 84' lang='lat' dir='ltr'><strong>reliquum</strong></span> <span class='ocrx_word' id='word_1_604' title='bbox 2702 3379 2859 3447; x_wconf 73' lang='lat' dir='ltr'><strong>fuerit</strong></span> <span class='ocrx_word' id='word_1_605' title='bbox 2882 3380 2945 3432; x_wconf 74' lang='lat' dir='ltr'><strong>c’e</strong></span> <span class='ocrx_word' id='word_1_606' title='bbox 2972 3378 3231 3445; x_wconf 79' lang='lat' dir='ltr'><strong>sacriﬁcio</strong></span> <span class='ocrx_word' id='word_1_607' title='bbox 3249 3380 3543 3439; x_wconf 72' lang='lat' dir='ltr'><strong>eritAarcn</strong></span> 
     </span>
    </p>
   </div>
   <div class='ocr_carea' id='block_1_81' title="bbox 1959 3469 3538 3537">
    <p class='ocr_par' dir='ltr' id='par_1_81' title="bbox 1959 3469 3538 3537">
     <span class='ocr_line' id='line_1_81' title="bbox 1959 3469 3538 3537; baseline 0 -16"><span class='ocrx_word' id='word_1_608' title='bbox 1959 3479 2006 3522; x_wconf 89' lang='lat' dir='ltr'><strong>et</strong></span> <span class='ocrx_word' id='word_1_609' title='bbox 2041 3469 2268 3536; x_wconf 80' lang='lat' dir='ltr'><strong>ﬁliorum</strong></span> <span class='ocrx_word' id='word_1_610' title='bbox 2293 3470 2427 3537; x_wconf 81' lang='lat' dir='ltr'><strong>ejus,</strong></span> <span class='ocrx_word' id='word_1_611' title='bbox 2475 3479 2715 3523; x_wconf 86' lang='lat' dir='ltr'><strong>sanctum</strong></span> <span class='ocrx_word' id='word_1_612' title='bbox 2760 3479 3061 3522; x_wconf 84' lang='lat' dir='ltr'><strong>sanctorum</strong></span> <span class='ocrx_word' id='word_1_613' title='bbox 3103 3476 3165 3523; x_wconf 86' lang='lat' dir='ltr'><strong>de</strong></span> <span class='ocrx_word' id='word_1_614' title='bbox 3187 3469 3538 3529; x_wconf 62' lang='lat' dir='ltr'><strong>oblationibus</strong></span> 
     </span>
    </p>
   </div>
   <div class='ocr_carea' id='block_1_82' title="bbox 1960 3559 3539 3630">
    <p class='ocr_par' dir='ltr' id='par_1_82' title="bbox 1960 3559 3539 3630">
     <span class='ocr_line' id='line_1_82' title="bbox 1960 3559 3539 3630; baseline 0.003 -16"><span class='ocrx_word' id='word_1_615' title='bbox 1960 3561 2193 3615; x_wconf 84' lang='lat' dir='ltr'><strong>Domini.</strong></span> <span class='ocrx_word' id='word_1_616' title='bbox 2238 3562 2522 3630; x_wconf 76' lang='lat' dir='ltr'><strong>Reliquum</strong></span> <span class='ocrx_word' id='word_1_617' title='bbox 2545 3562 2621 3614; x_wconf 89' lang='lat' dir='ltr'><strong>ait</strong></span> <span class='ocrx_word' id='word_1_618' title='bbox 2648 3560 2716 3614; x_wconf 91' lang='lat' dir='ltr'><strong>de</strong></span> <span class='ocrx_word' id='word_1_619' title='bbox 2766 3560 2852 3612; x_wconf 90' lang='lat' dir='ltr'><strong>illa</strong></span> <span class='ocrx_word' id='word_1_620' title='bbox 2910 3559 3169 3628; x_wconf 76' lang='lat' dir='ltr'><strong>perfecta,</strong></span> <span class='ocrx_word' id='word_1_621' title='bbox 3197 3561 3334 3615; x_wconf 88' lang='lat' dir='ltr'><strong>etin</strong></span> <span class='ocrx_word' id='word_1_622' title='bbox 3381 3563 3539 3618; x_wconf 68' lang='lat' dir='ltr'><strong>scalis</strong></span> 
     </span>
    </p>
   </div>
   <div class='ocr_carea' id='block_1_83' title="bbox 1958 3649 3539 3721">
    <p class='ocr_par' dir='ltr' id='par_1_83' title="bbox 1958 3649 3539 3721">
     <span class='ocr_line' id='line_1_83' title="bbox 1958 3649 3539 3721; baseline 0.002 -15"><span class='ocrx_word' id='word_1_623' title='bbox 1958 3652 2279 3707; x_wconf 86' lang='lat' dir='ltr'><strong>abscondita</strong></span> <span class='ocrx_word' id='word_1_624' title='bbox 2302 3662 2464 3721; x_wconf 87' lang='lat' dir='ltr'><strong>atque</strong></span> <span class='ocrx_word' id='word_1_625' title='bbox 2504 3652 2738 3720; x_wconf 76' lang='lat' dir='ltr'><strong>reposita</strong></span> <span class='ocrx_word' id='word_1_626' title='bbox 2789 3650 2843 3704; x_wconf 91' lang='lat' dir='ltr'><strong>in</strong></span> <span class='ocrx_word' id='word_1_627' title='bbox 2876 3649 3094 3706; x_wconf 84' lang='lat' dir='ltr'><strong>Christo</strong></span> <span class='ocrx_word' id='word_1_628' title='bbox 3155 3651 3383 3706; x_wconf 86' lang='lat' dir='ltr'><strong>scientia</strong></span> <span class='ocrx_word' id='word_1_629' title='bbox 3419 3655 3539 3709; x_wconf 84' lang='lat' dir='ltr'><strong>sive</strong></span> 
     </span>
    </p>
   </div>
   <div class='ocr_carea' id='block_1_84' title="bbox 1958 3741 3527 3814">
    <p class='ocr_par' dir='ltr' id='par_1_84' title="bbox 1958 3741 3527 3814">
     <span class='ocr_line' id='line_1_84' title="bbox 1958 3741 3527 3814; baseline 0.001 -17"><span class='ocrx_word' id='word_1_630' title='bbox 1958 3744 2168 3799; x_wconf 82' lang='lat' dir='ltr'><strong>notitia.</strong></span> <span class='ocrx_word' id='word_1_631' title='bbox 2189 3744 2252 3798; x_wconf 91' lang='lat' dir='ltr'><strong>In</strong></span> <span class='ocrx_word' id='word_1_632' title='bbox 2280 3746 2393 3814; x_wconf 86' lang='lat' dir='ltr'><strong>ipso</strong></span> <span class='ocrx_word' id='word_1_633' title='bbox 2425 3745 2562 3797; x_wconf 85' lang='lat' dir='ltr'><strong>enim</strong></span> <span class='ocrx_word' id='word_1_634' title='bbox 2580 3752 2702 3796; x_wconf 80' lang='lat' dir='ltr'><strong>sunt</strong></span> <span class='ocrx_word' id='word_1_635' title='bbox 2734 3741 2967 3796; x_wconf 72' lang='lat' dir='ltr'><strong>thesauri</strong></span> <span class='ocrx_word' id='word_1_636' title='bbox 2983 3743 3256 3809; x_wconf 74' lang='lat' dir='ltr'><strong>sapientiar</strong></span> <span class='ocrx_word' id='word_1_637' title='bbox 3284 3752 3335 3797; x_wconf 82' lang='lat' dir='ltr'><strong>et</strong></span> <span class='ocrx_word' id='word_1_638' title='bbox 3362 3747 3527 3799; x_wconf 81' lang='lat' dir='ltr'><strong>scien-</strong></span> 
     </span>
    </p>
   </div>
   <div class='ocr_carea' id='block_1_85' title="bbox 1957 3835 3533 3892">
    <p class='ocr_par' dir='ltr' id='par_1_85' title="bbox 1957 3835 3533 3892">
     <span class='ocr_line' id='line_1_85' title="bbox 1957 3835 3533 3892; baseline 0.002 -3"><span class='ocrx_word' id='word_1_639' title='bbox 1957 3837 2045 3892; x_wconf 72' lang='lat' dir='ltr'><strong>tia:</strong></span> <span class='ocrx_word' id='word_1_640' title='bbox 2068 3838 2355 3891; x_wconf 83' lang='lat' dir='ltr'><strong>absconditi</strong></span> <span class='ocrx_word' id='word_1_641' title='bbox 2384 3836 2450 3892; x_wconf 76' lang='lat'><strong>“.</strong></span> <span class='ocrx_word' id='word_1_642' title='bbox 2485 3835 2745 3891; x_wconf 87' lang='lat' dir='ltr'><strong>Sanctum</strong></span> <span class='ocrx_word' id='word_1_643' title='bbox 2774 3844 3084 3888; x_wconf 86' lang='lat' dir='ltr'><strong>sanctorum</strong></span> <span class='ocrx_word' id='word_1_644' title='bbox 3105 3843 3190 3889; x_wconf 89' lang='lat' dir='ltr'><strong>est</strong></span> <span class='ocrx_word' id='word_1_645' title='bbox 3213 3835 3282 3889; x_wconf 93' lang='lat' dir='ltr'><strong>de</strong></span> <span class='ocrx_word' id='word_1_646' title='bbox 3301 3835 3533 3892; x_wconf 83' lang='lat' dir='ltr'><strong>oblatic—</strong></span> 
     </span>
    </p>
   </div>
   <div class='ocr_carea' id='block_1_86' title="bbox 1955 3925 3531 3999">
    <p class='ocr_par' dir='ltr' id='par_1_86' title="bbox 1955 3925 3531 3999">
     <span class='ocr_line' id='line_1_86' title="bbox 1955 3925 3531 3999; baseline 0.001 -16"><span class='ocrx_word' id='word_1_647' title='bbox 1955 3927 2120 3983; x_wconf 89' lang='lat' dir='ltr'><strong>nibus</strong></span> <span class='ocrx_word' id='word_1_648' title='bbox 2152 3926 2387 3992; x_wconf 90' lang='lat' dir='ltr'><strong>Domini,</strong></span> <span class='ocrx_word' id='word_1_649' title='bbox 2415 3926 2624 3997; x_wconf 83' lang='lat' dir='ltr'><strong>partitis</strong></span> <span class='ocrx_word' id='word_1_650' title='bbox 2642 3925 2789 3981; x_wconf 88' lang='lat' dir='ltr'><strong>enim</strong></span> <span class='ocrx_word' id='word_1_651' title='bbox 2810 3932 2895 3980; x_wconf 87' lang='lat' dir='ltr'><strong>est</strong></span> <span class='ocrx_word' id='word_1_652' title='bbox 2929 3925 3155 3980; x_wconf 88' lang='lat' dir='ltr'><strong>scientia</strong></span> <span class='ocrx_word' id='word_1_653' title='bbox 3180 3941 3302 3996; x_wconf 70' lang='lat' dir='ltr'><strong>qua:</strong></span> <span class='ocrx_word' id='word_1_654' title='bbox 3323 3927 3531 3999; x_wconf 83' lang='lat' dir='ltr'><strong>reliqua</strong></span> 
     </span>
    </p>
   </div>
   <div class='ocr_carea' id='block_1_87' title="bbox 1954 4016 3526 4088">
    <p class='ocr_par' dir='ltr' id='par_1_87' title="bbox 1954 4016 3526 4088">
     <span class='ocr_line' id='line_1_87' title="bbox 1954 4016 3526 4088; baseline 0.004 -17"><span class='ocrx_word' id='word_1_655' title='bbox 1954 4027 2060 4084; x_wconf 87' lang='lat' dir='ltr'><strong>est,</strong></span> <span class='ocrx_word' id='word_1_656' title='bbox 2085 4033 2278 4074; x_wconf 83' lang='lat' dir='ltr'><strong>omnes</strong></span> <span class='ocrx_word' id='word_1_657' title='bbox 2313 4027 2492 4073; x_wconf 87' lang='lat' dir='ltr'><strong>tamen</strong></span> <span class='ocrx_word' id='word_1_658' title='bbox 2518 4016 2650 4072; x_wconf 81' lang='lat' dir='ltr'><strong>alias</strong></span> <span class='ocrx_word' id='word_1_659' title='bbox 2703 4031 2987 4086; x_wconf 83' lang='lat' dir='ltr'><strong>superans,</strong></span> <span class='ocrx_word' id='word_1_660' title='bbox 3028 4025 3083 4071; x_wconf 91' lang='lat' dir='ltr'><strong>et</strong></span> <span class='ocrx_word' id='word_1_661' title='bbox 3108 4020 3418 4088; x_wconf 86' lang='lat' dir='ltr'><strong>perducens</strong></span> <span class='ocrx_word' id='word_1_662' title='bbox 3460 4023 3526 4077; x_wconf 51' lang='lat' dir='ltr'><strong>a&#39;l</strong></span> 
     </span>
    </p>
   </div>
   <div class='ocr_carea' id='block_1_88' title="bbox 1952 4108 3527 4182">
    <p class='ocr_par' dir='ltr' id='par_1_88' title="bbox 1952 4108 3527 4182">
     <span class='ocr_line' id='line_1_88' title="bbox 1952 4108 3527 4182; baseline -0.003 -15"><span class='ocrx_word' id='word_1_663' title='bbox 1952 4110 2368 4182; x_wconf 78' lang='lat' dir='ltr'><strong>perfectionem.</strong></span> <span class='ocrx_word' id='word_1_664' title='bbox 2393 4109 2571 4165; x_wconf 78' lang='lat' dir='ltr'><strong>Aaron</strong></span> <span class='ocrx_word' id='word_1_665' title='bbox 2628 4124 2757 4179; x_wconf 87' lang='lat' dir='ltr'><strong>ergo</strong></span> <span class='ocrx_word' id='word_1_666' title='bbox 2797 4116 2853 4163; x_wconf 92' lang='lat' dir='ltr'><strong>et</strong></span> <span class='ocrx_word' id='word_1_667' title='bbox 2924 4108 3158 4163; x_wconf 88' lang='lat' dir='ltr'><strong>ﬁliorum</strong></span> <span class='ocrx_word' id='word_1_668' title='bbox 3216 4109 3337 4180; x_wconf 79' lang='lat' dir='ltr'><strong>ejus</strong></span> <span class='ocrx_word' id='word_1_669' title='bbox 3398 4110 3527 4163; x_wconf 78' lang='lat' dir='ltr'><strong>erit-</strong></span> 
     </span>
    </p>
   </div>
   <div class='ocr_carea' id='block_1_89' title="bbox 1952 4201 3526 4271">
    <p class='ocr_par' dir='ltr' id='par_1_89' title="bbox 1952 4201 3526 4271">
     <span class='ocr_line' id='line_1_89' title="bbox 1952 4201 3526 4271; baseline 0 -14"><span class='ocrx_word' id='word_1_670' title='bbox 1952 4204 2133 4258; x_wconf 79' lang='lat' dir='ltr'><strong>Aaron</strong></span> <span class='ocrx_word' id='word_1_671' title='bbox 2162 4212 2341 4257; x_wconf 85' lang='lat' dir='ltr'><strong>autem</strong></span> <span class='ocrx_word' id='word_1_672' title='bbox 2375 4218 2503 4255; x_wconf 82' lang='lat' dir='ltr'><strong>arca</strong></span> <span class='ocrx_word' id='word_1_673' title='bbox 2562 4201 2649 4255; x_wconf 86' lang='lat' dir='ltr'><strong>vcl</strong></span> <span class='ocrx_word' id='word_1_674' title='bbox 2691 4209 2973 4255; x_wconf 77' lang='lat' dir='ltr'><strong>montanus</strong></span> <span class='ocrx_word' id='word_1_675' title='bbox 3022 4201 3433 4271; x_wconf 85' lang='lat' dir='ltr'><strong>interpretatur,</strong></span> <span class='ocrx_word' id='word_1_676' title='bbox 3473 4203 3526 4257; x_wconf 76' lang='lat' dir='ltr'><strong>id</strong></span> 
     </span>
    </p>
   </div>
   <div class='ocr_carea' id='block_1_90' title="bbox 1958 4291 3523 4364">
    <p class='ocr_par' dir='ltr' id='par_1_90' title="bbox 1958 4291 3523 4364">
     <span class='ocr_line' id='line_1_90' title="bbox 1958 4291 3523 4364; baseline 0 -15"><span class='ocrx_word' id='word_1_677' title='bbox 1958 4304 2063 4360; x_wconf 88' lang='lat' dir='ltr'><strong>est,</strong></span> <span class='ocrx_word' id='word_1_678' title='bbox 2082 4294 2191 4347; x_wconf 90' lang='lat' dir='ltr'><strong>alta</strong></span> <span class='ocrx_word' id='word_1_679' title='bbox 2223 4294 2291 4348; x_wconf 91' lang='lat' dir='ltr'><strong>de</strong></span> <span class='ocrx_word' id='word_1_680' title='bbox 2316 4292 2426 4348; x_wconf 91' lang='lat' dir='ltr'><strong>Deo</strong></span> <span class='ocrx_word' id='word_1_681' title='bbox 2460 4291 2793 4361; x_wconf 81' lang='lat' dir='ltr'><strong>intelligens.</strong></span> <span class='ocrx_word' id='word_1_682' title='bbox 2819 4292 2945 4362; x_wconf 90' lang='lat' dir='ltr'><strong>quia</strong></span> <span class='ocrx_word' id='word_1_683' title='bbox 2967 4302 3022 4348; x_wconf 82' lang='lat' dir='ltr'><strong>et</strong></span> <span class='ocrx_word' id='word_1_684' title='bbox 3047 4309 3196 4358; x_wconf 87' lang='lat' dir='ltr'><strong>arca,</strong></span> <span class='ocrx_word' id='word_1_685' title='bbox 3219 4303 3406 4364; x_wconf 89' lang='lat' dir='ltr'><strong>utpote</strong></span> <span class='ocrx_word' id='word_1_686' title='bbox 3428 4297 3523 4349; x_wconf 74' lang='lat' dir='ltr'><strong>ha—</strong></span> 
     </span>
    </p>
   </div>
   <div class='ocr_carea' id='block_1_91' title="bbox 221 4375 3527 4460">
    <p class='ocr_par' dir='ltr' id='par_1_91' title="bbox 221 4375 3527 4460">
     <span class='ocr_line' id='line_1_91' title="bbox 221 4375 3527 4460; baseline 0.004 -25"><span class='ocrx_word' id='word_1_687' title='bbox 221 4375 232 4392; x_wconf 88' lang='lat'><strong>&#39;</strong></span> <span class='ocrx_word' id='word_1_688' title='bbox 276 4380 421 4437; x_wconf 84' lang='lat' dir='ltr'><strong>sicut</strong></span> <span class='ocrx_word' id='word_1_689' title='bbox 442 4382 645 4437; x_wconf 86' lang='lat' dir='ltr'><strong>Paulus</strong></span> <span class='ocrx_word' id='word_1_690' title='bbox 670 4384 765 4446; x_wconf 85' lang='lat' dir='ltr'><strong>ait,</strong></span> <span class='ocrx_word' id='word_1_691' title='bbox 796 4386 887 4453; x_wconf 85' lang='lat' dir='ltr'><strong>qui</strong></span> <span class='ocrx_word' id='word_1_692' title='bbox 916 4386 1118 4438; x_wconf 75' lang='lat' dir='ltr'><strong>accedit</strong></span> <span class='ocrx_word' id='word_1_693' title='bbox 1159 4394 1230 4440; x_wconf 72' lang='grc' dir='ltr'><em>αα</em></span> <span class='ocrx_word' id='word_1_694' title='bbox 1276 4387 1467 4453; x_wconf 84' lang='lat' dir='ltr'><strong>Deum,</strong></span> <span class='ocrx_word' id='word_1_695' title='bbox 1521 4391 1647 4460; x_wconf 81' lang='lat' dir='ltr'><strong>quia</strong></span> <span class='ocrx_word' id='word_1_696' title='bbox 1675 4401 1749 4445; x_wconf 81' lang='lat' dir='ltr'><strong>est</strong></span> <span class='ocrx_word' id='word_1_697' title='bbox 1781 4394 1845 4446; x_wconf 75' lang='grc' dir='ltr'><strong>τι.</strong></span> <span class='ocrx_word' id='word_1_698' title='bbox 1883 4389 1929 4449; x_wconf 88' lang='grc' dir='ltr'><strong>ι)</strong></span> <span class='ocrx_word' id='word_1_699' title='bbox 1954 4389 2093 4443; x_wconf 69' lang='lat' dir='ltr'><strong>bans</strong></span> <span class='ocrx_word' id='word_1_700' title='bbox 2120 4387 2175 4442; x_wconf 84' lang='lat' dir='ltr'><strong>in</strong></span> <span class='ocrx_word' id='word_1_701' title='bbox 2206 4400 2267 4441; x_wconf 86' lang='lat' dir='ltr'><strong>se</strong></span> <span class='ocrx_word' id='word_1_702' title='bbox 2294 4385 2467 4456; x_wconf 71' lang='lat' dir='ltr'><strong>legem</strong></span> <span class='ocrx_word' id='word_1_703' title='bbox 2499 4382 2666 4439; x_wconf 70' lang='lat' dir='ltr'><strong>Deiot</strong></span> <span class='ocrx_word' id='word_1_704' title='bbox 2713 4384 2948 4454; x_wconf 76' lang='lat' dir='ltr'><strong>eloquia.</strong></span> <span class='ocrx_word' id='word_1_705' title='bbox 2984 4385 3181 4441; x_wconf 69' lang='lat' dir='ltr'><strong>offerre</strong></span> <span class='ocrx_word' id='word_1_706' title='bbox 3208 4385 3527 4456; x_wconf 74' lang='lat' dir='ltr'><strong>praedictum</strong></span> 
     </span>
    </p>
   </div>
   <div class='ocr_carea' id='block_1_92' title="bbox 280 4473 1848 4553">
    <p class='ocr_par' dir='ltr' id='par_1_92' title="bbox 280 4473 1848 4553">
     <span class='ocr_line' id='line_1_92' title="bbox 280 4473 1848 4553; baseline 0.01 -26"><span class='ocrx_word' id='word_1_707' title='bbox 280 4473 347 4530; x_wconf 80' lang='lat' dir='ltr'><strong>Et</strong></span> <span class='ocrx_word' id='word_1_708' title='bbox 371 4491 563 4530; x_wconf 87' lang='lat' dir='ltr'><strong>rursus</strong></span> <span class='ocrx_word' id='word_1_709' title='bbox 586 4494 599 4529; x_wconf 90' lang='lat'><strong>:</strong></span> <span class='ocrx_word' id='word_1_710' title='bbox 622 4475 749 4531; x_wconf 86' lang='lat' dir='ltr'><strong>Sine</strong></span> <span class='ocrx_word' id='word_1_711' title='bbox 776 4478 879 4546; x_wconf 82' lang='lat' dir='ltr'><strong>ﬁde</strong></span> <span class='ocrx_word' id='word_1_712' title='bbox 912 4479 1231 4549; x_wconf 79' lang='lat' dir='ltr'><strong>impossibile</strong></span> <span class='ocrx_word' id='word_1_713' title='bbox 1267 4492 1344 4537; x_wconf 74' lang='lat' dir='ltr'><strong>est</strong></span> <span class='ocrx_word' id='word_1_714' title='bbox 1382 4483 1590 4553; x_wconf 78' lang='lat' dir='ltr'><strong>placere</strong></span> <span class='ocrx_word' id='word_1_715' title='bbox 1644 4485 1750 4542; x_wconf 89' lang='lat' dir='ltr'><strong>Deo</strong></span> <span class='ocrx_word' id='word_1_716' title='bbox 1781 4489 1848 4542; x_wconf 81' lang='lat'><strong>&quot;.</strong></span> 
     </span>
    </p>
   </div>
   <div class='ocr_carea' id='block_1_93' title="bbox 282 4564 1853 4645">
    <p class='ocr_par' dir='ltr' id='par_1_93' title="bbox 282 4564 1853 4645">
     <span class='ocr_line' id='line_1_93' title="bbox 282 4564 1853 4645; baseline 0.009 -28"><span class='ocrx_word' id='word_1_717' title='bbox 282 4564 346 4620; x_wconf 79' lang='lat' dir='ltr'><strong>Et</strong></span> <span class='ocrx_word' id='word_1_718' title='bbox 369 4574 426 4620; x_wconf 89' lang='lat' dir='ltr'><strong>ut</strong></span> <span class='ocrx_word' id='word_1_719' title='bbox 453 4567 699 4624; x_wconf 82' lang='lat' dir='ltr'><strong>dicamus</strong></span> <span class='ocrx_word' id='word_1_720' title='bbox 728 4569 992 4635; x_wconf 82' lang='lat' dir='ltr'><strong>breviter,</strong></span> <span class='ocrx_word' id='word_1_721' title='bbox 1011 4587 1166 4625; x_wconf 85' lang='lat' dir='ltr'><strong>omne</strong></span> <span class='ocrx_word' id='word_1_722' title='bbox 1197 4574 1336 4643; x_wconf 80' lang='lat' dir='ltr'><strong>quod</strong></span> <span class='ocrx_word' id='word_1_723' title='bbox 1383 4589 1487 4628; x_wconf 83' lang='lat' dir='ltr'><strong>non</strong></span> <span class='ocrx_word' id='word_1_724' title='bbox 1541 4585 1620 4629; x_wconf 86' lang='lat' dir='ltr'><strong>est</strong></span> <span class='ocrx_word' id='word_1_725' title='bbox 1656 4592 1721 4630; x_wconf 79' lang='lat' dir='ltr'><strong>ea:</strong></span> <span class='ocrx_word' id='word_1_726' title='bbox 1748 4578 1853 4645; x_wconf 77' lang='lat' dir='ltr'><strong>[ide</strong></span> 
     </span>
    </p>
   </div>
   <div class='ocr_carea' id='block_1_94' title="bbox 278 4657 1847 4735">
    <p class='ocr_par' dir='ltr' id='par_1_94' title="bbox 278 4657 1847 4735">
     <span class='ocr_line' id='line_1_94' title="bbox 278 4657 1847 4735; baseline 0.01 -29"><span class='ocrx_word' id='word_1_727' title='bbox 278 4664 554 4723; x_wconf 80' lang='lat' dir='ltr'><strong>peccatum</strong></span> <span class='ocrx_word' id='word_1_728' title='bbox 589 4666 664 4711; x_wconf 89' lang='lat' dir='ltr'><strong>est</strong></span> <span class='ocrx_word' id='word_1_729' title='bbox 689 4696 704 4723; x_wconf 92' lang='lat'><strong>,</strong></span> <span class='ocrx_word' id='word_1_730' title='bbox 735 4657 876 4712; x_wconf 81' lang='lat' dir='ltr'><strong>sicut</strong></span> <span class='ocrx_word' id='word_1_731' title='bbox 906 4659 1053 4714; x_wconf 88' lang='lat' dir='ltr'><strong>idem</strong></span> <span class='ocrx_word' id='word_1_732' title='bbox 1097 4662 1164 4716; x_wconf 87' lang='lat' dir='ltr'><strong>ad</strong></span> <span class='ocrx_word' id='word_1_733' title='bbox 1223 4660 1497 4718; x_wconf 81' lang='lat' dir='ltr'><strong>Romanos</strong></span> <span class='ocrx_word' id='word_1_734' title='bbox 1535 4665 1754 4735; x_wconf 87' lang='lat' dir='ltr'><strong>scripsit</strong></span> <span class='ocrx_word' id='word_1_735' title='bbox 1781 4667 1847 4722; x_wconf 88' lang='grc'><strong>⁷⁷.</strong></span> 
     </span>
    </p>
   </div>
   <div class='ocr_carea' id='block_1_95' title="bbox 277 4742 1852 4818">
    <p class='ocr_par' dir='ltr' id='par_1_95' title="bbox 277 4742 1852 4818">
     <span class='ocr_line' id='line_1_95' title="bbox 277 4742 1852 4818; baseline 0.008 -23"><span class='ocrx_word' id='word_1_736' title='bbox 277 4742 420 4814; x_wconf 78' lang='lat' dir='ltr'><strong>Ergo</strong></span> <span class='ocrx_word' id='word_1_737' title='bbox 443 4758 552 4798; x_wconf 89' lang='lat' dir='ltr'><strong>non</strong></span> <span class='ocrx_word' id='word_1_738' title='bbox 587 4753 768 4814; x_wconf 90' lang='lat' dir='ltr'><strong>potest</strong></span> <span class='ocrx_word' id='word_1_739' title='bbox 788 4761 909 4801; x_wconf 86' lang='lat' dir='ltr'><strong>esse</strong></span> <span class='ocrx_word' id='word_1_740' title='bbox 957 4748 1275 4818; x_wconf 83' lang='lat' dir='ltr'><strong>gloriﬁcatio</strong></span> <span class='ocrx_word' id='word_1_741' title='bbox 1316 4750 1371 4803; x_wconf 92' lang='lat' dir='ltr'><strong>in</strong></span> <span class='ocrx_word' id='word_1_742' title='bbox 1404 4750 1738 4809; x_wconf 86' lang='lat' dir='ltr'><strong>inﬁdelitate.</strong></span> <span class='ocrx_word' id='word_1_743' title='bbox 1764 4754 1852 4808; x_wconf 85' lang='lat' dir='ltr'><strong>ln-</strong></span> 
     </span>
    </p>
   </div>
   <div class='ocr_carea' id='block_1_96' title="bbox 279 4831 1848 4911">
    <p class='ocr_par' dir='ltr' id='par_1_96' title="bbox 279 4831 1848 4911">
     <span class='ocr_line' id='line_1_96' title="bbox 279 4831 1848 4911; baseline 0.009 -29"><span class='ocrx_word' id='word_1_744' title='bbox 279 4831 440 4886; x_wconf 88' lang='lat' dir='ltr'><strong>tende</strong></span> <span class='ocrx_word' id='word_1_745' title='bbox 469 4840 654 4886; x_wconf 89' lang='lat' dir='ltr'><strong>autem</strong></span> <span class='ocrx_word' id='word_1_746' title='bbox 675 4832 798 4902; x_wconf 89' lang='lat' dir='ltr'><strong>quia</strong></span> <span class='ocrx_word' id='word_1_747' title='bbox 827 4849 951 4888; x_wconf 88' lang='lat' dir='ltr'><strong>cum</strong></span> <span class='ocrx_word' id='word_1_748' title='bbox 989 4836 1116 4890; x_wconf 86' lang='lat' dir='ltr'><strong>oleo</strong></span> <span class='ocrx_word' id='word_1_749' title='bbox 1162 4836 1323 4906; x_wconf 89' lang='lat' dir='ltr'><strong>jubet</strong></span> <span class='ocrx_word' id='word_1_750' title='bbox 1368 4837 1602 4895; x_wconf 83' lang='lat' dir='ltr'><strong>similam</strong></span> <span class='ocrx_word' id='word_1_751' title='bbox 1652 4840 1848 4911; x_wconf 79' lang='lat' dir='ltr'><strong>accipi,</strong></span> 
     </span>
    </p>
   </div>
   <div class='ocr_carea' id='block_1_97' title="bbox 275 4922 1859 4996">
    <p class='ocr_par' dir='ltr' id='par_1_97' title="bbox 275 4922 1859 4996">
     <span class='ocr_line' id='line_1_97' title="bbox 275 4922 1859 4996; baseline 0.008 -22"><span class='ocrx_word' id='word_1_752' title='bbox 275 4922 617 4991; x_wconf 83' lang='lat' dir='ltr'><strong>apertissime</strong></span> <span class='ocrx_word' id='word_1_753' title='bbox 648 4922 1050 4996; x_wconf 84' lang='lat' dir='ltr'><strong>eleemosynam</strong></span> <span class='ocrx_word' id='word_1_754' title='bbox 1097 4931 1201 4981; x_wconf 76' lang='lat' dir='ltr'><strong>nes</strong></span> <span class='ocrx_word' id='word_1_755' title='bbox 1247 4926 1429 4983; x_wconf 80' lang='lat' dir='ltr'><strong>facere</strong></span> <span class='ocrx_word' id='word_1_756' title='bbox 1466 4929 1672 4986; x_wconf 86' lang='lat' dir='ltr'><strong>volens.</strong></span> <span class='ocrx_word' id='word_1_757' title='bbox 1721 4930 1859 4986; x_wconf 80' lang='lat' dir='ltr'><strong>Date</strong></span> 
     </span>
    </p>
   </div>
   <div class='ocr_carea' id='block_1_98' title="bbox 273 5013 1851 5087">
    <p class='ocr_par' dir='ltr' id='par_1_98' title="bbox 273 5013 1851 5087">
     <span class='ocr_line' id='line_1_98' title="bbox 273 5013 1851 5087; baseline 0.007 -21"><span class='ocrx_word' id='word_1_758' title='bbox 273 5013 419 5066; x_wconf 86' lang='lat' dir='ltr'><strong>enim</strong></span> <span class='ocrx_word' id='word_1_759' title='bbox 451 5014 857 5087; x_wconf 73' lang='lat' dir='ltr'><strong>eteemosynam,</strong></span> <span class='ocrx_word' id='word_1_760' title='bbox 894 5016 1071 5087; x_wconf 88' lang='lat' dir='ltr'><strong>inquit</strong></span> <span class='ocrx_word' id='word_1_761' title='bbox 1099 5017 1383 5083; x_wconf 82' lang='lat' dir='ltr'><strong>Dominus,</strong></span> <span class='ocrx_word' id='word_1_762' title='bbox 1405 5029 1455 5074; x_wconf 93' lang='lat' dir='ltr'><strong>et</strong></span> <span class='ocrx_word' id='word_1_763' title='bbox 1513 5037 1628 5076; x_wconf 82' lang='lat' dir='ltr'><strong>ecce</strong></span> <span class='ocrx_word' id='word_1_764' title='bbox 1672 5024 1851 5077; x_wconf 75' lang='lat' dir='ltr'><strong>omnia</strong></span> 
     </span>
    </p>
   </div>
   <div class='ocr_carea' id='block_1_99' title="bbox 273 5105 1847 5169">
    <p class='ocr_par' dir='ltr' id='par_1_99' title="bbox 273 5105 1847 5169">
     <span class='ocr_line' id='line_1_99' title="bbox 273 5105 1847 5169; baseline 0.007 -13"><span class='ocrx_word' id='word_1_765' title='bbox 273 5105 472 5158; x_wconf 68' lang='lat' dir='ltr'><strong>arundo</strong></span> <span class='ocrx_word' id='word_1_766' title='bbox 498 5107 896 5163; x_wconf 77' lang='lat' dir='ltr'><strong>eruntoobis&quot;.</strong></span> <span class='ocrx_word' id='word_1_767' title='bbox 953 5106 1116 5164; x_wconf 82' lang='lat' dir='ltr'><strong>Jubet</strong></span> <span class='ocrx_word' id='word_1_768' title='bbox 1161 5118 1344 5165; x_wconf 84' lang='lat' dir='ltr'><strong>autem</strong></span> <span class='ocrx_word' id='word_1_769' title='bbox 1396 5125 1560 5167; x_wconf 89' lang='lat' dir='ltr'><strong>omne</strong></span> <span class='ocrx_word' id='word_1_770' title='bbox 1608 5112 1736 5169; x_wconf 85' lang='lat' dir='ltr'><strong>thus</strong></span> <span class='ocrx_word' id='word_1_771' title='bbox 1792 5113 1847 5168; x_wconf 87' lang='lat' dir='ltr'><strong>in</strong></span> 
     </span>
    </p>
   </div>
   <div class='ocr_carea' id='block_1_100' title="bbox 274 5195 1846 5272">
    <p class='ocr_par' dir='ltr' id='par_1_100' title="bbox 274 5195 1846 5272">
     <span class='ocr_line' id='line_1_100' title="bbox 274 5195 1846 5272; baseline 0.007 -25"><span class='ocrx_word' id='word_1_772' title='bbox 274 5195 479 5266; x_wconf 81' lang='lat' dir='ltr'><strong>pugillo</strong></span> <span class='ocrx_word' id='word_1_773' title='bbox 494 5197 666 5251; x_wconf 86' lang='lat' dir='ltr'><strong>sumi:</strong></span> <span class='ocrx_word' id='word_1_774' title='bbox 691 5213 875 5264; x_wconf 88' lang='lat' dir='ltr'><strong>omne,</strong></span> <span class='ocrx_word' id='word_1_775' title='bbox 891 5200 1095 5269; x_wconf 80' lang='lat' dir='ltr'><strong>quare?</strong></span> <span class='ocrx_word' id='word_1_776' title='bbox 1119 5201 1244 5270; x_wconf 84' lang='lat' dir='ltr'><strong>quia</strong></span> <span class='ocrx_word' id='word_1_777' title='bbox 1264 5217 1484 5271; x_wconf 79' lang='lat' dir='ltr'><strong>semper</strong></span> <span class='ocrx_word' id='word_1_778' title='bbox 1495 5212 1708 5272; x_wconf 85' lang='lat' dir='ltr'><strong>oportet</strong></span> <span class='ocrx_word' id='word_1_779' title='bbox 1728 5218 1846 5258; x_wconf 85' lang='lat' dir='ltr'><strong>ora-</strong></span> 
     </span>
    </p>
   </div>
   <div class='ocr_carea' id='block_1_101' title="bbox 273 5286 1844 5363">
    <p class='ocr_par' dir='ltr' id='par_1_101' title="bbox 273 5286 1844 5363">
     <span class='ocr_line' id='line_1_101' title="bbox 273 5286 1844 5363; baseline 0.011 -27"><span class='ocrx_word' id='word_1_780' title='bbox 273 5296 334 5337; x_wconf 84' lang='lat' dir='ltr'><strong>re</strong></span> <span class='ocrx_word' id='word_1_781' title='bbox 356 5322 373 5347; x_wconf 89' lang='lat'><strong>,</strong></span> <span class='ocrx_word' id='word_1_782' title='bbox 404 5294 459 5339; x_wconf 88' lang='lat' dir='ltr'><strong>et</strong></span> <span class='ocrx_word' id='word_1_783' title='bbox 492 5286 618 5340; x_wconf 87' lang='lat' dir='ltr'><strong>sine</strong></span> <span class='ocrx_word' id='word_1_784' title='bbox 637 5287 1041 5346; x_wconf 75' lang='lat' dir='ltr'><strong>intermissione</strong></span> <span class='ocrx_word' id='word_1_785' title='bbox 1067 5291 1270 5362; x_wconf 82' lang='lat' dir='ltr'><strong>gratias</strong></span> <span class='ocrx_word' id='word_1_786' title='bbox 1289 5306 1469 5363; x_wconf 85' lang='lat' dir='ltr'><strong>agere,</strong></span> <span class='ocrx_word' id='word_1_787' title='bbox 1484 5294 1627 5350; x_wconf 84' lang='lat' dir='ltr'><strong>sicut</strong></span> <span class='ocrx_word' id='word_1_788' title='bbox 1644 5293 1844 5354; x_wconf 85' lang='lat' dir='ltr'><strong>Paulus</strong></span> 
     </span>
    </p>
   </div>
   <div class='ocr_carea' id='block_1_102' title="bbox 271 5373 1843 5454">
    <p class='ocr_par' dir='ltr' id='par_1_102' title="bbox 271 5373 1843 5454">
     <span class='ocr_line' id='line_1_102' title="bbox 271 5373 1843 5454; baseline 0.009 -27"><span class='ocrx_word' id='word_1_789' title='bbox 271 5373 351 5430; x_wconf 84' lang='lat' dir='ltr'><strong>ait</strong></span> <span class='ocrx_word' id='word_1_790' title='bbox 369 5376 562 5432; x_wconf 81' lang='lat' dir='ltr'><strong>&quot;.Sed</strong></span> <span class='ocrx_word' id='word_1_791' title='bbox 585 5380 711 5448; x_wconf 85' lang='lat' dir='ltr'><strong>quis</strong></span> <span class='ocrx_word' id='word_1_792' title='bbox 737 5392 821 5437; x_wconf 86' lang='lat' dir='ltr'><strong>est</strong></span> <span class='ocrx_word' id='word_1_793' title='bbox 844 5383 937 5453; x_wconf 86' lang='lat' dir='ltr'><strong>qui</strong></span> <span class='ocrx_word' id='word_1_794' title='bbox 971 5382 1029 5437; x_wconf 88' lang='lat' dir='ltr'><strong>in</strong></span> <span class='ocrx_word' id='word_1_795' title='bbox 1074 5384 1277 5454; x_wconf 84' lang='lat' dir='ltr'><strong>pugillo</strong></span> <span class='ocrx_word' id='word_1_796' title='bbox 1317 5384 1494 5438; x_wconf 84' lang='lat' dir='ltr'><strong>tollit?</strong></span> <span class='ocrx_word' id='word_1_797' title='bbox 1543 5388 1843 5443; x_wconf 87' lang='lat' dir='ltr'><strong>secundum</strong></span> 
     </span>
    </p>
   </div>
   <div class='ocr_carea' id='block_1_103' title="bbox 1950 4478 3519 4549">
    <p class='ocr_par' dir='ltr' id='par_1_103' title="bbox 1950 4478 3519 4549">
     <span class='ocr_line' id='line_1_103' title="bbox 1950 4478 3519 4549; baseline -0.01 -14"><span class='ocrx_word' id='word_1_798' title='bbox 1950 4478 2275 4535; x_wconf 87' lang='lat' dir='ltr'><strong>sacriﬁcium</strong></span> <span class='ocrx_word' id='word_1_799' title='bbox 2303 4486 2503 4549; x_wconf 90' lang='lat' dir='ltr'><strong>potest.</strong></span> <span class='ocrx_word' id='word_1_800' title='bbox 2692 4512 2695 4517; x_wconf 65' lang='grc' dir='ltr'><strong>ς</strong></span> <span class='ocrx_word' id='word_1_801' title='bbox 3512 4534 3519 4541; x_wconf 35' lang='grc' dir='ltr'><strong>ο</strong></span> 
     </span>
    </p>
   </div>
   <div class='ocr_carea' id='block_1_104' title="bbox 2019 4567 3524 4626">
    <p class='ocr_par' dir='ltr' id='par_1_104' title="bbox 2019 4567 3524 4626">
     <span class='ocr_line' id='line_1_104' title="bbox 2019 4567 3524 4626; baseline 0.001 -1"><span class='ocrx_word' id='word_1_802' title='bbox 2019 4571 2185 4625; x_wconf 81' lang='lat' dir='ltr'><strong>Vens.</strong></span> <span class='ocrx_word' id='word_1_803' title='bbox 2226 4568 2281 4622; x_wconf 76' lang='grc'><strong>4.</strong></span> <span class='ocrx_word' id='word_1_804' title='bbox 2313 4588 2332 4621; x_wconf 68' lang='grc' dir='ltr'>ι</span> <span class='ocrx_word' id='word_1_805' title='bbox 2370 4568 2507 4623; x_wconf 89' lang='lat' dir='ltr'><strong>Cum</strong></span> <span class='ocrx_word' id='word_1_806' title='bbox 2561 4577 2743 4623; x_wconf 86' lang='lat' dir='ltr'><strong>autem</strong></span> <span class='ocrx_word' id='word_1_807' title='bbox 2774 4567 3041 4623; x_wconf 85' lang='lat' dir='ltr'><strong>obtuleris</strong></span> <span class='ocrx_word' id='word_1_808' title='bbox 3077 4568 3403 4624; x_wconf 78' lang='lat' dir='ltr'><strong>sacriﬁcium</strong></span> <span class='ocrx_word' id='word_1_809' title='bbox 3426 4586 3524 4626; x_wconf 84' lang='lat' dir='ltr'><strong>co-</strong></span> 
     </span>
    </p>
   </div>
   <div class='ocr_carea' id='block_1_105' title="bbox 1952 4660 3527 4731">
    <p class='ocr_par' dir='ltr' id='par_1_105' title="bbox 1952 4660 3527 4731">
     <span class='ocr_line' id='line_1_105' title="bbox 1952 4660 3527 4731; baseline -0.003 -14"><span class='ocrx_word' id='word_1_810' title='bbox 1952 4672 2100 4717; x_wconf 90' lang='lat' dir='ltr'><strong>ctum</strong></span> <span class='ocrx_word' id='word_1_811' title='bbox 2130 4661 2185 4715; x_wconf 91' lang='lat' dir='ltr'><strong>in</strong></span> <span class='ocrx_word' id='word_1_812' title='bbox 2216 4660 2432 4717; x_wconf 88' lang='lat' dir='ltr'><strong>clibano</strong></span> <span class='ocrx_word' id='word_1_813' title='bbox 2475 4661 2545 4716; x_wconf 90' lang='lat' dir='ltr'><strong>de</strong></span> <span class='ocrx_word' id='word_1_814' title='bbox 2590 4661 2789 4726; x_wconf 89' lang='lat' dir='ltr'><strong>simila,</strong></span> <span class='ocrx_word' id='word_1_815' title='bbox 2842 4675 3013 4731; x_wconf 84' lang='lat' dir='ltr'><strong>panes</strong></span> <span class='ocrx_word' id='word_1_816' title='bbox 3050 4660 3269 4716; x_wconf 77' lang='lat' dir='ltr'><strong>scilicet</strong></span> <span class='ocrx_word' id='word_1_817' title='bbox 3320 4661 3527 4731; x_wconf 70' lang='lat' dir='ltr'><strong>absque</strong></span> 
     </span>
    </p>
   </div>
   <div class='ocr_carea' id='block_1_106' title="bbox 1950 4754 3528 4826">
    <p class='ocr_par' dir='ltr' id='par_1_106' title="bbox 1950 4754 3528 4826">
     <span class='ocr_line' id='line_1_106' title="bbox 1950 4754 3528 4826; baseline -0.002 -15"><span class='ocrx_word' id='word_1_818' title='bbox 1950 4756 2255 4823; x_wconf 81' lang='lat' dir='ltr'><strong>fermento,</strong></span> <span class='ocrx_word' id='word_1_819' title='bbox 2317 4769 2643 4825; x_wconf 88' lang='lat' dir='ltr'><strong>conspersos</strong></span> <span class='ocrx_word' id='word_1_820' title='bbox 2677 4755 2831 4821; x_wconf 90' lang='lat' dir='ltr'><strong>oleo,</strong></span> <span class='ocrx_word' id='word_1_821' title='bbox 2881 4763 2938 4810; x_wconf 85' lang='lat' dir='ltr'><strong>et</strong></span> <span class='ocrx_word' id='word_1_822' title='bbox 2971 4754 3161 4826; x_wconf 82' lang='lat' dir='ltr'><strong>lagana</strong></span> <span class='ocrx_word' id='word_1_823' title='bbox 3197 4768 3383 4826; x_wconf 74' lang='lat' dir='ltr'><strong>azyma</strong></span> <span class='ocrx_word' id='word_1_824' title='bbox 3402 4754 3528 4808; x_wconf 83' lang='lat' dir='ltr'><strong>oleo</strong></span> 
     </span>
    </p>
   </div>
   <div class='ocr_carea' id='block_1_107' title="bbox 1948 4842 3259 4903">
    <p class='ocr_par' dir='ltr' id='par_1_107' title="bbox 1948 4842 3259 4903">
     <span class='ocr_line' id='line_1_107' title="bbox 1971 4842 3259 4860; baseline 0.002 -17"><span class='ocrx_word' id='word_1_825' title='bbox 1971 4850 1982 4860; x_wconf 38' lang='lat'><em>.</em></span> <span class='ocrx_word' id='word_1_826' title='bbox 3255 4842 3259 4846; x_wconf 77' lang='lat'><strong>.</strong></span> 
     </span>
     <span class='ocr_line' id='line_1_108' title="bbox 1948 4848 2752 4903; baseline 0 0"><span class='ocrx_word' id='word_1_827' title='bbox 1948 4848 2064 4903; x_wconf 79' lang='lat' dir='ltr'><strong>lita.</strong></span> <span class='ocrx_word' id='word_1_828' title='bbox 2096 4865 2118 4901; x_wconf 72' lang='grc' dir='ltr'><strong><em>ι</em></strong></span> <span class='ocrx_word' id='word_1_829' title='bbox 2691 4866 2706 4880; x_wconf 81' lang='grc'><em>’</em></span> <span class='ocrx_word' id='word_1_830' title='bbox 2748 4882 2752 4887; x_wconf 61' lang='grc' dir='ltr'><strong><em>ο</em></strong></span> 
     </span>
    </p>
   </div>
   <div class='ocr_carea' id='block_1_108' title="bbox 2019 4924 3524 5020">
    <p class='ocr_par' dir='ltr' id='par_1_108' title="bbox 2019 4924 3524 5020">
     <span class='ocr_line' id='line_1_109' title="bbox 2019 4924 3524 5020; baseline -0.005 -27"><span class='ocrx_word' id='word_1_831' title='bbox 2019 4938 2374 4994; x_wconf 79' lang='lat' dir='ltr'><strong>Admirabilis</strong></span> <span class='ocrx_word' id='word_1_832' title='bbox 2406 4948 2493 4995; x_wconf 86' lang='lat' dir='ltr'><strong>est</strong></span> <span class='ocrx_word' id='word_1_833' title='bbox 2524 4924 2850 5010; x_wconf 80' lang='lat' dir='ltr'><strong>legislatoris</strong></span> <span class='ocrx_word' id='word_1_834' title='bbox 2892 4938 3149 5020; x_wconf 80' lang='lat' dir='ltr'><strong>intentio,</strong></span> <span class='ocrx_word' id='word_1_835' title='bbox 3189 4952 3290 5009; x_wconf 82' lang='lat' dir='ltr'><strong>per</strong></span> <span class='ocrx_word' id='word_1_836' title='bbox 3338 4935 3524 4991; x_wconf 81' lang='lat' dir='ltr'><strong>omnia</strong></span> 
     </span>
    </p>
   </div>
   <div class='ocr_carea' id='block_1_109' title="bbox 1951 5022 3523 5096">
    <p class='ocr_par' dir='ltr' id='par_1_109' title="bbox 1951 5022 3523 5096">
     <span class='ocr_line' id='line_1_110' title="bbox 1951 5022 3523 5096; baseline -0.001 -18"><span class='ocrx_word' id='word_1_837' title='bbox 1951 5024 2226 5079; x_wconf 82' lang='lat' dir='ltr'><strong>subtiliter</strong></span> <span class='ocrx_word' id='word_1_838' title='bbox 2254 5025 2518 5081; x_wconf 86' lang='lat' dir='ltr'><strong>incedens</strong></span> <span class='ocrx_word' id='word_1_839' title='bbox 2549 5042 2565 5079; x_wconf 93' lang='lat'><strong>:</strong></span> <span class='ocrx_word' id='word_1_840' title='bbox 2595 5026 2723 5096; x_wconf 88' lang='lat' dir='ltr'><strong>quia</strong></span> <span class='ocrx_word' id='word_1_841' title='bbox 2752 5026 2899 5080; x_wconf 84' lang='lat' dir='ltr'><strong>enim</strong></span> <span class='ocrx_word' id='word_1_842' title='bbox 2946 5025 3191 5081; x_wconf 71' lang='lat' dir='ltr'><strong>scientiae</strong></span> <span class='ocrx_word' id='word_1_843' title='bbox 3235 5024 3354 5088; x_wconf 87' lang='lat' dir='ltr'><strong>Dei,</strong></span> <span class='ocrx_word' id='word_1_844' title='bbox 3406 5022 3523 5077; x_wconf 87' lang='lat' dir='ltr'><strong>sive</strong></span> 
     </span>
    </p>
   </div>
   <div class='ocr_carea' id='block_1_110' title="bbox 1947 5113 3522 5186">
    <p class='ocr_par' dir='ltr' id='par_1_110' title="bbox 1947 5113 3522 5186">
     <span class='ocr_line' id='line_1_111' title="bbox 1947 5113 3522 5186; baseline 0 -17"><span class='ocrx_word' id='word_1_845' title='bbox 1947 5116 2159 5172; x_wconf 77' lang='lat' dir='ltr'><strong>notitia:</strong></span> <span class='ocrx_word' id='word_1_846' title='bbox 2189 5117 2449 5186; x_wconf 79' lang='lat' dir='ltr'><strong>superius</strong></span> <span class='ocrx_word' id='word_1_847' title='bbox 2478 5118 2811 5174; x_wconf 87' lang='lat' dir='ltr'><strong>mentionem</strong></span> <span class='ocrx_word' id='word_1_848' title='bbox 2845 5117 2995 5182; x_wconf 80' lang='lat' dir='ltr'><strong>fecit,</strong></span> <span class='ocrx_word' id='word_1_849' title='bbox 3014 5133 3086 5172; x_wconf 90' lang='lat' dir='ltr'><strong>ne</strong></span> <span class='ocrx_word' id='word_1_850' title='bbox 3111 5117 3255 5172; x_wconf 76' lang='lat' dir='ltr'><strong>forte</strong></span> <span class='ocrx_word' id='word_1_851' title='bbox 3313 5113 3522 5186; x_wconf 77' lang='lat' dir='ltr'><strong>putaris</strong></span> 
     </span>
    </p>
   </div>
   <div class='ocr_carea' id='block_1_111' title="bbox 1950 5207 3519 5280">
    <p class='ocr_par' dir='ltr' id='par_1_111' title="bbox 1950 5207 3519 5280">
     <span class='ocr_line' id='line_1_112' title="bbox 1950 5207 3519 5280; baseline -0.001 -19"><span class='ocrx_word' id='word_1_852' title='bbox 1950 5216 2102 5263; x_wconf 81' lang='lat' dir='ltr'><strong>extra</strong></span> <span class='ocrx_word' id='word_1_853' title='bbox 2132 5223 2251 5263; x_wconf 89' lang='lat' dir='ltr'><strong>eam</strong></span> <span class='ocrx_word' id='word_1_854' title='bbox 2282 5222 2404 5265; x_wconf 88' lang='lat' dir='ltr'><strong>esse</strong></span> <span class='ocrx_word' id='word_1_855' title='bbox 2434 5210 2855 5280; x_wconf 84' lang='lat' dir='ltr'><strong>dispensationis</strong></span> <span class='ocrx_word' id='word_1_856' title='bbox 2875 5209 3163 5267; x_wconf 67' lang='lat' dir='ltr'><strong>Dominicis</strong></span> <span class='ocrx_word' id='word_1_857' title='bbox 3180 5207 3519 5278; x_wconf 81' lang='lat' dir='ltr'><strong>mysterium,</strong></span> 
     </span>
    </p>
   </div>
   <div class='ocr_carea' id='block_1_112' title="bbox 1950 5297 3525 5372">
    <p class='ocr_par' dir='ltr' id='par_1_112' title="bbox 1950 5297 3525 5372">
     <span class='ocr_line' id='line_1_113' title="bbox 1950 5297 3525 5372; baseline -0.003 -18"><span class='ocrx_word' id='word_1_858' title='bbox 1950 5298 2078 5355; x_wconf 88' lang='lat' dir='ltr'><strong>vide</strong></span> <span class='ocrx_word' id='word_1_859' title='bbox 2107 5300 2383 5370; x_wconf 87' lang='lat' dir='ltr'><strong>quomodo</strong></span> <span class='ocrx_word' id='word_1_860' title='bbox 2430 5315 2530 5371; x_wconf 88' lang='lat' dir='ltr'><strong>per</strong></span> <span class='ocrx_word' id='word_1_861' title='bbox 2585 5300 2871 5372; x_wconf 61' lang='lat' dir='ltr'><strong>enigmata</strong></span> <span class='ocrx_word' id='word_1_862' title='bbox 2931 5299 3176 5368; x_wconf 72' lang='lat' dir='ltr'><strong>exponit,</strong></span> <span class='ocrx_word' id='word_1_863' title='bbox 3226 5297 3525 5353; x_wconf 82' lang='lat' dir='ltr'><strong>nativitatis</strong></span> 
     </span>
    </p>
   </div>
   <div class='ocr_carea' id='block_1_113' title="bbox 1952 5389 3529 5461">
    <p class='ocr_par' dir='ltr' id='par_1_113' title="bbox 1952 5389 3529 5461">
     <span class='ocr_line' id='line_1_114' title="bbox 1952 5389 3529 5461; baseline 0.001 -16"><span class='ocrx_word' id='word_1_864' title='bbox 1952 5391 2092 5461; x_wconf 80' lang='lat' dir='ltr'><strong>ejus,</strong></span> <span class='ocrx_word' id='word_1_865' title='bbox 2158 5392 2340 5448; x_wconf 87' lang='lat' dir='ltr'><strong>crucis</strong></span> <span class='ocrx_word' id='word_1_866' title='bbox 2385 5402 2443 5447; x_wconf 84' lang='lat' dir='ltr'><strong>et</strong></span> <span class='ocrx_word' id='word_1_867' title='bbox 2489 5391 2907 5448; x_wconf 80' lang='lat' dir='ltr'><strong>resurrectionis</strong></span> <span class='ocrx_word' id='word_1_868' title='bbox 2944 5389 3135 5445; x_wconf 87' lang='lat' dir='ltr'><strong>volens</strong></span> <span class='ocrx_word' id='word_1_869' title='bbox 3177 5389 3529 5446; x_wconf 79' lang='lat' dir='ltr'><strong>introducere</strong></span> 
     </span>
    </p>
   </div>
   <div class='ocr_carea' id='block_1_114' title="bbox 342 5559 1859 5674">
    <p class='ocr_par' dir='ltr' id='par_1_114' title="bbox 342 5592 1859 5674">
     <span class='ocr_line' id='line_1_115' title="bbox 342 5592 1859 5674; baseline 0.01 -28"><span class='ocrx_word' id='word_1_870' title='bbox 342 5592 749 5674; x_wconf 52' lang='lat' dir='ltr'><strong>&quot;_§en.__xv_&#39;ni,_</strong></span> <span class='ocrx_word' id='word_1_871' title='bbox 770 5598 821 5651; x_wconf 72' lang='lat'><strong>6.</strong></span> <span class='ocrx_word' id='word_1_872' title='bbox 898 5598 945 5631; x_wconf 84' lang='grc'><strong>⁷³</strong></span> <span class='ocrx_word' id='word_1_873' title='bbox 975 5605 1095 5674; x_wconf 73' lang='lat' dir='ltr'><strong>Act.</strong></span> <span class='ocrx_word' id='word_1_874' title='bbox 1133 5616 1194 5674; x_wconf 45' lang='grc' dir='ltr'>χε</span> <span class='ocrx_word' id='word_1_875' title='bbox 1215 5600 1267 5674; x_wconf 58' lang='grc' dir='ltr'><strong>εξ,</strong></span> <span class='ocrx_word' id='word_1_876' title='bbox 1300 5602 1350 5674; x_wconf 67' lang='lat'><strong>5.</strong></span> <span class='ocrx_word' id='word_1_877' title='bbox 1434 5602 1479 5674; x_wconf 56' lang='grc' dir='ltr'>Ϊξ</span> <span class='ocrx_word' id='word_1_878' title='bbox 1507 5603 1623 5674; x_wconf 70' lang='lat' dir='ltr'><strong>Jac.</strong></span> <span class='ocrx_word' id='word_1_879' title='bbox 1656 5622 1707 5673; x_wconf 86' lang='lat' dir='ltr'><strong>v,</strong></span> <span class='ocrx_word' id='word_1_880' title='bbox 1732 5606 1817 5670; x_wconf 66' lang='lat' dir='ltr'><strong>t4,</strong></span> <span class='ocrx_word' id='word_1_881' title='bbox 1851 5616 1859 5660; x_wconf 57' lang='grc'><strong><em>4</em></strong></span> 
     </span>
    </p>
   </div>
   <div class='ocr_carea' id='block_1_115' title="bbox 1962 5559 3525 5674">
    <p class='ocr_par' dir='ltr' id='par_1_115' title="bbox 2005 5606 3525 5674">
     <span class='ocr_line' id='line_1_116' title="bbox 2005 5606 3525 5674; baseline -0.001 -13"><span class='ocrx_word' id='word_1_882' title='bbox 2005 5608 2052 5641; x_wconf 84' lang='grc'><strong>⁷⁸</strong></span> <span class='ocrx_word' id='word_1_883' title='bbox 2070 5606 2232 5663; x_wconf 81' lang='lat' dir='ltr'><strong>llcbr.</strong></span> <span class='ocrx_word' id='word_1_884' title='bbox 2270 5626 2344 5667; x_wconf 78' lang='lat' dir='ltr'><strong>XI.</strong></span> <span class='ocrx_word' id='word_1_885' title='bbox 2389 5610 2441 5674; x_wconf 89' lang='lat'><strong>6,</strong></span> <span class='ocrx_word' id='word_1_886' title='bbox 2517 5609 2712 5665; x_wconf 85' lang='lat' dir='ltr'><strong>&quot;ibid.</strong></span> <span class='ocrx_word' id='word_1_887' title='bbox 2761 5611 2805 5642; x_wconf 91' lang='grc'><strong>⁷⁷</strong></span> <span class='ocrx_word' id='word_1_888' title='bbox 2836 5610 2989 5664; x_wconf 76' lang='lat' dir='ltr'><strong>Boni.</strong></span> <span class='ocrx_word' id='word_1_889' title='bbox 3018 5610 3238 5673; x_wconf 67' lang='lat' dir='ltr'><strong>x1v,23.</strong></span> <span class='ocrx_word' id='word_1_890' title='bbox 3318 5610 3360 5643; x_wconf 79' lang='grc'><strong>⁷⁸</strong></span> <span class='ocrx_word' id='word_1_891' title='bbox 3389 5609 3525 5666; x_wconf 72' lang='lat' dir='ltr'><strong>an.</strong></span> 
     </span>
    </p>
   </div>
   <div class='ocr_carea' id='block_1_116' title="bbox 274 5664 1859 5749">
    <p class='ocr_par' dir='ltr' id='par_1_116' title="bbox 274 5664 1855 5740">
     <span class='ocr_line' id='line_1_117' title="bbox 274 5664 1855 5740; baseline 0.01 -24"><span class='ocrx_word' id='word_1_892' title='bbox 274 5677 350 5728; x_wconf 75' lang='grc' dir='ltr'><strong>ιι,</strong></span> <span class='ocrx_word' id='word_1_893' title='bbox 379 5664 469 5719; x_wconf 63' lang='lat' dir='ltr'><strong>aii.</strong></span> <span class='ocrx_word' id='word_1_894' title='bbox 545 5666 591 5699; x_wconf 71' lang='grc'><strong>⁷³</strong></span> <span class='ocrx_word' id='word_1_895' title='bbox 629 5665 649 5718; x_wconf 81' lang='grc'><strong>1</strong></span> <span class='ocrx_word' id='word_1_896' title='bbox 686 5666 885 5722; x_wconf 87' lang='lat' dir='ltr'><strong>Thess.</strong></span> <span class='ocrx_word' id='word_1_897' title='bbox 910 5686 963 5734; x_wconf 69' lang='grc' dir='ltr'><strong>ν,</strong></span> <span class='ocrx_word' id='word_1_898' title='bbox 994 5670 1075 5727; x_wconf 86' lang='lat' dir='ltr'><strong>l7.</strong></span> <span class='ocrx_word' id='word_1_899' title='bbox 1152 5669 1199 5702; x_wconf 76' lang='grc' dir='ltr'><strong>⁸ο</strong></span> <span class='ocrx_word' id='word_1_900' title='bbox 1226 5671 1245 5725; x_wconf 86' lang='grc'><strong>1</strong></span> <span class='ocrx_word' id='word_1_901' title='bbox 1276 5672 1401 5727; x_wconf 79' lang='lat' dir='ltr'><strong>Cor.</strong></span> <span class='ocrx_word' id='word_1_902' title='bbox 1433 5672 1570 5740; x_wconf 65' lang='lat' dir='ltr'><strong>Xlll,</strong></span> <span class='ocrx_word' id='word_1_903' title='bbox 1597 5676 1647 5729; x_wconf 87' lang='lat'><strong>9.</strong></span> <span class='ocrx_word' id='word_1_904' title='bbox 1692 5664 1768 5707; x_wconf 68' lang='grc' dir='ltr'><strong>’θί</strong></span> <span class='ocrx_word' id='word_1_905' title='bbox 1800 5664 1855 5732; x_wconf 76' lang='lat' dir='ltr'><strong>il)</strong></span> 
     </span>
    </p>
   </div>
   <div class='ocr_carea' id='block_1_117' title="bbox 1962 5664 3532 5749">
    <p class='ocr_par' dir='ltr' id='par_1_117' title="bbox 1969 5664 3532 5749">
     <span class='ocr_line' id='line_1_118' title="bbox 1969 5664 3532 5749; baseline 0.002 -18"><span class='ocrx_word' id='word_1_906' title='bbox 1969 5678 2054 5731; x_wconf 76' lang='lat' dir='ltr'><strong>ta.</strong></span> <span class='ocrx_word' id='word_1_907' title='bbox 2131 5680 2178 5711; x_wconf 74' lang='grc' dir='ltr'><strong>υ</strong></span> <span class='ocrx_word' id='word_1_908' title='bbox 2209 5664 2484 5747; x_wconf 50' lang='grc' dir='ltr'><strong>ηοω-,ἑκ</strong></span> <span class='ocrx_word' id='word_1_909' title='bbox 2518 5664 2624 5737; x_wconf 55' lang='grc' dir='ltr'><strong>η(</strong></span> <span class='ocrx_word' id='word_1_910' title='bbox 2683 5681 2729 5713; x_wconf 74' lang='grc'><strong>⁸³</strong></span> <span class='ocrx_word' id='word_1_911' title='bbox 2752 5681 2882 5736; x_wconf 84' lang='lat' dir='ltr'><strong>ibid.</strong></span> <span class='ocrx_word' id='word_1_912' title='bbox 2908 5664 3026 5736; x_wconf 40' lang='lat'><strong>15.‘</strong></span> <span class='ocrx_word' id='word_1_913' title='bbox 3066 5664 3493 5749; x_wconf 47' lang='lat' dir='ltr'><strong>“colossus;</strong></span> <span class='ocrx_word' id='word_1_914' title='bbox 3523 5706 3532 5745; x_wconf 68' lang='grc' dir='ltr'><strong><em>ι</em></strong></span> 
     </span>
    </p>
   </div>
  </div>
