  <div class='ocr_page' id='page_1' title='image "/cluster/home/n/w/nwhite01/storage/ocr_20150623/93/hvd.32044054128533/417.png"; bbox 0 0 4076 6188; ppageno 0'>
   <div class='ocr_carea' id='block_1_1' title="bbox 527 224 637 291">
    <p class='ocr_par' dir='ltr' id='par_1_1' title="bbox 527 224 637 291">
     <span class='ocr_line' id='line_1_1' title="bbox 527 224 637 291; baseline 0 -4"><span class='ocrx_word' id='word_1_1' title='bbox 527 224 637 291; x_wconf 79' lang='grc'><strong>807</strong></span> 
     </span>
    </p>
   </div>
   <div class='ocr_carea' id='block_1_2' title="bbox 1719 218 2605 286">
    <p class='ocr_par' dir='ltr' id='par_1_2' title="bbox 1719 218 2605 286">
     <span class='ocr_line' id='line_1_2' title="bbox 1719 218 2605 286; baseline -0.008 1"><span class='ocrx_word' id='word_1_2' title='bbox 1719 218 2079 286; x_wconf 71' lang='lat' dir='ltr'><strong>HESYCHII</strong></span> <span class='ocrx_word' id='word_1_3' title='bbox 2136 220 2605 283; x_wconf 70' lang='lat' dir='ltr'><strong>PRESBYTERI</strong></span> 
     </span>
    </p>
   </div>
   <div class='ocr_carea' id='block_1_3' title="bbox 3678 225 3789 287">
    <p class='ocr_par' dir='ltr' id='par_1_3' title="bbox 3678 225 3789 287">
     <span class='ocr_line' id='line_1_3' title="bbox 3678 225 3789 287; baseline 0 -1"><span class='ocrx_word' id='word_1_4' title='bbox 3678 225 3789 287; x_wconf 70' lang='lat'><strong>808</strong></span> 
     </span>
    </p>
   </div>
   <div class='ocr_carea' id='block_1_4' title="bbox 534 328 3788 411">
    <p class='ocr_par' dir='ltr' id='par_1_4' title="bbox 534 328 3788 411">
     <span class='ocr_line' id='line_1_4' title="bbox 534 328 3788 411; baseline -0.002 -19"><span class='ocrx_word' id='word_1_5' title='bbox 534 337 921 393; x_wconf 76' lang='lat' dir='ltr'><strong>narrationem.</strong></span> <span class='ocrx_word' id='word_1_6' title='bbox 948 335 1282 392; x_wconf 88' lang='lat' dir='ltr'><strong>Sacriﬁcium</strong></span> <span class='ocrx_word' id='word_1_7' title='bbox 1342 344 1579 403; x_wconf 78' lang='lat' dir='ltr'><strong>coctum,</strong></span> <span class='ocrx_word' id='word_1_8' title='bbox 1617 334 1817 391; x_wconf 92' lang='lat' dir='ltr'><strong>Christi</strong></span> <span class='ocrx_word' id='word_1_9' title='bbox 1869 334 2106 411; x_wconf 75' lang='lat' dir='ltr'><strong>appellat</strong></span> <span class='ocrx_word' id='word_1_10' title='bbox 2134 340 2178 396; x_wconf 80' lang='grc' dir='ltr'><strong>Α</strong></span> <span class='ocrx_word' id='word_1_11' title='bbox 2206 330 2368 386; x_wconf 77' lang='lat' dir='ltr'><strong>oﬁert</strong></span> <span class='ocrx_word' id='word_1_12' title='bbox 2397 347 2410 387; x_wconf 93' lang='lat'><strong>:</strong></span> <span class='ocrx_word' id='word_1_13' title='bbox 2438 330 2669 402; x_wconf 74' lang='lat' dir='ltr'><strong>Eﬁ‘undit</strong></span> <span class='ocrx_word' id='word_1_14' title='bbox 2695 346 2853 401; x_wconf 84' lang='lat' dir='ltr'><strong>super</strong></span> <span class='ocrx_word' id='word_1_15' title='bbox 2888 346 3007 384; x_wconf 85' lang='lat' dir='ltr'><strong>eam</strong></span> <span class='ocrx_word' id='word_1_16' title='bbox 3039 330 3250 393; x_wconf 87' lang='lat' dir='ltr'><strong>oleum;</strong></span> <span class='ocrx_word' id='word_1_17' title='bbox 3289 328 3376 384; x_wconf 92' lang='lat' dir='ltr'><strong>hic</strong></span> <span class='ocrx_word' id='word_1_18' title='bbox 3409 340 3615 394; x_wconf 89' lang='lat' dir='ltr'><strong>autem,</strong></span> <span class='ocrx_word' id='word_1_19' title='bbox 3656 335 3788 403; x_wconf 84' lang='lat' dir='ltr'><strong>quia</strong></span> 
     </span>
    </p>
   </div>
   <div class='ocr_carea' id='block_1_5' title="bbox 528 419 2106 491">
    <p class='ocr_par' dir='ltr' id='par_1_5' title="bbox 528 419 2106 491">
     <span class='ocr_line' id='line_1_5' title="bbox 528 419 2106 491; baseline -0.002 -10"><span class='ocrx_word' id='word_1_20' title='bbox 528 427 983 491; x_wconf 78' lang='lat' dir='ltr'><strong>ittearnat’ionem,</strong></span> <span class='ocrx_word' id='word_1_21' title='bbox 1014 428 1083 481; x_wconf 88' lang='lat' dir='ltr'><strong>ad</strong></span> <span class='ocrx_word' id='word_1_22' title='bbox 1116 429 1219 480; x_wconf 90' lang='lat' dir='ltr'><strong>hoc</strong></span> <span class='ocrx_word' id='word_1_23' title='bbox 1265 426 1410 480; x_wconf 88' lang='lat' dir='ltr'><strong>enim</strong></span> <span class='ocrx_word' id='word_1_24' title='bbox 1444 419 1760 484; x_wconf 68' lang='lat' dir='ltr'><strong>incarnatus</strong></span> <span class='ocrx_word' id='word_1_25' title='bbox 1802 437 1887 481; x_wconf 82' lang='lat' dir='ltr'><strong>est</strong></span> <span class='ocrx_word' id='word_1_26' title='bbox 1921 436 1981 480; x_wconf 90' lang='lat' dir='ltr'><strong>ut</strong></span> <span class='ocrx_word' id='word_1_27' title='bbox 2004 426 2106 479; x_wconf 87' lang='lat' dir='ltr'><strong>im-</strong></span> 
     </span>
    </p>
   </div>
   <div class='ocr_carea' id='block_1_6' title="bbox 530 517 2107 590">
    <p class='ocr_par' dir='ltr' id='par_1_6' title="bbox 530 517 2107 590">
     <span class='ocr_line' id='line_1_6' title="bbox 530 517 2107 590; baseline -0.003 -16"><span class='ocrx_word' id='word_1_28' title='bbox 530 521 849 574; x_wconf 79' lang='lat' dir='ltr'><strong>molaretur.</strong></span> <span class='ocrx_word' id='word_1_29' title='bbox 878 519 1103 587; x_wconf 79' lang='lat' dir='ltr'><strong>Propter</strong></span> <span class='ocrx_word' id='word_1_30' title='bbox 1123 518 1269 587; x_wconf 88' lang='lat' dir='ltr'><strong>quod</strong></span> <span class='ocrx_word' id='word_1_31' title='bbox 1297 533 1444 583; x_wconf 90' lang='lat' dir='ltr'><strong>cum,</strong></span> <span class='ocrx_word' id='word_1_32' title='bbox 1479 519 1691 590; x_wconf 89' lang='lat' dir='ltr'><strong>Aguum</strong></span> <span class='ocrx_word' id='word_1_33' title='bbox 1721 518 1815 573; x_wconf 86' lang='lat' dir='ltr'><strong>Dei</strong></span> <span class='ocrx_word' id='word_1_34' title='bbox 1850 520 1941 589; x_wconf 82' lang='lat' dir='ltr'><strong>qui</strong></span> <span class='ocrx_word' id='word_1_35' title='bbox 1971 517 2107 572; x_wconf 81' lang='lat' dir='ltr'><strong>tollit</strong></span> 
     </span>
    </p>
   </div>
   <div class='ocr_carea' id='block_1_7' title="bbox 530 607 2107 681">
    <p class='ocr_par' dir='ltr' id='par_1_7' title="bbox 530 607 2107 681">
     <span class='ocr_line' id='line_1_7' title="bbox 530 607 2107 681; baseline -0.001 -18"><span class='ocrx_word' id='word_1_36' title='bbox 530 619 750 678; x_wconf 75' lang='lat' dir='ltr'><strong>peccata</strong></span> <span class='ocrx_word' id='word_1_37' title='bbox 776 610 957 662; x_wconf 87' lang='lat' dir='ltr'><strong>mundi</strong></span> <span class='ocrx_word' id='word_1_38' title='bbox 971 607 1039 671; x_wconf 82' lang='grc'><strong>⁸³,</strong></span> <span class='ocrx_word' id='word_1_39' title='bbox 1067 607 1311 663; x_wconf 80' lang='lat' dir='ltr'><strong>Joannes</strong></span> <span class='ocrx_word' id='word_1_40' title='bbox 1341 608 1581 679; x_wconf 82' lang='lat' dir='ltr'><strong>Baptista</strong></span> <span class='ocrx_word' id='word_1_41' title='bbox 1606 609 1921 681; x_wconf 77' lang='lat' dir='ltr'><strong>appellavit.</strong></span> <span class='ocrx_word' id='word_1_42' title='bbox 1940 609 2107 663; x_wconf 75' lang='lat' dir='ltr'><strong>Recte</strong></span> 
     </span>
    </p>
   </div>
   <div class='ocr_carea' id='block_1_8' title="bbox 530 698 2107 772">
    <p class='ocr_par' dir='ltr' id='par_1_8' title="bbox 530 698 2107 772">
     <span class='ocr_line' id='line_1_8' title="bbox 530 698 2107 772; baseline -0.002 -17"><span class='ocrx_word' id='word_1_43' title='bbox 530 717 662 772; x_wconf 89' lang='lat' dir='ltr'><strong>ergo</strong></span> <span class='ocrx_word' id='word_1_44' title='bbox 689 698 1012 753; x_wconf 88' lang='lat' dir='ltr'><strong>sacriﬁcium</strong></span> <span class='ocrx_word' id='word_1_45' title='bbox 1041 699 1094 753; x_wconf 91' lang='lat' dir='ltr'><strong>in</strong></span> <span class='ocrx_word' id='word_1_46' title='bbox 1145 700 1250 754; x_wconf 91' lang='lat' dir='ltr'><strong>hoc</strong></span> <span class='ocrx_word' id='word_1_47' title='bbox 1283 701 1421 763; x_wconf 92' lang='lat' dir='ltr'><strong>loco,</strong></span> <span class='ocrx_word' id='word_1_48' title='bbox 1456 709 1515 754; x_wconf 92' lang='lat' dir='ltr'><strong>ut</strong></span> <span class='ocrx_word' id='word_1_49' title='bbox 1538 700 1886 754; x_wconf 89' lang='lat' dir='ltr'><strong>denuntiaret</strong></span> <span class='ocrx_word' id='word_1_50' title='bbox 1907 698 2107 754; x_wconf 85' lang='lat' dir='ltr'><strong>nativi-</strong></span> 
     </span>
    </p>
   </div>
   <div class='ocr_carea' id='block_1_9' title="bbox 530 787 2108 858">
    <p class='ocr_par' dir='ltr' id='par_1_9' title="bbox 530 787 2108 858">
     <span class='ocr_line' id='line_1_9' title="bbox 530 787 2108 858; baseline -0.001 -14"><span class='ocrx_word' id='word_1_51' title='bbox 530 798 699 844; x_wconf 81' lang='lat' dir='ltr'><strong>tatem</strong></span> <span class='ocrx_word' id='word_1_52' title='bbox 726 789 865 858; x_wconf 83' lang='lat' dir='ltr'><strong>ejus,</strong></span> <span class='ocrx_word' id='word_1_53' title='bbox 892 788 1092 844; x_wconf 87' lang='lat' dir='ltr'><strong>dicitur</strong></span> <span class='ocrx_word' id='word_1_54' title='bbox 1114 799 1330 843; x_wconf 89' lang='lat' dir='ltr'><strong>coctum</strong></span> <span class='ocrx_word' id='word_1_55' title='bbox 1362 789 1414 843; x_wconf 92' lang='lat' dir='ltr'><strong>in</strong></span> <span class='ocrx_word' id='word_1_56' title='bbox 1434 789 1668 850; x_wconf 89' lang='lat' dir='ltr'><strong>clibano.</strong></span> <span class='ocrx_word' id='word_1_57' title='bbox 1703 788 1795 843; x_wconf 89' lang='lat' dir='ltr'><strong>Dei</strong></span> <span class='ocrx_word' id='word_1_58' title='bbox 1812 787 2108 844; x_wconf 85' lang='lat' dir='ltr'><strong>Genitricis</strong></span> 
     </span>
    </p>
   </div>
   <div class='ocr_carea' id='block_1_10' title="bbox 533 877 2108 934">
    <p class='ocr_par' dir='ltr' id='par_1_10' title="bbox 533 877 2108 934">
     <span class='ocr_line' id='line_1_10' title="bbox 533 877 2108 934; baseline 0.003 -5"><span class='ocrx_word' id='word_1_59' title='bbox 533 878 784 932; x_wconf 70' lang='lat' dir='ltr'><strong>videlicet</strong></span> <span class='ocrx_word' id='word_1_60' title='bbox 812 886 988 932; x_wconf 88' lang='lat' dir='ltr'><strong>utero.</strong></span> <span class='ocrx_word' id='word_1_61' title='bbox 1028 877 1123 931; x_wconf 88' lang='lat' dir='ltr'><strong>illa</strong></span> <span class='ocrx_word' id='word_1_62' title='bbox 1153 879 1300 932; x_wconf 89' lang='lat' dir='ltr'><strong>enim</strong></span> <span class='ocrx_word' id='word_1_63' title='bbox 1363 879 1612 933; x_wconf 84' lang='lat' dir='ltr'><strong>clibanus</strong></span> <span class='ocrx_word' id='word_1_64' title='bbox 1661 878 1971 933; x_wconf 87' lang='lat' dir='ltr'><strong>necessarie</strong></span> <span class='ocrx_word' id='word_1_65' title='bbox 2009 893 2108 934; x_wconf 76' lang='lat' dir='ltr'><strong>no-</strong></span> 
     </span>
    </p>
   </div>
   <div class='ocr_carea' id='block_1_11' title="bbox 529 968 2106 1041">
    <p class='ocr_par' dir='ltr' id='par_1_11' title="bbox 529 968 2106 1041">
     <span class='ocr_line' id='line_1_11' title="bbox 529 968 2106 1041; baseline 0.001 -19"><span class='ocrx_word' id='word_1_66' title='bbox 529 968 788 1034; x_wconf 84' lang='lat' dir='ltr'><strong>minatur,</strong></span> <span class='ocrx_word' id='word_1_67' title='bbox 824 970 949 1038; x_wconf 89' lang='lat' dir='ltr'><strong>quia</strong></span> <span class='ocrx_word' id='word_1_68' title='bbox 980 976 1037 1023; x_wconf 89' lang='lat' dir='ltr'><strong>et</strong></span> <span class='ocrx_word' id='word_1_69' title='bbox 1070 985 1240 1039; x_wconf 89' lang='lat' dir='ltr'><strong>panes</strong></span> <span class='ocrx_word' id='word_1_70' title='bbox 1291 970 1577 1041; x_wconf 81' lang='lat' dir='ltr'><strong>ignemque</strong></span> <span class='ocrx_word' id='word_1_71' title='bbox 1598 971 1833 1040; x_wconf 86' lang='lat' dir='ltr'><strong>desuper</strong></span> <span class='ocrx_word' id='word_1_72' title='bbox 1860 969 2106 1024; x_wconf 86' lang='lat' dir='ltr'><strong>clibanus</strong></span> 
     </span>
    </p>
   </div>
   <div class='ocr_carea' id='block_1_12' title="bbox 531 1060 2102 1132">
    <p class='ocr_par' dir='ltr' id='par_1_12' title="bbox 531 1060 2102 1132">
     <span class='ocr_line' id='line_1_12' title="bbox 531 1060 2102 1132; baseline 0 -17"><span class='ocrx_word' id='word_1_73' title='bbox 531 1060 780 1131; x_wconf 82' lang='lat' dir='ltr'><strong>suscipit,</strong></span> <span class='ocrx_word' id='word_1_74' title='bbox 803 1062 945 1117; x_wconf 88' lang='lat' dir='ltr'><strong>sicut</strong></span> <span class='ocrx_word' id='word_1_75' title='bbox 967 1069 1021 1116; x_wconf 90' lang='lat' dir='ltr'><strong>et</strong></span> <span class='ocrx_word' id='word_1_76' title='bbox 1046 1061 1137 1116; x_wconf 86' lang='lat' dir='ltr'><strong>Dei</strong></span> <span class='ocrx_word' id='word_1_77' title='bbox 1173 1060 1448 1125; x_wconf 80' lang='lat' dir='ltr'><strong>Genitrix,</strong></span> <span class='ocrx_word' id='word_1_78' title='bbox 1468 1063 1718 1132; x_wconf 81' lang='lat' dir='ltr'><strong>&#39;desuper</strong></span> <span class='ocrx_word' id='word_1_79' title='bbox 1737 1062 1860 1117; x_wconf 65' lang='lat' dir='ltr'><strong>vitae</strong></span> <span class='ocrx_word' id='word_1_80' title='bbox 1884 1076 2102 1131; x_wconf 90' lang='lat' dir='ltr'><strong>panem,</strong></span> 
     </span>
    </p>
   </div>
   <div class='ocr_carea' id='block_1_13' title="bbox 534 1153 2105 1224">
    <p class='ocr_par' dir='ltr' id='par_1_13' title="bbox 534 1153 2105 1224">
     <span class='ocr_line' id='line_1_13' title="bbox 534 1153 2105 1224; baseline -0.002 -15"><span class='ocrx_word' id='word_1_81' title='bbox 534 1154 628 1209; x_wconf 88' lang='lat' dir='ltr'><strong>Dei</strong></span> <span class='ocrx_word' id='word_1_82' title='bbox 662 1153 911 1209; x_wconf 86' lang='lat' dir='ltr'><strong>videlicet</strong></span> <span class='ocrx_word' id='word_1_83' title='bbox 935 1153 1169 1208; x_wconf 82' lang='lat' dir='ltr'><strong>Verbum</strong></span> <span class='ocrx_word' id='word_1_84' title='bbox 1201 1153 1255 1207; x_wconf 93' lang='lat' dir='ltr'><strong>in</strong></span> <span class='ocrx_word' id='word_1_85' title='bbox 1276 1169 1378 1207; x_wconf 90' lang='lat' dir='ltr'><strong>suo</strong></span> <span class='ocrx_word' id='word_1_86' title='bbox 1397 1162 1570 1219; x_wconf 86' lang='lat' dir='ltr'><strong>utero,</strong></span> <span class='ocrx_word' id='word_1_87' title='bbox 1602 1155 1892 1224; x_wconf 88' lang='lat' dir='ltr'><strong>ignemque</strong></span> <span class='ocrx_word' id='word_1_88' title='bbox 1918 1168 2105 1209; x_wconf 88' lang='lat' dir='ltr'><strong>susce-</strong></span> 
     </span>
    </p>
   </div>
   <div class='ocr_carea' id='block_1_14' title="bbox 532 1242 2107 1313">
    <p class='ocr_par' dir='ltr' id='par_1_14' title="bbox 532 1242 2107 1313">
     <span class='ocr_line' id='line_1_14' title="bbox 532 1242 2107 1313; baseline 0.001 -18"><span class='ocrx_word' id='word_1_89' title='bbox 532 1245 612 1313; x_wconf 85' lang='lat' dir='ltr'><strong>pit</strong></span> <span class='ocrx_word' id='word_1_90' title='bbox 641 1243 943 1312; x_wconf 72' lang='lat' dir='ltr'><strong>praesentia:</strong></span> <span class='ocrx_word' id='word_1_91' title='bbox 967 1242 1224 1312; x_wconf 80' lang='lat' dir='ltr'><strong>Spiritus.</strong></span> <span class='ocrx_word' id='word_1_92' title='bbox 1278 1242 1507 1312; x_wconf 84' lang='lat' dir='ltr'><strong>Spiritus</strong></span> <span class='ocrx_word' id='word_1_93' title='bbox 1538 1243 1704 1308; x_wconf 87' lang='lat' dir='ltr'><strong>enim,</strong></span> <span class='ocrx_word' id='word_1_94' title='bbox 1738 1244 1934 1313; x_wconf 85' lang='lat' dir='ltr'><strong>inquit,</strong></span> <span class='ocrx_word' id='word_1_95' title='bbox 1987 1259 2107 1297; x_wconf 88' lang='lat' dir='ltr'><strong>san-</strong></span> 
     </span>
    </p>
   </div>
   <div class='ocr_carea' id='block_1_15' title="bbox 532 1332 2105 1402">
    <p class='ocr_par' dir='ltr' id='par_1_15' title="bbox 532 1332 2105 1402">
     <span class='ocr_line' id='line_1_15' title="bbox 532 1332 2105 1402; baseline -0.002 -15"><span class='ocrx_word' id='word_1_96' title='bbox 532 1343 645 1389; x_wconf 87' lang='lat' dir='ltr'><strong>ctus</strong></span> <span class='ocrx_word' id='word_1_97' title='bbox 678 1335 1001 1402; x_wconf 76' lang='lat' dir='ltr'><strong>superveniet</strong></span> <span class='ocrx_word' id='word_1_98' title='bbox 1023 1335 1075 1387; x_wconf 85' lang='lat' dir='ltr'><strong>in</strong></span> <span class='ocrx_word' id='word_1_99' title='bbox 1100 1341 1169 1399; x_wconf 89' lang='lat' dir='ltr'><strong>te,</strong></span> <span class='ocrx_word' id='word_1_100' title='bbox 1205 1344 1253 1387; x_wconf 87' lang='lat' dir='ltr'><strong>et</strong></span> <span class='ocrx_word' id='word_1_101' title='bbox 1278 1335 1442 1387; x_wconf 80' lang='lat' dir='ltr'><strong>virtus</strong></span> <span class='ocrx_word' id='word_1_102' title='bbox 1496 1333 1754 1387; x_wconf 67' lang='lat' dir='ltr'><strong>ditissimi</strong></span> <span class='ocrx_word' id='word_1_103' title='bbox 1776 1332 2105 1386; x_wconf 87' lang='lat' dir='ltr'><strong>obumbrabit</strong></span> 
     </span>
    </p>
   </div>
   <div class='ocr_carea' id='block_1_16' title="bbox 532 1424 2105 1498">
    <p class='ocr_par' dir='ltr' id='par_1_16' title="bbox 532 1424 2105 1498">
     <span class='ocr_line' id='line_1_16' title="bbox 532 1424 2105 1498; baseline -0.003 -16"><span class='ocrx_word' id='word_1_104' title='bbox 532 1429 627 1482; x_wconf 89' lang='lat' dir='ltr'><strong>tibi</strong></span> <span class='ocrx_word' id='word_1_105' title='bbox 657 1428 724 1482; x_wconf 83' lang='grc'><strong>⁸⁸.</strong></span> <span class='ocrx_word' id='word_1_106' title='bbox 751 1426 907 1482; x_wconf 85' lang='lat' dir='ltr'><strong>Hunc</strong></span> <span class='ocrx_word' id='word_1_107' title='bbox 939 1426 1169 1498; x_wconf 78' lang='lat' dir='ltr'><strong>Moyses,</strong></span> <span class='ocrx_word' id='word_1_108' title='bbox 1192 1427 1412 1496; x_wconf 89' lang='lat' dir='ltr'><strong>quando</strong></span> <span class='ocrx_word' id='word_1_109' title='bbox 1427 1426 1569 1480; x_wconf 88' lang='lat' dir='ltr'><strong>Deus</strong></span> <span class='ocrx_word' id='word_1_110' title='bbox 1597 1426 1667 1481; x_wconf 86' lang='lat' dir='ltr'><strong>ad</strong></span> <span class='ocrx_word' id='word_1_111' title='bbox 1694 1426 1964 1480; x_wconf 81' lang='lat' dir='ltr'><strong>Abraham</strong></span> <span class='ocrx_word' id='word_1_112' title='bbox 1995 1424 2105 1479; x_wconf 81' lang='lat' dir='ltr'><strong>dis-</strong></span> 
     </span>
    </p>
   </div>
   <div class='ocr_carea' id='block_1_17' title="bbox 531 1516 2104 1589">
    <p class='ocr_par' dir='ltr' id='par_1_17' title="bbox 531 1516 2104 1589">
     <span class='ocr_line' id='line_1_17' title="bbox 531 1516 2104 1589; baseline -0.003 -16"><span class='ocrx_word' id='word_1_113' title='bbox 531 1520 715 1589; x_wconf 87' lang='lat' dir='ltr'><strong>posuit</strong></span> <span class='ocrx_word' id='word_1_114' title='bbox 759 1518 985 1573; x_wconf 88' lang='lat' dir='ltr'><strong>seminis</strong></span> <span class='ocrx_word' id='word_1_115' title='bbox 1014 1525 1419 1583; x_wconf 83' lang='lat' dir='ltr'><strong>testamentum,</strong></span> <span class='ocrx_word' id='word_1_116' title='bbox 1448 1517 1719 1572; x_wconf 85' lang='lat' dir='ltr'><strong>clibauum</strong></span> <span class='ocrx_word' id='word_1_117' title='bbox 1751 1516 2104 1571; x_wconf 87' lang='lat' dir='ltr'><strong>commenda-</strong></span> 
     </span>
    </p>
   </div>
   <div class='ocr_carea' id='block_1_18' title="bbox 534 1605 2103 1677">
    <p class='ocr_par' dir='ltr' id='par_1_18' title="bbox 534 1605 2103 1677">
     <span class='ocr_line' id='line_1_18' title="bbox 534 1605 2103 1677; baseline -0.001 -17"><span class='ocrx_word' id='word_1_118' title='bbox 534 1611 639 1675; x_wconf 81' lang='lat' dir='ltr'><strong>vit;</strong></span> <span class='ocrx_word' id='word_1_119' title='bbox 657 1611 734 1663; x_wconf 88' lang='lat' dir='ltr'><strong>ait</strong></span> <span class='ocrx_word' id='word_1_120' title='bbox 753 1610 924 1672; x_wconf 89' lang='lat' dir='ltr'><strong>enim,</strong></span> <span class='ocrx_word' id='word_1_121' title='bbox 946 1608 1074 1677; x_wconf 85' lang='lat' dir='ltr'><strong>quia</strong></span> <span class='ocrx_word' id='word_1_122' title='bbox 1103 1608 1359 1661; x_wconf 90' lang='lat' dir='ltr'><strong>veniente</strong></span> <span class='ocrx_word' id='word_1_123' title='bbox 1380 1608 1495 1662; x_wconf 88' lang='lat' dir='ltr'><strong>sole</strong></span> <span class='ocrx_word' id='word_1_124' title='bbox 1516 1608 1583 1662; x_wconf 90' lang='lat' dir='ltr'><strong>ad</strong></span> <span class='ocrx_word' id='word_1_125' title='bbox 1611 1622 1884 1672; x_wconf 88' lang='lat' dir='ltr'><strong>occasum,</strong></span> <span class='ocrx_word' id='word_1_126' title='bbox 1911 1605 2103 1677; x_wconf 81' lang='lat' dir='ltr'><strong>(signi-</strong></span> 
     </span>
    </p>
   </div>
   <div class='ocr_carea' id='block_1_19' title="bbox 2208 421 3786 494">
    <p class='ocr_par' dir='ltr' id='par_1_19' title="bbox 2208 421 3786 494">
     <span class='ocr_line' id='line_1_19' title="bbox 2208 421 3786 494; baseline 0 -16"><span class='ocrx_word' id='word_1_127' title='bbox 2208 423 2474 479; x_wconf 87' lang='lat' dir='ltr'><strong>lncamati</strong></span> <span class='ocrx_word' id='word_1_128' title='bbox 2531 424 2792 493; x_wconf 78' lang='lat' dir='ltr'><strong>pietatem</strong></span> <span class='ocrx_word' id='word_1_129' title='bbox 2849 421 3136 494; x_wconf 88' lang='lat' dir='ltr'><strong>signiﬁcat,</strong></span> <span class='ocrx_word' id='word_1_130' title='bbox 3210 437 3320 477; x_wconf 90' lang='lat' dir='ltr'><strong>non</strong></span> <span class='ocrx_word' id='word_1_131' title='bbox 3374 425 3474 489; x_wconf 85' lang='lat' dir='ltr'><strong>ait,</strong></span> <span class='ocrx_word' id='word_1_132' title='bbox 3548 425 3786 479; x_wconf 80' lang='lat' dir='ltr'><strong>effundit</strong></span> 
     </span>
    </p>
   </div>
   <div class='ocr_carea' id='block_1_20' title="bbox 2206 509 3788 584">
    <p class='ocr_par' dir='ltr' id='par_1_20' title="bbox 2206 509 3788 584">
     <span class='ocr_line' id='line_1_20' title="bbox 2206 509 3788 584; baseline 0.003 -18"><span class='ocrx_word' id='word_1_133' title='bbox 2206 512 2406 577; x_wconf 84' lang='lat' dir='ltr'><strong>oleum,</strong></span> <span class='ocrx_word' id='word_1_134' title='bbox 2445 512 2562 579; x_wconf 86' lang='lat' dir='ltr'><strong>sed,</strong></span> <span class='ocrx_word' id='word_1_135' title='bbox 2597 512 2773 568; x_wconf 87' lang='lat' dir='ltr'><strong>Panes</strong></span> <span class='ocrx_word' id='word_1_136' title='bbox 2796 512 2851 565; x_wconf 84' lang='lat' dir='ltr'><strong>in</strong></span> <span class='ocrx_word' id='word_1_137' title='bbox 2889 512 3001 566; x_wconf 84' lang='lat' dir='ltr'><strong>oleo</strong></span> <span class='ocrx_word' id='word_1_138' title='bbox 3064 509 3363 583; x_wconf 74' lang='lat' dir='ltr'><strong>conspersos</strong></span> <span class='ocrx_word' id='word_1_139' title='bbox 3404 516 3636 584; x_wconf 74' lang='lat' dir='ltr'><strong>exponit.</strong></span> <span class='ocrx_word' id='word_1_140' title='bbox 3687 516 3788 571; x_wconf 73' lang='lat' dir='ltr'><strong>llis</strong></span> 
     </span>
    </p>
   </div>
   <div class='ocr_carea' id='block_1_21' title="bbox 2205 602 3783 673">
    <p class='ocr_par' dir='ltr' id='par_1_21' title="bbox 2205 602 3783 673">
     <span class='ocr_line' id='line_1_21' title="bbox 2205 602 3783 673; baseline 0.004 -18"><span class='ocrx_word' id='word_1_141' title='bbox 2205 602 2350 656; x_wconf 90' lang='lat' dir='ltr'><strong>enim</strong></span> <span class='ocrx_word' id='word_1_142' title='bbox 2381 602 2565 657; x_wconf 84' lang='lat' dir='ltr'><strong>verbis</strong></span> <span class='ocrx_word' id='word_1_143' title='bbox 2592 602 2914 673; x_wconf 83' lang='lat' dir='ltr'><strong>signiﬁcavit</strong></span> <span class='ocrx_word' id='word_1_144' title='bbox 2962 602 3177 657; x_wconf 88' lang='lat' dir='ltr'><strong>Domini</strong></span> <span class='ocrx_word' id='word_1_145' title='bbox 3236 604 3598 660; x_wconf 77' lang='lat' dir='ltr'><strong>nativitatem.</strong></span> <span class='ocrx_word' id='word_1_146' title='bbox 3642 607 3783 662; x_wconf 79' lang='lat' dir='ltr'><strong>Sub-</strong></span> 
     </span>
    </p>
   </div>
   <div class='ocr_carea' id='block_1_22' title="bbox 2205 692 3501 764">
    <p class='ocr_par' dir='ltr' id='par_1_22' title="bbox 2205 692 3501 764">
     <span class='ocr_line' id='line_1_22' title="bbox 2205 692 3501 764; baseline 0.002 -18"><span class='ocrx_word' id='word_1_147' title='bbox 2205 692 2561 760; x_wconf 85' lang='lat' dir='ltr'><strong>sequentibus</strong></span> <span class='ocrx_word' id='word_1_148' title='bbox 2581 702 2764 747; x_wconf 87' lang='lat' dir='ltr'><strong>autem</strong></span> <span class='ocrx_word' id='word_1_149' title='bbox 2798 698 2854 747; x_wconf 90' lang='lat' dir='ltr'><strong>et</strong></span> <span class='ocrx_word' id='word_1_150' title='bbox 2882 693 3191 762; x_wconf 88' lang='lat' dir='ltr'><strong>passionem</strong></span> <span class='ocrx_word' id='word_1_151' title='bbox 3210 693 3501 764; x_wconf 89' lang='lat' dir='ltr'><strong>signiﬁcat.</strong></span> 
     </span>
    </p>
   </div>
   <div class='ocr_carea' id='block_1_23' title="bbox 2275 784 3785 861">
    <p class='ocr_par' dir='ltr' id='par_1_23' title="bbox 2275 784 3785 861">
     <span class='ocr_line' id='line_1_23' title="bbox 2275 784 3785 861; baseline 0.003 -21"><span class='ocrx_word' id='word_1_152' title='bbox 2275 784 2439 840; x_wconf 75' lang='lat' dir='ltr'><strong>Vsus.</strong></span> <span class='ocrx_word' id='word_1_153' title='bbox 2479 786 2532 850; x_wconf 83' lang='lat'><strong>5,</strong></span> <span class='ocrx_word' id='word_1_154' title='bbox 2564 786 2617 841; x_wconf 85' lang='lat'><strong>6.</strong></span> <span class='ocrx_word' id='word_1_155' title='bbox 2664 803 2683 837; x_wconf 76' lang='grc' dir='ltr'>ι</span> <span class='ocrx_word' id='word_1_156' title='bbox 2721 784 2780 840; x_wconf 89' lang='lat' dir='ltr'><strong>Si</strong></span> <span class='ocrx_word' id='word_1_157' title='bbox 2819 786 3022 841; x_wconf 86' lang='lat' dir='ltr'><strong>oblatio</strong></span> <span class='ocrx_word' id='word_1_158' title='bbox 3062 795 3154 840; x_wconf 90' lang='lat' dir='ltr'><strong>tua</strong></span> <span class='ocrx_word' id='word_1_159' title='bbox 3196 786 3363 841; x_wconf 90' lang='lat' dir='ltr'><strong>fuerit</strong></span> <span class='ocrx_word' id='word_1_160' title='bbox 3404 788 3471 842; x_wconf 89' lang='lat' dir='ltr'><strong>de</strong></span> <span class='ocrx_word' id='word_1_161' title='bbox 3510 789 3785 861; x_wconf 74' lang='lat' dir='ltr'><strong>sartagine</strong></span> 
     </span>
    </p>
   </div>
   <div class='ocr_carea' id='block_1_24' title="bbox 2205 877 3786 949">
    <p class='ocr_par' dir='ltr' id='par_1_24' title="bbox 2205 877 3786 949">
     <span class='ocr_line' id='line_1_24' title="bbox 2205 877 3786 949; baseline 0.004 -19"><span class='ocrx_word' id='word_1_162' title='bbox 2205 877 2397 933; x_wconf 63' lang='lat' dir='ltr'><strong>similae</strong></span> <span class='ocrx_word' id='word_1_163' title='bbox 2437 893 2745 949; x_wconf 65' lang='lat' dir='ltr'><strong>conspersae</strong></span> <span class='ocrx_word' id='word_1_164' title='bbox 2788 877 2928 944; x_wconf 88' lang='lat' dir='ltr'><strong>oleo,</strong></span> <span class='ocrx_word' id='word_1_165' title='bbox 2965 886 3022 932; x_wconf 92' lang='lat' dir='ltr'><strong>et</strong></span> <span class='ocrx_word' id='word_1_166' title='bbox 3063 879 3270 948; x_wconf 88' lang='lat' dir='ltr'><strong>absque</strong></span> <span class='ocrx_word' id='word_1_167' title='bbox 3319 878 3610 947; x_wconf 89' lang='lat' dir='ltr'><strong>fermento,</strong></span> <span class='ocrx_word' id='word_1_168' title='bbox 3644 883 3786 937; x_wconf 83' lang='lat' dir='ltr'><strong>divi-</strong></span> 
     </span>
    </p>
   </div>
   <div class='ocr_carea' id='block_1_25' title="bbox 2203 967 3689 1041">
    <p class='ocr_par' dir='ltr' id='par_1_25' title="bbox 2203 967 3689 1041">
     <span class='ocr_line' id='line_1_25' title="bbox 2203 967 3689 1041; baseline 0.003 -19"><span class='ocrx_word' id='word_1_169' title='bbox 2203 967 2301 1022; x_wconf 88' lang='lat' dir='ltr'><strong>des</strong></span> <span class='ocrx_word' id='word_1_170' title='bbox 2327 984 2445 1023; x_wconf 90' lang='lat' dir='ltr'><strong>eam</strong></span> <span class='ocrx_word' id='word_1_171' title='bbox 2478 969 2807 1033; x_wconf 88' lang='lat' dir='ltr'><strong>minutatim,</strong></span> <span class='ocrx_word' id='word_1_172' title='bbox 2841 969 3204 1040; x_wconf 78' lang='lat' dir='ltr'><strong>eﬁundesque</strong></span> <span class='ocrx_word' id='word_1_173' title='bbox 3235 986 3399 1041; x_wconf 87' lang='lat' dir='ltr'><strong>supra</strong></span> <span class='ocrx_word' id='word_1_174' title='bbox 3432 973 3632 1029; x_wconf 80' lang='lat' dir='ltr'><strong>oleum.</strong></span> <span class='ocrx_word' id='word_1_175' title='bbox 3669 994 3689 1026; x_wconf 76' lang='grc' dir='ltr'><strong><em>ι</em></strong></span> 
     </span>
    </p>
   </div>
   <div class='ocr_carea' id='block_1_26' title="bbox 2278 1060 3789 1133">
    <p class='ocr_par' dir='ltr' id='par_1_26' title="bbox 2278 1060 3789 1133">
     <span class='ocr_line' id='line_1_26' title="bbox 2278 1060 3789 1133; baseline 0.005 -19"><span class='ocrx_word' id='word_1_176' title='bbox 2278 1060 2614 1115; x_wconf 84' lang='lat' dir='ltr'><strong>Sacriﬁcium</strong></span> <span class='ocrx_word' id='word_1_177' title='bbox 2631 1060 2698 1115; x_wconf 89' lang='lat' dir='ltr'><strong>de</strong></span> <span class='ocrx_word' id='word_1_178' title='bbox 2728 1061 3001 1131; x_wconf 78' lang='lat' dir='ltr'><strong>sartagine</strong></span> <span class='ocrx_word' id='word_1_179' title='bbox 3018 1061 3480 1131; x_wconf 86' lang='lat' dir='ltr'><strong>dispensationem</strong></span> <span class='ocrx_word' id='word_1_180' title='bbox 3514 1064 3789 1133; x_wconf 86' lang='lat' dir='ltr'><strong>passionis</strong></span> 
     </span>
    </p>
   </div>
   <div class='ocr_carea' id='block_1_27' title="bbox 2205 1150 3788 1226">
    <p class='ocr_par' dir='ltr' id='par_1_27' title="bbox 2205 1150 3788 1226">
     <span class='ocr_line' id='line_1_27' title="bbox 2205 1150 3788 1226; baseline 0.005 -23"><span class='ocrx_word' id='word_1_181' title='bbox 2205 1151 2440 1220; x_wconf 89' lang='lat' dir='ltr'><strong>appellat</strong></span> <span class='ocrx_word' id='word_1_182' title='bbox 2467 1150 2769 1222; x_wconf 86' lang='lat' dir='ltr'><strong>Unigeniti:</strong></span> <span class='ocrx_word' id='word_1_183' title='bbox 2801 1166 3018 1206; x_wconf 91' lang='lat' dir='ltr'><strong>crucem</strong></span> <span class='ocrx_word' id='word_1_184' title='bbox 3051 1152 3333 1206; x_wconf 89' lang='lat' dir='ltr'><strong>assimilari</strong></span> <span class='ocrx_word' id='word_1_185' title='bbox 3367 1155 3622 1225; x_wconf 84' lang='lat' dir='ltr'><strong>sartagini</strong></span> <span class='ocrx_word' id='word_1_186' title='bbox 3655 1170 3788 1226; x_wconf 81' lang='lat' dir='ltr'><strong>pro-</strong></span> 
     </span>
    </p>
   </div>
   <div class='ocr_carea' id='block_1_28' title="bbox 2205 1242 3787 1313">
    <p class='ocr_par' dir='ltr' id='par_1_28' title="bbox 2205 1242 3787 1313">
     <span class='ocr_line' id='line_1_28' title="bbox 2205 1242 3787 1313; baseline 0.004 -16"><span class='ocrx_word' id='word_1_187' title='bbox 2205 1252 2389 1312; x_wconf 88' lang='lat' dir='ltr'><strong>pterea</strong></span> <span class='ocrx_word' id='word_1_188' title='bbox 2410 1242 2817 1313; x_wconf 85' lang='lat' dir='ltr'><strong>judicans,quia</strong></span> <span class='ocrx_word' id='word_1_189' title='bbox 2843 1255 3057 1313; x_wconf 80' lang='lat' dir='ltr'><strong>sartago</strong></span> <span class='ocrx_word' id='word_1_190' title='bbox 3079 1243 3136 1297; x_wconf 91' lang='lat' dir='ltr'><strong>in</strong></span> <span class='ocrx_word' id='word_1_191' title='bbox 3174 1252 3383 1298; x_wconf 89' lang='lat' dir='ltr'><strong>tantum</strong></span> <span class='ocrx_word' id='word_1_192' title='bbox 3415 1254 3498 1301; x_wconf 91' lang='lat' dir='ltr'><strong>est</strong></span> <span class='ocrx_word' id='word_1_193' title='bbox 3519 1242 3699 1312; x_wconf 81' lang='lat' dir='ltr'><strong>fortis,</strong></span> <span class='ocrx_word' id='word_1_194' title='bbox 3725 1252 3787 1304; x_wconf 86' lang='lat' dir='ltr'><strong>ut</strong></span> 
     </span>
    </p>
   </div>
   <div class='ocr_carea' id='block_1_29' title="bbox 2205 1333 3788 1404">
    <p class='ocr_par' dir='ltr' id='par_1_29' title="bbox 2205 1333 3788 1404">
     <span class='ocr_line' id='line_1_29' title="bbox 2205 1333 3788 1404; baseline 0.003 -15"><span class='ocrx_word' id='word_1_195' title='bbox 2205 1333 2545 1404; x_wconf 83' lang='lat' dir='ltr'><strong>superposita</strong></span> <span class='ocrx_word' id='word_1_196' title='bbox 2579 1333 2842 1404; x_wconf 87' lang='lat' dir='ltr'><strong>igni,ipsa</strong></span> <span class='ocrx_word' id='word_1_197' title='bbox 2879 1333 3097 1403; x_wconf 90' lang='lat' dir='ltr'><strong>quidem</strong></span> <span class='ocrx_word' id='word_1_198' title='bbox 3128 1349 3235 1388; x_wconf 91' lang='lat' dir='ltr'><strong>non</strong></span> <span class='ocrx_word' id='word_1_199' title='bbox 3280 1345 3654 1402; x_wconf 89' lang='lat' dir='ltr'><strong>consumatur,</strong></span> <span class='ocrx_word' id='word_1_200' title='bbox 3681 1355 3788 1394; x_wconf 91' lang='lat' dir='ltr'><strong>nec</strong></span> 
     </span>
    </p>
   </div>
   <div class='ocr_carea' id='block_1_30' title="bbox 2204 1425 3785 1496">
    <p class='ocr_par' dir='ltr' id='par_1_30' title="bbox 2204 1425 3785 1496">
     <span class='ocr_line' id='line_1_30' title="bbox 2204 1425 3785 1496; baseline 0.003 -16"><span class='ocrx_word' id='word_1_201' title='bbox 2204 1425 2438 1495; x_wconf 90' lang='lat' dir='ltr'><strong>aliquam</strong></span> <span class='ocrx_word' id='word_1_202' title='bbox 2457 1425 2863 1496; x_wconf 86' lang='lat' dir='ltr'><strong>corruptionem</strong></span> <span class='ocrx_word' id='word_1_203' title='bbox 2889 1425 3157 1480; x_wconf 86' lang='lat' dir='ltr'><strong>sustineat</strong></span> <span class='ocrx_word' id='word_1_204' title='bbox 3181 1434 3272 1480; x_wconf 90' lang='lat' dir='ltr'><strong>aut</strong></span> <span class='ocrx_word' id='word_1_205' title='bbox 3291 1425 3732 1484; x_wconf 89' lang='lat' dir='ltr'><strong>imminutionem</strong></span> <span class='ocrx_word' id='word_1_206' title='bbox 3767 1470 3785 1496; x_wconf 90' lang='lat'><strong>,</strong></span> 
     </span>
    </p>
   </div>
   <div class='ocr_carea' id='block_1_31' title="bbox 2204 1517 3786 1589">
    <p class='ocr_par' dir='ltr' id='par_1_31' title="bbox 2204 1517 3786 1589">
     <span class='ocr_line' id='line_1_31' title="bbox 2204 1517 3786 1589; baseline 0.002 -16"><span class='ocrx_word' id='word_1_207' title='bbox 2204 1517 2576 1588; x_wconf 88' lang='lat' dir='ltr'><strong>superpositos</strong></span> <span class='ocrx_word' id='word_1_208' title='bbox 2588 1526 2769 1573; x_wconf 89' lang='lat' dir='ltr'><strong>autem</strong></span> <span class='ocrx_word' id='word_1_209' title='bbox 2785 1517 2938 1572; x_wconf 87' lang='lat' dir='ltr'><strong>cibos</strong></span> <span class='ocrx_word' id='word_1_210' title='bbox 2954 1532 3078 1571; x_wconf 82' lang='lat' dir='ltr'><strong>mox</strong></span> <span class='ocrx_word' id='word_1_211' title='bbox 3094 1526 3153 1571; x_wconf 91' lang='lat' dir='ltr'><strong>ut</strong></span> <span class='ocrx_word' id='word_1_212' title='bbox 3172 1517 3350 1588; x_wconf 89' lang='lat' dir='ltr'><strong>ignem</strong></span> <span class='ocrx_word' id='word_1_213' title='bbox 3368 1520 3666 1589; x_wconf 87' lang='lat' dir='ltr'><strong>tetigerint,</strong></span> <span class='ocrx_word' id='word_1_214' title='bbox 3695 1524 3786 1576; x_wconf 90' lang='lat' dir='ltr'><strong>vel</strong></span> 
     </span>
    </p>
   </div>
   <div class='ocr_carea' id='block_1_32' title="bbox 2206 1607 3789 1679">
    <p class='ocr_par' dir='ltr' id='par_1_32' title="bbox 2206 1607 3789 1679">
     <span class='ocr_line' id='line_1_32' title="bbox 2206 1607 3789 1679; baseline 0.001 -14"><span class='ocrx_word' id='word_1_215' title='bbox 2206 1610 2253 1665; x_wconf 92' lang='lat' dir='ltr'><strong>si</strong></span> <span class='ocrx_word' id='word_1_216' title='bbox 2276 1609 2526 1665; x_wconf 89' lang='lat' dir='ltr'><strong>duriores</strong></span> <span class='ocrx_word' id='word_1_217' title='bbox 2549 1608 2770 1673; x_wconf 90' lang='lat' dir='ltr'><strong>fuerint,</strong></span> <span class='ocrx_word' id='word_1_218' title='bbox 2793 1623 2903 1662; x_wconf 91' lang='lat' dir='ltr'><strong>non</strong></span> <span class='ocrx_word' id='word_1_219' title='bbox 2922 1607 3411 1679; x_wconf 81' lang='lat' dir='ltr'><strong>longointervalio</strong></span> <span class='ocrx_word' id='word_1_220' title='bbox 3460 1619 3615 1679; x_wconf 90' lang='lat' dir='ltr'><strong>aptos</strong></span> <span class='ocrx_word' id='word_1_221' title='bbox 3658 1613 3789 1668; x_wconf 87' lang='lat' dir='ltr'><strong>esui</strong></span> 
     </span>
    </p>
   </div>
   <div class='ocr_carea' id='block_1_33' title="bbox 533 1678 3786 1769">
    <p class='ocr_par' dir='ltr' id='par_1_33' title="bbox 533 1678 3786 1769">
     <span class='ocr_line' id='line_1_33' title="bbox 533 1678 3786 1769; baseline 0.001 -14"><span class='ocrx_word' id='word_1_222' title='bbox 533 1700 659 1755; x_wconf 86' lang='lat' dir='ltr'><strong>ﬁeat</strong></span> <span class='ocrx_word' id='word_1_223' title='bbox 685 1700 773 1754; x_wconf 88' lang='lat' dir='ltr'><strong>hic</strong></span> <span class='ocrx_word' id='word_1_224' title='bbox 790 1699 951 1753; x_wconf 84' lang='lat' dir='ltr'><strong>tinem</strong></span> <span class='ocrx_word' id='word_1_225' title='bbox 987 1697 1202 1768; x_wconf 74' lang='lat' dir='ltr'><strong>uiundi)</strong></span> <span class='ocrx_word' id='word_1_226' title='bbox 1227 1697 1443 1752; x_wconf 85' lang='lat' dir='ltr'><strong>ﬂamma</strong></span> <span class='ocrx_word' id='word_1_227' title='bbox 1462 1698 1602 1752; x_wconf 86' lang='lat' dir='ltr'><strong>facta</strong></span> <span class='ocrx_word' id='word_1_228' title='bbox 1634 1706 1736 1762; x_wconf 88' lang='lat' dir='ltr'><strong>est,</strong></span> <span class='ocrx_word' id='word_1_229' title='bbox 1769 1704 1825 1751; x_wconf 90' lang='lat' dir='ltr'><strong>et</strong></span> <span class='ocrx_word' id='word_1_230' title='bbox 1857 1712 1984 1752; x_wconf 87' lang='lat' dir='ltr'><strong>ecce</strong></span> <span class='ocrx_word' id='word_1_231' title='bbox 2009 1712 2106 1767; x_wconf 88' lang='lat' dir='ltr'><strong>ap—</strong></span> <span class='ocrx_word' id='word_1_232' title='bbox 2135 1678 2180 1737; x_wconf 70' lang='grc' dir='ltr'>Β</span> <span class='ocrx_word' id='word_1_233' title='bbox 2209 1701 2404 1760; x_wconf 84' lang='lat' dir='ltr'><strong>reddit.</strong></span> <span class='ocrx_word' id='word_1_234' title='bbox 2454 1700 2547 1756; x_wconf 88' lang='lat' dir='ltr'><strong>Sic</strong></span> <span class='ocrx_word' id='word_1_235' title='bbox 2592 1708 2649 1756; x_wconf 91' lang='lat' dir='ltr'><strong>et</strong></span> <span class='ocrx_word' id='word_1_236' title='bbox 2677 1698 2882 1754; x_wconf 87' lang='lat' dir='ltr'><strong>Christi</strong></span> <span class='ocrx_word' id='word_1_237' title='bbox 2916 1714 3069 1765; x_wconf 81' lang='lat' dir='ltr'><strong>crux,</strong></span> <span class='ocrx_word' id='word_1_238' title='bbox 3110 1696 3265 1753; x_wconf 84' lang='lat' dir='ltr'><strong>fortis</strong></span> <span class='ocrx_word' id='word_1_239' title='bbox 3297 1678 3517 1769; x_wconf 86' lang='lat' dir='ltr'><strong>quidem</strong></span> <span class='ocrx_word' id='word_1_240' title='bbox 3566 1711 3786 1759; x_wconf 87' lang='lat' dir='ltr'><strong>tantum</strong></span> 
     </span>
    </p>
   </div>
   <div class='ocr_carea' id='block_1_34' title="bbox 536 1786 2107 1861">
    <p class='ocr_par' dir='ltr' id='par_1_34' title="bbox 536 1786 2107 1861">
     <span class='ocr_line' id='line_1_34' title="bbox 536 1786 2107 1861; baseline -0.003 -16"><span class='ocrx_word' id='word_1_241' title='bbox 536 1790 981 1861; x_wconf 88' lang='lat' dir='ltr'><strong>paruitelibanus</strong></span> <span class='ocrx_word' id='word_1_242' title='bbox 1005 1788 1206 1843; x_wconf 88' lang='lat' dir='ltr'><strong>ardens</strong></span> <span class='ocrx_word' id='word_1_243' title='bbox 1223 1789 1292 1843; x_wconf 67' lang='grc'><strong>⁸⁷.</strong></span> <span class='ocrx_word' id='word_1_244' title='bbox 1341 1789 1409 1843; x_wconf 83' lang='grc' dir='ltr'><strong>Ει</strong></span> <span class='ocrx_word' id='word_1_245' title='bbox 1451 1789 1581 1858; x_wconf 92' lang='lat' dir='ltr'><strong>quid</strong></span> <span class='ocrx_word' id='word_1_246' title='bbox 1623 1796 1709 1843; x_wconf 91' lang='lat' dir='ltr'><strong>est</strong></span> <span class='ocrx_word' id='word_1_247' title='bbox 1742 1787 1876 1844; x_wconf 86' lang='lat' dir='ltr'><strong>hoc?</strong></span> <span class='ocrx_word' id='word_1_248' title='bbox 1899 1786 2107 1841; x_wconf 88' lang='lat' dir='ltr'><strong>addidit</strong></span> 
     </span>
    </p>
   </div>
   <div class='ocr_carea' id='block_1_35' title="bbox 532 1880 2105 1953">
    <p class='ocr_par' dir='ltr' id='par_1_35' title="bbox 532 1880 2105 1953">
     <span class='ocr_line' id='line_1_35' title="bbox 532 1880 2105 1953; baseline -0.001 -18"><span class='ocrx_word' id='word_1_249' title='bbox 532 1893 590 1938; x_wconf 90' lang='lat' dir='ltr'><strong>et</strong></span> <span class='ocrx_word' id='word_1_250' title='bbox 612 1882 901 1953; x_wconf 88' lang='lat' dir='ltr'><strong>fumigans,</strong></span> <span class='ocrx_word' id='word_1_251' title='bbox 921 1890 977 1935; x_wconf 91' lang='lat' dir='ltr'><strong>et</strong></span> <span class='ocrx_word' id='word_1_252' title='bbox 999 1880 1251 1936; x_wconf 80' lang='lat' dir='ltr'><strong>transivit</strong></span> <span class='ocrx_word' id='word_1_253' title='bbox 1278 1896 1376 1950; x_wconf 90' lang='lat' dir='ltr'><strong>per</strong></span> <span class='ocrx_word' id='word_1_254' title='bbox 1398 1881 1634 1936; x_wconf 91' lang='lat' dir='ltr'><strong>medium</strong></span> <span class='ocrx_word' id='word_1_255' title='bbox 1653 1880 2010 1936; x_wconf 85' lang='lat' dir='ltr'><strong>divisionum.</strong></span> <span class='ocrx_word' id='word_1_256' title='bbox 2041 1880 2105 1934; x_wconf 85' lang='lat' dir='ltr'><strong>in</strong></span> 
     </span>
    </p>
   </div>
   <div class='ocr_carea' id='block_1_36' title="bbox 533 1970 2102 2043">
    <p class='ocr_par' dir='ltr' id='par_1_36' title="bbox 533 1970 2102 2043">
     <span class='ocr_line' id='line_1_36' title="bbox 533 1970 2102 2043; baseline -0.002 -16"><span class='ocrx_word' id='word_1_257' title='bbox 533 1974 623 2028; x_wconf 89' lang='lat' dir='ltr'><strong>die</strong></span> <span class='ocrx_word' id='word_1_258' title='bbox 681 1973 767 2028; x_wconf 88' lang='lat' dir='ltr'><strong>illa</strong></span> <span class='ocrx_word' id='word_1_259' title='bbox 828 1971 1037 2043; x_wconf 84' lang='lat' dir='ltr'><strong>pepigit</strong></span> <span class='ocrx_word' id='word_1_260' title='bbox 1079 1971 1338 2026; x_wconf 88' lang='lat' dir='ltr'><strong>Dominus</strong></span> <span class='ocrx_word' id='word_1_261' title='bbox 1403 1972 1577 2028; x_wconf 72' lang='lat' dir='ltr'><strong>fmdus</strong></span> <span class='ocrx_word' id='word_1_262' title='bbox 1627 1987 1750 2026; x_wconf 91' lang='lat' dir='ltr'><strong>cum</strong></span> <span class='ocrx_word' id='word_1_263' title='bbox 1809 1970 2102 2026; x_wconf 82' lang='lat' dir='ltr'><strong>Abraham.</strong></span> 
     </span>
    </p>
   </div>
   <div class='ocr_carea' id='block_1_37' title="bbox 535 2060 2106 2135">
    <p class='ocr_par' dir='ltr' id='par_1_37' title="bbox 535 2060 2106 2135">
     <span class='ocr_line' id='line_1_37' title="bbox 535 2060 2106 2135; baseline -0.003 -17"><span class='ocrx_word' id='word_1_264' title='bbox 535 2063 763 2131; x_wconf 85' lang='lat' dir='ltr'><strong>Quando</strong></span> <span class='ocrx_word' id='word_1_265' title='bbox 786 2063 931 2118; x_wconf 89' lang='lat' dir='ltr'><strong>enim</strong></span> <span class='ocrx_word' id='word_1_266' title='bbox 977 2062 1214 2118; x_wconf 84' lang='lat' dir='ltr'><strong>caelestis</strong></span> <span class='ocrx_word' id='word_1_267' title='bbox 1241 2063 1401 2135; x_wconf 89' lang='lat' dir='ltr'><strong>ignis,</strong></span> <span class='ocrx_word' id='word_1_268' title='bbox 1470 2060 1703 2132; x_wconf 88' lang='lat' dir='ltr'><strong>Spiritus</strong></span> <span class='ocrx_word' id='word_1_269' title='bbox 1740 2062 2015 2128; x_wconf 86' lang='lat' dir='ltr'><strong>videlicet,</strong></span> <span class='ocrx_word' id='word_1_270' title='bbox 2049 2060 2106 2115; x_wconf 90' lang='lat' dir='ltr'><strong>in</strong></span> 
     </span>
    </p>
   </div>
   <div class='ocr_carea' id='block_1_38' title="bbox 532 2152 2103 2220">
    <p class='ocr_par' dir='ltr' id='par_1_38' title="bbox 532 2152 2103 2220">
     <span class='ocr_line' id='line_1_38' title="bbox 532 2152 2103 2220; baseline -0.001 -10"><span class='ocrx_word' id='word_1_271' title='bbox 532 2155 747 2210; x_wconf 83' lang='lat' dir='ltr'><strong>clibano</strong></span> <span class='ocrx_word' id='word_1_272' title='bbox 769 2153 909 2209; x_wconf 90' lang='lat' dir='ltr'><strong>uteri</strong></span> <span class='ocrx_word' id='word_1_273' title='bbox 939 2152 1232 2209; x_wconf 83' lang='lat' dir='ltr'><strong>Genitricis</strong></span> <span class='ocrx_word' id='word_1_274' title='bbox 1260 2153 1355 2209; x_wconf 88' lang='lat' dir='ltr'><strong>Dei</strong></span> <span class='ocrx_word' id='word_1_275' title='bbox 1383 2155 1552 2220; x_wconf 82' lang='lat' dir='ltr'><strong>venit,</strong></span> <span class='ocrx_word' id='word_1_276' title='bbox 1586 2166 1646 2209; x_wconf 92' lang='lat' dir='ltr'><strong>ut</strong></span> <span class='ocrx_word' id='word_1_277' title='bbox 1672 2163 1813 2209; x_wconf 91' lang='lat' dir='ltr'><strong>totas</strong></span> <span class='ocrx_word' id='word_1_278' title='bbox 1834 2153 2103 2211; x_wconf 84' lang='lat' dir='ltr'><strong>accende-</strong></span> 
     </span>
    </p>
   </div>
   <div class='ocr_carea' id='block_1_39' title="bbox 535 2244 2105 2313">
    <p class='ocr_par' dir='ltr' id='par_1_39' title="bbox 535 2244 2105 2313">
     <span class='ocr_line' id='line_1_39' title="bbox 535 2244 2105 2313; baseline 0.001 -16"><span class='ocrx_word' id='word_1_279' title='bbox 535 2252 620 2300; x_wconf 81' lang='lat' dir='ltr'><strong>ret</strong></span> <span class='ocrx_word' id='word_1_280' title='bbox 650 2244 837 2298; x_wconf 90' lang='lat' dir='ltr'><strong>mundi</strong></span> <span class='ocrx_word' id='word_1_281' title='bbox 867 2252 1070 2313; x_wconf 86' lang='lat' dir='ltr'><strong>partes,</strong></span> <span class='ocrx_word' id='word_1_282' title='bbox 1107 2250 1237 2298; x_wconf 90' lang='lat' dir='ltr'><strong>tunc</strong></span> <span class='ocrx_word' id='word_1_283' title='bbox 1284 2251 1672 2299; x_wconf 87' lang='lat' dir='ltr'><strong>testamentum</strong></span> <span class='ocrx_word' id='word_1_284' title='bbox 1737 2245 1880 2300; x_wconf 88' lang='lat' dir='ltr'><strong>Deus</strong></span> <span class='ocrx_word' id='word_1_285' title='bbox 1930 2245 2105 2300; x_wconf 87' lang='lat' dir='ltr'><strong>Abra-</strong></span> 
     </span>
    </p>
   </div>
   <div class='ocr_carea' id='block_1_40' title="bbox 535 2332 2105 2405">
    <p class='ocr_par' dir='ltr' id='par_1_40' title="bbox 535 2332 2105 2405">
     <span class='ocr_line' id='line_1_40' title="bbox 535 2332 2105 2405; baseline 0 -16"><span class='ocrx_word' id='word_1_286' title='bbox 535 2336 682 2399; x_wconf 80' lang='lat' dir='ltr'><strong>ham,</strong></span> <span class='ocrx_word' id='word_1_287' title='bbox 701 2334 755 2389; x_wconf 88' lang='lat' dir='ltr'><strong>id</strong></span> <span class='ocrx_word' id='word_1_288' title='bbox 779 2342 865 2388; x_wconf 92' lang='lat' dir='ltr'><strong>est</strong></span> <span class='ocrx_word' id='word_1_289' title='bbox 895 2332 1146 2405; x_wconf 82' lang='lat' dir='ltr'><strong>gentibus</strong></span> <span class='ocrx_word' id='word_1_290' title='bbox 1166 2333 1434 2403; x_wconf 90' lang='lat' dir='ltr'><strong>disposuit</strong></span> <span class='ocrx_word' id='word_1_291' title='bbox 1471 2351 1486 2389; x_wconf 89' lang='lat'><strong>:</strong></span> <span class='ocrx_word' id='word_1_292' title='bbox 1520 2335 1791 2395; x_wconf 83' lang='lat' dir='ltr'><strong>Abraham</strong></span> <span class='ocrx_word' id='word_1_293' title='bbox 1817 2335 1963 2390; x_wconf 90' lang='lat' dir='ltr'><strong>enim</strong></span> <span class='ocrx_word' id='word_1_294' title='bbox 2004 2351 2105 2405; x_wconf 84' lang='lat' dir='ltr'><strong>pa-</strong></span> 
     </span>
    </p>
   </div>
   <div class='ocr_carea' id='block_1_41' title="bbox 534 2425 2106 2497">
    <p class='ocr_par' dir='ltr' id='par_1_41' title="bbox 534 2425 2106 2497">
     <span class='ocr_line' id='line_1_41' title="bbox 534 2425 2106 2497; baseline 0.001 -17"><span class='ocrx_word' id='word_1_295' title='bbox 534 2437 614 2480; x_wconf 87' lang='lat' dir='ltr'><strong>ter</strong></span> <span class='ocrx_word' id='word_1_296' title='bbox 642 2427 874 2497; x_wconf 82' lang='lat' dir='ltr'><strong>gentium</strong></span> <span class='ocrx_word' id='word_1_297' title='bbox 924 2425 1264 2480; x_wconf 89' lang='lat' dir='ltr'><strong>nominatur.</strong></span> <span class='ocrx_word' id='word_1_298' title='bbox 1291 2426 1349 2480; x_wconf 88' lang='lat' dir='ltr'><strong>Si</strong></span> <span class='ocrx_word' id='word_1_299' title='bbox 1403 2442 1531 2497; x_wconf 84' lang='lat' dir='ltr'><strong>ergo</strong></span> <span class='ocrx_word' id='word_1_300' title='bbox 1561 2443 1761 2482; x_wconf 90' lang='lat' dir='ltr'><strong>munus</strong></span> <span class='ocrx_word' id='word_1_301' title='bbox 1792 2426 1990 2483; x_wconf 76' lang='lat' dir='ltr'><strong>oﬁ‘eres</strong></span> <span class='ocrx_word' id='word_1_302' title='bbox 2019 2428 2106 2481; x_wconf 79' lang='lat' dir='ltr'><strong>in-</strong></span> 
     </span>
    </p>
   </div>
   <div class='ocr_carea' id='block_1_42' title="bbox 532 2514 2105 2589">
    <p class='ocr_par' dir='ltr' id='par_1_42' title="bbox 532 2514 2105 2589">
     <span class='ocr_line' id='line_1_42' title="bbox 532 2514 2105 2589; baseline 0.003 -19"><span class='ocrx_word' id='word_1_303' title='bbox 532 2516 870 2571; x_wconf 85' lang='lat' dir='ltr'><strong>carnationis</strong></span> <span class='ocrx_word' id='word_1_304' title='bbox 886 2514 1182 2586; x_wconf 87' lang='lat' dir='ltr'><strong>Unigeniti,</strong></span> <span class='ocrx_word' id='word_1_305' title='bbox 1226 2532 1348 2586; x_wconf 63' lang='lat' dir='ltr'><strong>quae</strong></span> <span class='ocrx_word' id='word_1_306' title='bbox 1375 2517 1433 2571; x_wconf 89' lang='lat' dir='ltr'><strong>in</strong></span> <span class='ocrx_word' id='word_1_307' title='bbox 1475 2527 1667 2574; x_wconf 89' lang='lat' dir='ltr'><strong>ventre</strong></span> <span class='ocrx_word' id='word_1_308' title='bbox 1701 2517 1939 2589; x_wconf 85' lang='lat' dir='ltr'><strong>Virginis</strong></span> <span class='ocrx_word' id='word_1_309' title='bbox 1964 2518 2105 2574; x_wconf 88' lang='lat' dir='ltr'><strong>facta</strong></span> 
     </span>
    </p>
   </div>
   <div class='ocr_carea' id='block_1_43' title="bbox 532 2606 2106 2675">
    <p class='ocr_par' dir='ltr' id='par_1_43' title="bbox 532 2606 2106 2675">
     <span class='ocr_line' id='line_1_43' title="bbox 532 2606 2106 2675; baseline 0.001 -13"><span class='ocrx_word' id='word_1_310' title='bbox 532 2617 639 2672; x_wconf 88' lang='lat' dir='ltr'><strong>est,</strong></span> <span class='ocrx_word' id='word_1_311' title='bbox 673 2622 781 2661; x_wconf 90' lang='lat' dir='ltr'><strong>non</strong></span> <span class='ocrx_word' id='word_1_312' title='bbox 810 2607 967 2661; x_wconf 91' lang='lat' dir='ltr'><strong>aliter</strong></span> <span class='ocrx_word' id='word_1_313' title='bbox 988 2614 1275 2675; x_wconf 90' lang='lat' dir='ltr'><strong>acceptum</strong></span> <span class='ocrx_word' id='word_1_314' title='bbox 1304 2615 1389 2662; x_wconf 91' lang='lat' dir='ltr'><strong>est</strong></span> <span class='ocrx_word' id='word_1_315' title='bbox 1420 2606 1550 2671; x_wconf 89' lang='lat' dir='ltr'><strong>Deo,</strong></span> <span class='ocrx_word' id='word_1_316' title='bbox 1592 2608 1695 2663; x_wconf 92' lang='lat' dir='ltr'><strong>nisi</strong></span> <span class='ocrx_word' id='word_1_317' title='bbox 1757 2618 1973 2664; x_wconf 90' lang='lat' dir='ltr'><strong>coctum</strong></span> <span class='ocrx_word' id='word_1_318' title='bbox 2037 2608 2106 2664; x_wconf 88' lang='lat' dir='ltr'><strong>de</strong></span> 
     </span>
    </p>
   </div>
   <div class='ocr_carea' id='block_1_44' title="bbox 530 2693 2103 2764">
    <p class='ocr_par' dir='ltr' id='par_1_44' title="bbox 530 2693 2103 2764">
     <span class='ocr_line' id='line_1_44' title="bbox 530 2693 2103 2764; baseline 0.003 -13"><span class='ocrx_word' id='word_1_319' title='bbox 530 2698 730 2764; x_wconf 66' lang='lat' dir='ltr'><strong>simila,</strong></span> <span class='ocrx_word' id='word_1_320' title='bbox 759 2693 810 2752; x_wconf 84' lang='lat' dir='ltr'><strong>id</strong></span> <span class='ocrx_word' id='word_1_321' title='bbox 837 2714 903 2751; x_wconf 79' lang='lat' dir='ltr'><strong>ex</strong></span> <span class='ocrx_word' id='word_1_322' title='bbox 941 2695 1035 2751; x_wconf 90' lang='lat' dir='ltr'><strong>Dei</strong></span> <span class='ocrx_word' id='word_1_323' title='bbox 1057 2698 1284 2752; x_wconf 86' lang='lat' dir='ltr'><strong>scientia</strong></span> <span class='ocrx_word' id='word_1_324' title='bbox 1314 2699 1400 2754; x_wconf 86' lang='lat' dir='ltr'><strong>vel</strong></span> <span class='ocrx_word' id='word_1_325' title='bbox 1433 2699 1626 2754; x_wconf 85' lang='lat' dir='ltr'><strong>notitia</strong></span> <span class='ocrx_word' id='word_1_326' title='bbox 1652 2699 1764 2756; x_wconf 86' lang='lat' dir='ltr'><strong>ﬁat.</strong></span> <span class='ocrx_word' id='word_1_327' title='bbox 1787 2700 1941 2757; x_wconf 86' lang='lat' dir='ltr'><strong>Unde</strong></span> <span class='ocrx_word' id='word_1_328' title='bbox 1957 2702 2103 2756; x_wconf 90' lang='lat' dir='ltr'><strong>enim</strong></span> 
     </span>
    </p>
   </div>
   <div class='ocr_carea' id='block_1_45' title="bbox 534 2789 2107 2862">
    <p class='ocr_par' dir='ltr' id='par_1_45' title="bbox 534 2789 2107 2862">
     <span class='ocr_line' id='line_1_45' title="bbox 534 2789 2107 2862; baseline 0.003 -19"><span class='ocrx_word' id='word_1_329' title='bbox 534 2789 753 2844; x_wconf 89' lang='lat' dir='ltr'><strong>aliunde</strong></span> <span class='ocrx_word' id='word_1_330' title='bbox 784 2789 851 2844; x_wconf 89' lang='lat' dir='ltr'><strong>de</strong></span> <span class='ocrx_word' id='word_1_331' title='bbox 872 2789 975 2844; x_wconf 85' lang='lat' dir='ltr'><strong>hac</strong></span> <span class='ocrx_word' id='word_1_332' title='bbox 1009 2804 1070 2844; x_wconf 91' lang='lat' dir='ltr'><strong>re</strong></span> <span class='ocrx_word' id='word_1_333' title='bbox 1099 2789 1452 2857; x_wconf 89' lang='lat' dir='ltr'><strong>locutionem,</strong></span> <span class='ocrx_word' id='word_1_334' title='bbox 1514 2791 1616 2845; x_wconf 93' lang='lat' dir='ltr'><strong>nisi</strong></span> <span class='ocrx_word' id='word_1_335' title='bbox 1644 2792 1712 2846; x_wconf 89' lang='lat' dir='ltr'><strong>ab</strong></span> <span class='ocrx_word' id='word_1_336' title='bbox 1741 2793 2002 2862; x_wconf 89' lang='lat' dir='ltr'><strong>apostolis</strong></span> <span class='ocrx_word' id='word_1_337' title='bbox 2051 2800 2107 2847; x_wconf 91' lang='lat' dir='ltr'><strong>et</strong></span> 
     </span>
    </p>
   </div>
   <div class='ocr_carea' id='block_1_46' title="bbox 533 2880 2100 2954">
    <p class='ocr_par' dir='ltr' id='par_1_46' title="bbox 533 2880 2100 2954">
     <span class='ocr_line' id='line_1_46' title="bbox 533 2880 2100 2954; baseline 0.003 -21"><span class='ocrx_word' id='word_1_338' title='bbox 533 2880 815 2951; x_wconf 85' lang='lat' dir='ltr'><strong>prophetis</strong></span> <span class='ocrx_word' id='word_1_339' title='bbox 878 2882 1249 2951; x_wconf 81' lang='lat' dir='ltr'><strong>sumpsimus?</strong></span> <span class='ocrx_word' id='word_1_340' title='bbox 1298 2883 1473 2938; x_wconf 82' lang='lat' dir='ltr'><strong>Verba</strong></span> <span class='ocrx_word' id='word_1_341' title='bbox 1531 2897 1661 2954; x_wconf 88' lang='lat' dir='ltr'><strong>ergo</strong></span> <span class='ocrx_word' id='word_1_342' title='bbox 1732 2883 2100 2954; x_wconf 86' lang='lat' dir='ltr'><strong>apostolorum</strong></span> 
     </span>
    </p>
   </div>
   <div class='ocr_carea' id='block_1_47' title="bbox 532 2974 2172 3069">
    <p class='ocr_par' dir='ltr' id='par_1_47' title="bbox 532 2974 2172 3069">
     <span class='ocr_line' id='line_1_47' title="bbox 532 2974 2172 3069; baseline 0 -40"><span class='ocrx_word' id='word_1_343' title='bbox 532 2990 703 3045; x_wconf 88' lang='lat' dir='ltr'><strong>panes</strong></span> <span class='ocrx_word' id='word_1_344' title='bbox 738 2974 943 3044; x_wconf 88' lang='lat' dir='ltr'><strong>accipe,</strong></span> <span class='ocrx_word' id='word_1_345' title='bbox 968 2975 1360 3045; x_wconf 88' lang='lat' dir='ltr'><strong>prophetarum</strong></span> <span class='ocrx_word' id='word_1_346' title='bbox 1411 2991 1542 3031; x_wconf 89' lang='lat' dir='ltr'><strong>vero</strong></span> <span class='ocrx_word' id='word_1_347' title='bbox 1571 2976 1760 3049; x_wconf 90' lang='lat' dir='ltr'><strong>iagana</strong></span> <span class='ocrx_word' id='word_1_348' title='bbox 1790 2993 1804 3030; x_wconf 88' lang='lat'><strong>:</strong></span> <span class='ocrx_word' id='word_1_349' title='bbox 1838 2984 2100 3047; x_wconf 88' lang='lat' dir='ltr'><strong>quantum</strong></span> <span class='ocrx_word' id='word_1_350' title='bbox 2129 3010 2172 3069; x_wconf 64' lang='grc' dir='ltr'>ο</span> 
     </span>
    </p>
   </div>
   <div class='ocr_carea' id='block_1_48' title="bbox 533 3066 2101 3138">
    <p class='ocr_par' dir='ltr' id='par_1_48' title="bbox 533 3066 2101 3138">
     <span class='ocr_line' id='line_1_48' title="bbox 533 3066 2101 3138; baseline 0.002 -19"><span class='ocrx_word' id='word_1_351' title='bbox 533 3066 679 3120; x_wconf 87' lang='lat' dir='ltr'><strong>enim</strong></span> <span class='ocrx_word' id='word_1_352' title='bbox 710 3080 879 3135; x_wconf 87' lang='lat' dir='ltr'><strong>panes</strong></span> <span class='ocrx_word' id='word_1_353' title='bbox 907 3082 938 3120; x_wconf 85' lang='lat' dir='ltr'><strong>a</strong></span> <span class='ocrx_word' id='word_1_354' title='bbox 967 3066 1176 3137; x_wconf 86' lang='lat' dir='ltr'><strong>laganis</strong></span> <span class='ocrx_word' id='word_1_355' title='bbox 1235 3067 1303 3121; x_wconf 92' lang='lat' dir='ltr'><strong>ad</strong></span> <span class='ocrx_word' id='word_1_356' title='bbox 1335 3067 1681 3122; x_wconf 88' lang='lat' dir='ltr'><strong>nutriendum</strong></span> <span class='ocrx_word' id='word_1_357' title='bbox 1740 3074 1869 3123; x_wconf 89' lang='lat' dir='ltr'><strong>sunt</strong></span> <span class='ocrx_word' id='word_1_358' title='bbox 1923 3067 2101 3138; x_wconf 86' lang='lat' dir='ltr'><strong>aptio-</strong></span> 
     </span>
    </p>
   </div>
   <div class='ocr_carea' id='block_1_49' title="bbox 533 3158 2101 3230">
    <p class='ocr_par' dir='ltr' id='par_1_49' title="bbox 533 3158 2101 3230">
     <span class='ocr_line' id='line_1_49' title="bbox 533 3158 2101 3230; baseline 0 -17"><span class='ocrx_word' id='word_1_359' title='bbox 533 3172 644 3224; x_wconf 87' lang='lat' dir='ltr'><strong>res,</strong></span> <span class='ocrx_word' id='word_1_360' title='bbox 683 3166 891 3212; x_wconf 90' lang='lat' dir='ltr'><strong>tantum</strong></span> <span class='ocrx_word' id='word_1_361' title='bbox 907 3158 1071 3214; x_wconf 87' lang='lat' dir='ltr'><strong>verba</strong></span> <span class='ocrx_word' id='word_1_362' title='bbox 1101 3160 1467 3229; x_wconf 89' lang='lat' dir='ltr'><strong>apostolorum</strong></span> <span class='ocrx_word' id='word_1_363' title='bbox 1484 3160 1665 3215; x_wconf 89' lang='lat' dir='ltr'><strong>verbis</strong></span> <span class='ocrx_word' id='word_1_364' title='bbox 1689 3160 2101 3230; x_wconf 89' lang='lat' dir='ltr'><strong>prophetarum;</strong></span> 
     </span>
    </p>
   </div>
   <div class='ocr_carea' id='block_1_50' title="bbox 532 3248 2105 3320">
    <p class='ocr_par' dir='ltr' id='par_1_50' title="bbox 532 3248 2105 3320">
     <span class='ocr_line' id='line_1_50' title="bbox 532 3248 2105 3320; baseline 0.001 -19"><span class='ocrx_word' id='word_1_365' title='bbox 532 3248 751 3317; x_wconf 87' lang='lat' dir='ltr'><strong>utrique</strong></span> <span class='ocrx_word' id='word_1_366' title='bbox 766 3257 945 3302; x_wconf 86' lang='lat' dir='ltr'><strong>autem</strong></span> <span class='ocrx_word' id='word_1_367' title='bbox 970 3249 1174 3320; x_wconf 84' lang='lat' dir='ltr'><strong>azymi,</strong></span> <span class='ocrx_word' id='word_1_368' title='bbox 1204 3250 1329 3320; x_wconf 89' lang='lat' dir='ltr'><strong>quia</strong></span> <span class='ocrx_word' id='word_1_369' title='bbox 1362 3266 1427 3305; x_wconf 82' lang='lat' dir='ltr'><strong>ex</strong></span> <span class='ocrx_word' id='word_1_370' title='bbox 1460 3250 1562 3304; x_wconf 90' lang='lat' dir='ltr'><strong>alia</strong></span> <span class='ocrx_word' id='word_1_371' title='bbox 1592 3250 1836 3305; x_wconf 87' lang='lat' dir='ltr'><strong>doctrina</strong></span> <span class='ocrx_word' id='word_1_372' title='bbox 1862 3248 2105 3304; x_wconf 85' lang='lat' dir='ltr'><strong>fermen-</strong></span> 
     </span>
    </p>
   </div>
   <div class='ocr_carea' id='block_1_51' title="bbox 536 3339 2104 3412">
    <p class='ocr_par' dir='ltr' id='par_1_51' title="bbox 536 3339 2104 3412">
     <span class='ocr_line' id='line_1_51' title="bbox 536 3339 2104 3412; baseline -0.001 -19"><span class='ocrx_word' id='word_1_373' title='bbox 536 3348 650 3393; x_wconf 88' lang='lat' dir='ltr'><strong>tum</strong></span> <span class='ocrx_word' id='word_1_374' title='bbox 685 3354 795 3392; x_wconf 91' lang='lat' dir='ltr'><strong>non</strong></span> <span class='ocrx_word' id='word_1_375' title='bbox 830 3339 1053 3404; x_wconf 90' lang='lat' dir='ltr'><strong>habent,</strong></span> <span class='ocrx_word' id='word_1_376' title='bbox 1078 3341 1229 3395; x_wconf 89' lang='lat' dir='ltr'><strong>verbi</strong></span> <span class='ocrx_word' id='word_1_377' title='bbox 1279 3341 1449 3412; x_wconf 91' lang='lat' dir='ltr'><strong>gratia</strong></span> <span class='ocrx_word' id='word_1_378' title='bbox 1507 3341 1785 3411; x_wconf 76' lang='lat' dir='ltr'><strong>sapientiae</strong></span> <span class='ocrx_word' id='word_1_379' title='bbox 1807 3340 2104 3404; x_wconf 73' lang='lat' dir='ltr'><strong>saecularis,</strong></span> 
     </span>
    </p>
   </div>
   <div class='ocr_carea' id='block_1_52' title="bbox 533 3428 2104 3500">
    <p class='ocr_par' dir='ltr' id='par_1_52' title="bbox 533 3428 2104 3500">
     <span class='ocr_line' id='line_1_52' title="bbox 533 3428 2104 3500; baseline 0.001 -18"><span class='ocrx_word' id='word_1_380' title='bbox 533 3428 679 3496; x_wconf 88' lang='lat' dir='ltr'><strong>quod</strong></span> <span class='ocrx_word' id='word_1_381' title='bbox 721 3428 989 3483; x_wconf 77' lang='lat' dir='ltr'><strong>luereticis</strong></span> <span class='ocrx_word' id='word_1_382' title='bbox 1003 3431 1260 3485; x_wconf 85' lang='lat' dir='ltr'><strong>convenit</strong></span> <span class='ocrx_word' id='word_1_383' title='bbox 1296 3432 1578 3486; x_wconf 91' lang='lat' dir='ltr'><strong>accedere.</strong></span> <span class='ocrx_word' id='word_1_384' title='bbox 1614 3430 1683 3487; x_wconf 85' lang='lat' dir='ltr'><strong>iii</strong></span> <span class='ocrx_word' id='word_1_385' title='bbox 1727 3430 1930 3500; x_wconf 85' lang='lat' dir='ltr'><strong>quippe</strong></span> <span class='ocrx_word' id='word_1_386' title='bbox 1976 3445 2104 3485; x_wconf 92' lang='lat' dir='ltr'><strong>cum</strong></span> 
     </span>
    </p>
   </div>
   <div class='ocr_carea' id='block_1_53' title="bbox 533 3517 2107 3595">
    <p class='ocr_par' dir='ltr' id='par_1_53' title="bbox 533 3517 2107 3595">
     <span class='ocr_line' id='line_1_53' title="bbox 533 3517 2107 3595; baseline 0.003 -22"><span class='ocrx_word' id='word_1_387' title='bbox 533 3517 801 3573; x_wconf 78' lang='lat' dir='ltr'><strong>exteriora</strong></span> <span class='ocrx_word' id='word_1_388' title='bbox 831 3518 1183 3575; x_wconf 89' lang='lat' dir='ltr'><strong>interioribus</strong></span> <span class='ocrx_word' id='word_1_389' title='bbox 1214 3522 1554 3595; x_wconf 81' lang='lat' dir='ltr'><strong>conjungere</strong></span> <span class='ocrx_word' id='word_1_390' title='bbox 1581 3522 1853 3586; x_wconf 89' lang='lat' dir='ltr'><strong>nituntur,</strong></span> <span class='ocrx_word' id='word_1_391' title='bbox 1882 3531 1936 3576; x_wconf 91' lang='lat' dir='ltr'><strong>et</strong></span> <span class='ocrx_word' id='word_1_392' title='bbox 1989 3521 2107 3577; x_wconf 62' lang='lat' dir='ltr'><strong>haec</strong></span> 
     </span>
    </p>
   </div>
   <div class='ocr_carea' id='block_1_54' title="bbox 534 3608 2109 3683">
    <p class='ocr_par' dir='ltr' id='par_1_54' title="bbox 534 3608 2109 3683">
     <span class='ocr_line' id='line_1_54' title="bbox 534 3608 2109 3683; baseline 0.003 -20"><span class='ocrx_word' id='word_1_393' title='bbox 534 3608 706 3679; x_wconf 89' lang='lat' dir='ltr'><strong>magis</strong></span> <span class='ocrx_word' id='word_1_394' title='bbox 726 3608 832 3664; x_wconf 91' lang='lat' dir='ltr'><strong>illis</strong></span> <span class='ocrx_word' id='word_1_395' title='bbox 865 3609 1134 3680; x_wconf 85' lang='lat' dir='ltr'><strong>subjicere</strong></span> <span class='ocrx_word' id='word_1_396' title='bbox 1163 3619 1218 3665; x_wconf 92' lang='lat' dir='ltr'><strong>et</strong></span> <span class='ocrx_word' id='word_1_397' title='bbox 1277 3610 1629 3676; x_wconf 79' lang='lat' dir='ltr'><strong>fermentare,</strong></span> <span class='ocrx_word' id='word_1_398' title='bbox 1684 3629 1805 3683; x_wconf 71' lang='lat' dir='ltr'><strong>qua:</strong></span> <span class='ocrx_word' id='word_1_399' title='bbox 1879 3613 2109 3667; x_wconf 85' lang='lat' dir='ltr'><strong>fermen-</strong></span> 
     </span>
    </p>
   </div>
   <div class='ocr_carea' id='block_1_55' title="bbox 536 3698 2107 3774">
    <p class='ocr_par' dir='ltr' id='par_1_55' title="bbox 536 3698 2107 3774">
     <span class='ocr_line' id='line_1_55' title="bbox 536 3698 2107 3774; baseline 0.003 -22"><span class='ocrx_word' id='word_1_400' title='bbox 536 3699 636 3752; x_wconf 84' lang='lat' dir='ltr'><strong>tari</strong></span> <span class='ocrx_word' id='word_1_401' title='bbox 658 3698 968 3756; x_wconf 86' lang='lat' dir='ltr'><strong>nullatenus</strong></span> <span class='ocrx_word' id='word_1_402' title='bbox 984 3708 1232 3769; x_wconf 87' lang='lat' dir='ltr'><strong>possunt,</strong></span> <span class='ocrx_word' id='word_1_403' title='bbox 1261 3700 1330 3755; x_wconf 89' lang='lat' dir='ltr'><strong>ab</strong></span> <span class='ocrx_word' id='word_1_404' title='bbox 1350 3702 1551 3774; x_wconf 83' lang='lat' dir='ltr'><strong>azymis</strong></span> <span class='ocrx_word' id='word_1_405' title='bbox 1582 3703 1926 3759; x_wconf 86' lang='lat' dir='ltr'><strong>sermonibus</strong></span> <span class='ocrx_word' id='word_1_406' title='bbox 1956 3702 2107 3759; x_wconf 82' lang='lat' dir='ltr'><strong>ex‘ci-</strong></span> 
     </span>
    </p>
   </div>
   <div class='ocr_carea' id='block_1_56' title="bbox 533 3790 2108 3863">
    <p class='ocr_par' dir='ltr' id='par_1_56' title="bbox 533 3790 2108 3863">
     <span class='ocr_line' id='line_1_56' title="bbox 533 3790 2108 3863; baseline 0.003 -18"><span class='ocrx_word' id='word_1_407' title='bbox 533 3790 734 3845; x_wconf 87' lang='lat' dir='ltr'><strong>derunt</strong></span> <span class='ocrx_word' id='word_1_408' title='bbox 763 3808 778 3857; x_wconf 90' lang='lat'><strong>;</strong></span> <span class='ocrx_word' id='word_1_409' title='bbox 807 3791 903 3846; x_wconf 89' lang='lat' dir='ltr'><strong>sed</strong></span> <span class='ocrx_word' id='word_1_410' title='bbox 959 3806 1090 3846; x_wconf 85' lang='lat' dir='ltr'><strong>ecce</strong></span> <span class='ocrx_word' id='word_1_411' title='bbox 1139 3791 1508 3862; x_wconf 88' lang='lat' dir='ltr'><strong>apostolorum</strong></span> <span class='ocrx_word' id='word_1_412' title='bbox 1560 3809 1729 3863; x_wconf 79' lang='lat' dir='ltr'><strong>panes</strong></span> <span class='ocrx_word' id='word_1_413' title='bbox 1763 3794 1817 3849; x_wconf 90' lang='lat' dir='ltr'><strong>in</strong></span> <span class='ocrx_word' id='word_1_414' title='bbox 1844 3795 1984 3860; x_wconf 90' lang='lat' dir='ltr'><strong>oleo,</strong></span> <span class='ocrx_word' id='word_1_415' title='bbox 2053 3803 2108 3850; x_wconf 90' lang='lat' dir='ltr'><strong>et</strong></span> 
     </span>
    </p>
   </div>
   <div class='ocr_carea' id='block_1_57' title="bbox 533 3881 2103 3953">
    <p class='ocr_par' dir='ltr' id='par_1_57' title="bbox 533 3881 2103 3953">
     <span class='ocr_line' id='line_1_57' title="bbox 533 3881 2103 3953; baseline 0.004 -18"><span class='ocrx_word' id='word_1_416' title='bbox 533 3882 929 3952; x_wconf 81' lang='lat' dir='ltr'><strong>prephetarum</strong></span> <span class='ocrx_word' id='word_1_417' title='bbox 960 3881 1151 3953; x_wconf 89' lang='lat' dir='ltr'><strong>lagaua</strong></span> <span class='ocrx_word' id='word_1_418' title='bbox 1183 3882 1239 3937; x_wconf 92' lang='lat' dir='ltr'><strong>in</strong></span> <span class='ocrx_word' id='word_1_419' title='bbox 1264 3883 1386 3938; x_wconf 90' lang='lat' dir='ltr'><strong>oleo</strong></span> <span class='ocrx_word' id='word_1_420' title='bbox 1411 3883 1548 3939; x_wconf 91' lang='lat' dir='ltr'><strong>ﬁunt</strong></span> <span class='ocrx_word' id='word_1_421' title='bbox 1574 3886 1944 3941; x_wconf 88' lang='lat' dir='ltr'><strong>:concorditer</strong></span> <span class='ocrx_word' id='word_1_422' title='bbox 1959 3886 2103 3941; x_wconf 91' lang='lat' dir='ltr'><strong>enim</strong></span> 
     </span>
    </p>
   </div>
   <div class='ocr_carea' id='block_1_58' title="bbox 530 3974 2107 4049">
    <p class='ocr_par' dir='ltr' id='par_1_58' title="bbox 530 3974 2107 4049">
     <span class='ocr_line' id='line_1_58' title="bbox 530 3974 2107 4049; baseline 0.003 -20"><span class='ocrx_word' id='word_1_423' title='bbox 530 3984 589 4029; x_wconf 89' lang='lat' dir='ltr'><strong>et</strong></span> <span class='ocrx_word' id='word_1_424' title='bbox 621 3975 696 4029; x_wconf 90' lang='lat' dir='ltr'><strong>ab</strong></span> <span class='ocrx_word' id='word_1_425' title='bbox 722 3974 849 4041; x_wconf 86' lang='lat' dir='ltr'><strong>illis,</strong></span> <span class='ocrx_word' id='word_1_426' title='bbox 876 3984 932 4030; x_wconf 92' lang='lat' dir='ltr'><strong>et</strong></span> <span class='ocrx_word' id='word_1_427' title='bbox 955 3976 1024 4029; x_wconf 88' lang='lat' dir='ltr'><strong>ab</strong></span> <span class='ocrx_word' id='word_1_428' title='bbox 1080 3975 1200 4031; x_wconf 88' lang='lat' dir='ltr'><strong>istis</strong></span> <span class='ocrx_word' id='word_1_429' title='bbox 1227 3976 1490 4046; x_wconf 88' lang='lat' dir='ltr'><strong>scriptum</strong></span> <span class='ocrx_word' id='word_1_430' title='bbox 1523 3986 1627 4044; x_wconf 90' lang='lat' dir='ltr'><strong>est,</strong></span> <span class='ocrx_word' id='word_1_431' title='bbox 1658 3980 1785 4049; x_wconf 89' lang='lat' dir='ltr'><strong>quia</strong></span> <span class='ocrx_word' id='word_1_432' title='bbox 1811 3994 1912 4035; x_wconf 88' lang='lat' dir='ltr'><strong>nos</strong></span> <span class='ocrx_word' id='word_1_433' title='bbox 1941 3978 2107 4034; x_wconf 84' lang='lat' dir='ltr'><strong>mise-</strong></span> 
     </span>
    </p>
   </div>
   <div class='ocr_carea' id='block_1_59' title="bbox 535 4064 2109 4142">
    <p class='ocr_par' dir='ltr' id='par_1_59' title="bbox 535 4064 2109 4142">
     <span class='ocr_line' id='line_1_59' title="bbox 535 4064 2109 4142; baseline 0.004 -23"><span class='ocrx_word' id='word_1_434' title='bbox 535 4081 664 4119; x_wconf 88' lang='lat' dir='ltr'><strong>rans</strong></span> <span class='ocrx_word' id='word_1_435' title='bbox 689 4064 942 4121; x_wconf 88' lang='lat' dir='ltr'><strong>Christus</strong></span> <span class='ocrx_word' id='word_1_436' title='bbox 982 4066 1208 4121; x_wconf 80' lang='lat' dir='ltr'><strong>advenit</strong></span> <span class='ocrx_word' id='word_1_437' title='bbox 1239 4082 1254 4133; x_wconf 89' lang='lat'><strong>;</strong></span> <span class='ocrx_word' id='word_1_438' title='bbox 1317 4067 1413 4122; x_wconf 89' lang='lat' dir='ltr'><strong>sed</strong></span> <span class='ocrx_word' id='word_1_439' title='bbox 1445 4070 1672 4138; x_wconf 89' lang='lat' dir='ltr'><strong>apostoli</strong></span> <span class='ocrx_word' id='word_1_440' title='bbox 1738 4070 1953 4142; x_wconf 89' lang='lat' dir='ltr'><strong>planius</strong></span> <span class='ocrx_word' id='word_1_441' title='bbox 1983 4088 1999 4139; x_wconf 89' lang='lat'><strong>;</strong></span> <span class='ocrx_word' id='word_1_442' title='bbox 2031 4070 2109 4125; x_wconf 88' lang='lat' dir='ltr'><strong>ait</strong></span> 
     </span>
    </p>
   </div>
   <div class='ocr_carea' id='block_1_60' title="bbox 532 4154 2110 4231">
    <p class='ocr_par' dir='ltr' id='par_1_60' title="bbox 532 4154 2110 4231">
     <span class='ocr_line' id='line_1_60' title="bbox 532 4154 2110 4231; baseline 0.004 -21"><span class='ocrx_word' id='word_1_443' title='bbox 532 4156 683 4211; x_wconf 86' lang='lat' dir='ltr'><strong>enim</strong></span> <span class='ocrx_word' id='word_1_444' title='bbox 712 4155 910 4210; x_wconf 83' lang='lat' dir='ltr'><strong>Paulus</strong></span> <span class='ocrx_word' id='word_1_445' title='bbox 941 4154 1431 4221; x_wconf 80' lang='lat' dir='ltr'><strong>:Quemadmodum</strong></span> <span class='ocrx_word' id='word_1_446' title='bbox 1460 4159 1600 4213; x_wconf 89' lang='lat' dir='ltr'><strong>enim</strong></span> <span class='ocrx_word' id='word_1_447' title='bbox 1654 4177 1742 4215; x_wconf 84' lang='lat' dir='ltr'><strong>vos</strong></span> <span class='ocrx_word' id='word_1_448' title='bbox 1802 4162 1949 4231; x_wconf 84' lang='lat' dir='ltr'><strong>prius</strong></span> <span class='ocrx_word' id='word_1_449' title='bbox 2008 4179 2110 4217; x_wconf 86' lang='lat' dir='ltr'><strong>non</strong></span> 
     </span>
    </p>
   </div>
   <div class='ocr_carea' id='block_1_61' title="bbox 531 4245 2108 4309">
    <p class='ocr_par' dir='ltr' id='par_1_61' title="bbox 531 4245 2108 4309">
     <span class='ocr_line' id='line_1_61' title="bbox 531 4245 2108 4309; baseline 0.003 -10"><span class='ocrx_word' id='word_1_450' title='bbox 531 4246 832 4300; x_wconf 67' lang='lat' dir='ltr'><strong>credidistis</strong></span> <span class='ocrx_word' id='word_1_451' title='bbox 854 4245 981 4309; x_wconf 86' lang='lat' dir='ltr'><strong>Deo,</strong></span> <span class='ocrx_word' id='word_1_452' title='bbox 1015 4260 1154 4298; x_wconf 83' lang='lat' dir='ltr'><strong>nunc</strong></span> <span class='ocrx_word' id='word_1_453' title='bbox 1179 4254 1359 4299; x_wconf 77' lang='lat' dir='ltr'><strong>autent</strong></span> <span class='ocrx_word' id='word_1_454' title='bbox 1392 4248 1804 4302; x_wconf 84' lang='lat' dir='ltr'><strong>misericordiam</strong></span> <span class='ocrx_word' id='word_1_455' title='bbox 1848 4251 2108 4303; x_wconf 79' lang='lat' dir='ltr'><strong>consecuti</strong></span> 
     </span>
    </p>
   </div>
   <div class='ocr_carea' id='block_1_62' title="bbox 2210 1790 3785 1861">
    <p class='ocr_par' dir='ltr' id='par_1_62' title="bbox 2210 1790 3785 1861">
     <span class='ocr_line' id='line_1_62' title="bbox 2210 1790 3785 1861; baseline 0.001 -13"><span class='ocrx_word' id='word_1_456' title='bbox 2210 1793 2330 1859; x_wconf 91' lang='lat' dir='ltr'><strong>fuit,</strong></span> <span class='ocrx_word' id='word_1_457' title='bbox 2368 1802 2423 1847; x_wconf 91' lang='lat' dir='ltr'><strong>ut</strong></span> <span class='ocrx_word' id='word_1_458' title='bbox 2471 1807 2692 1847; x_wconf 89' lang='lat' dir='ltr'><strong>omnem</strong></span> <span class='ocrx_word' id='word_1_459' title='bbox 2744 1798 3048 1847; x_wconf 88' lang='lat' dir='ltr'><strong>creaturam</strong></span> <span class='ocrx_word' id='word_1_460' title='bbox 3104 1790 3402 1861; x_wconf 74' lang='lat' dir='ltr'><strong>subiiceret</strong></span> <span class='ocrx_word' id='word_1_461' title='bbox 3449 1790 3721 1849; x_wconf 79' lang='lat' dir='ltr'><strong>Crucitixo</strong></span> <span class='ocrx_word' id='word_1_462' title='bbox 3768 1813 3785 1851; x_wconf 93' lang='lat'><strong>:</strong></span> 
     </span>
    </p>
   </div>
   <div class='ocr_carea' id='block_1_63' title="bbox 2208 1882 3787 1956">
    <p class='ocr_par' dir='ltr' id='par_1_63' title="bbox 2208 1882 3787 1956">
     <span class='ocr_line' id='line_1_63' title="bbox 2208 1882 3787 1956; baseline 0.003 -18"><span class='ocrx_word' id='word_1_463' title='bbox 2208 1898 2427 1939; x_wconf 85' lang='lat' dir='ltr'><strong>carnem</strong></span> <span class='ocrx_word' id='word_1_464' title='bbox 2471 1892 2652 1938; x_wconf 86' lang='lat' dir='ltr'><strong>autem</strong></span> <span class='ocrx_word' id='word_1_465' title='bbox 2700 1884 2839 1954; x_wconf 85' lang='lat' dir='ltr'><strong>ejus,</strong></span> <span class='ocrx_word' id='word_1_466' title='bbox 2879 1899 3002 1954; x_wconf 73' lang='lat' dir='ltr'><strong>quae</strong></span> <span class='ocrx_word' id='word_1_467' title='bbox 3043 1882 3109 1938; x_wconf 90' lang='lat' dir='ltr'><strong>ad</strong></span> <span class='ocrx_word' id='word_1_468' title='bbox 3151 1882 3550 1939; x_wconf 90' lang='lat' dir='ltr'><strong>comedendum</strong></span> <span class='ocrx_word' id='word_1_469' title='bbox 3597 1885 3787 1956; x_wconf 79' lang='lat' dir='ltr'><strong>inepta</strong></span> 
     </span>
    </p>
   </div>
   <div class='ocr_carea' id='block_1_64' title="bbox 2204 1971 3786 2047">
    <p class='ocr_par' dir='ltr' id='par_1_64' title="bbox 2204 1971 3786 2047">
     <span class='ocr_line' id='line_1_64' title="bbox 2204 1971 3786 2047; baseline 0.001 -19"><span class='ocrx_word' id='word_1_470' title='bbox 2204 1982 2322 2028; x_wconf 89' lang='lat' dir='ltr'><strong>erat</strong></span> <span class='ocrx_word' id='word_1_471' title='bbox 2350 1984 2477 2029; x_wconf 87' lang='lat' dir='ltr'><strong>ante</strong></span> <span class='ocrx_word' id='word_1_472' title='bbox 2520 1975 2851 2044; x_wconf 88' lang='lat' dir='ltr'><strong>passionem,</strong></span> <span class='ocrx_word' id='word_1_473' title='bbox 2892 1975 3037 2047; x_wconf 89' lang='lat' dir='ltr'><strong>(quis</strong></span> <span class='ocrx_word' id='word_1_474' title='bbox 3077 1973 3223 2028; x_wconf 90' lang='lat' dir='ltr'><strong>enim</strong></span> <span class='ocrx_word' id='word_1_475' title='bbox 3251 1975 3541 2030; x_wconf 89' lang='lat' dir='ltr'><strong>comedere</strong></span> <span class='ocrx_word' id='word_1_476' title='bbox 3589 1971 3786 2046; x_wconf 46' lang='lat' dir='ltr'><strong>cupies</strong></span> 
     </span>
    </p>
   </div>
   <div class='ocr_carea' id='block_1_65' title="bbox 2206 2064 3786 2135">
    <p class='ocr_par' dir='ltr' id='par_1_65' title="bbox 2206 2064 3786 2135">
     <span class='ocr_line' id='line_1_65' title="bbox 2206 2064 3786 2135; baseline 0.001 -15"><span class='ocrx_word' id='word_1_477' title='bbox 2206 2065 2302 2120; x_wconf 89' lang='lat' dir='ltr'><strong>bat</strong></span> <span class='ocrx_word' id='word_1_478' title='bbox 2330 2079 2549 2120; x_wconf 89' lang='lat' dir='ltr'><strong>carnem</strong></span> <span class='ocrx_word' id='word_1_479' title='bbox 2579 2064 2738 2135; x_wconf 80' lang='lat' dir='ltr'><strong>Dei?)</strong></span> <span class='ocrx_word' id='word_1_480' title='bbox 2774 2073 2954 2134; x_wconf 87' lang='lat' dir='ltr'><strong>aptam</strong></span> <span class='ocrx_word' id='word_1_481' title='bbox 2987 2064 3112 2119; x_wconf 90' lang='lat' dir='ltr'><strong>cibo</strong></span> <span class='ocrx_word' id='word_1_482' title='bbox 3129 2074 3249 2135; x_wconf 88' lang='lat' dir='ltr'><strong>post</strong></span> <span class='ocrx_word' id='word_1_483' title='bbox 3265 2064 3574 2135; x_wconf 90' lang='lat' dir='ltr'><strong>passionem</strong></span> <span class='ocrx_word' id='word_1_484' title='bbox 3604 2065 3737 2122; x_wconf 89' lang='lat' dir='ltr'><strong>fecit</strong></span> <span class='ocrx_word' id='word_1_485' title='bbox 3765 2075 3786 2121; x_wconf 81' lang='lat'><strong><em>:</em></strong></span> 
     </span>
    </p>
   </div>
   <div class='ocr_carea' id='block_1_66' title="bbox 2205 2150 3786 2226">
    <p class='ocr_par' dir='ltr' id='par_1_66' title="bbox 2205 2150 3786 2226">
     <span class='ocr_line' id='line_1_66' title="bbox 2205 2150 3786 2226; baseline 0.003 -21"><span class='ocrx_word' id='word_1_486' title='bbox 2205 2150 2249 2206; x_wconf 90' lang='lat' dir='ltr'><strong>si</strong></span> <span class='ocrx_word' id='word_1_487' title='bbox 2283 2150 2428 2205; x_wconf 90' lang='lat' dir='ltr'><strong>enim</strong></span> <span class='ocrx_word' id='word_1_488' title='bbox 2475 2166 2587 2205; x_wconf 89' lang='lat' dir='ltr'><strong>non</strong></span> <span class='ocrx_word' id='word_1_489' title='bbox 2633 2150 2825 2206; x_wconf 80' lang='lat' dir='ltr'><strong>fuisset</strong></span> <span class='ocrx_word' id='word_1_490' title='bbox 2864 2152 3178 2219; x_wconf 80' lang='lat' dir='ltr'><strong>cruciﬁxus,</strong></span> <span class='ocrx_word' id='word_1_491' title='bbox 3215 2152 3538 2209; x_wconf 88' lang='lat' dir='ltr'><strong>sacriﬁcium</strong></span> <span class='ocrx_word' id='word_1_492' title='bbox 3577 2170 3786 2226; x_wconf 56' lang='lat' dir='ltr'><strong>corpoa</strong></span> 
     </span>
    </p>
   </div>
   <div class='ocr_carea' id='block_1_67' title="bbox 2204 2241 3785 2314">
    <p class='ocr_par' dir='ltr' id='par_1_67' title="bbox 2204 2241 3785 2314">
     <span class='ocr_line' id='line_1_67' title="bbox 2204 2241 3785 2314; baseline 0.005 -19"><span class='ocrx_word' id='word_1_493' title='bbox 2204 2241 2282 2296; x_wconf 91' lang='lat' dir='ltr'><strong>ris</strong></span> <span class='ocrx_word' id='word_1_494' title='bbox 2312 2242 2433 2314; x_wconf 82' lang='lat' dir='ltr'><strong>ejus</strong></span> <span class='ocrx_word' id='word_1_495' title='bbox 2462 2241 2684 2298; x_wconf 88' lang='lat' dir='ltr'><strong>minime</strong></span> <span class='ocrx_word' id='word_1_496' title='bbox 2722 2243 3157 2299; x_wconf 90' lang='lat' dir='ltr'><strong>comederemus.</strong></span> <span class='ocrx_word' id='word_1_497' title='bbox 3201 2243 3551 2301; x_wconf 89' lang='lat' dir='ltr'><strong>Comedimus</strong></span> <span class='ocrx_word' id='word_1_498' title='bbox 3592 2255 3785 2302; x_wconf 84' lang='lat' dir='ltr'><strong>autem</strong></span> 
     </span>
    </p>
   </div>
   <div class='ocr_carea' id='block_1_68' title="bbox 2204 2334 3782 2405">
    <p class='ocr_par' dir='ltr' id='par_1_68' title="bbox 2204 2334 3782 2405">
     <span class='ocr_line' id='line_1_68' title="bbox 2204 2334 3782 2405; baseline 0.003 -17"><span class='ocrx_word' id='word_1_499' title='bbox 2204 2350 2352 2391; x_wconf 90' lang='lat' dir='ltr'><strong>nunc</strong></span> <span class='ocrx_word' id='word_1_500' title='bbox 2394 2334 2600 2400; x_wconf 91' lang='lat' dir='ltr'><strong>cibum,</strong></span> <span class='ocrx_word' id='word_1_501' title='bbox 2634 2343 2912 2390; x_wconf 84' lang='lat' dir='ltr'><strong>sumentes</strong></span> <span class='ocrx_word' id='word_1_502' title='bbox 2957 2334 3076 2405; x_wconf 90' lang='lat' dir='ltr'><strong>ejus</strong></span> <span class='ocrx_word' id='word_1_503' title='bbox 3123 2334 3443 2392; x_wconf 81' lang='lat' dir='ltr'><strong>memoriam</strong></span> <span class='ocrx_word' id='word_1_504' title='bbox 3486 2338 3782 2405; x_wconf 86' lang='lat' dir='ltr'><strong>passionis.</strong></span> 
     </span>
    </p>
   </div>
   <div class='ocr_carea' id='block_1_69' title="bbox 2207 2423 3787 2499">
    <p class='ocr_par' dir='ltr' id='par_1_69' title="bbox 2207 2423 3787 2499">
     <span class='ocr_line' id='line_1_69' title="bbox 2207 2423 3787 2499; baseline 0.004 -22"><span class='ocrx_word' id='word_1_505' title='bbox 2207 2423 2357 2479; x_wconf 84' lang='lat' dir='ltr'><strong>lianc</strong></span> <span class='ocrx_word' id='word_1_506' title='bbox 2388 2425 2721 2493; x_wconf 84' lang='lat' dir='ltr'><strong>sartaginem</strong></span> <span class='ocrx_word' id='word_1_507' title='bbox 2757 2424 2899 2495; x_wconf 91' lang='lat' dir='ltr'><strong>apud</strong></span> <span class='ocrx_word' id='word_1_508' title='bbox 2938 2424 3278 2480; x_wconf 81' lang='lat' dir='ltr'><strong>Ezechieiem</strong></span> <span class='ocrx_word' id='word_1_509' title='bbox 3310 2424 3575 2482; x_wconf 88' lang='lat' dir='ltr'><strong>Dominus</strong></span> <span class='ocrx_word' id='word_1_510' title='bbox 3608 2428 3787 2499; x_wconf 86' lang='lat' dir='ltr'><strong>signi-</strong></span> 
     </span>
    </p>
   </div>
   <div class='ocr_carea' id='block_1_70' title="bbox 2205 2514 3784 2589">
    <p class='ocr_par' dir='ltr' id='par_1_70' title="bbox 2205 2514 3784 2589">
     <span class='ocr_line' id='line_1_70' title="bbox 2205 2514 3784 2589; baseline 0.001 -20"><span class='ocrx_word' id='word_1_511' title='bbox 2205 2514 2375 2569; x_wconf 87' lang='lat' dir='ltr'><strong>ﬁcans</strong></span> <span class='ocrx_word' id='word_1_512' title='bbox 2403 2516 2477 2569; x_wconf 91' lang='lat' dir='ltr'><strong>ait</strong></span> <span class='ocrx_word' id='word_1_513' title='bbox 2511 2532 2523 2567; x_wconf 87' lang='lat'>:</span> <span class='ocrx_word' id='word_1_514' title='bbox 2555 2514 2622 2568; x_wconf 87' lang='lat' dir='ltr'><strong>Et</strong></span> <span class='ocrx_word' id='word_1_515' title='bbox 2657 2524 2734 2577; x_wconf 85' lang='lat' dir='ltr'><strong>tn,</strong></span> <span class='ocrx_word' id='word_1_516' title='bbox 2770 2531 2917 2569; x_wconf 82' lang='lat' dir='ltr'><strong>sume</strong></span> <span class='ocrx_word' id='word_1_517' title='bbox 2959 2515 3053 2569; x_wconf 87' lang='lat' dir='ltr'><strong>tibi</strong></span> <span class='ocrx_word' id='word_1_518' title='bbox 3074 2517 3398 2586; x_wconf 83' lang='lat' dir='ltr'><strong>sartaginem</strong></span> <span class='ocrx_word' id='word_1_519' title='bbox 3439 2519 3687 2589; x_wconf 82' lang='lat' dir='ltr'><strong>ferream,</strong></span> <span class='ocrx_word' id='word_1_520' title='bbox 3728 2528 3784 2573; x_wconf 85' lang='lat' dir='ltr'><strong>et</strong></span> 
     </span>
    </p>
   </div>
   <div class='ocr_carea' id='block_1_71' title="bbox 2204 2607 3782 2678">
    <p class='ocr_par' dir='ltr' id='par_1_71' title="bbox 2204 2607 3782 2678">
     <span class='ocr_line' id='line_1_71' title="bbox 2204 2607 3782 2678; baseline 0.004 -19"><span class='ocrx_word' id='word_1_521' title='bbox 2204 2621 2364 2676; x_wconf 85' lang='lat' dir='ltr'><strong>pones</strong></span> <span class='ocrx_word' id='word_1_522' title='bbox 2390 2621 2507 2660; x_wconf 76' lang='lat' dir='ltr'><strong>eam</strong></span> <span class='ocrx_word' id='word_1_523' title='bbox 2538 2622 2750 2660; x_wconf 84' lang='lat' dir='ltr'><strong>murum</strong></span> <span class='ocrx_word' id='word_1_524' title='bbox 2780 2608 3007 2678; x_wconf 80' lang='lat' dir='ltr'><strong>ferreum</strong></span> <span class='ocrx_word' id='word_1_525' title='bbox 3052 2607 3189 2661; x_wconf 87' lang='lat' dir='ltr'><strong>inter</strong></span> <span class='ocrx_word' id='word_1_526' title='bbox 3230 2618 3279 2661; x_wconf 86' lang='lat' dir='ltr'><strong>te</strong></span> <span class='ocrx_word' id='word_1_527' title='bbox 3322 2618 3369 2662; x_wconf 88' lang='lat' dir='ltr'><strong>et</strong></span> <span class='ocrx_word' id='word_1_528' title='bbox 3406 2609 3671 2664; x_wconf 83' lang='lat' dir='ltr'><strong>civitatem</strong></span> <span class='ocrx_word' id='word_1_529' title='bbox 3704 2611 3782 2665; x_wconf 80' lang='lat'><strong>&quot;.</strong></span> 
     </span>
    </p>
   </div>
   <div class='ocr_carea' id='block_1_72' title="bbox 2207 2696 3784 2771">
    <p class='ocr_par' dir='ltr' id='par_1_72' title="bbox 2207 2696 3784 2771">
     <span class='ocr_line' id='line_1_72' title="bbox 2207 2696 3784 2771; baseline 0.002 -19"><span class='ocrx_word' id='word_1_530' title='bbox 2207 2696 2461 2752; x_wconf 85' lang='lat' dir='ltr'><strong>Ferream</strong></span> <span class='ocrx_word' id='word_1_531' title='bbox 2505 2696 2724 2767; x_wconf 87' lang='lat' dir='ltr'><strong>quidem</strong></span> <span class='ocrx_word' id='word_1_532' title='bbox 2767 2712 2885 2751; x_wconf 92' lang='lat' dir='ltr'><strong>eam</strong></span> <span class='ocrx_word' id='word_1_533' title='bbox 2924 2705 3148 2768; x_wconf 90' lang='lat' dir='ltr'><strong>propter</strong></span> <span class='ocrx_word' id='word_1_534' title='bbox 3182 2699 3497 2769; x_wconf 63' lang='lat' dir='ltr'><strong>praedictam</strong></span> <span class='ocrx_word' id='word_1_535' title='bbox 3538 2702 3784 2771; x_wconf 86' lang='lat' dir='ltr'><strong>appella-</strong></span> 
     </span>
    </p>
   </div>
   <div class='ocr_carea' id='block_1_73' title="bbox 2205 2787 3780 2858">
    <p class='ocr_par' dir='ltr' id='par_1_73' title="bbox 2205 2787 3780 2858">
     <span class='ocr_line' id='line_1_73' title="bbox 2205 2787 3780 2858; baseline 0.003 -14"><span class='ocrx_word' id='word_1_536' title='bbox 2205 2788 2283 2845; x_wconf 88' lang='lat' dir='ltr'><strong>vit</strong></span> <span class='ocrx_word' id='word_1_537' title='bbox 2321 2787 2715 2843; x_wconf 84' lang='lat' dir='ltr'><strong>fortitudinem.</strong></span> <span class='ocrx_word' id='word_1_538' title='bbox 2763 2788 2912 2843; x_wconf 89' lang='lat' dir='ltr'><strong>lnter</strong></span> <span class='ocrx_word' id='word_1_539' title='bbox 2944 2795 2998 2842; x_wconf 90' lang='lat' dir='ltr'><strong>te</strong></span> <span class='ocrx_word' id='word_1_540' title='bbox 3029 2799 3210 2844; x_wconf 86' lang='lat' dir='ltr'><strong>autem</strong></span> <span class='ocrx_word' id='word_1_541' title='bbox 3254 2800 3310 2845; x_wconf 90' lang='lat' dir='ltr'><strong>et</strong></span> <span class='ocrx_word' id='word_1_542' title='bbox 3351 2791 3646 2856; x_wconf 90' lang='lat' dir='ltr'><strong>civitatem,</strong></span> <span class='ocrx_word' id='word_1_543' title='bbox 3680 2794 3780 2858; x_wconf 88' lang='lat' dir='ltr'><strong>ait,</strong></span> 
     </span>
    </p>
   </div>
   <div class='ocr_carea' id='block_1_74' title="bbox 2205 2876 3783 2952">
    <p class='ocr_par' dir='ltr' id='par_1_74' title="bbox 2205 2876 3783 2952">
     <span class='ocr_line' id='line_1_74' title="bbox 2205 2876 3783 2952; baseline 0.005 -20"><span class='ocrx_word' id='word_1_544' title='bbox 2205 2877 2260 2933; x_wconf 91' lang='lat' dir='ltr'><strong>id</strong></span> <span class='ocrx_word' id='word_1_545' title='bbox 2304 2886 2390 2933; x_wconf 89' lang='lat' dir='ltr'><strong>est</strong></span> <span class='ocrx_word' id='word_1_546' title='bbox 2429 2876 2730 2933; x_wconf 84' lang='lat' dir='ltr'><strong>Jerusalem</strong></span> <span class='ocrx_word' id='word_1_547' title='bbox 2764 2879 2930 2949; x_wconf 89' lang='lat' dir='ltr'><strong>:quia</strong></span> <span class='ocrx_word' id='word_1_548' title='bbox 2964 2880 3202 2935; x_wconf 72' lang='lat' dir='ltr'><strong>maxime</strong></span> <span class='ocrx_word' id='word_1_549' title='bbox 3242 2882 3344 2952; x_wconf 91' lang='lat' dir='ltr'><strong>ipsi</strong></span> <span class='ocrx_word' id='word_1_550' title='bbox 3386 2883 3441 2936; x_wconf 90' lang='lat' dir='ltr'><strong>in</strong></span> <span class='ocrx_word' id='word_1_551' title='bbox 3479 2898 3644 2939; x_wconf 89' lang='lat' dir='ltr'><strong>cruce</strong></span> <span class='ocrx_word' id='word_1_552' title='bbox 3674 2883 3783 2940; x_wconf 89' lang='lat' dir='ltr'><strong>Do-</strong></span> 
     </span>
    </p>
   </div>
   <div class='ocr_carea' id='block_1_75' title="bbox 2205 2968 3785 3041">
    <p class='ocr_par' dir='ltr' id='par_1_75' title="bbox 2205 2968 3785 3041">
     <span class='ocr_line' id='line_1_75' title="bbox 2205 2968 3785 3041; baseline 0.004 -19"><span class='ocrx_word' id='word_1_553' title='bbox 2205 2968 2363 3033; x_wconf 89' lang='lat' dir='ltr'><strong>mini,</strong></span> <span class='ocrx_word' id='word_1_554' title='bbox 2394 2968 2735 3023; x_wconf 76' lang='lat' dir='ltr'><strong>oﬁendentes</strong></span> <span class='ocrx_word' id='word_1_555' title='bbox 2766 2976 2821 3024; x_wconf 93' lang='lat' dir='ltr'><strong>et</strong></span> <span class='ocrx_word' id='word_1_556' title='bbox 2853 2969 3017 3024; x_wconf 90' lang='lat' dir='ltr'><strong>illatis</strong></span> <span class='ocrx_word' id='word_1_557' title='bbox 3036 2971 3383 3040; x_wconf 89' lang='lat' dir='ltr'><strong>passionibus</strong></span> <span class='ocrx_word' id='word_1_558' title='bbox 3410 2972 3479 3026; x_wconf 92' lang='lat' dir='ltr'><strong>ab</strong></span> <span class='ocrx_word' id='word_1_559' title='bbox 3509 2972 3627 3041; x_wconf 79' lang='lat' dir='ltr'><strong>ejus</strong></span> <span class='ocrx_word' id='word_1_560' title='bbox 3652 2982 3785 3028; x_wconf 87' lang='lat' dir='ltr'><strong>sunt</strong></span> 
     </span>
    </p>
   </div>
   <div class='ocr_carea' id='block_1_76' title="bbox 2205 3058 3783 3131">
    <p class='ocr_par' dir='ltr' id='par_1_76' title="bbox 2205 3058 3783 3131">
     <span class='ocr_line' id='line_1_76' title="bbox 2205 3058 3783 3131; baseline 0.001 -16"><span class='ocrx_word' id='word_1_561' title='bbox 2205 3060 2435 3115; x_wconf 91' lang='lat' dir='ltr'><strong>scientia</strong></span> <span class='ocrx_word' id='word_1_562' title='bbox 2487 3059 2744 3130; x_wconf 86' lang='lat' dir='ltr'><strong>separati.</strong></span> <span class='ocrx_word' id='word_1_563' title='bbox 2799 3058 3114 3126; x_wconf 81' lang='lat' dir='ltr'><strong>Mysterium</strong></span> <span class='ocrx_word' id='word_1_564' title='bbox 3171 3076 3302 3131; x_wconf 87' lang='lat' dir='ltr'><strong>ergo</strong></span> <span class='ocrx_word' id='word_1_565' title='bbox 3357 3062 3673 3131; x_wconf 89' lang='lat' dir='ltr'><strong>passionum</strong></span> <span class='ocrx_word' id='word_1_566' title='bbox 3722 3063 3783 3117; x_wconf 88' lang='lat' dir='ltr'><strong>in</strong></span> 
     </span>
    </p>
   </div>
   <div class='ocr_carea' id='block_1_77' title="bbox 2203 3151 3786 3223">
    <p class='ocr_par' dir='ltr' id='par_1_77' title="bbox 2203 3151 3786 3223">
     <span class='ocr_line' id='line_1_77' title="bbox 2203 3151 3786 3223; baseline 0.002 -18"><span class='ocrx_word' id='word_1_567' title='bbox 2203 3151 2325 3207; x_wconf 88' lang='lat' dir='ltr'><strong>oleo</strong></span> <span class='ocrx_word' id='word_1_568' title='bbox 2374 3152 2772 3222; x_wconf 85' lang='lat' dir='ltr'><strong>conspergitur,</strong></span> <span class='ocrx_word' id='word_1_569' title='bbox 2819 3151 2947 3221; x_wconf 91' lang='lat' dir='ltr'><strong>quia</strong></span> <span class='ocrx_word' id='word_1_570' title='bbox 2992 3151 3263 3206; x_wconf 89' lang='lat' dir='ltr'><strong>miserans</strong></span> <span class='ocrx_word' id='word_1_571' title='bbox 3306 3167 3430 3217; x_wconf 89' lang='lat' dir='ltr'><strong>nos,</strong></span> <span class='ocrx_word' id='word_1_572' title='bbox 3475 3167 3576 3223; x_wconf 91' lang='lat' dir='ltr'><strong>pro</strong></span> <span class='ocrx_word' id='word_1_573' title='bbox 3620 3153 3786 3208; x_wconf 89' lang='lat' dir='ltr'><strong>nobis</strong></span> 
     </span>
    </p>
   </div>
   <div class='ocr_carea' id='block_1_78' title="bbox 2203 3240 3784 3312">
    <p class='ocr_par' dir='ltr' id='par_1_78' title="bbox 2203 3240 3784 3312">
     <span class='ocr_line' id='line_1_78' title="bbox 2203 3240 3784 3312; baseline 0.001 -14"><span class='ocrx_word' id='word_1_574' title='bbox 2203 3242 2468 3298; x_wconf 85' lang='lat' dir='ltr'><strong>sustinuit</strong></span> <span class='ocrx_word' id='word_1_575' title='bbox 2506 3251 2761 3297; x_wconf 85' lang='lat' dir='ltr'><strong>mortem.</strong></span> <span class='ocrx_word' id='word_1_576' title='bbox 2797 3240 2955 3309; x_wconf 83' lang='lat' dir='ltr'><strong>Quod</strong></span> <span class='ocrx_word' id='word_1_577' title='bbox 2987 3250 3043 3297; x_wconf 90' lang='lat' dir='ltr'><strong>ct</strong></span> <span class='ocrx_word' id='word_1_578' title='bbox 3074 3241 3195 3303; x_wconf 83' lang='lat' dir='ltr'><strong>sine</strong></span> <span class='ocrx_word' id='word_1_579' title='bbox 3238 3241 3510 3299; x_wconf 87' lang='lat' dir='ltr'><strong>fermento</strong></span> <span class='ocrx_word' id='word_1_580' title='bbox 3546 3258 3689 3312; x_wconf 87' lang='lat' dir='ltr'><strong>esse,</strong></span> <span class='ocrx_word' id='word_1_581' title='bbox 3728 3244 3784 3299; x_wconf 88' lang='lat' dir='ltr'><strong>id</strong></span> 
     </span>
    </p>
   </div>
   <div class='ocr_carea' id='block_1_79' title="bbox 2204 3328 3787 3391">
    <p class='ocr_par' dir='ltr' id='par_1_79' title="bbox 2204 3328 3787 3391">
     <span class='ocr_line' id='line_1_79' title="bbox 2204 3328 3787 3391; baseline 0.001 -2"><span class='ocrx_word' id='word_1_582' title='bbox 2204 3344 2289 3391; x_wconf 88' lang='lat' dir='ltr'><strong>est</strong></span> <span class='ocrx_word' id='word_1_583' title='bbox 2326 3328 2590 3389; x_wconf 83' lang='lat' dir='ltr'><strong>mundum</strong></span> <span class='ocrx_word' id='word_1_584' title='bbox 2638 3334 2709 3390; x_wconf 90' lang='lat' dir='ltr'><strong>ab</strong></span> <span class='ocrx_word' id='word_1_585' title='bbox 2757 3333 3016 3389; x_wconf 77' lang='lat' dir='ltr'><strong>exteriori</strong></span> <span class='ocrx_word' id='word_1_586' title='bbox 3059 3332 3177 3387; x_wconf 90' lang='lat' dir='ltr'><strong>vult</strong></span> <span class='ocrx_word' id='word_1_587' title='bbox 3215 3348 3339 3390; x_wconf 86' lang='lat' dir='ltr'><strong>esse</strong></span> <span class='ocrx_word' id='word_1_588' title='bbox 3378 3335 3647 3391; x_wconf 89' lang='lat' dir='ltr'><strong>doctrina.</strong></span> <span class='ocrx_word' id='word_1_589' title='bbox 3689 3336 3787 3391; x_wconf 85' lang='lat' dir='ltr'><strong>Ait</strong></span> 
     </span>
    </p>
   </div>
   <div class='ocr_carea' id='block_1_80' title="bbox 2203 3417 3816 3481">
    <p class='ocr_par' dir='ltr' id='par_1_80' title="bbox 2203 3417 3816 3481">
     <span class='ocr_line' id='line_1_80' title="bbox 2203 3417 3816 3481; baseline -0.009 0"><span class='ocrx_word' id='word_1_590' title='bbox 2203 3435 2384 3481; x_wconf 84' lang='lat' dir='ltr'><strong>autem</strong></span> <span class='ocrx_word' id='word_1_591' title='bbox 2422 3443 2436 3479; x_wconf 89' lang='lat'><strong>:</strong></span> <span class='ocrx_word' id='word_1_592' title='bbox 3812 3417 3816 3420; x_wconf 79' lang='grc'><em>’</em></span> 
     </span>
    </p>
   </div>
   <div class='ocr_carea' id='block_1_81' title="bbox 2277 3514 3785 3595">
    <p class='ocr_par' dir='ltr' id='par_1_81' title="bbox 2277 3514 3785 3595">
     <span class='ocr_line' id='line_1_81' title="bbox 2277 3514 3785 3595; baseline 0.002 -22"><span class='ocrx_word' id='word_1_593' title='bbox 2277 3519 2484 3573; x_wconf 80' lang='lat' dir='ltr'><strong>Divides</strong></span> <span class='ocrx_word' id='word_1_594' title='bbox 2521 3535 2584 3572; x_wconf 82' lang='lat' dir='ltr'><strong>ea</strong></span> <span class='ocrx_word' id='word_1_595' title='bbox 2628 3517 2952 3572; x_wconf 84' lang='lat' dir='ltr'><strong>minutatim.</strong></span> <span class='ocrx_word' id='word_1_596' title='bbox 2983 3514 3057 3572; x_wconf 90' lang='lat' dir='ltr'><strong>Ut</strong></span> <span class='ocrx_word' id='word_1_597' title='bbox 3083 3516 3137 3571; x_wconf 91' lang='lat' dir='ltr'><strong>in</strong></span> <span class='ocrx_word' id='word_1_598' title='bbox 3166 3517 3452 3595; x_wconf 79' lang='lat' dir='ltr'><strong>passiones</strong></span> <span class='ocrx_word' id='word_1_599' title='bbox 3489 3520 3629 3591; x_wconf 84' lang='lat' dir='ltr'><strong>ejus,</strong></span> <span class='ocrx_word' id='word_1_600' title='bbox 3657 3536 3785 3589; x_wconf 73' lang='lat' dir='ltr'><strong>qum</strong></span> 
     </span>
    </p>
   </div>
   <div class='ocr_carea' id='block_1_82' title="bbox 2203 3610 3783 3681">
    <p class='ocr_par' dir='ltr' id='par_1_82' title="bbox 2203 3610 3783 3681">
     <span class='ocr_line' id='line_1_82' title="bbox 2203 3610 3783 3681; baseline 0.001 -16"><span class='ocrx_word' id='word_1_601' title='bbox 2203 3624 2302 3680; x_wconf 90' lang='lat' dir='ltr'><strong>per</strong></span> <span class='ocrx_word' id='word_1_602' title='bbox 2355 3618 2537 3679; x_wconf 82' lang='lat' dir='ltr'><strong>partes</strong></span> <span class='ocrx_word' id='word_1_603' title='bbox 2585 3616 3014 3680; x_wconf 89' lang='lat' dir='ltr'><strong>processerunt,</strong></span> <span class='ocrx_word' id='word_1_604' title='bbox 3067 3622 3376 3664; x_wconf 89' lang='lat' dir='ltr'><strong>sermonem</strong></span> <span class='ocrx_word' id='word_1_605' title='bbox 3436 3610 3783 3681; x_wconf 84' lang='lat' dir='ltr'><strong>dividamus,</strong></span> 
     </span>
    </p>
   </div>
   <div class='ocr_carea' id='block_1_83' title="bbox 2203 3699 3787 3773">
    <p class='ocr_par' dir='ltr' id='par_1_83' title="bbox 2203 3699 3787 3773">
     <span class='ocr_line' id='line_1_83' title="bbox 2203 3699 3787 3773; baseline 0.001 -17"><span class='ocrx_word' id='word_1_606' title='bbox 2203 3700 2372 3756; x_wconf 87' lang='lat' dir='ltr'><strong>veluti</strong></span> <span class='ocrx_word' id='word_1_607' title='bbox 2424 3700 2630 3772; x_wconf 88' lang='lat' dir='ltr'><strong>alapis,</strong></span> <span class='ocrx_word' id='word_1_608' title='bbox 2679 3699 2944 3771; x_wconf 88' lang='lat' dir='ltr'><strong>colaphis,</strong></span> <span class='ocrx_word' id='word_1_609' title='bbox 2977 3700 3191 3770; x_wconf 87' lang='lat' dir='ltr'><strong>sputis,</strong></span> <span class='ocrx_word' id='word_1_610' title='bbox 3240 3700 3658 3773; x_wconf 86' lang='lat' dir='ltr'><strong>conﬁxioneque</strong></span> <span class='ocrx_word' id='word_1_611' title='bbox 3702 3703 3787 3758; x_wconf 80' lang='lat' dir='ltr'><strong>la—</strong></span> 
     </span>
    </p>
   </div>
   <div class='ocr_carea' id='block_1_84' title="bbox 2205 3792 2360 3847">
    <p class='ocr_par' dir='ltr' id='par_1_84' title="bbox 2205 3792 2360 3847">
     <span class='ocr_line' id='line_1_84' title="bbox 2205 3792 2360 3847; baseline -0.006 0"><span class='ocrx_word' id='word_1_612' title='bbox 2205 3792 2360 3847; x_wconf 88' lang='lat' dir='ltr'><strong>teris.</strong></span> 
     </span>
    </p>
   </div>
   <div class='ocr_carea' id='block_1_85' title="bbox 2276 3878 3788 3955">
    <p class='ocr_par' dir='ltr' id='par_1_85' title="bbox 2276 3878 3788 3955">
     <span class='ocr_line' id='line_1_85' title="bbox 2276 3878 3788 3955; baseline 0.001 -18"><span class='ocrx_word' id='word_1_613' title='bbox 2276 3883 2524 3955; x_wconf 72' lang='lat' dir='ltr'><strong>Eﬁ‘undes</strong></span> <span class='ocrx_word' id='word_1_614' title='bbox 2573 3898 2736 3952; x_wconf 84' lang='lat' dir='ltr'><strong>supra</strong></span> <span class='ocrx_word' id='word_1_615' title='bbox 2785 3881 2976 3936; x_wconf 85' lang='lat' dir='ltr'><strong>oleum.</strong></span> <span class='ocrx_word' id='word_1_616' title='bbox 3028 3878 3136 3936; x_wconf 90' lang='lat' dir='ltr'><strong>Sed</strong></span> <span class='ocrx_word' id='word_1_617' title='bbox 3186 3882 3646 3952; x_wconf 86' lang='lat' dir='ltr'><strong>quemadmodum</strong></span> <span class='ocrx_word' id='word_1_618' title='bbox 3691 3884 3788 3940; x_wconf 85' lang='lat' dir='ltr'><strong>ille</strong></span> 
     </span>
    </p>
   </div>
   <div class='ocr_carea' id='block_1_86' title="bbox 2203 3973 3785 4044">
    <p class='ocr_par' dir='ltr' id='par_1_86' title="bbox 2203 3973 3785 4044">
     <span class='ocr_line' id='line_1_86' title="bbox 2203 3973 3785 4044; baseline -0.002 -12"><span class='ocrx_word' id='word_1_619' title='bbox 2203 3974 2635 4033; x_wconf 86' lang='lat' dir='ltr'><strong>misericordiam</strong></span> <span class='ocrx_word' id='word_1_620' title='bbox 2683 3974 2737 4027; x_wconf 93' lang='lat' dir='ltr'><strong>in</strong></span> <span class='ocrx_word' id='word_1_621' title='bbox 2777 3973 2940 4027; x_wconf 90' lang='lat' dir='ltr'><strong>nobis</strong></span> <span class='ocrx_word' id='word_1_622' title='bbox 2986 3973 3215 4038; x_wconf 85' lang='lat' dir='ltr'><strong>habens,</strong></span> <span class='ocrx_word' id='word_1_623' title='bbox 3250 3988 3350 4044; x_wconf 91' lang='lat' dir='ltr'><strong>pro</strong></span> <span class='ocrx_word' id='word_1_624' title='bbox 3385 3975 3542 4030; x_wconf 88' lang='lat' dir='ltr'><strong>nobis</strong></span> <span class='ocrx_word' id='word_1_625' title='bbox 3577 3984 3785 4031; x_wconf 76' lang='lat' dir='ltr'><strong>semet-</strong></span> 
     </span>
    </p>
   </div>
   <div class='ocr_carea' id='block_1_87' title="bbox 2205 4062 3786 4138">
    <p class='ocr_par' dir='ltr' id='par_1_87' title="bbox 2205 4062 3786 4138">
     <span class='ocr_line' id='line_1_87' title="bbox 2205 4062 3786 4138; baseline -0.002 -15"><span class='ocrx_word' id='word_1_626' title='bbox 2205 4067 2384 4138; x_wconf 90' lang='lat' dir='ltr'><strong>ipsum</strong></span> <span class='ocrx_word' id='word_1_627' title='bbox 2421 4064 2643 4120; x_wconf 88' lang='lat' dir='ltr'><strong>tradidit</strong></span> <span class='ocrx_word' id='word_1_628' title='bbox 2687 4062 2948 4135; x_wconf 88' lang='lat' dir='ltr'><strong>passioni,</strong></span> <span class='ocrx_word' id='word_1_629' title='bbox 2994 4063 3074 4118; x_wconf 90' lang='lat' dir='ltr'><strong>sic</strong></span> <span class='ocrx_word' id='word_1_630' title='bbox 3116 4072 3333 4135; x_wconf 86' lang='lat' dir='ltr'><strong>oportet</strong></span> <span class='ocrx_word' id='word_1_631' title='bbox 3372 4072 3429 4119; x_wconf 90' lang='lat' dir='ltr'><strong>et</strong></span> <span class='ocrx_word' id='word_1_632' title='bbox 3460 4081 3566 4120; x_wconf 86' lang='lat' dir='ltr'><strong>nos</strong></span> <span class='ocrx_word' id='word_1_633' title='bbox 3595 4067 3786 4137; x_wconf 77' lang='lat' dir='ltr'><strong>proxi—</strong></span> 
     </span>
    </p>
   </div>
   <div class='ocr_carea' id='block_1_88' title="bbox 2207 4154 3785 4227">
    <p class='ocr_par' dir='ltr' id='par_1_88' title="bbox 2207 4154 3785 4227">
     <span class='ocr_line' id='line_1_88' title="bbox 2207 4154 3785 4227; baseline -0.001 -15"><span class='ocrx_word' id='word_1_634' title='bbox 2207 4159 2314 4213; x_wconf 89' lang='lat' dir='ltr'><strong>mis</strong></span> <span class='ocrx_word' id='word_1_635' title='bbox 2355 4156 2628 4220; x_wconf 89' lang='lat' dir='ltr'><strong>misereri,</strong></span> <span class='ocrx_word' id='word_1_636' title='bbox 2662 4155 2973 4227; x_wconf 83' lang='lat' dir='ltr'><strong>passionem</strong></span> <span class='ocrx_word' id='word_1_637' title='bbox 3012 4154 3349 4210; x_wconf 91' lang='lat' dir='ltr'><strong>Dominicam</strong></span> <span class='ocrx_word' id='word_1_638' title='bbox 3387 4157 3453 4210; x_wconf 92' lang='lat' dir='ltr'><strong>ad</strong></span> <span class='ocrx_word' id='word_1_639' title='bbox 3487 4157 3649 4226; x_wconf 89' lang='lat' dir='ltr'><strong>hujus</strong></span> <span class='ocrx_word' id='word_1_640' title='bbox 3686 4172 3785 4211; x_wconf 81' lang='lat' dir='ltr'><strong>ac-</strong></span> 
     </span>
    </p>
   </div>
   <div class='ocr_carea' id='block_1_89' title="bbox 2209 4244 3783 4320">
    <p class='ocr_par' dir='ltr' id='par_1_89' title="bbox 2209 4244 3783 4320">
     <span class='ocr_line' id='line_1_89' title="bbox 2209 4244 3783 4320; baseline -0.002 -15"><span class='ocrx_word' id='word_1_641' title='bbox 2209 4249 2478 4320; x_wconf 86' lang='lat' dir='ltr'><strong>cipientes</strong></span> <span class='ocrx_word' id='word_1_642' title='bbox 2494 4247 2711 4318; x_wconf 84' lang='lat' dir='ltr'><strong>pietatis</strong></span> <span class='ocrx_word' id='word_1_643' title='bbox 2721 4246 3054 4317; x_wconf 70' lang='lat' dir='ltr'><strong>exemplum,</strong></span> <span class='ocrx_word' id='word_1_644' title='bbox 3071 4246 3216 4299; x_wconf 87' lang='lat' dir='ltr'><strong>unde</strong></span> <span class='ocrx_word' id='word_1_645' title='bbox 3237 4247 3344 4300; x_wconf 91' lang='lat' dir='ltr'><strong>ait:</strong></span> <span class='ocrx_word' id='word_1_646' title='bbox 3365 4244 3607 4316; x_wconf 71' lang='lat' dir='ltr'><strong>Eﬂ&#39;undes</strong></span> <span class='ocrx_word' id='word_1_647' title='bbox 3618 4262 3783 4316; x_wconf 76' lang='lat' dir='ltr'><strong>supra</strong></span> 
     </span>
    </p>
   </div>
   <div class='ocr_carea' id='block_1_90' title="bbox 533 4335 3785 4409">
    <p class='ocr_par' dir='ltr' id='par_1_90' title="bbox 533 4335 3785 4409">
     <span class='ocr_line' id='line_1_90' title="bbox 533 4335 3785 4409; baseline 0.002 -19"><span class='ocrx_word' id='word_1_648' title='bbox 533 4337 657 4390; x_wconf 83' lang='lat' dir='ltr'><strong>estis</strong></span> <span class='ocrx_word' id='word_1_649' title='bbox 688 4351 782 4404; x_wconf 79' lang='lat' dir='ltr'><strong>per</strong></span> <span class='ocrx_word' id='word_1_650' title='bbox 809 4337 1030 4388; x_wconf 83' lang='lat' dir='ltr'><strong>istorum</strong></span> <span class='ocrx_word' id='word_1_651' title='bbox 1058 4335 1481 4401; x_wconf 84' lang='lat' dir='ltr'><strong>inobedientiam,</strong></span> <span class='ocrx_word' id='word_1_652' title='bbox 1504 4339 1580 4391; x_wconf 89' lang='lat' dir='ltr'><strong>sic</strong></span> <span class='ocrx_word' id='word_1_653' title='bbox 1605 4350 1653 4393; x_wconf 88' lang='lat' dir='ltr'><strong>et</strong></span> <span class='ocrx_word' id='word_1_654' title='bbox 1680 4339 1769 4392; x_wconf 87' lang='lat' dir='ltr'><strong>isti</strong></span> <span class='ocrx_word' id='word_1_655' title='bbox 1807 4354 1909 4392; x_wconf 87' lang='lat' dir='ltr'><strong>non</strong></span> <span class='ocrx_word' id='word_1_656' title='bbox 1933 4342 2103 4394; x_wconf 84' lang='lat' dir='ltr'><strong>credi-</strong></span> <span class='ocrx_word' id='word_1_657' title='bbox 2137 4337 2182 4393; x_wconf 92' lang='lat' dir='ltr'><strong>D</strong></span> <span class='ocrx_word' id='word_1_658' title='bbox 2208 4343 2401 4409; x_wconf 84' lang='lat' dir='ltr'><strong>oleum,</strong></span> <span class='ocrx_word' id='word_1_659' title='bbox 2430 4351 2490 4397; x_wconf 89' lang='lat' dir='ltr'><strong>ut</strong></span> <span class='ocrx_word' id='word_1_660' title='bbox 2506 4350 2564 4396; x_wconf 89' lang='lat' dir='ltr'><strong>et</strong></span> <span class='ocrx_word' id='word_1_661' title='bbox 2579 4340 2893 4397; x_wconf 88' lang='lat' dir='ltr'><strong>nosviscera</strong></span> <span class='ocrx_word' id='word_1_662' title='bbox 2913 4337 3298 4393; x_wconf 73' lang='lat' dir='ltr'><strong>misericordia:</strong></span> <span class='ocrx_word' id='word_1_663' title='bbox 3328 4339 3785 4396; x_wconf 69' lang='lat' dir='ltr'><strong>Dominitemule-</strong></span> 
     </span>
    </p>
   </div>
   <div class='ocr_carea' id='block_1_91' title="bbox 534 4426 2104 4499">
    <p class='ocr_par' dir='ltr' id='par_1_91' title="bbox 534 4426 2104 4499">
     <span class='ocr_line' id='line_1_91' title="bbox 534 4426 2104 4499; baseline 0.002 -18"><span class='ocrx_word' id='word_1_664' title='bbox 534 4429 720 4481; x_wconf 84' lang='lat' dir='ltr'><strong>derunt</strong></span> <span class='ocrx_word' id='word_1_665' title='bbox 744 4427 801 4479; x_wconf 92' lang='lat' dir='ltr'><strong>in</strong></span> <span class='ocrx_word' id='word_1_666' title='bbox 827 4435 995 4479; x_wconf 78' lang='lat' dir='ltr'><strong>vestra</strong></span> <span class='ocrx_word' id='word_1_667' title='bbox 1017 4426 1396 4494; x_wconf 83' lang='lat' dir='ltr'><strong>misericordia,</strong></span> <span class='ocrx_word' id='word_1_668' title='bbox 1425 4430 1657 4499; x_wconf 74' lang='lat' dir='ltr'><strong>utctipsi</strong></span> <span class='ocrx_word' id='word_1_669' title='bbox 1688 4431 2104 4485; x_wconf 86' lang='lat' dir='ltr'><strong>misericordiam</strong></span> 
     </span>
    </p>
   </div>
   <div class='ocr_carea' id='block_1_92' title="bbox 534 4518 2107 4593">
    <p class='ocr_par' dir='ltr' id='par_1_92' title="bbox 534 4518 2107 4593">
     <span class='ocr_line' id='line_1_92' title="bbox 534 4518 2107 4593; baseline 0.003 -21"><span class='ocrx_word' id='word_1_670' title='bbox 534 4525 935 4588; x_wconf 78' lang='lat' dir='ltr'><strong>consequantur.</strong></span> <span class='ocrx_word' id='word_1_671' title='bbox 990 4518 1258 4574; x_wconf 85' lang='lat' dir='ltr'><strong>Conclusit</strong></span> <span class='ocrx_word' id='word_1_672' title='bbox 1313 4522 1451 4576; x_wconf 86' lang='lat' dir='ltr'><strong>enim</strong></span> <span class='ocrx_word' id='word_1_673' title='bbox 1511 4520 1652 4575; x_wconf 83' lang='lat' dir='ltr'><strong>Deus</strong></span> <span class='ocrx_word' id='word_1_674' title='bbox 1685 4522 1862 4576; x_wconf 86' lang='lat' dir='ltr'><strong>omnia</strong></span> <span class='ocrx_word' id='word_1_675' title='bbox 1887 4524 1980 4576; x_wconf 81' lang='lat' dir='ltr'><strong>sub</strong></span> <span class='ocrx_word' id='word_1_676' title='bbox 1997 4539 2107 4593; x_wconf 83' lang='lat' dir='ltr'><strong>pec-</strong></span> 
     </span>
    </p>
   </div>
   <div class='ocr_carea' id='block_1_93' title="bbox 452 4610 2107 4675">
    <p class='ocr_par' dir='ltr' id='par_1_93' title="bbox 452 4610 2107 4675">
     <span class='ocr_line' id='line_1_93' title="bbox 452 4610 2107 4675; baseline 0.005 -15"><span class='ocrx_word' id='word_1_677' title='bbox 452 4614 455 4617; x_wconf 75' lang='lat'><strong><em>&#39;</em></strong></span> <span class='ocrx_word' id='word_1_678' title='bbox 533 4618 672 4675; x_wconf 84' lang='lat' dir='ltr'><strong>cato,</strong></span> <span class='ocrx_word' id='word_1_679' title='bbox 696 4615 752 4667; x_wconf 77' lang='lat' dir='ltr'><strong>ut</strong></span> <span class='ocrx_word' id='word_1_680' title='bbox 781 4610 1017 4665; x_wconf 79' lang='lat' dir='ltr'><strong>omnibus</strong></span> <span class='ocrx_word' id='word_1_681' title='bbox 1040 4611 1358 4666; x_wconf 83' lang='lat' dir='ltr'><strong>misereatur</strong></span> <span class='ocrx_word' id='word_1_682' title='bbox 1399 4612 1467 4665; x_wconf 72' lang='lat'><strong>“.</strong></span> <span class='ocrx_word' id='word_1_683' title='bbox 1520 4610 1949 4668; x_wconf 80' lang='lat' dir='ltr'><strong>Misericordiam</strong></span> <span class='ocrx_word' id='word_1_684' title='bbox 1982 4614 2107 4669; x_wconf 89' lang='lat' dir='ltr'><strong>ubi-</strong></span> 
     </span>
    </p>
   </div>
   <div class='ocr_carea' id='block_1_94' title="bbox 532 4700 2109 4775">
    <p class='ocr_par' dir='ltr' id='par_1_94' title="bbox 532 4700 2109 4775">
     <span class='ocr_line' id='line_1_94' title="bbox 532 4700 2109 4775; baseline 0.003 -21"><span class='ocrx_word' id='word_1_685' title='bbox 532 4714 640 4769; x_wconf 85' lang='lat' dir='ltr'><strong>que</strong></span> <span class='ocrx_word' id='word_1_686' title='bbox 659 4700 893 4770; x_wconf 77' lang='lat' dir='ltr'><strong>appellat</strong></span> <span class='ocrx_word' id='word_1_687' title='bbox 942 4701 1210 4757; x_wconf 83' lang='lat' dir='ltr'><strong>adventus</strong></span> <span class='ocrx_word' id='word_1_688' title='bbox 1257 4701 1459 4758; x_wconf 89' lang='lat' dir='ltr'><strong>Cbristi</strong></span> <span class='ocrx_word' id='word_1_689' title='bbox 1493 4703 1828 4769; x_wconf 80' lang='lat' dir='ltr'><strong>mysterium,</strong></span> <span class='ocrx_word' id='word_1_690' title='bbox 1886 4714 2109 4775; x_wconf 88' lang='lat' dir='ltr'><strong>propter</strong></span> 
     </span>
    </p>
   </div>
   <div class='ocr_carea' id='block_1_95' title="bbox 487 4784 2105 4877">
    <p class='ocr_par' dir='ltr' id='par_1_95' title="bbox 487 4784 2105 4877">
     <span class='ocr_line' id='line_1_95' title="bbox 487 4784 2105 4877; baseline 0.004 -35"><span class='ocrx_word' id='word_1_691' title='bbox 487 4784 677 4877; x_wconf 68' lang='lat' dir='ltr'><strong>jquod</strong></span> <span class='ocrx_word' id='word_1_692' title='bbox 708 4802 877 4859; x_wconf 88' lang='lat' dir='ltr'><strong>panes</strong></span> <span class='ocrx_word' id='word_1_693' title='bbox 930 4791 1151 4861; x_wconf 91' lang='lat' dir='ltr'><strong>quidem</strong></span> <span class='ocrx_word' id='word_1_694' title='bbox 1206 4790 1261 4844; x_wconf 91' lang='lat' dir='ltr'><strong>in</strong></span> <span class='ocrx_word' id='word_1_695' title='bbox 1327 4791 1449 4846; x_wconf 89' lang='lat' dir='ltr'><strong>oleo</strong></span> <span class='ocrx_word' id='word_1_696' title='bbox 1487 4793 1770 4862; x_wconf 88' lang='lat' dir='ltr'><strong>conspersi</strong></span> <span class='ocrx_word' id='word_1_697' title='bbox 1828 4794 2105 4849; x_wconf 84' lang='lat' dir='ltr'><strong>dicuntur.</strong></span> 
     </span>
    </p>
   </div>
   <div class='ocr_carea' id='block_1_96' title="bbox 530 4881 2109 4957">
    <p class='ocr_par' dir='ltr' id='par_1_96' title="bbox 530 4881 2109 4957">
     <span class='ocr_line' id='line_1_96' title="bbox 530 4881 2109 4957; baseline 0.003 -21"><span class='ocrx_word' id='word_1_698' title='bbox 530 4881 814 4951; x_wconf 60' lang='lat' dir='ltr'><strong>Propheta!</strong></span> <span class='ocrx_word' id='word_1_699' title='bbox 840 4889 1022 4937; x_wconf 78' lang='lat' dir='ltr'><strong>autem</strong></span> <span class='ocrx_word' id='word_1_700' title='bbox 1043 4898 1153 4939; x_wconf 86' lang='lat' dir='ltr'><strong>non</strong></span> <span class='ocrx_word' id='word_1_701' title='bbox 1175 4882 1274 4947; x_wconf 87' lang='lat' dir='ltr'><strong>sic,</strong></span> <span class='ocrx_word' id='word_1_702' title='bbox 1298 4883 1395 4939; x_wconf 90' lang='lat' dir='ltr'><strong>sed</strong></span> <span class='ocrx_word' id='word_1_703' title='bbox 1421 4884 1574 4940; x_wconf 87' lang='lat' dir='ltr'><strong>velut</strong></span> <span class='ocrx_word' id='word_1_704' title='bbox 1592 4884 1647 4940; x_wconf 86' lang='lat' dir='ltr'><strong>in</strong></span> <span class='ocrx_word' id='word_1_705' title='bbox 1674 4885 1961 4957; x_wconf 65' lang='lat' dir='ltr'><strong>aenigmate</strong></span> <span class='ocrx_word' id='word_1_706' title='bbox 1985 4903 2000 4951; x_wconf 91' lang='lat'><strong>;</strong></span> <span class='ocrx_word' id='word_1_707' title='bbox 2023 4886 2109 4941; x_wconf 91' lang='lat' dir='ltr'><strong>di-</strong></span> 
     </span>
    </p>
   </div>
   <div class='ocr_carea' id='block_1_97' title="bbox 528 4972 2108 5032">
    <p class='ocr_par' dir='ltr' id='par_1_97' title="bbox 528 4972 2108 5032">
     <span class='ocr_line' id='line_1_97' title="bbox 528 4972 2108 5032; baseline 0.003 -6"><span class='ocrx_word' id='word_1_708' title='bbox 528 4973 606 5027; x_wconf 90' lang='lat' dir='ltr'><strong>cit</strong></span> <span class='ocrx_word' id='word_1_709' title='bbox 632 4975 780 5027; x_wconf 89' lang='lat' dir='ltr'><strong>enim</strong></span> <span class='ocrx_word' id='word_1_710' title='bbox 807 4972 979 5028; x_wconf 89' lang='lat' dir='ltr'><strong>David</strong></span> <span class='ocrx_word' id='word_1_711' title='bbox 1012 4989 1028 5029; x_wconf 87' lang='lat'>:</span> <span class='ocrx_word' id='word_1_712' title='bbox 1056 4973 1419 5029; x_wconf 72' lang='lat' dir='ltr'><strong>Hisericordia</strong></span> <span class='ocrx_word' id='word_1_713' title='bbox 1447 4986 1498 5031; x_wconf 86' lang='lat' dir='ltr'><strong>et</strong></span> <span class='ocrx_word' id='word_1_714' title='bbox 1547 4977 1743 5031; x_wconf 82' lang='lat' dir='ltr'><strong>veritas</strong></span> <span class='ocrx_word' id='word_1_715' title='bbox 1770 4978 2108 5032; x_wconf 81' lang='lat' dir='ltr'><strong>oboiaverant</strong></span> 
     </span>
    </p>
   </div>
   <div class='ocr_carea' id='block_1_98' title="bbox 527 5062 2107 5132">
    <p class='ocr_par' dir='ltr' id='par_1_98' title="bbox 527 5062 2107 5132">
     <span class='ocr_line' id='line_1_98' title="bbox 527 5062 2107 5132; baseline 0.003 -15"><span class='ocrx_word' id='word_1_716' title='bbox 527 5064 626 5118; x_wconf 90' lang='lat' dir='ltr'><strong>sibi</strong></span> <span class='ocrx_word' id='word_1_717' title='bbox 640 5064 706 5120; x_wconf 77' lang='lat'><strong>”.</strong></span> <span class='ocrx_word' id='word_1_718' title='bbox 731 5062 794 5120; x_wconf 89' lang='lat' dir='ltr'><strong>Et</strong></span> <span class='ocrx_word' id='word_1_719' title='bbox 823 5079 1011 5120; x_wconf 84' lang='lat' dir='ltr'><strong>rursus</strong></span> <span class='ocrx_word' id='word_1_720' title='bbox 1042 5081 1055 5118; x_wconf 91' lang='lat'><strong>:</strong></span> <span class='ocrx_word' id='word_1_721' title='bbox 1081 5064 1305 5121; x_wconf 83' lang='lat' dir='ltr'><strong>Ostende</strong></span> <span class='ocrx_word' id='word_1_722' title='bbox 1338 5067 1504 5130; x_wconf 86' lang='lat' dir='ltr'><strong>nobis,</strong></span> <span class='ocrx_word' id='word_1_723' title='bbox 1534 5066 1780 5132; x_wconf 72' lang='lat' dir='ltr'><strong>Homine,</strong></span> <span class='ocrx_word' id='word_1_724' title='bbox 1805 5068 2107 5122; x_wconf 83' lang='lat' dir='ltr'><strong>misericor-</strong></span> 
     </span>
    </p>
   </div>
   <div class='ocr_carea' id='block_1_99' title="bbox 527 5155 2101 5230">
    <p class='ocr_par' dir='ltr' id='par_1_99' title="bbox 527 5155 2101 5230">
     <span class='ocr_line' id='line_1_99' title="bbox 527 5155 2101 5230; baseline 0.004 -23"><span class='ocrx_word' id='word_1_725' title='bbox 527 5155 675 5209; x_wconf 84' lang='lat' dir='ltr'><strong>diam</strong></span> <span class='ocrx_word' id='word_1_726' title='bbox 700 5164 848 5209; x_wconf 82' lang='lat' dir='ltr'><strong>tuam</strong></span> <span class='ocrx_word' id='word_1_727' title='bbox 877 5165 925 5211; x_wconf 86' lang='lat' dir='ltr'><strong>et</strong></span> <span class='ocrx_word' id='word_1_728' title='bbox 946 5156 1187 5211; x_wconf 83' lang='lat' dir='ltr'><strong>salutare</strong></span> <span class='ocrx_word' id='word_1_729' title='bbox 1216 5165 1365 5211; x_wconf 88' lang='lat' dir='ltr'><strong>tuum</strong></span> <span class='ocrx_word' id='word_1_730' title='bbox 1396 5158 1465 5211; x_wconf 76' lang='lat' dir='ltr'><strong>da</strong></span> <span class='ocrx_word' id='word_1_731' title='bbox 1518 5159 1663 5212; x_wconf 85' lang='lat' dir='ltr'><strong>nobis</strong></span> <span class='ocrx_word' id='word_1_732' title='bbox 1692 5159 1759 5214; x_wconf 80' lang='lat'><strong>“.</strong></span> <span class='ocrx_word' id='word_1_733' title='bbox 1810 5159 2101 5230; x_wconf 87' lang='lat' dir='ltr'><strong>Propterea</strong></span> 
     </span>
    </p>
   </div>
   <div class='ocr_carea' id='block_1_100' title="bbox 524 5247 2101 5320">
    <p class='ocr_par' dir='ltr' id='par_1_100' title="bbox 524 5247 2101 5320">
     <span class='ocr_line' id='line_1_100' title="bbox 524 5247 2101 5320; baseline 0.005 -24"><span class='ocrx_word' id='word_1_734' title='bbox 524 5256 638 5298; x_wconf 89' lang='lat' dir='ltr'><strong>non</strong></span> <span class='ocrx_word' id='word_1_735' title='bbox 659 5258 976 5316; x_wconf 85' lang='lat' dir='ltr'><strong>conspersa,</strong></span> <span class='ocrx_word' id='word_1_736' title='bbox 1004 5247 1100 5302; x_wconf 90' lang='lat' dir='ltr'><strong>sed</strong></span> <span class='ocrx_word' id='word_1_737' title='bbox 1117 5247 1211 5302; x_wconf 89' lang='lat' dir='ltr'><strong>lita</strong></span> <span class='ocrx_word' id='word_1_738' title='bbox 1232 5248 1354 5303; x_wconf 87' lang='lat' dir='ltr'><strong>oleo</strong></span> <span class='ocrx_word' id='word_1_739' title='bbox 1381 5249 1572 5319; x_wconf 86' lang='lat' dir='ltr'><strong>lagaua</strong></span> <span class='ocrx_word' id='word_1_740' title='bbox 1603 5250 1961 5320; x_wconf 78' lang='lat' dir='ltr'><strong>appellantur.</strong></span> <span class='ocrx_word' id='word_1_741' title='bbox 1995 5250 2101 5306; x_wconf 91' lang='lat' dir='ltr'><strong>Sed</strong></span> 
     </span>
    </p>
   </div>
   <div class='ocr_carea' id='block_1_101' title="bbox 525 5334 2100 5413">
    <p class='ocr_par' dir='ltr' id='par_1_101' title="bbox 525 5334 2100 5413">
     <span class='ocr_line' id='line_1_101' title="bbox 525 5334 2100 5413; baseline 0.004 -24"><span class='ocrx_word' id='word_1_742' title='bbox 525 5334 746 5391; x_wconf 86' lang='lat' dir='ltr'><strong>etiliam</strong></span> <span class='ocrx_word' id='word_1_743' title='bbox 773 5339 985 5394; x_wconf 89' lang='lat' dir='ltr'><strong>custodi</strong></span> <span class='ocrx_word' id='word_1_744' title='bbox 1023 5340 1315 5394; x_wconf 85' lang='lat' dir='ltr'><strong>verborum</strong></span> <span class='ocrx_word' id='word_1_745' title='bbox 1388 5341 1766 5406; x_wconf 88' lang='lat' dir='ltr'><strong>subtilitatem,</strong></span> <span class='ocrx_word' id='word_1_746' title='bbox 1806 5343 2100 5413; x_wconf 88' lang='lat' dir='ltr'><strong>quomodo,</strong></span> 
     </span>
    </p>
   </div>
   <div class='ocr_carea' id='block_1_102' title="bbox 526 5428 2100 5502">
    <p class='ocr_par' dir='ltr' id='par_1_102' title="bbox 526 5428 2100 5502">
     <span class='ocr_line' id='line_1_102' title="bbox 526 5428 2100 5502; baseline 0.006 -22"><span class='ocrx_word' id='word_1_747' title='bbox 526 5428 745 5494; x_wconf 89' lang='lat' dir='ltr'><strong>quando</strong></span> <span class='ocrx_word' id='word_1_748' title='bbox 777 5430 893 5485; x_wconf 80' lang='lat' dir='ltr'><strong>vult</strong></span> <span class='ocrx_word' id='word_1_749' title='bbox 923 5439 983 5486; x_wconf 92' lang='lat' dir='ltr'><strong>ut</strong></span> <span class='ocrx_word' id='word_1_750' title='bbox 1010 5447 1110 5487; x_wconf 90' lang='lat' dir='ltr'><strong>nos</strong></span> <span class='ocrx_word' id='word_1_751' title='bbox 1136 5431 1512 5499; x_wconf 89' lang='lat' dir='ltr'><strong>misereamur,</strong></span> <span class='ocrx_word' id='word_1_752' title='bbox 1574 5433 1707 5489; x_wconf 90' lang='lat' dir='ltr'><strong>dicit</strong></span> <span class='ocrx_word' id='word_1_753' title='bbox 1761 5435 1853 5489; x_wconf 83' lang='lat' dir='ltr'><strong>de.</strong></span> <span class='ocrx_word' id='word_1_754' title='bbox 1889 5450 1956 5490; x_wconf 89' lang='lat' dir='ltr'><strong>eo</strong></span> <span class='ocrx_word' id='word_1_755' title='bbox 2010 5432 2100 5502; x_wconf 91' lang='lat' dir='ltr'><strong>qui</strong></span> 
     </span>
    </p>
   </div>
   <div class='ocr_carea' id='block_1_103' title="bbox 591 5560 1576 5627">
    <p class='ocr_par' dir='ltr' id='par_1_103' title="bbox 591 5560 1576 5627">
     <span class='ocr_line' id='line_1_103' title="bbox 591 5560 1576 5627; baseline 0.01 -14"><span class='ocrx_word' id='word_1_756' title='bbox 591 5560 641 5595; x_wconf 81' lang='grc'><strong>⁸⁸</strong></span> <span class='ocrx_word' id='word_1_757' title='bbox 680 5560 837 5618; x_wconf 84' lang='lat' dir='ltr'><strong>Joan.</strong></span> <span class='ocrx_word' id='word_1_758' title='bbox 879 5582 916 5627; x_wconf 84' lang='grc' dir='ltr'><strong>ι,</strong></span> <span class='ocrx_word' id='word_1_759' title='bbox 952 5567 1040 5622; x_wconf 75' lang='lat'><strong>29.</strong></span> <span class='ocrx_word' id='word_1_760' title='bbox 1136 5569 1184 5600; x_wconf 79' lang='grc'><strong>⁸⁸</strong></span> <span class='ocrx_word' id='word_1_761' title='bbox 1231 5567 1360 5623; x_wconf 82' lang='lat' dir='ltr'><strong>Luc.</strong></span> <span class='ocrx_word' id='word_1_762' title='bbox 1401 5585 1441 5625; x_wconf 88' lang='lat' dir='ltr'><strong>t.</strong></span> <span class='ocrx_word' id='word_1_763' title='bbox 1485 5569 1576 5627; x_wconf 76' lang='lat'><strong>3‘5.</strong></span> 
     </span>
    </p>
   </div>
   <div class='ocr_carea' id='block_1_104' title="bbox 532 5630 1482 5707">
    <p class='ocr_par' dir='ltr' id='par_1_104' title="bbox 532 5630 1482 5707">
     <span class='ocr_line' id='line_1_104' title="bbox 532 5630 1482 5707; baseline 0.006 -20"><span class='ocrx_word' id='word_1_764' title='bbox 532 5632 575 5669; x_wconf 80' lang='lat'><strong>&quot;</strong></span> <span class='ocrx_word' id='word_1_765' title='bbox 603 5630 804 5688; x_wconf 76' lang='lat' dir='ltr'><strong>Ezech.</strong></span> <span class='ocrx_word' id='word_1_766' title='bbox 840 5648 912 5700; x_wconf 86' lang='lat' dir='ltr'><strong>tv,</strong></span> <span class='ocrx_word' id='word_1_767' title='bbox 933 5636 986 5689; x_wconf 80' lang='lat'><strong>5.</strong></span> <span class='ocrx_word' id='word_1_768' title='bbox 1061 5639 1105 5671; x_wconf 78' lang='grc'><strong>⁹¹</strong></span> <span class='ocrx_word' id='word_1_769' title='bbox 1134 5638 1264 5693; x_wconf 86' lang='lat' dir='ltr'><strong>Luc.</strong></span> <span class='ocrx_word' id='word_1_770' title='bbox 1290 5655 1365 5707; x_wconf 74' lang='lat' dir='ltr'><strong>vi,</strong></span> <span class='ocrx_word' id='word_1_771' title='bbox 1395 5639 1482 5695; x_wconf 77' lang='lat'><strong>56.</strong></span> 
     </span>
    </p>
   </div>
   <div class='ocr_carea' id='block_1_105' title="bbox 2204 4428 3786 4502">
    <p class='ocr_par' dir='ltr' id='par_1_105' title="bbox 2204 4428 3786 4502">
     <span class='ocr_line' id='line_1_105' title="bbox 2204 4428 3786 4502; baseline -0.004 -12"><span class='ocrx_word' id='word_1_772' title='bbox 2204 4450 2364 4498; x_wconf 90' lang='lat' dir='ltr'><strong>mur;</strong></span> <span class='ocrx_word' id='word_1_773' title='bbox 2397 4432 2473 4488; x_wconf 89' lang='lat' dir='ltr'><strong>ait</strong></span> <span class='ocrx_word' id='word_1_774' title='bbox 2499 4431 2701 4502; x_wconf 90' lang='lat' dir='ltr'><strong>quippe</strong></span> <span class='ocrx_word' id='word_1_775' title='bbox 2738 4448 2753 4486; x_wconf 89' lang='lat'><strong>:</strong></span> <span class='ocrx_word' id='word_1_776' title='bbox 2783 4430 2965 4484; x_wconf 83' lang='lat' dir='ltr'><strong>Estote</strong></span> <span class='ocrx_word' id='word_1_777' title='bbox 3010 4428 3375 4482; x_wconf 81' lang='lat' dir='ltr'><strong>misericordes</strong></span> <span class='ocrx_word' id='word_1_778' title='bbox 3399 4430 3600 4483; x_wconf 82' lang='lat' dir='ltr'><strong>sicutet</strong></span> <span class='ocrx_word' id='word_1_779' title='bbox 3621 4429 3786 4484; x_wconf 86' lang='lat' dir='ltr'><strong>Pater</strong></span> 
     </span>
    </p>
   </div>
   <div class='ocr_carea' id='block_1_106' title="bbox 2204 4517 3784 4586">
    <p class='ocr_par' dir='ltr' id='par_1_106' title="bbox 2204 4517 3784 4586">
     <span class='ocr_line' id='line_1_106' title="bbox 2204 4517 3784 4586; baseline -0.004 -6"><span class='ocrx_word' id='word_1_780' title='bbox 2204 4535 2371 4581; x_wconf 84' lang='lat' dir='ltr'><strong>vester</strong></span> <span class='ocrx_word' id='word_1_781' title='bbox 2397 4523 2694 4578; x_wconf 81' lang='lat' dir='ltr'><strong>misericors</strong></span> <span class='ocrx_word' id='word_1_782' title='bbox 2724 4530 2797 4575; x_wconf 88' lang='lat' dir='ltr'><strong>cst</strong></span> <span class='ocrx_word' id='word_1_783' title='bbox 2822 4520 2891 4574; x_wconf 80' lang='lat'><strong>“.</strong></span> <span class='ocrx_word' id='word_1_784' title='bbox 2923 4517 3060 4586; x_wconf 86' lang='lat' dir='ltr'><strong>Quia</strong></span> <span class='ocrx_word' id='word_1_785' title='bbox 3091 4518 3235 4572; x_wconf 75' lang='lat' dir='ltr'><strong>enim</strong></span> <span class='ocrx_word' id='word_1_786' title='bbox 3274 4518 3381 4573; x_wconf 88' lang='lat' dir='ltr'><strong>hoc</strong></span> <span class='ocrx_word' id='word_1_787' title='bbox 3407 4519 3474 4573; x_wconf 89' lang='lat' dir='ltr'><strong>de</strong></span> <span class='ocrx_word' id='word_1_788' title='bbox 3502 4517 3784 4575; x_wconf 87' lang='lat' dir='ltr'><strong>Dominica</strong></span> 
     </span>
    </p>
   </div>
   <div class='ocr_carea' id='block_1_107' title="bbox 2204 4608 3783 4688">
    <p class='ocr_par' dir='ltr' id='par_1_107' title="bbox 2204 4608 3783 4688">
     <span class='ocr_line' id='line_1_107' title="bbox 2204 4608 3783 4688; baseline -0.004 -18"><span class='ocrx_word' id='word_1_789' title='bbox 2204 4614 2551 4688; x_wconf 86' lang='lat' dir='ltr'><strong>preposuerit</strong></span> <span class='ocrx_word' id='word_1_790' title='bbox 2610 4612 2865 4684; x_wconf 89' lang='lat' dir='ltr'><strong>passione</strong></span> <span class='ocrx_word' id='word_1_791' title='bbox 2920 4608 3215 4680; x_wconf 89' lang='lat' dir='ltr'><strong>capitulum</strong></span> <span class='ocrx_word' id='word_1_792' title='bbox 3242 4649 3258 4675; x_wconf 92' lang='lat'><strong>,</strong></span> <span class='ocrx_word' id='word_1_793' title='bbox 3320 4609 3625 4680; x_wconf 85' lang='lat' dir='ltr'><strong>designatio</strong></span> <span class='ocrx_word' id='word_1_794' title='bbox 3683 4609 3783 4663; x_wconf 78' lang='lat' dir='ltr'><strong>de-</strong></span> 
     </span>
    </p>
   </div>
   <div class='ocr_carea' id='block_1_108' title="bbox 2205 4699 3783 4774">
    <p class='ocr_par' dir='ltr' id='par_1_108' title="bbox 2205 4699 3783 4774">
     <span class='ocr_line' id='line_1_108' title="bbox 2205 4699 3783 4774; baseline -0.006 -13"><span class='ocrx_word' id='word_1_795' title='bbox 2205 4714 2475 4762; x_wconf 87' lang='lat' dir='ltr'><strong>monstrat</strong></span> <span class='ocrx_word' id='word_1_796' title='bbox 2526 4704 2640 4774; x_wconf 87' lang='lat' dir='ltr'><strong>ipsa</strong></span> <span class='ocrx_word' id='word_1_797' title='bbox 2693 4716 3030 4757; x_wconf 88' lang='lat' dir='ltr'><strong>sermonum.</strong></span> <span class='ocrx_word' id='word_1_798' title='bbox 3086 4700 3242 4767; x_wconf 85' lang='lat' dir='ltr'><strong>Quod</strong></span> <span class='ocrx_word' id='word_1_799' title='bbox 3285 4701 3431 4755; x_wconf 90' lang='lat' dir='ltr'><strong>enim</strong></span> <span class='ocrx_word' id='word_1_800' title='bbox 3482 4699 3783 4755; x_wconf 88' lang='lat' dir='ltr'><strong>secundum</strong></span> 
     </span>
    </p>
   </div>
   <div class='ocr_carea' id='block_1_109' title="bbox 2208 4791 3787 4863">
    <p class='ocr_par' dir='ltr' id='par_1_109' title="bbox 2208 4791 3787 4863">
     <span class='ocr_line' id='line_1_109' title="bbox 2208 4791 3787 4863; baseline -0.003 -11"><span class='ocrx_word' id='word_1_801' title='bbox 2208 4795 2349 4852; x_wconf 82' lang='lat' dir='ltr'><strong>LXX</strong></span> <span class='ocrx_word' id='word_1_802' title='bbox 2377 4795 2602 4857; x_wconf 84' lang='lat' dir='ltr'><strong>addidit,</strong></span> <span class='ocrx_word' id='word_1_803' title='bbox 2635 4793 2967 4863; x_wconf 79' lang='lat' dir='ltr'><strong>Sacriﬁcium</strong></span> <span class='ocrx_word' id='word_1_804' title='bbox 3013 4802 3087 4847; x_wconf 86' lang='lat' dir='ltr'><strong>est</strong></span> <span class='ocrx_word' id='word_1_805' title='bbox 3130 4792 3371 4856; x_wconf 85' lang='lat' dir='ltr'><strong>Domino,</strong></span> <span class='ocrx_word' id='word_1_806' title='bbox 3406 4794 3510 4847; x_wconf 90' lang='lat' dir='ltr'><strong>hoc</strong></span> <span class='ocrx_word' id='word_1_807' title='bbox 3554 4791 3642 4846; x_wconf 90' lang='lat' dir='ltr'><strong>hic</strong></span> <span class='ocrx_word' id='word_1_808' title='bbox 3688 4792 3787 4847; x_wconf 86' lang='lat' dir='ltr'><strong>ad-</strong></span> 
     </span>
    </p>
   </div>
   <div class='ocr_carea' id='block_1_110' title="bbox 2205 4883 3786 4955">
    <p class='ocr_par' dir='ltr' id='par_1_110' title="bbox 2205 4883 3786 4955">
     <span class='ocr_line' id='line_1_110' title="bbox 2205 4883 3786 4955; baseline -0.002 -14"><span class='ocrx_word' id='word_1_809' title='bbox 2205 4886 2341 4942; x_wconf 88' lang='lat' dir='ltr'><strong>dens</strong></span> <span class='ocrx_word' id='word_1_810' title='bbox 2377 4885 2733 4955; x_wconf 68' lang='lat' dir='ltr'><strong>praacipuum,</strong></span> <span class='ocrx_word' id='word_1_811' title='bbox 2778 4884 2923 4953; x_wconf 90' lang='lat' dir='ltr'><strong>quod</strong></span> <span class='ocrx_word' id='word_1_812' title='bbox 2954 4899 3221 4955; x_wconf 87' lang='lat' dir='ltr'><strong>nusquam</strong></span> <span class='ocrx_word' id='word_1_813' title='bbox 3254 4883 3311 4938; x_wconf 93' lang='lat' dir='ltr'><strong>in</strong></span> <span class='ocrx_word' id='word_1_814' title='bbox 3372 4884 3786 4940; x_wconf 72' lang='lat' dir='ltr'><strong>holocautoma-</strong></span> 
     </span>
    </p>
   </div>
   <div class='ocr_carea' id='block_1_111' title="bbox 2206 4974 3783 5046">
    <p class='ocr_par' dir='ltr' id='par_1_111' title="bbox 2206 4974 3783 5046">
     <span class='ocr_line' id='line_1_111' title="bbox 2206 4974 3783 5046; baseline -0.002 -14"><span class='ocrx_word' id='word_1_815' title='bbox 2206 4976 2277 5034; x_wconf 89' lang='lat' dir='ltr'><strong>tis</strong></span> <span class='ocrx_word' id='word_1_816' title='bbox 2319 4975 2619 5046; x_wconf 88' lang='lat' dir='ltr'><strong>inscripsit,</strong></span> <span class='ocrx_word' id='word_1_817' title='bbox 2655 4982 2749 5029; x_wconf 86' lang='lat' dir='ltr'><strong>aut</strong></span> <span class='ocrx_word' id='word_1_818' title='bbox 2782 4974 3001 5029; x_wconf 81' lang='lat' dir='ltr'><strong>iu&#39;aliis</strong></span> <span class='ocrx_word' id='word_1_819' title='bbox 3031 4990 3153 5045; x_wconf 76' lang='lat' dir='ltr'><strong>quae</strong></span> <span class='ocrx_word' id='word_1_820' title='bbox 3186 4975 3447 5046; x_wconf 66' lang='lat' dir='ltr'><strong>praecepit</strong></span> <span class='ocrx_word' id='word_1_821' title='bbox 3479 4977 3734 5045; x_wconf 84' lang='lat' dir='ltr'><strong>superius</strong></span> <span class='ocrx_word' id='word_1_822' title='bbox 3768 4988 3783 5029; x_wconf 87' lang='lat'><strong>:</strong></span> 
     </span>
    </p>
   </div>
   <div class='ocr_carea' id='block_1_112' title="bbox 2207 5064 3786 5137">
    <p class='ocr_par' dir='ltr' id='par_1_112' title="bbox 2207 5064 3786 5137">
     <span class='ocr_line' id='line_1_112' title="bbox 2207 5064 3786 5137; baseline 0.002 -17"><span class='ocrx_word' id='word_1_823' title='bbox 2207 5066 2296 5121; x_wconf 88' lang='lat' dir='ltr'><strong>hic</strong></span> <span class='ocrx_word' id='word_1_824' title='bbox 2337 5073 2519 5120; x_wconf 89' lang='lat' dir='ltr'><strong>autem</strong></span> <span class='ocrx_word' id='word_1_825' title='bbox 2566 5064 2822 5120; x_wconf 89' lang='lat' dir='ltr'><strong>addidit:</strong></span> <span class='ocrx_word' id='word_1_826' title='bbox 2859 5066 2988 5134; x_wconf 86' lang='lat' dir='ltr'><strong>quia</strong></span> <span class='ocrx_word' id='word_1_827' title='bbox 3024 5065 3299 5137; x_wconf 88' lang='lat' dir='ltr'><strong>Unigeniti</strong></span> <span class='ocrx_word' id='word_1_828' title='bbox 3347 5066 3528 5137; x_wconf 90' lang='lat' dir='ltr'><strong>passio</strong></span> <span class='ocrx_word' id='word_1_829' title='bbox 3576 5068 3786 5123; x_wconf 55' lang='lat' dir='ltr'><strong>sacriﬁ‘</strong></span> 
     </span>
    </p>
   </div>
   <div class='ocr_carea' id='block_1_113' title="bbox 2209 5154 3785 5225">
    <p class='ocr_par' dir='ltr' id='par_1_113' title="bbox 2209 5154 3785 5225">
     <span class='ocr_line' id='line_1_113' title="bbox 2209 5154 3785 5225; baseline 0.001 -15"><span class='ocrx_word' id='word_1_830' title='bbox 2209 5156 2352 5210; x_wconf 91' lang='lat' dir='ltr'><strong>cium</strong></span> <span class='ocrx_word' id='word_1_831' title='bbox 2405 5155 2517 5209; x_wconf 89' lang='lat' dir='ltr'><strong>Deo</strong></span> <span class='ocrx_word' id='word_1_832' title='bbox 2562 5154 2709 5211; x_wconf 89' lang='lat' dir='ltr'><strong>Patri</strong></span> <span class='ocrx_word' id='word_1_833' title='bbox 2760 5155 2938 5210; x_wconf 89' lang='lat' dir='ltr'><strong>oblata</strong></span> <span class='ocrx_word' id='word_1_834' title='bbox 2990 5165 3108 5221; x_wconf 88' lang='lat' dir='ltr'><strong>est,</strong></span> <span class='ocrx_word' id='word_1_835' title='bbox 3161 5157 3514 5225; x_wconf 90' lang='lat' dir='ltr'><strong>semetipsum</strong></span> <span class='ocrx_word' id='word_1_836' title='bbox 3544 5156 3785 5223; x_wconf 80' lang='lat' dir='ltr'><strong>Christo,</strong></span> 
     </span>
    </p>
   </div>
   <div class='ocr_carea' id='block_1_114' title="bbox 2209 5247 3784 5318">
    <p class='ocr_par' dir='ltr' id='par_1_114' title="bbox 2209 5247 3784 5318">
     <span class='ocr_line' id='line_1_114' title="bbox 2209 5247 3784 5318; baseline 0.001 -17"><span class='ocrx_word' id='word_1_837' title='bbox 2209 5248 2666 5318; x_wconf 89' lang='lat' dir='ltr'><strong>quemadmodum</strong></span> <span class='ocrx_word' id='word_1_838' title='bbox 2719 5249 2795 5303; x_wconf 91' lang='lat' dir='ltr'><strong>ait</strong></span> <span class='ocrx_word' id='word_1_839' title='bbox 2851 5247 3083 5313; x_wconf 87' lang='lat' dir='ltr'><strong>Paulus,</strong></span> <span class='ocrx_word' id='word_1_840' title='bbox 3130 5247 3437 5304; x_wconf 76' lang='lat' dir='ltr'><strong>oﬁ‘erente:</strong></span> <span class='ocrx_word' id='word_1_841' title='bbox 3471 5249 3545 5302; x_wconf 88' lang='lat' dir='ltr'><strong>ait</strong></span> <span class='ocrx_word' id='word_1_842' title='bbox 3589 5248 3735 5302; x_wconf 89' lang='lat' dir='ltr'><strong>enim</strong></span> <span class='ocrx_word' id='word_1_843' title='bbox 3770 5262 3784 5302; x_wconf 87' lang='lat'><strong>:</strong></span> 
     </span>
    </p>
   </div>
   <div class='ocr_carea' id='block_1_115' title="bbox 2211 5337 3791 5409">
    <p class='ocr_par' dir='ltr' id='par_1_115' title="bbox 2211 5337 3791 5409">
     <span class='ocr_line' id='line_1_115' title="bbox 2211 5337 3791 5409; baseline -0.001 -16"><span class='ocrx_word' id='word_1_844' title='bbox 2211 5337 2269 5393; x_wconf 87' lang='lat' dir='ltr'><strong>Si</strong></span> <span class='ocrx_word' id='word_1_845' title='bbox 2295 5339 2434 5393; x_wconf 88' lang='lat' dir='ltr'><strong>enim</strong></span> <span class='ocrx_word' id='word_1_846' title='bbox 2462 5339 2679 5409; x_wconf 86' lang='lat' dir='ltr'><strong>sanguis</strong></span> <span class='ocrx_word' id='word_1_847' title='bbox 2725 5348 3001 5393; x_wconf 84' lang='lat' dir='ltr'><strong>taurorum</strong></span> <span class='ocrx_word' id='word_1_848' title='bbox 3054 5347 3102 5392; x_wconf 86' lang='lat' dir='ltr'><strong>et</strong></span> <span class='ocrx_word' id='word_1_849' title='bbox 3134 5340 3417 5402; x_wconf 81' lang='lat' dir='ltr'><strong>hircorum,</strong></span> <span class='ocrx_word' id='word_1_850' title='bbox 3449 5348 3498 5392; x_wconf 89' lang='lat' dir='ltr'><strong>et</strong></span> <span class='ocrx_word' id='word_1_851' title='bbox 3539 5339 3668 5392; x_wconf 88' lang='lat' dir='ltr'><strong>cinis</strong></span> <span class='ocrx_word' id='word_1_852' title='bbox 3708 5354 3791 5393; x_wconf 70' lang='grc' dir='ltr'>ωδ</span> 
     </span>
    </p>
   </div>
   <div class='ocr_carea' id='block_1_116' title="bbox 2213 5430 3788 5501">
    <p class='ocr_par' dir='ltr' id='par_1_116' title="bbox 2213 5430 3788 5501">
     <span class='ocr_line' id='line_1_116' title="bbox 2213 5430 3788 5501; baseline -0.001 -17"><span class='ocrx_word' id='word_1_853' title='bbox 2213 5431 2337 5486; x_wconf 68' lang='lat' dir='ltr'><strong>tuta:</strong></span> <span class='ocrx_word' id='word_1_854' title='bbox 2359 5447 2604 5501; x_wconf 85' lang='lat' dir='ltr'><strong>aspersus</strong></span> <span class='ocrx_word' id='word_1_855' title='bbox 2632 5431 2996 5501; x_wconf 84' lang='lat' dir='ltr'><strong>coinquinatos</strong></span> <span class='ocrx_word' id='word_1_856' title='bbox 3027 5430 3323 5499; x_wconf 79' lang='lat' dir='ltr'><strong>sanctiﬁcat</strong></span> <span class='ocrx_word' id='word_1_857' title='bbox 3352 5431 3425 5484; x_wconf 91' lang='lat' dir='ltr'><strong>ad</strong></span> <span class='ocrx_word' id='word_1_858' title='bbox 3447 5431 3788 5484; x_wconf 86' lang='lat' dir='ltr'><strong>emundatio-</strong></span> 
     </span>
    </p>
   </div>
   <div class='ocr_carea' id='block_1_117' title="bbox 1650 5567 3791 5638">
    <p class='ocr_par' dir='ltr' id='par_1_117' title="bbox 1650 5567 3791 5638">
     <span class='ocr_line' id='line_1_117' title="bbox 1650 5567 3791 5638; baseline -0 -12"><span class='ocrx_word' id='word_1_859' title='bbox 1650 5570 1854 5626; x_wconf 76' lang='lat' dir='ltr'><strong>&quot;Gen.</strong></span> <span class='ocrx_word' id='word_1_860' title='bbox 1886 5586 1979 5638; x_wconf 73' lang='lat' dir='ltr'><strong>xv,</strong></span> <span class='ocrx_word' id='word_1_861' title='bbox 2023 5570 2110 5625; x_wconf 82' lang='lat' dir='ltr'><strong>l7.</strong></span> <span class='ocrx_word' id='word_1_862' title='bbox 2162 5568 2209 5602; x_wconf 81' lang='grc'><strong>⁸⁸</strong></span> <span class='ocrx_word' id='word_1_863' title='bbox 2246 5568 2406 5625; x_wconf 82' lang='lat' dir='ltr'><strong>Rom.</strong></span> <span class='ocrx_word' id='word_1_864' title='bbox 2438 5585 2517 5636; x_wconf 72' lang='lat' dir='ltr'><strong>XI,</strong></span> <span class='ocrx_word' id='word_1_865' title='bbox 2548 5569 2739 5627; x_wconf 75' lang='lat'><strong>50-59..</strong></span> <span class='ocrx_word' id='word_1_866' title='bbox 2814 5570 2861 5604; x_wconf 70' lang='grc'><strong>⁸⁸</strong></span> <span class='ocrx_word' id='word_1_867' title='bbox 2886 5568 3030 5625; x_wconf 85' lang='lat' dir='ltr'><strong>Psal.</strong></span> <span class='ocrx_word' id='word_1_868' title='bbox 3092 5584 3315 5638; x_wconf 76' lang='lat' dir='ltr'><strong>Lxxxw,</strong></span> <span class='ocrx_word' id='word_1_869' title='bbox 3370 5569 3426 5627; x_wconf 90' lang='lat'><strong>8.</strong></span> <span class='ocrx_word' id='word_1_870' title='bbox 3501 5569 3549 5602; x_wconf 87' lang='lat'><strong>’°</strong></span> <span class='ocrx_word' id='word_1_871' title='bbox 3572 5567 3708 5624; x_wconf 88' lang='lat' dir='ltr'><strong>ibid.</strong></span> <span class='ocrx_word' id='word_1_872' title='bbox 3732 5567 3791 5625; x_wconf 88' lang='lat'><strong>8.</strong></span> 
     </span>
    </p>
   </div>
  </div>
