4076 6188
350 305 462 369 ³809

1518 303 1599 362 1N
1641 302 2074 363 LEVI'I‘lCUM.
2120 327 2185 336 —
2226 302 2369 363 LIB.
2413 301 2464 360 Ι.

3508 302 3616 367 811)

351 428 473 467 nent
490 410 687 468 carnis.
712 418 909 478 quanta
928 408 1095 478 ntagis
1108 407 1325 478 sanguis
1347 406 1562 472 Christi,
1587 407 1678 477 qui
1702 422 1795 475 per
1817 404 1940 475 Spi-
1973 418 2014 468 Α
2046 414 2101 457 et
2136 404 2355 460 dedisse
2383 406 2504 460 viro
2542 406 2632 475 qui
2662 406 2893 461 vestitus
2921 417 3038 462 erat
3068 408 3253 476 lineis,
3282 410 3457 481 ipsum
3488 430 3618 469 vero

359 504 518 555 ritum
534 509 773 555 sanctum
786 498 1121 562 sentett'psum
1141 496 1324 551 obtulit
1338 496 1739 551 immaculatum
1754 496 1859 550 Deo
1867 496 1940 550 ἠ

436 588 594 643 Vsus.
638 588 791 641 τ-ιυ.
828 603 848 637 ι
881 585 981 640 Sin
1009 594 1192 639 autem
1235 584 1304 639 de
1345 584 1605 639 craticula
1648 582 1809 638 fuerit
1855 596 1942 635 sa-

360 680 668 744 criﬁcium,
717 692 873 748 aeque
922 677 1102 735 simila
1159 676 1282 730 oleo
1336 682 1745 745 eonspergetur,
1773 687 1940 744 quam

351 774 599 827 ederetis
649 769 885 825 Domino
928 768 1114 823 tradet
1156 767 1416 822 manibus
1458 765 1757 821 sacerdotis
1798 784 1813 820 :
1846 765 1940 835 qui

361 880 486 920 cum
525 862 787 919 obtulerit
826 875 975 922 eam.
1012 861 1167 915 tollet
1199 859 1521 915 memoriale
1552 859 1621 914 de
1651 857 1939 922 sacriﬁcio,

354 967 419 1011 ct
454 957 697 1023 adolebit
739 968 895 1025 super
947 953 1122 1010 altare
1154 955 1209 1006 in
1245 952 1468 1007 odorem
1507 950 1793 1006 suavitatis
1832 949 1942 1004 Do-

357 1047 534 1102 mino.
586 1045 862 1115 Quidquid
913 1052 1096 1099 autem
1143 1042 1415 1113 reliquum
1458 1050 1571 1104 est,
1611 1043 1718 1097 erit
1758 1044 1939 1095 Aaron

353 1148 421 1193 et
453 1138 689 1195 ﬁliorum
731 1137 876 1208 ejus,
915 1145 1165 1192 sanctum
1207 1147 1519 1193 sanctorum
1556 1135 1625 1192 de
1650 1132 1942 1191 oblationi-

359 1230 470 1283 bus
498 1228 734 1283 Domini.
767 1246 787 1280 ι

440 1318 653 1373 Similia
683 1318 965 1387 disputare
1004 1325 1060 1371 et
1093 1315 1161 1370 de
1192 1313 1596 1370 resurrectione
1632 1313 1943 1384 disceptan-

358 1417 476 1462 ttm
521 1407 655 1473 vult,
684 1408 844 1477 cujus
872 1404 1192 1476 mysterium
1235 1403 1552 1459 craticulam
1598 1418 1709 1458 non
1744 1403 1943 1458 frustra

363 1498 677 1567 appellavit,
711 1498 807 1554 sed
839 1511 939 1567 per
967 1495 1286 1550 craticulam
1325 1504 1560 1550 mortem
1595 1494 1940 1565 signiﬁcavit.

357 1590 522 1645 sicut
567 1601 751 1646 autem
796 1590 852 1644 in
901 1587 1175 1658 sartagine
1217 1586 1557 1641 Dominicam
1587 1601 1808 1642 erucem
1846 1601 1942 1641 su-

354 1697 462 1753 pra
494 1682 830 1751 accepimus,
854 1680 935 1736 ita
967 1680 1025 1734 in
1061 1678 1323 1734 craticula
1362 1687 1617 1744 mortem,
1645 1679 1740 1733 sed
1773 1686 1829 1732 et
1854 1692 1941 1734 se-

2045 492 2372 562 dispersisse
2402 495 2713 548 incendium
2751 497 2815 545 9‘.
2851 494 3053 553 Docere
3090 509 3270 558 autem
3318 516 3419 558 nos
3461 503 3594 577 legis

2044 584 2183 637 lator
2208 587 2401 641 volens
2419 587 2471 640 in
2503 587 2685 657 aliquo
2723 589 2980 659 pra-dicta
3002 593 3282 661 mysteria,
3302 597 3617 653 eorumdcm

2044 677 2311 731 rationem
2343 679 2733 735 sacrificiorum
2763 681 2848 735 his
2872 682 3194 751 recapi‘tulat
3222 685 3424 753 verbis,
3448 684 3618 752 Quam

2042 770 2225 838 oferes
2261 768 2506 836 Domino,
2537 786 2699 841 quam
2739 773 2927 842 utique
2960 774 3028 829 de
3047 774 3292 838 clibano,
3327 786 3383 831 et
3408 777 3476 833 de
3504 795 3622 833 sar-

2044 857 2246 927 tagine,
2278 865 2337 911 et
2365 857 2434 912 de
2473 858 2760 926 craticula,
2794 859 2853 915 id
2894 870 2987 917 eet
3035 863 3337 919 nativitatis
3381 863 3619 931 Domini.

2042 954 2100 999 et
2120 946 2423 1015 passionis,
2450 955 2510 1003 et
2549 949 2740 1004 mortis
2764 967 2784 1003 ηε
2820 949 2875 1005 in
2904 950 2990 1006 his
3017 953 3163 1008 enim
3206 955 3372 1010 totius
3398 956 3621 1028 dispen-

2043 1037 2271 1093 sationis
2316 1039 2436 1109 ejus
2481 1056 2664 1095 sermo
2703 1043 2955 1112 expletus
2982 1054 3110 1100 est:
3147 1046 3200 1100 in
3247 1047 3335 1105 his
3380 1065 3622 1106 resurre-

2042 1130 2244 1184 ctionis
2291 1147 2510 1202 quoque
2566 1134 2686 1202 ejus
2746 1135 2888 1190 ratio
2949 1137 3287 1202 continetur,
3344 1142 3470 1211 quia
3531 1145 3621 1213 qui

2042 1220 2347 1285 descendit,
2382 1222 2500 1292 ipse
2542 1234 2653 1288 est,
2697 1234 2753 1279 et
2795 1227 2886 1296 qui
2936 1228 3182 1284 ascendit
3215 1245 3389 1302 super
3423 1248 3623 1288 omnes

2043 1314 2232 1379 miles,
2264 1324 2325 1370 ut
2352 1316 2610 1386 impleret
2638 1320 2819 1375 omnia
2848 1320 2918 1376 ”.

2118 1401 2316 1458 Tradet
2351 1406 2407 1458 in
2444 1407 2683 1461 manibus
2709 1411 3016 1466 sacerdotis.
3046 1411 3158 1483 Ipsi
3186 1414 3438 1472 videlicet
3463 1415 3621 1471 Chri-

2044 1500 2149 1559 sto,
2182 1494 2277 1564 qui
2325 1507 2610 1567 postquam
2667 1500 3125 1571 appropinquavit
3172 1504 3329 1558 altari
3368 1507 3513 1575 quod
3567 1507 3621 1561 in

2030 1584 2196 1640 cadis
2223 1594 2326 1652 est,
2360 1589 2814 1659 appropinquavit
2844 1599 3039 1647 autem
3083 1608 3247 1649 carne
3290 1612 3389 1665 per
3422 1612 3619 1652 ascen-

2043 1672 2255 1727 sionem
2282 1692 2298 1728 :
2328 1690 2607 1745 nunquam
2635 1678 2780 1733 enim
2810 1690 3094 1751 separatur
3112 1698 3149 1737 a
3172 1683 3480 1740 divinitate.

354 1774 640 1843 pulmmm
685 1772 1039 1841 accipiamus.
1072 1770 1204 1836 Qua;
1245 1771 1394 1823 enim
1440 1769 1584 1824 inter
1626 1770 1939 1825 craticulam
1973 1758 2016 1815 Β
2116 1764 2278 1819 Toilet
2298 1768 2605 1823 memoriale
2624 1770 2690 1823 de
2712 1772 2993 1841 sacriﬁcio.
3018 1773 3426 1832 Abundantium
3449 1778 3621 1833 scien-

351 1875 419 1920 ει
454 1867 785 1937 sartagiuem
809 1863 1118 1920 dilicrentia
1147 1862 1238 1927 sit,
1265 1862 1401 1917 nulli
1424 1863 1651 1932 penitus
1680 1871 1768 1918 est
1793 1863 1945 1934 igno-

363 1968 479 2012 tum
515 1976 530 2012 :
562 1959 689 2028 quia
722 1965 940 2028 sartago
969 1971 1137 2027 super
1173 1956 1353 2026 ignem
1391 1970 1540 2010 nunc
1580 1955 1945 2010 exardescen-

353 2058 474 2103 tcm
513 2058 569 2103 et
605 2061 953 2111 succensum,
985 2045 1250 2100 craticula
1285 2052 1469 2097 autem
1520 2043 1575 2097 in
1618 2043 1947 2097 carbonibus

354 2140 686 2195 ardentibus
735 2147 792 2192 et
819 2137 954 2191 olim
979 2136 1231 2191 accensis
1258 2135 1500 2205 ponitur.
1533 2133 1687 2188 Sient
1713 2142 1769 2188 et
1801 2149 1946 2187 nutus

358 2233 580 2287 Domini
610 2246 720 2285 non
747 2229 851 2285 fuit
884 2228 1102 2284 initium
1129 2226 1347 2297 aliquod
1372 2224 1666 2295 passionis,
1698 2224 1792 2278 sed
1826 2238 1947 2292 pas-

364 2324 603 2387 sionum,
633 2335 756 2390 qua:
791 2319 1000 2390 pridem
1043 2320 1098 2373 in
1134 2334 1204 2373 eo
1239 2325 1483 2387 speratae
1512 2322 1661 2385 sunt,
1690 2313 1791 2368 fuit
1812 2314 1946 2369 sub-

364 2414 640 2468 sistentia.
676 2412 744 2467 Et
768 2412 940 2481 hujus.
966 2424 1101 2479 ergo
1126 2423 1327 2463 munus
1355 2423 1421 2461 ex
1452 2405 1652 2466 simila.
1685 2406 1737 2460 id
1771 2417 1852 2459 est
1878 2421 1945 2459 ex

357 2504 466 2559 diei
506 2504 838 2574 cognitione.
873 2501 987 2557 sive
1004 2500 1263 2563 scientia,
1288 2514 1410 2568 quae
1441 2498 1510 2554 de
1542 2506 1717 2552 monte
1754 2496 1945 2551 Domi-

358 2595 493 2650 niea
522 2606 628 2658 est,
669 2592 951 2665 perﬁcitur
977 2610 992 2646 :
1023 2599 1242 2661 Oportet
1288 2591 1434 2645 enim
1465 2590 1749 2645 Christum
1792 2598 1848 2642 et
1887 2588 1943 2641 in

356 2695 543 2741 auerte
581 2685 755 2739 Deum
782 2683 912 2747 dici,
935 2681 1304 2737 nihilominus
1342 2680 1702 2736 immortalem
1736 2679 1941 2750 prwdi-

360 2789 490 2827 care
522 2788 651 2826 eum
700 2773 794 2842 qui
838 2782 1064 2842 propter
1102 2770 1386 2825 mortalem
1428 2786 1653 2825 tvarnent
1697 2780 1942 2825 mortuus

350 2870 468 2916 est.
508 2861 567 2915 In
607 2860 733 2915 oleo
766 2871 945 2916 tamen
980 2875 1191 2914 munus
1221 2861 1327 2913 tiet.
1377 2857 1605 2929 Oportet
1631 2859 1831 2929 quippe
1872 2861 1941 2913 de

354 2953 649 3008 ﬂaminica
685 2961 860 3009 morte
898 2961 955 3007 et
983 2952 1385 3007 resurrectione
1416 2952 1805 3022 disputantem,
1834 2954 1940 3005 mi-

362 3046 719 3103 sericordiam
750 3058 971 3114 quoque
1013 3042 1104 3099 Dei
1144 3043 1346 3098 addere
1387 3043 1674 3105 rationem,
1705 3058 1827 3112 qua:
1854 3050 1940 3097 est

360 3138 566 3195 oleant.
603 3137 865 3193 Hiscrans
884 3136 1154 3206 siquidem
1185 3149 1359 3207 μινυς»
1374 3135 1693 3199 humanum,
1708 3144 1766 3189 et
1784 3150 1943 3189 mor-

352 3240 473 3286 tem
514 3231 794 3294 sustinuit,
823 3238 880 3286 et
917 3228 1377 3283 resurrectionem
1405 3242 1436 3280 a
1464 3228 1695 3281 mortuis
1723 3225 1943 3294 dispen-

356 3323 526 3379 savit.
555 3321 612 3377 Si
643 3331 827 3377 autem
858 3321 1040 3388 ignem
1071 3318 1164 3389 qui
1193 3317 1665 3389 super'clibanum
1687 3326 1790 3381 est,
1812 3332 1942 3371 san-

352 3425 511 3469 ctum
561 3428 683 3468 eme
722 3410 1011 3482 Spiritum,
1040 3422 1097 3465 et
1122 3410 1247 3464 ideo
1274 3419 1488 3464 uterum
1516 3407 1811 3463 Genitricis
1847 3406 1943 3460 Dei

357 3507 647 3561 clibauutn
675 3505 1011 3575 signiﬁcasse
1041 3502 1298 3567 diximus,
1332 3501 1385 3555 in
1418 3500 1691 3570 sartagine
1736 3509 1942 3563 auitam,

363 3607 423 3651 et
461 3598 723 3651 craticula
764 3597 818 3648 in
864 3595 989 3665 igne
1022 3608 1213 3648 rursus
1246 3592 1560 3662 passionem
1605 3599 1664 3644 et
1713 3598 1945 3645 mortem

354 3686 713 3756 interpretati
749 3699 967 3749 smnus,
994 3683 1313 3739 nullatenus
1345 3683 1462 3736 haec
1488 3680 1785 3746 discredas,
1826 3681 1943 3752 ipsa

365 3779 512 3834 enim
569 3778 666 3833 tibi
723 3776 1060 3841 satisfacere,
1106 3789 1229 3845 quae
1263 3777 1332 3828 de
1372 3774 1617 3844 utristh
1663 3774 1939 3840 dicuntur,

356 3876 619 3941 possunt.
684 3868 823 3934 Quia
874 3868 929 3923 in
982 3867 1198 3923 clibano
1250 3850 1470 3935 quidem
1520 3865 1662 3936 ignis
1707 3864 1944 3935 desuper

354 3964 627 4023 =lttiltilttl‘.
654 3962 723 4017 de
744 3961 893 4017 ‘cmlo
923 3974 1169 4029 namque
1211 3958 1543 4014 ministratio
1570 3956 1797 4028 spiritus
1834 3966 1938 4022 est,

362 4059 433 4110 de
478 4070 587 4125 quo
631 4053 893 4111 Dominus
946 4052 1162 4107 dicebat
1193 4068 1208 4104 :
1240 4050 1423 4121 Ignem
1462 4050 1587 4103 aeni
1634 4049 1841 4102 mittere
1883 4049 1940 4101 in

356 4158 565 4200 terram
594 4145 662 4198 ".
695 4144 762 4198 Et
784 4142 1031 4199 Joannes
1056 4143 1125 4196 de
1149 4141 1409 4195 Domino:
1443 4137 1563 4207 Ipse
1581 4154 1678 4192 eos
1700 4139 1941 4205 baptiza-

361 4238 435 4292 bit
466 4239 519 4289 in
542 4234 748 4305 Spiritu
777 4244 1035 4289 sancto-et
1056 4234 1177 4303 igni
1198 4233 1266 4286 ".
1297 4231 1357 4286 In
1384 4230 1652 4300 sartagine
1672 4239 1855 4284 autem
1884 4236 1942 4284 et

359 4330 618 4386 craticula
673 4327 812 4398 ignis
867 4328 936 4380 ab
975 4325 1332 4380 inferioribus
1385 4335 1640 4386 sumuur,
1691 4321 1817 4391 quia
1870 4322 1940 4375 ab

2048 1854 2157 1920 tite,
2201 1855 2316 1911 sive
2361 1858 2711 1927 cognitionis,
2756 1861 2896 1917 sicut
2937 1863 3047 1934 jam
3096 1880 3260 1937 supra
3310 1866 3619 1935 docuimus,

2045 1944 2193 2015 quod
2252 1958 2421 2014 super
2468 1947 2639 2002 altare
2691 1949 2928 2006 adelebit
2978 1953 3124 2023 apud
3175 1969 3253 2019 se,
3307 1957 3619 2011 custodiens

2046 2033 2178 2089 illud
2210 2034 2265 2088 in
2295 2037 2553 2090 saeculum
2582 2036 2848 2093 futurum.

2115 2126 2388 2198 Quidquid
2443 2139 2621 2184 autem
2674 2132 2932 2202 reliquum
2979 2144 3074 2189 est.
3122 2134 3184 2190 Id
3227 2145 3330 2204 est,
3360 2148 3621 2209 quantum

2044 2216 2189 2272 scire
2217 2232 2319 2273 nos
2348 2226 2405 2274 et
2430 2221 2762 2290 perscrutari
2799 2227 3076 2294 praecepit.

2115 2304 2235 2362 Hoc
2267 2310 2449 2365 Aaron
2483 2311 2584 2364 erit
2608 2320 2657 2364 et
2670 2311 2914 2381 ﬁliorum
2944 2314 3078 2384 ejus.
3105 2315 3161 2372 Id
3192 2326 3295 2383 est,
3323 2327 3378 2374 et
3408 2317 3496 2375 his
3529 2321 3620 2391 qui

2046 2400 2297 2456 sublimia
2319 2402 2397 2457 de
2424 2402 2534 2457 Deo
2549 2402 2799 2472 cogitare
2832 2414 2888 2459 et
2923 2408 3128 2463 sentire
3165 2420 3416 2481 possunt,
3450 2414 3621 2470 tradi-

2045 2489 2143 2552 dit,
2175 2507 2312 2559 quos
2339 2493 2478 2547 lilios
2498 2493 2688 2549 Aaron
2704 2509 2834 2550 esse
2863 2498 3234 2566 praediximus.

2115 2581 2369 2637 Sanctum
2411 2594 2716 2639 sanctorum
2755 2588 2820 2641 de
2855 2588 3205 2647 oblationibus
3240 2593 3470 2651 Domini.
3508 2596 3620 2653 Ma-

2037 2675 2126 2745 gis
2179 2673 2415 2746 idipsum
2476 2677 2809 2734 confirmans
2860 2680 2971 2736 hoc
3031 2681 3309 2754 legislator
3367 2688 3620 2760 scripsit;

2043 2774 2230 2819 sancta
2259 2767 2461 2835 quippe
2489 2777 2574 2822 est
2599 2769 2781 2824 omnis
2810 2770 2959 2826 bona
3008 2773 3256 2843 scientia,
3295 2779 3391 2834 sed
3419 2777 3619 2835 Sancta

2042 2866 2354 2910 sanctorum
2399 2871 2521 2926 quas
2552 2857 2622 2913 de
2653 2858 2747 2915 Dei
2796 2861 3045 2933 scientia,
3075 2866 3219 2923 sicut
3245 2879 3478 2941 oportet,
3511 2870 3619 2928 dis-

2035 2953 2237 3014 putare
2271 2955 2469 3014 potest.

2119 3035 2280 3090 Vnus.
2314 3036 2402 3103 ll,
2436 3038 2523 3093 l2.
2572 3059 2593 3093 ς
2618 3040 2811 3098 Omnis
2854 3043 3060 3102 oblatio
3088 3061 3214 3118 quae
3248 3049 3482 3107 oﬂ‘ertur
3506 3054 3621 3110 Do-

2045 3127 2195 3181 mino
2223 3128 2432 3200 absque
2462 3131 2733 3189 fermento
2760 3137 2875 3199 ﬂet,
2904 3152 3009 3193 nec
3041 3139 3334 3210 quidquam
3365 3142 3617 3201 fertnenti

2043 3233 2108 3273 ac
2138 3220 2647 3278 mellis-adolebitur
2677 3226 2733 3279 in
2772 3228 3098 3285 sacriﬁcium
3128 3231 3385 3290 Domino.
3426 3237 3620 3291 Primi-

2046 3312 2149 3366 tias
2195 3321 2402 3369 tantum
2447 3331 2634 3371 eorum
2666 3320 2915 3375 etl‘eretis
2953 3336 3022 3377 ac
3060 3338 3311 3391 munera,
3341 3341 3507 3399 super
3538 3331 3618 3384 al-

2047 3415 2160 3459 tare
2188 3421 2319 3461 vero
2346 3422 2453 3462 non
2478 3420 2756 3479 ponentur
2776 3412 2839 3466 in
2865 3413 3087 3471 odorem
3119 3407 3424 3475 suavitatis:
3452 3441 3472 3474 ι

2114 3495 2262 3551 Nihil
2311 3502 2715 3557 communionis
2762 3504 2878 3559 vult
2926 3506 3131 3564 habere
3174 3510 3479 3568 doctrinam
3524 3513 3616 3570 Dci

2043 3597 2167 3637 cum
2199 3586 2456 3642 exteriori
2485 3588 2732 3644 scientia.
2763 3588 2917 3656 Quod
2945 3594 3092 3649 enim
3121 3594 3454 3654 fermentum
3486 3600 3620 3656 alie-

2044 3692 2170 3731 nam
2222 3678 2527 3734 doctrinam
2586 3683 2870 3751 appellat.
2924 3695 3122 3755 aperte
3186 3688 3302 3758 ipse
3354 3690 3618 3748 Dominus

2043 3767 2251 3833 docuit,
2277 3769 2468 3826 dicens
2505 3770 2786 3843 discipulis
2820 3776 2974 3831 suis:
3005 3777 3274 3835 Attendite
3300 3797 3332 3835 a
3363 3783 3617 3853 fermento

2043 3858 2439 3916 Pharisaeorum
2482 3872 2530 3916 et
2556 3861 2977 3920 Sadducteorum
3006 3870 3045 3921 '.
3089 3867 3227 3939 Ipsis
3255 3880 3436 3927 autem
3472 3873 3616 3944 igno-

2043 3950 2293 4005 rantibus
2335 3966 2456 4021 quae
2497 3952 2841 4023 dicebantur,
2871 3957 3123 4013 addidit:
3152 3957 3386 4013 Necdum
3425 3963 3617 4017 intelli-

2041 4044 2184 4114 gits's,
2234 4061 2398 4116 neque
2441 4048 2760 4117 cognoscitis
2789 4049 2914 4119 quia
2964 4065 3068 4103 non
3119 4053 3185 4106 de
3232 4054 3453 4123 panibus
3503 4055 3616 4110 dixi

2039 4135 2180 4189 nobis
2224 4138 2266 4189 ¹.
2320 4137 2386 4190 Et
2439 4145 2568 4193 tunc
2646 4152 3020 4211 cognoverunt
3073 4142 3198 4213 quia
3247 4143 3315 4200 de
3367 4145 3613 4202 doctrina

2039 4227 2357 4282 Scribarum
2393 4238 2451 4284 et
2486 4230 2889 4287 Pharisaeorum
2923 4234 3169 4291 dixisset.
3214 4232 3317 4293 Mel
3346 4254 3474 4294 vero
3516 4256 3614 4311 pa-

2040 4328 2308 4390 ganorum
2352 4322 2654 4377 doctrinam
2708 4324 2963 4396 intelligi,
3012 4340 3238 4400 propter
3292 4333 3610 4389 suavitatem

354 4421 679 4478 ’hominib’us
726 4419 819 4487 qui
874 4426 1056 4472 mente
1106 4416 1163 4469 in
1206 4414 1407 4469 inﬁmis
1442 4413 1654 4483 jaceat,
1680 4411 1938 4481 provenit
1960 4435 2014 4488 «θ
2045 4411 2355 4475 verborum,
2387 4421 2443 4466 et
2475 4412 2819 4469 dnteedinem
2858 4416 3081 4487 eloquii,
3111 4419 3367 4476 Salomon
3396 4422 3448 4477 in
3481 4424 3611 4478 ιιι-ο-

365 4508 691 4579 μνωικπειιὶο
738 4505 1025 4575 passionis.
1070 4503 1227 4569 Quod
1270 4512 1454 4557 autem
1491 4503 1629 4572 ignis
1657 4518 1766 4571 pro
1810 4516 1939 4570 pas-

363 4600 517 4653 sione
531 4597 815 4667 accipitur,
838 4598 962 4652 audi
985 4593 1278 4650 Ieremiam
1304 4593 1619 4648 dicentem:
1645 4592 1709 4645 Et
1729 4593 1941 4662 factum

361 4697 437 4741 est
468 4688 621 4756 quasi
671 4686 807 4757 ignis
854 4690 1068 4746 ardens,
1111 4692 1160 4738 et
1184 4683 1702 4737 cstuansinossibus
1721 4683 1850 4736 meis
1872 4681 1937 4734 ".

362 4780 430 4833 I-Jt
482 4794 674 4831 rursus
724 4777 934 4831 David:
973 4776 1225 4833 Dominus
1267 4774 1323 4827 in
1361 4774 1445 4827 ira
1484 4790 1582 4828 sua
1614 4774 1941 4828 conturbabit

352 4887 466 4934 deos,
496 4880 545 4922 et
585 4869 854 4924 decumbit
898 4885 983 4922 eos
1020 4868 1155 4937 ignis
1185 4867 1252 4917 ’τη
1285 4865 1509 4919 Mortem
1537 4866 1746 4930 dicens,
1777 4880 1941 4933 quant

361 4962 744 5030 peccatoribus
782 4961 1032 5014 illaturus
1060 4966 1196 5012 erat.
1228 4956 1347 5010 Non
1379 4966 1463 5010 est
1492 4965 1673 5009 autem
1703 4956 1940 5010 admira-

358 5054 488 5115 bdc,
506 5055 787 5109 carbones
815 5052 1020 5121 quippe
1047 5049 1276 5119 spiritali
1310 5047 1600 5102 traditione
1620 5058 1723 5100 eos
1773 5062 1942 5116 panes

356 5145 451 5214 qui
492 5159 666 5198 causa
709 5153 844 5197 sunt
889 5142 1114 5199 luminis
1167 5147 1224 5192 et
1266 5138 1586 5209 perditionis
1615 5137 1937 5205 accipimus.

359 5235 529 5289 Isaias
578 5235 782 5291 etenim
835 5249 1005 5288 unum
1048 5235 1117 5287 de
1154 5229 1452 5285 Cherubim
1484 5229 1734 5289 missum,
1778 5242 1939 5282 acce-

358 5327 506 5398 pisse
552 5327 843 5381 carbonem
893 5326 962 5380 de
1012 5323 1192 5388 altari,
1233 5331 1290 5376 et
1326 5320 1623 5374 mundasse
1664 5333 1829 5372 suum
1876 5332 1939 5372 os

357 5419 511 5475 dixit.
563 5417 821 5474 Ezechiel
865 5417 1030 5473 etiam
1085 5416 1155 5470 de
1203 5414 1410 5469 eisdem
1468 5411 1797 5467 carbonibus
1842 5410 1936 5480 qui

356 5520 513 5566 erant
556 5513 613 5565 in
662 5511 846 5566 medio
893 5507 1216 5573 Cherubin,
1267 5505 1459 5560 tulisse
1512 5504 1649 5558 dixit
1686 5503 1935 5567 eneruis,

2044 4502 2247 4557 verbiis
2281 4504 2460 4567 docet,
2501 4504 2689 4559 dicens
2734 4523 2748 4559 :
2790 4505 2911 4561 Non
2952 4512 3193 4580 respicies
3235 4513 3307 4567 ad
3340 4512 3609 4569 mulierem

2043 4594 2363 4648 meretricem
2397 4610 2417 4648 :
2448 4596 2602 4665 facite
2648 4597 2786 4650 enim
2820 4599 3083 4653 distillans
3124 4602 3266 4657 labia
3302 4607 3610 4664 meretricis.

2042 4694 2090 4738 et
2119 4686 2336 4738 nitidius
2383 4686 2497 4740 oleo
2541 4697 2723 4758 guttur
2750 4690 2884 4759 ejus,
2921 4693 3203 4748 novissima
3251 4706 3428 4750 autem
3471 4696 3613 4750 illius

2043 4792 2233 4829 mra
2270 4780 2428 4845 quasi
2472 4779 2802 4850 absyntlu'um
2830 4782 2870 4834 '.
2907 4781 3210 4838 Novissima
3250 4795 3428 4839 autem
3459 4787 3616 4854 quam

2041 4865 2261 4935 quando
2292 4866 2547 4924 videlicet
2584 4871 2728 4925 inter
2759 4887 2942 4926 veram
2977 4873 3298 4942 sapientiam
3329 4882 3386 4926 et
3414 4873 3613 4932 (ictam.

2040 4955 2287 5024 iatsoque
2360 4966 2605 5013 utentem
2680 4960 2902 5016 nomine
2967 4961 3281 5015 discernere
3363 4962 3612 5032 emporia.

2042 5047 2180 5100 Nam
2222 5047 2348 5101 licet
2376 5048 2638 5105 Ecclesia;
2669 5050 2725 5104 in
2758 5049 3001 5106 Canticis
3039 5051 3376 5106 canticorum
3410 5051 3554 5108 dicat
3599 5060 3642 5109 ;’

2043 5136 2148 5190 Met
2184 5146 2244 5189 et
2281 5136 2371 5190 tas
2404 5143 2504 5191 sub
2545 5139 2728 5209 tinguo
2758 5149 2852 5193 tua
2878 5140 2923 5205 ⁵,
2962 5152 3073 5191 non
3111 5137 3435 5193 contradicit
3478 5152 3616 5209 pra--

2044 5228 2314 5293 sentibus,
2347 5229 2442 5282 sed
2469 5239 2528 5283 et
2567 5231 2720 5285 valde
2747 5230 3041 5285 consentit.
3082 5229 3269 5298 Neque
3294 5230 3443 5286 enim
3482 5231 3617 5286 dixit

2044 5322 2100 5377 in
2153 5321 2334 5392 lingua
2380 5334 2491 5386 tua,
2526 5322 2623 5377 sed
2667 5321 2759 5375 sub
2789 5321 2990 5391 lingua,
3042 5329 3103 5375 ut
3143 5325 3455 5379 ostenderet
3490 5324 3616 5390 quia

2043 5426 2379 5484 paganorum
2421 5411 2711 5483 sapientia,
2743 5419 2800 5466 et
2827 5411 3138 5467 Judaorum
3178 5409 3379 5480 littera,
3419 5413 3616 5485 linguae

2042 5503 2323 5569 Ecclesia,
2356 5503 2410 5558 id
2439 5511 2521 5559 est
2549 5502 2811 5558 doctrinm
2830 5501 3077 5581 subjecta
3108 5510 3211 5556 est.
3249 5500 3387 5575 Ergo
3423 5504 3615 5560 horum

425 5647 471 5679 ⁸³
498 5646 665 5703 Ilebr.
695 5660 769 5704 Ix.
804 5643 889 5705 IS,
918 5641 1005 5696 14.
1082 5639 1129 5675 ’⁸
1149 5640 1285 5696 Luc.
1321 5654 1420 5701 ut,
1450 5636 1540 5693 49.
1618 5638 1664 5670 "
1688 5635 1878 5691 Matth.
1916 5650 1996 5695 In.
2024 5634 2111 5689 ll.
2187 5635 2235 5668 "
2257 5602 2460 5691 .lerem.
2481 5652 2571 5699 xx.
2599 5635 2654 5691 9.
2754 5636 2799 5705 ’7
2832 5633 2977 5705 Psal.
3030 5652 3124 5703 xx,
3161 5634 3245 5692 I0.
3345 5636 3391 5672 “
3416 5637 3619 5696 Ezeeh.

594 5718 640 5749 ’°
674 5713 873 5785 Ephes.
907 5729 983 5779 tv,
1011 5712 1067 5774 9,
1095 5711 1183 5767 10.
1209 5724 1224 5738 ⁸
1280 5711 1295 5741 ¹
1336 5708 1527 5763 Matth.
1557 5723 1669 5772 xvu,
1696 5708 1749 5761 6.

552 5810 825 5871 Panos.
870 5807 987 5867 Gn.
1031 5807 1236 5867 XCIII.

364 5734 417 5783 ι,
443 5718 497 5771 7.

1850 5708 1869 5737 ³
1901 5704 2034 5759 ibid.
2093 5708 2147 5759 9.

2254 5705 2274 5737 ⁸
2305 5705 2469 5760 Prov.
2505 5722 2556 5769 ν.
2583 5706 2704 5763 2-4.
2780 5704 2803 5737 ι
2833 5704 2989 5762 Cant.
3044 5722 3119 5775 tv,
3176 5707 3263 5765 II.

3215 5800 3292 5863 26
