4076 6188
428 267 522 334 an

1620 261 1915 321 HESYCll
1927 262 1983 318 ll
2023 260 2492 323 PRESBYTER!

3590 250 3703 325 8!?

428 395 540 436 non
588 377 702 434 vult
753 378 1016 450 integram
1064 375 1175 430 Deo
1237 371 1541 429 doctrinam
1598 371 1789 427 oﬂ'erri
1827 391 1841 427 :
1878 371 2006 427 inde.
2042 382 2081 434 Α
2111 375 2378 432 rationale
2421 387 2526 433 est.
2582 378 2723 449 Ergo
2794 378 3104 432 testamenti
3135 377 3432 448 evangelici
3473 389 3528 432 et
3571 381 3700 433 salis

429 468 562 525 diett
600 508 613 521 .

498 558 620 614 Non
659 544 1037 611 adolebiturin
1080 553 1401 625 sacriﬁcium
1457 555 1595 620 quod
1642 564 1716 610 est
1768 556 1823 608 in
1867 554 2015 607 holo—

427 660 690 711 caustum,
721 646 986 717 primitias
1014 654 1227 699 tantum
1258 662 1442 700 eorum
1473 647 1717 718 offeratis.
1752 645 2019 714 Praecepit

429 742 577 796 enim
599 755 664 795 ex
698 747 853 809 parte
882 737 1025 792 illius
1052 737 1337 808 sapientiae
1366 738 1637 808 primitias
1664 738 1870 801 oll‘erri,
1908 753 2016 791 non

434 842 618 888 autem
661 830 823 901 plene
853 847 915 885 ea
950 830 1049 894 uti,
1076 830 1176 886 sed
1217 830 1677 900 quemadmodum
1716 846 1843 886 cum
1879 830 2012 883 Pan-

434 926 514 980 lus
534 924 680 994 apud
700 922 1068 978 Athenienses
1093 922 1534 987 concionarctur,
1562 923 1750 977 dicens
1772 924 1793 953 ⁸
1832 941 1845 976 :
1873 920 2020 976 Sicut

428 1001 648 1086 quidam
679 1023 845 1069 uester
899 1023 1050 1085 poeta
1078 1014 1206 1068 dixit
1249 1029 1268 1067 :
1316 1014 1488 1083 Hujus
1532 1023 1579 1068 et
1624 1030 1784 1084 genus
1817 1028 2019 1075 sumus,

429 1106 521 1176 qui
554 1106 845 1166 inveniens
887 1105 1111 1158 verbum
1166 1105 1411 1157 exterius
1451 1103 1516 1158 ad
1552 1103 1892 1158 occasionem
1925 1095 2021 1156 Dei

432 1196 675 1254 scientiae
719 1205 928 1266 aptum,
977 1210 1085 1250 non
1139 1194 1359 1262 quidem
1412 1193 1641 1263 respuit,
1690 1208 1792 1246 nec
1841 1204 2021 1246 tamen

433 1289 663 1355 addidit,
698 1303 879 1359 neque
927 1288 1076 1343 enim
1131 1286 1257 1340 inde
1301 1287 1442 1341 ultra
1487 1284 1795 1341 testimonia
1842 1283 2026 1338 multi-

437 1378 680 1449 plicavit.
730 1375 953 1443 Quare?
1001 1377 1129 1445 quia
1182 1373 1394 1427 Placuit
1450 1373 1556 1428 Deo
1605 1389 1698 1442 per
1742 1372 2024 1426 stultitiam

436 1467 855 1540 pradicationis,
896 1468 1047 1521 sicut
1093 1466 1206 1536 ipse
1255 1465 1451 1519 Paulus
1498 1465 1595 1531 ait,
1642 1464 1811 1518 salvos
1853 1465 2026 1534 facere

439 1563 725 1625 credentes,
759 1569 815 1613 ut
844 1558 973 1629 ﬁdes
1001 1568 1171 1613 uestra
1205 1576 1306 1612 non
1353 1559 1420 1612 sit
1460 1559 1516 1611 in
1557 1557 1820 1627 sapientia
1857 1557 2026 1609 homi-

438 1669 604 1716 num,
653 1651 748 1707 sed
793 1652 852 1705 in
904 1651 1093 1705 virtute
1138 1650 1238 1705 Dei
1276 1651 1319 1705 '.
1361 1649 1589 1721 Propter
1637 1649 1780 1720 quod
1823 1648 1902 1703 ait
1944 1648 2022 1703 lc-

439 1743 666 1815 gislator
698 1764 710 1798 :
1601 1786 1613 1795 .

509 1833 681 1904 Super
713 1833 890 1888 altare
916 1851 1037 1888 uero
1066 1849 1169 1888 non
1199 1834 1533 1902 imponentur
1562 1833 1614 1886 in
1647 1836 1859 1886 odorem
1891 1846 2020 1885 sua-

440 1927 638 1981 uitatis.
680 1924 748 1980 Et
787 1940 910 1980 cum
949 1924 1141 1979 liceret
1178 1922 1282 1979 dici
1320 1938 1430 1976 non
1462 1929 1762 1992 ponuntur,
1787 1933 1897 1973 non
1925 1933 2023 1989 po-

439 2026 643 2074 nentur
677 2016 835 2080 dixit,
886 2013 1182 2070 ostendens
1227 2013 1377 2084 quia,
1429 2014 1532 2068 etsi
1586 2028 1684 2068 nos
1726 2009 2024 2067 tentaveri~

440 2128 564 2167 mus
602 2111 670 2169 de
715 2107 1085 2165 citerioribus
1131 2105 1431 2162 divinitatis
1473 2103 1699 2175 adipisci
1745 2101 2020 2165 notitiam,

437 2204 506 2259 ad
547 2203 717 2257 altare
762 2200 855 2255 Dei
906 2198 1014 2253 tale
1063 2199 1168 2252 hoc
1213 2196 1539 2251 sacrificium
1596 2210 1708 2249 non
1756 2192 2021 2257 ascendit,

439 2306 543 2353 nec
592 2296 731 2352 odor
782 2293 841 2350 (it
895 2290 1185 2347 suavitatis
1234 2288 1484 2353 Domino,
1534 2287 1628 2343 sed
1672 2285 2026 2342 inferioribus

438 2389 733 2460 deputatur
761 2385 867 2441 tale
897 2382 1244 2446 sacriﬁcium,
1276 2391 1357 2448 et,
1386 2387 1574 2450 utpote
1603 2378 1746 2449 quod
1769 2377 1838 2433 de
1880 2385 2025 2431 terra

440 2480 606 2535 habet
637 2474 1070 2540 subsistentiam,
1098 2475 1165 2528 ad
1197 2482 1395 2528 terram
1425 2471 1772 2541 deprimitur.

511 2567 681 2623 Vens.
727 2567 815 2622 l3.
869 2583 889 2617 ι
927 2564 1207 2635 ριιὶιιῳιὶἀ
1257 2562 1522 2618 obtuleris
1574 2561 1865 2626 sacriﬁcii,
1914 2560 2025 2615 sale

442 2660 689 2724 condies,
720 2673 825 2714 nec
867 2656 1085 2712 auferes
1117 2657 1196 2710 sal
1229 2654 1450 2710 faidcris
1482 2653 1574 2708 Dei
1616 2652 1695 2707 tui
1745 2652 1812 2707 de
1854 2651 2026 2706 sacri-

443 2753 570 2809 ﬂcio
615 2759 730 2806 tuo.
767 2750 827 2804 ln
855 2749 1005 2804 omni
1035 2747 1311 2803 oblatiom:
1339 2746 1540 2802 oll‘ercs
1568 2746 1667 2802 sal.
1701 2763 1722 2798 ι

512 2842 708 2901 Cernis
758 2840 884 2913 quia
936 2840 1005 2895 de
1056 2839 1166 2894 Deo
1219 2839 1506 2907 loquentes
1551 2851 1659 2890 non
1708 2834 1823 2890 vult
1863 2834 2028 2890 nimis

442 2932 695 2993 exteriori
722 2934 801 2991 uti
829 2932 1119 3003 sapientia,
1156 2931 1250 2986 sed
1303 2929 1620 3001 apostolica,
1650 2927 1716 2983 de
1746 2942 1852 2997 qua
1883 2925 2027 2979 Pau-

442 3030 536 3086 lus
566 3025 1093 3095 dicit:Sapientiam
1144 3022 1411 3121 loquimur
1448 3023 1586 3075 inter
1628 3020 1901 3121 perfectos,
1933 3035 2025 3071 sa—
2054 3064 2097 3121 ϐ

442 3121 699 3193 pientiam
733 3128 910 3174 autem
946 3132 1049 3170 non
1080 3115 1264 3181 mundi
1309 3113 1490 3184 hujus,
1520 3127 1685 3179 neque
1729 3110 2028 3180 principum

447 3211 629 3267 mundi
658 3209 837 3280 hujus,
868 3208 959 3279 qui
991 3207 1357 3269 destruantur,
1402 3205 1491 3258 sed
1523 3203 1786 3271 loquimur
1819 3201 1911 3254 Dei
1941 3217 2030 3254 sa-

447 3305 726 3373 pientiam,
760 3303 815 3354 in
844 3299 1094 3369 mysterio
1130 3297 1512 3359 absconditam,
1557 3310 1718 3365 quam
1755 3292 2030 3362 pra'desti-

448 3395 592 3448 navit
642 3390 785 3445 Deus
834 3397 958 3444 ante
1002 3386 1197 3443 sa’cula
1237 3387 1307 3440 ad
1347 3386 1573 3458 gloriam
1620 3394 1854 3438 nostram
1882 3383 1922 3435 ".
1963 3382 2031 3436 Et

351 3498 357 3505 '
449 3487 596 3545 unde
624 3493 709 3542 est
748 3491 983 3547 certum,
1014 3479 1174 3541 dicis,
1205 3479 1331 3548 quia
1359 3477 1440 3532 sal
1466 3492 1563 3547 pro
1601 3475 1896 3547 apostolica
1939 3489 2028 3528 sa-

448 3579 656 3651 pientia
698 3574 869 3632 dixit?
915 3574 1083 3629 Plane
1125 3572 1230 3628 hoc
1269 3571 1435 3625 nobis
1466 3569 1728 3625 Dominus
1765 3567 2027 3631 ostendit,

449 3670 640 3727 dicens
682 3665 943 3739 apostolis
974 3683 988 3719 :
1024 3662 1121 3717 Vos
1165 3662 1287 3717 estis
1320 3660 1403 3717 sal
1441 3670 1630 3724 terra';
1656 3659 1701 3712 si
1740 3667 1916 3713 autem
1946 3656 2031 3711 sal

449 3761 742 3826 euanuerit,
766 3760 837 3813 ad
873 3755 1097 3812 nihilum
1136 3754 1327 3810 ualebit
1359 3753 1521 3815 ultra.
1558 3752 1659 3806 nisi
1688 3761 1746 3806 ut
1786 3750 2030 3806 mittatur

451 3856 615 3928 foras,
636 3862 685 3907 et
710 3848 1042 3907 conculcetur
1060 3847 1127 3901 ab
1145 3845 1440 3901 hominibus
1461 3844 1503 3899 ⁸.
1532 3842 1828 3913 Propterea
1845 3849 2029 3896 autem

451 3947 532 4001 sal
578 3942 930 4016 apostolicam
983 3940 1311 4011 sapientiam
1356 3936 1671 4008 appellavit,
1718 3935 1846 4006 quia
1889 3934 2033 3989 sicut

451 4032 631 4089 ominis
668 4031 823 4089 cibus
863 4029 932 4084 ad
964 4027 1319 4084 nutriendum
1351 4033 1514 4096 aptus
1565 4024 1879 4080 omnimodo
1915 4023 2031 4079 sale

450 4124 708 4181 conditur
737 4165 754 4189 ,
787 4123 861 4178 ita
893 4131 950 4177 et
979 4120 1161 4176 omnis
1203 4133 1384 4174 sermo
1414 4117 1563 4171 utilis
1599 4115 1666 4172 ad
1705 4115 2027 4186 iuvandum,

2122 470 2401 538 apostolici
2433 486 2771 540 prtcmonerc
2799 486 2900 526 nos
2929 471 3202 542 legislator
3231 472 3368 529 vult.

2193 559 2355 615 Vens.
2392 561 2481 616 16.
2517 581 2536 613 ι
2573 562 2669 617 Sin
2717 572 2902 617 autem
2950 562 3215 617 obtuleris
3261 576 3462 617 munus
3507 563 3699 632 primi-

2122 652 2320 706 tiarmn
2372 654 2586 725 irttgum
2626 663 2840 708 tuarum
2895 653 3145 717 Domino,
3199 653 3267 709 de
3316 654 3481 724 spicis
3522 655 3707 708 adhuc

2124 745 2423 800 virentibus
2466 745 2700 801 torrebis
2736 760 2828 800 eas
2870 746 2980 815 igni
3013 763 3027 798 :
3058 755 3112 800 et
3152 745 3464 816 coniringes
3500 760 3595 800 eas
3648 748 3705 799 in

2121 851 2332 890 morem
2382 836 2565 899 farris,
2589 849 2639 891 et
2669 838 2749 892 sic
2777 836 2976 891 otl‘eres
3000 836 3271 906 primitias
3294 846 3416 892 tuas
3445 837 3707 898 Domino.

2124 926 2358 982 fundens
2392 944 2558 998 super
2599 942 2663 981 ea
2706 928 2909 990 «deum,
2940 936 2996 982 et
3037 928 3164 981 thus
3211 927 3522 997 imponens,
3572 928 3707 997 quia

2122 1020 2325 1075 oblatio
2355 1019 2569 1074 Domini
2596 1029 2700 1085 est,
2726 1020 2792 1074 de
2815 1035 2920 1089 qua
2952 1018 3190 1073 adolebit
3217 1018 3475 1073 sacerdos
3501 1018 3554 1072 in
3580 1035 3702 1073 me—

2124 1111 2353 1165 moriam
2405 1110 2671 1174 muneris,
2709 1119 2914 1180 partem
2957 1110 3123 1165 farris
3168 1110 3323 1165 fracti
3357 1120 3415 1166 et
3460 1111 3586 1178 olei,
3637 1128 3706 1166 ac

2125 1208 2296 1254 totum
2329 1201 2475 1254 thus.
2511 1219 2528 1251 ι

2198 1289 2317 1345 Νοιι
2344 1292 2518 1346 solum
2562 1291 2811 1362 praecipit
2852 1289 2946 1346 Dei
2994 1286 3245 1347 notitiam
3283 1292 3398 1347 sive
3418 1292 3705 1347 scientiam

2124 1397 2221 1437 eos
2244 1382 2445 1437 oﬂ'erre
2482 1382 2575 1452 qui
2628 1382 2681 1435 in
2722 1381 2912 1437 eadem
2948 1381 3177 1436 scientia
3212 1381 3449 1437 multum
3488 1391 3709 1452 tempus

2125 1483 2564 1545 permanserunt,
2613 1473 2709 1529 sed
2752 1483 2811 1529 et
2852 1472 3176 1528 inchoantes
3218 1473 3362 1527 illam
3391 1474 3568 1542 qualis
3600 1472 3709 1528 fuit

2128 1560 2329 1617 Paulus
2372 1579 2385 1615 :
2430 1578 2557 1617 mox
2613 1561 2759 1616 enim
2808 1568 2869 1616 ut
2921 1569 3148 1615 vocatus
3202 1569 3321 1626 est,
3368 1560 3709 1630 praedicavit.

2127 1652 2357 1724 Propter
2375 1654 2520 1724 quod
2559 1654 2658 1717 sic,
2682 1669 2804 1723 quin
2833 1668 2983 1708 nune
3011 1653 3288 1712 dicuntur.
3315 1653 3707 1726 intelligamus.

2054 1720 2098 1776 Β
2128 1720 2444 1796 Primitivus
2489 1739 2602 1795 Deo
2643 1720 2730 1795 est
2782 1740 2827 1794 is
2867 1738 2964 1809 qui
3007 1739 3221 1794 naviter
3253 1740 3423 1809 etepit
3460 1720 3707 1802 credere.

2124 1842 2178 1888 et
2212 1832 2305 1903 qui
2348 1833 2400 1888 ei
2452 1832 2667 1887 nullum
2715 1831 2929 1902 pridem
2978 1831 3177 1887 divinae
3219 1831 3465 1886 scientiae
3508 1832 3713 1887 obtulit

2123 1922 2387 1978 fructum.
2429 1920 2485 1977 Si
2531 1938 2663 1995 ergo
2710 1922 2760 1976 ei
2813 1920 3142 1977 sacriﬁcium
3183 1921 3333 1977 verbi
3376 1921 3475 1977 Dei
3518 1923 3711 1978 oﬂ‘eri—

2122 2030 2270 2081 mus,
2300 2014 2586 2071 scientiam
2639 2015 2760 2085 ejus
2805 2014 3022 2069 novitcr
3058 2013 3404 2079 inchoantes,
3438 2022 3494 2069 et
3522 2014 3715 2069 viren-

2125 2107 2196 2161 tia
2242 2106 2488 2177 quidem,
2521 2116 2582 2162 ut
2630 2107 2846 2165 noviter
2893 2105 3023 2176 quid
3070 2105 3347 2161 discentes
3390 2114 3447 2160 et
3489 2106 3712 2161 naviter

2125 2200 2494 2270 percipientes
2525 2200 2887 2256 obtulerimus
2919 2218 2934 2253 :
2965 2199 3224 2270 quoniam
3257 2199 3489 2254 necdum
3526 2200 3711 2255 subti-

2125 2294 2248 2349 liter
2279 2295 2401 2364 ejus
2451 2295 2699 2364 proferre
2746 2293 3002 2364 mysteria
3040 2293 3329 2362 capimus,
3364 2302 3433 2347 ut.
3471 2292 3713 2348 farinam

2126 2384 2441 2448 oﬂ‘eramus,
2476 2393 2572 2439 aut
2601 2384 2859 2448 similam,
2892 2383 3265 2440 necessarium
3302 2393 3386 2439 est
3435 2395 3496 2439 ut
3522 2385 3712 2439 viren-

2126 2475 2199 2529 tia
2218 2483 2274 2529 et
2296 2474 2501 2529 torrida
2524 2483 2689 2543 atque
2712 2472 3010 2536 confracta,
3035 2473 3142 2538 vel,
3167 2473 3311 2528 sicut
3328 2471 3474 2526 LXX
3493 2472 3716 2537 dicunt,

2127 2576 2188 2621 ut
2216 2566 2457 2621 recentia
2512 2565 2691 2627 fricta,
2723 2576 2934 2619 matura
2966 2564 3134 2619 fracta
3162 2563 3480 2619 oneramus.
3502 2563 3709 2630 Quem-

2125 2659 2417 2714 admodum
2464 2659 2612 2712 enim
2658 2658 2947 2712 humectos
2991 2656 3218 2720 fruetus,
3258 2664 3317 2711 et
3346 2656 3439 2726 qui
3476 2660 3716 2712 nectunt

2126 2760 2360 2823 possunt
2408 2751 2561 2815 moli,
2601 2758 2663 2804 ut
2701 2752 2830 2803 (lant
2887 2748 3058 2802 farina
3108 2757 3205 2802 aut
3250 2747 3449 2814 simila,
3486 2748 3712 2817 quando

2128 2843 2464 2897 voluerimus
2498 2850 2658 2911 aptos
2694 2839 2810 2894 esui
2838 2839 3111 2903 reddere,
3157 2837 3289 2908 igne
3327 2853 3424 2892 eos
3456 2838 3706 2893 confrin-

2127 2941 2340 3006 gentes.
2380 2932 2565 3002 paleas
2597 2946 2811 2992 corium,
2862 2930 2915 2984 in
2965 2945 3034 2984 eo
3077 2929 3223 3000 quod
3265 2943 3364 2984 eos
3409 2929 3713 3000 frangimus

2130 3039 2451 3095 separamus
2485 3040 2503 3077 :
2530 3023 2611 3078 sie
2644 3023 2959 3093 quicunque
2993 3022 3225 3077 necdum
3255 3021 3537 3077 scientiam
3573 3021 3714 3075 soli-

2129 3116 2257 3170 dam
2299 3116 2587 3180 habemus,
2624 3128 2728 3168 nec
2776 3112 3030 3169 subtilem
3071 3113 3455 3182 excelsatnque
3498 3112 3713 3167 theolo-

2129 3205 2295 3277 giam,
2317 3206 2554 3260 necdum
2583 3204 2731 3259 enim
2762 3203 2907 3258 illam
2936 3204 3251 3258 discernere
3285 3203 3466 3258 idonei
3497 3219 3713 3269 sumus,

2128 3296 2460 3366 spiritalium
2482 3295 2888 3366 Scripturarum
2928 3296 3224 3365 perfectam
3265 3296 3552 3350 scientiam
3599 3311 3719 3350 non

2130 3389 2418 3452 habentes,
2442 3403 2582 3457 opus
2612 3387 2878 3442 habemus
2905 3401 3026 3440 eam
3066 3387 3121 3440 in
3152 3387 3275 3458 igne
3311 3387 3534 3457 spiritus
3568 3387 3711 3441 frin-

2130 3494 2282 3550 gere,
2305 3478 2360 3534 id
2390 3488 2475 3533 est
2496 3478 2644 3533 illius
2669 3478 3043 3548 Operationem
3065 3486 3120 3532 et
3142 3478 3713 3533 subministrationem

2127 3570 2291 3626 nobis
2332 3570 2706 3633 commodare,
2737 3579 2799 3624 ut
2837 3570 2907 3625 ab
2939 3585 3000 3624 ea
3045 3569 3241 3625 littera:
3271 3570 3457 3640 paleas
3487 3585 3717 3641 separe-

2127 3678 2272 3719 mus.
2308 3662 2391 3718 Ex
2441 3664 2535 3719 illo
2570 3663 2717 3717 enim
2764 3662 3126 3718 sufﬁcientem
3166 3671 3331 3732 atque
3369 3663 3717 3719 celerrimum

2129 3755 2222 3811 Dei
2257 3756 2547 3811 scientiam
2594 3755 3022 3825 possidebimus,
3054 3763 3277 3825 propter
3305 3754 3451 3825 quod
3491 3766 3548 3810 et
3584 3770 3718 3809 eam

2129 3846 2489 3917 iutelligibilis
2523 3846 2779 3902 sacerdos
2820 3846 3069 3918 suscipit.
3111 3844 3341 3918 Oportet
3380 3855 3562 3902 autem
3611 3861 3715 3901 nos

2130 3940 2530 4011 superfundere
2584 3940 2785 4005 oleum,
2821 3949 2877 3995 et
2916 3940 3367 4011 superimponere
3410 3940 3543 3995 thus
3581 3955 3720 4010 ερατ

2132 4033 2534 4104 elecmosyaam
2562 4032 2765 4103 quippe
2795 4040 2848 4086 et
2873 4032 3177 4087 orationem
3202 4032 3431 4088 scientia
3466 4033 3520 4086 in
3553 4033 3715 4088 nobis

2132 4123 2316 4177 divina
2366 4121 2664 4192 perﬁcitur.
2699 4121 2777 4176 De
2804 4121 3002 4192 quibus
3046 4123 3380 4187 hominibus,
3410 4137 3625 4179 necnon
3656 4133 3716 4178 et

451 4214 764 4288 apostolicae
795 4210 1112 4268 omnimodo
1137 4207 1509 4265 necessarium
1549 4206 1715 4263 habet
1752 4206 2032 4277 sapientia:
2133 4214 2200 4270 de
2222 4212 2525 4269 memoriali
2552 4213 2696 4283 quod
2722 4229 2887 4284 super
2908 4214 3079 4269 altare
3101 4213 3388 4270 sacerdote
3409 4216 3722 4286 accipiente

452 4307 887 4363 condimentum.
926 4303 1222 4372 Propterea
1260 4314 1371 4355 non
1416 4299 1608 4356 abesse
1659 4300 1740 4355 sal
1784 4316 1816 4354 a
1861 4300 2032 4355 sacri-
2134 4306 2377 4376 ponitur,
2400 4305 2852 4376 insuperioribus
2896 4305 3151 4361 subtilius
3187 4307 3564 4375 exposuimus.
3592 4307 3710 4361 Non

454 4396 613 4462 liciis,
644 4395 739 4451 sed
766 4395 822 4450 in
851 4392 1002 4449 omni
1045 4406 1273 4446 munere
1299 4390 1559 4461 praecepit
1587 4389 1666 4445 sal
1692 4389 1877 4446 olIerri
1914 4407 1928 4444 :
1970 4398 2030 4444 ut
2061 4407 2262 4465 pergo
2307 4408 2538 4449 necesse
2584 4403 2670 4448 est
2717 4410 2865 4449 nunc
2913 4395 3308 4465 expositionem
3351 4394 3717 4450 confundere-

452 4484 821 4555 quodcunque
871 4481 1145 4548 docueris,
1193 4480 1558 4551 qurdcunque
1609 4480 1934 4543 correxeris,
1974 4479 2031 4533 in
2130 4486 2268 4553 Quia
2304 4472 2451 4542 enim
2504 4487 2659 4558 [πίσεα
2709 4495 2961 4548 magum;
2989 4487 3291 4542 secundum
3342 4486 3505 4546 Lxx.
3539 4489 3719 4558 fma,

453 4588 780 4645 quacunque
812 4572 1015 4627 virtute
1044 4579 1402 4625 conversatus
1438 4571 1631 4637 fueris,
1661 4571 1729 4625 ad
1768 4570 2034 4641 apostoli-
2130 4584 2252 4629 sunt
2280 4614 2298 4641 ,
2330 4590 2395 4631 ea
2420 4590 2542 4645 quae
2574 4574 2699 4647 igne
2739 4562 2911 4630 fricta.
2938 4584 3087 4639 sunt,
3129 4575 3320 4646 reliqui
3387 4576 3720 4645 interpretes

454 4682 574 4722 eam
610 4665 1013 4722 aemulationem
1040 4670 1201 4733 atque
1223 4662 1578 4717 imitationem
1602 4660 1848 4731 opereris
1878 4701 1894 4728 ,
1925 4675 2035 4715 me-
2087 4712 2092 4717 ,
2134 4666 2490 4728 uehi-morum
2525 4668 2823 4738 explanant
2858 4683 2958 4738 pm
3001 4684 3088 4734 eo,
3118 4668 3251 4723 [rixa
3286 4678 3497 4724 matura
3533 4670 3669 4723 facta
3698 4709 3711 4730 ,

453 4773 686 4831 morque
732 4757 810 4814 sis
851 4753 1004 4812 Pauli
1055 4754 1288 4810 dicentis
1317 4772 1334 4807 :
1364 4753 1663 4808 Imitatores
1709 4752 1811 4806 mei
1853 4761 2034 4815 estote,
2136 4758 2276 4829 [ritca
2309 4758 2367 4811 in
2394 4758 2515 4828 igne
2547 4758 2731 4813 mollia
2765 4758 3076 4813 ediderunt.

449 4852 583 4906 sicut
626 4857 676 4904 et
717 4863 812 4919 ego
862 4845 1060 4901 Christi
1092 4846 1132 4899 '.
1181 4845 1250 4900 Et
1298 4859 1489 4899 rursus
1527 4861 1540 4897 :
1579 4842 1716 4913 Ergo
1757 4842 1875 4910 jam
1927 4859 2032 4898 non

449 4943 574 4998 estis
621 4941 836 4996 aduente
883 4945 931 4991 et
970 4938 1216 5008 hospites.
1253 4936 1345 4990 sed
1395 4935 1521 4989 estis
1554 4935 1688 4988 ciues
1726 4944 2029 4989 sanctorum

451 5043 500 5088 et
532 5032 805 5087 domestici
849 5030 966 5096 Dei,
999 5026 1408 5099 snperazdiﬁcati
1436 5041 1593 5095 super
1627 5026 2029 5096 fundamentum

452 5124 814 5195 apostolorum.
853 5131 902 5177 et
951 5122 1349 5191 prophetarum,
1380 5119 1493 5188 ipso
1526 5134 1733 5173 summa
1779 5118 2029 5190 angulari

454 5215 630 5289 lapide
663 5214 869 5272 Christo
907 5213 1029 5268 Jesu
1063 5213 1128 5266 ¹⁰.
1157 5211 1294 5278 Quia
1339 5219 1521 5265 autem
1559 5225 1676 5264 non
1714 5210 2031 5280 simpliciter

454 5310 533 5365 sal
552 5309 711 5375 dixit,
742 5309 839 5365 sed
871 5308 1000 5363 illud
1034 5303 1397 5376 intelligibile,
1428 5303 1701 5376 legislator
1732 5303 1945 5357 innuit:

522 5397 643 5452 Non
689 5399 901 5469 auferes
937 5396 1043 5460 sal,
1071 5394 1268 5466 inquit,
1300 5393 1508 5466 [sederis
1542 5392 1637 5446 Dei
1665 5392 1763 5446 tui.
1794 5390 1948 5458 Quod
1988 5393 2030 5445 si

451 5488 632 5547 {mdes
655 5491 771 5546 sive
805 5497 1188 5546 testamentum
1218 5486 1483 5542 rationale
1508 5494 1614 5549 est,
1652 5485 1838 5555 utique
1865 5496 1922 5541 et
1955 5488 2032 5540 sal

452 5712 473 5758 ι
541 5625 721 5756 1⁵9Αει.
766 5625 1011 5692 ινιινῖὃ.
1108 5626 1131 5658 ⁸
1157 5624 1177 5681 1
1200 5623 1327 5682 Cor.
1364 5643 1405 5693 ι,
1440 5625 1527 5680 2|.

478 5713 516 5758 Ι.
610 5740 617 5747 -

478 5713 516 5765 Ι,
541 5713 617 5756 ιν-

1625 5622 1845 5681 ’lCor.
1897 5643 1954 5694 ιι,
2011 5633 2062 5695 tt,
2119 5633 2177 5686 7.

2734 4913 2959 4971 CAPUT
3001 4915 3092 4970 ιιι.

2211 5028 2370 5084 Vens.
2408 5028 2525 5082 l-5.
2573 5048 2591 5080 ι
2631 5028 2787 5095 Quod
2838 5032 2888 5086 si
2934 5032 3108 5087 hostia
3149 5032 3499 5102 paeilieorum
3555 5034 3719 5090 fuerit

2139 5120 2260 5189 eius
2297 5119 2526 5184 oblatio,
2561 5130 2614 5175 et
2663 5120 2732 5175 de
2777 5121 2954 5176 bobus
2991 5123 3225 5178 voluerit
3251 5123 3470 5189 olferre,
3510 5139 3718 5179 marem

2139 5214 2256 5269 sive
2298 5212 2559 5267 feminam
2583 5213 2990 5269 immaculatum
3020 5216 3214 5271 offeret
3240 5231 3427 5271 coram
3449 5216 3704 5279 Domino,

2140 5313 2414 5373 ponetque
2461 5318 2685 5357 manum
2732 5319 2898 5374 super
2937 5313 3103 5376 captu
3148 5305 3385 5361 victima:
3425 5321 3560 5372 suae,
3597 5319 3720 5375 qua:

2141 5393 2513 5449 immolabitur
2565 5393 2621 5445 in
2671 5391 2900 5448 introitu
2952 5394 3343 5450 tabernaculi:
3383 5394 3721 5464 laudentque

2140 5486 2231 5542 lilii
2289 5488 2470 5539 Aaron
2527 5485 2833 5540 sacerdotis
2893 5486 3213 5559 sanguinem
3270 5501 3372 5557 per
3426 5487 3720 5542 circuitum

2268 5626 2289 5657 ⁸
2322 5623 2509 5680 Matth.
2560 5642 2610 5689 v,
2656 5624 2740 5688 l3,
2844 5624 2906 5679 ιι
2945 5626 3074 5681 Cor.
3130 5643 3206 5693 tv,
3244 5625 3337 5681 16.
3436 5626 3480 5659 ’⁸
3516 5625 3719 5696 Epiros.
