4076 6188
430 295 542 362 Si}

1587 286 1664 352 1N
1705 282 2138 348 LEVITICUM.
2179 310 2245 320 --
2291 278 2436 347 LIB.
2480 288 2525 348 Ι.

3566 280 3672 357 stt

433 419 640 481 altaris,
676 432 729 475 et
767 408 998 473 oderunt
1044 417 1109 470 de
1159 415 1333 468 hostia
1376 413 1725 481 paciﬂcerum
1767 406 1820 459 in
1848 402 1997 456 obla-
2032 408 2072 459 Α
2104 399 2239 454 ﬁciis
2312 401 2805 457 ltolocaulon‘tatum
2884 396 3215 463 sulﬁcicntel‘
3295 410 3670 470 dis‘cussimus.

437 512 638 565 tionem
694 513 926 566 Demitto
975 509 1243 576 :adipcm
1309 505 1400 574 qui
1463 502 1640 572 operit
1692 497 1895 557 vitalia.
1952 505 2009 549 et

431 602 696 672 quidquid
731 601 1077 672 pinguedinis
1110 597 1440 651 intrinsecus
1472 601 1554 647 e~t
1584 610 1598 645 :
1636 592 1780 655 duos
1826 601 2008 651 renes,

436 705 559 742 eum
599 691 758 761 adipe
795 706 904 761 quo
956 695 1211 758 teguntur
1244 687 1355 747 ilia,
1393 693 1450 738 et
1489 682 1769 736 reticulum
1808 676 2010 746 iecoris

436 796 562 835 cum
606 783 921 839 renunenlis
957 799 970 834 ε
1012 780 1414 846 adolebnntqne
1452 790 1514 829 ca
1552 787 1715 842 super
1750 771 1919 824 altare
1953 768 2009 822 in

438 873 837 934 holocaustum.
883 874 1040 944 lignis
1077 873 1202 943 igne
1237 867 1543 938 supposito,
1588 867 1641 918 in
1679 861 2009 917 oblationem

437 968 751 1021 suavissimi
790 966 977 1018 odoris
1006 963 1259 1017 Domino.
1298 978 1320 1010 ›

511 1060 679 1114 Recte
720 1057 885 1112 David
922 1056 1185 1125 propheta
1218 1051 1479 1121 psallebat
1516 1066 1529 1101 :
1570 1048 1689 1101 γῦπε
1730 1056 1869 1109 tuas,
1907 1042 2013 1096 Do-

440 1149 599 1211 mine,
634 1148 933 1202 demonstra
982 1146 1129 1207 mihi,
1158 1154 1206 1196 et
1248 1142 1465 1196 semitas
1511 1148 1630 1192 tuas
1656 1138 1809 1192 edoce
1838 1153 1918 1189 me
1946 1136 2010 1187 ”.

440 1237 709 1303 Quoniam
752 1237 1203 1292 conversatitmcs
1231 1233 1373 1286 Deus
1406 1230 1719 1286 hominibus
1752 1229 2012 1283 differen-

441 1336 525 1379 tes
575 1342 671 1397 per
718 1328 891 1397 legem
933 1329 1132 1389 sanxit,
1166 1334 1221 1379 et
1258 1326 1311 1377 in
1358 1323 1580 1378 modum
1618 1321 1882 1375 scalarum
1915 1320 2016 1373 vir-

440 1429 587 1473 tut-es
614 1420 911 1482 ordinavit,
953 1428 1011 1473 ut
1039 1418 1129 1472 alii
1168 1417 1394 1487 quidem
1439 1414 1628 1470 liceret
1657 1423 1848 1467 omnes
1875 1424 2016 1466 asse-

441 1510 558 1576 qui,
585 1510 676 1563 alii
710 1519 891 1564 autem
933 1509 1217 1579 quasdam,
1244 1515 1303 1561 ut
1329 1521 1545 1561 sursum
1579 1514 1757 1558 tamen
1787 1503 2013 1573 quisque

438 1602 816 1655 sublevaretur
843 1615 874 1655 a
904 1610 1052 1655 terra
1071 1617 1088 1651 ς
1108 1601 1210 1654 hoc
1232 1599 1431 1669 quippe
1450 1595 1819 1650 etdifferentia
1846 1595 2014 1649 sacri-

442 1692 690 1746 ﬁciorum
749 1691 1109 1761 signiﬁcabat.
1161 1690 1293 1744 Nam
1342 1691 1433 1744 hic
1475 1689 1693 1759 quidem
1743 1688 1811 1743 de
1854 1686 2050 1761 nobis:

442 1785 822 1839 holocaustum
852 1783 1067 1847 ederet,
1099 1791 1268 1838 totum
1299 1783 1651 1852 semetipsum
1681 1781 1791 1836 Deo
1814 1779 2012 1835 oﬂ‘errc

440 1875 653 1941 volens,
704 1885 762 1929 et
807 1875 950 1929 sicut
993 1874 1194 1928 Paulus
1241 1874 1459 1929 dicebat
1489 1891 1502 1927 :
1537 1875 1742 1929 Christo
1779 1873 2016 1942 conﬁxus

436 1980 558 2019 sunt
598 1967 755 2032 ,rruci
791 1967 857 2021 “.
917 1966 1068 2018 Alter
1123 1964 1448 2018 sacriﬁcium
1500 1964 1846 2035 paciﬁcorum
1903 1964 2019 2018 sive

420 2057 717 2122 salutare,
764 2055 861 2125 qui
916 2054 1192 2109 desiderat
1245 2052 1498 2114 salutem.
1549 2056 1652 2109 etsi
1706 2069 1812 2106 non
1844 2061 2019 2123 potest

441 2151 608 2203 nimis
651 2148 964 2203 sublimiter
996 2146 1313 2199 conversari
1355 2163 1368 2197 :
1403 2161 1530 2199 nam
1565 2154 1620 2199 et
1648 2147 1692 2198 si
1730 2159 1840 2199 non
1878 2146 2020 2199 valet

442 2243 810 2312 virginitatem
861 2242 1133 2311 quispiam
1190 2240 1476 2308 consequi.
1520 2240 1575 2293 in
1633 2247 1781 2293 casto
1836 2248 2016 2293 autem

439 2336 699 2405 coniugio
739 2343 1120 2396 Conversetur,
1168 2333 1382 2387 veniam
1421 2332 1652 2401 percipit
1692 2348 1722 2386 a
1767 2332 2016 2396 Domino,

438 2426 539 2494 'qtti
564 2426 736 2480 dixit:
772 2424 891 2478 Non
924 2440 1100 2477 omnes
1122 2424 1342 2490 rapiunt
1375 2424 1582 2477 verbum
1606 2423 1650 2455 "
1668 2462 1685 2486 ,
1709 2423 1925 2492 quando
1953 2424 2019 2478 de

449 2517 759 2587 virginitate
809 2515 1073 2584 apostolis
1114 2515 1445 2583 exponebat.
1496 2516 1602 2569 Sed
1650 2524 1831 2569 tamen
1879 2516 2019 2569 inter

445 2623 541 2660 eos
564 2606 659 2676 qui
684 2606 965 2660 salvantur
989 2605 1301 2659 necessarie
1325 2605 1667 2659 ordinantur.
1699 2605 1812 2659 Hoc
1842 2607 2015 2676 ipsum

444 2704 636 2752 antem’
669 2708 720 2753 et
752 2699 819 2753 de
857 2706 1171 2767 contemptu
1204 2712 1406 2761 rerum,
1435 2707 1489 2751 et
1514 2697 1829 2767 deiustitia,
1866 2709 1919 2751 et
1950 2698 2016 2751 de

442 2790 565 2843 cibo
606 2806 731 2844 cum
775 2791 1073 2860 gratiarum
1119 2791 1355 2846 actione.
1389 2791 1515 2858 quia
1556 2806 1783 2860 magnus
1809 2798 1891 2843 est
1923 2790 2013 2860 qui

439 2893 656 2948 magna,
690 2887 745 2932 et
772 2893 993 2948 parvus,
1025 2894 1133 2931 non
1176 2888 1354 2933 tamen
1381 2878 1663 2941 minimus,
1699 2879 1792 2949 qui
1822 2881 2013 2934 saltem

443 2969 737 3024 mediocria
765 2970 1024 3040 consequi
1055 2980 1251 3039 potcSI.
1285 2968 1354 3024 Ut
1384 2968 1707 3040 probaretur
1731 2984 1859 3040 ergo
1887 2970 2011 3039 quia

437 3060 565 3113 diue
605 3062 1082 3115 eonversationum
1125 3060 1337 3129 species
1382 3068 1511 3114 sunt
1554 3060 1621 3113 ad
1668 3058 2012 3128 iustiﬁcatio-
2037 3095 2082 3151 ε

441 3166 569 3205 ttem
623 3152 931 3216 hominum,
972 3152 1108 3206 duas
1161 3150 1550 3207 sacriﬁciorum
1591 3159 2013 3220 spontaneornm

443 3243 793 3298 tleﬁuitiones
823 3243 1010 3313 posuit
1037 3261 1052 3307 ;
1085 3242 1161 3296 ait
1189 3244 1335 3296 enim
1359 3244 1413 3296 in
1442 3242 1580 3297 libro
1603 3242 1768 3296 Exodi
1800 3257 1814 3296 :
1843 3240 2023 3294 Altare

438 3336 508 3387 de
547 3344 687 3388 terra
724 3337 931 3407 facietis
970 3335 1119 3397 mihi,
1150 3342 1198 3387 et
1238 3335 1580 3388 immolabitis
1608 3348 1764 3401 super
1796 3350 1854 3386 eo
1884 3331 2025 3386 holo-

446 3437 752 3479 rautomata
822 3435 871 3480 et
900 3427 1123 3496 paciﬁca
1165 3436 1358 3491 vestra,
1386 3440 1506 3479 ores
1549 3434 1745 3478 vestras
1774 3433 1821 3478 et
1852 3424 2018 3478 boves.

443 3518 509 3571 τΙη
531 3520 674 3572 omni
692 3519 809 3571 |loco
838 3520 892 3570 in
926 3534 1027 3586 quo
1057 3519 1385 3571 nominatum
1420 3518 1577 3587 fuerit
1617 3532 1801 3569 nomen
1828 3523 2021 3582 meum,

445 3610 653 3662 veniam
673 3609 744 3661 ad
766 3618 835 3672 te,
855 3616 902 3661 et
922 3609 1220 3661 benedicam
1241 3609 1336 3661 tibi
1361 3607 1423 3660 “.
1451 3606 1512 3659 Et
1531 3607 1787 3676 praecepit
1800 3607 2021 3677 quidem

444 3699 799 3768 paciﬁcorum
829 3699 1226 3757 holocaustum.
1249 3697 1523 3752 subinfert
1546 3706 1726 3751 autem
1755 3716 1767 3751 :
1800 3697 1863 3750 Et
1885 3700 2026 3767 paci-

442 3788 572 3857 eﬁca,
599 3789 743 3842 velut
762 3788 985 3842 secundi
1004 3788 1210 3842 ordinis
1225 3797 1278 3840 et
1294 3788 1527 3842 virtutis.
1561 3786 1882 3857 Quicunque
1896 3804 2025 3860 ergo

445 3880 623 3933 solum
656 3878 758 3934 sibi
790 3880 895 3934 hoc
926 3877 1342 3949 putatsnfﬁcere
1370 3878 1412 3932 si
1440 3878 1698 3941 salvetur,
1731 3879 1775 3932 is
1803 3879 2020 3949 quidem

444 3973 518 4026 de
562 3973 737 4026 bobus
766 3971 959 4025 offeret
1006 3971 1148 4027 (esse
1176 3979 1355 4023 autem
1410 3970 1600 4024 bovem
1647 3971 1880 4026 diximus
1928 3982 2024 4026 eos

442 4062 540 4130 qui
588 4062 733 4115 circa
782 4061 987 4130 agenda
1015 4075 1083 4113 ea
1115 4075 1235 4128 quae
1273 4060 1406 4130 legis
1455 4067 1585 4114 sunt
1629 4060 1865 4132 vacant);
1907 4060 2047 4116 sive.

445 4152 770 4215 masculum,
803 4152 916 4206 sive
945 4151 1224 4213 feminam,
1251 4150 1655 4205 immaculatum
1697 4161 1874 4206 tamen
1901 4169 2024 4207 tnu-

449 4257 551 4298 nus
576 4242 788 4297 oderat.
822 4242 1084 4310 Equidem
1122 4254 1246 4295 eum
1275 4239 1366 4309 qui
1399 4241 1777 4296 holocaustum
1801 4242 2020 4306 bﬂ'eret,

434 4349 557 4387 non
597 4334 854 4403 praecepit
900 4332 1100 4387 oﬂt-rre
1161 4332 1438 4397 feminam,
1489 4348 1826 4403 nequaquam
1861 4333 2022 4389 fetui-

2108 491 2246 558 Quid
2295 502 2477 547 autem
2530 489 2639 549 Deo
2679 495 2875 551 oﬁerre
2921 498 2989 552 de
3022 514 3121 555 suo
3155 504 3419 558 sacriﬁcio
3453 520 3675 561 necesse

2112 586 2343 640 habeant
2391 588 2481 655 qui
2527 588 2721 642 salvari
2782 590 2987 654 volunt,
3021 593 3125 647 hoc
3153 597 3320 664 quaeri
3351 604 3406 652 ct
3428 602 3677 655 conside-

2110 676 2215 729 rari
2250 680 2619 732 necessarium
2656 689 2758 733 est.
2801 679 3051 736 Oderunt
3094 686 3239 739 enim
3270 688 3336 741 de
3378 689 3551 746 hostia
3582 709 3676 762 pa-

2110 766 2386 822 ciﬁcorum
2420 770 2472 822 in
2505 770 2831 825 oblationem
2874 774 3107 839 Domini,
3140 777 3355 846 adipem
3382 783 3473 850 qui
3503 787 3683 854 operit

2113 858 2310 923 vitalia,
2361 868 2415 912 et
2476 861 2732 931 quidquid
2797 863 3140 934 pinguedinis
3210 868 3539 927 intritt'Secus
3574 887 3676 930 est.

2114 945 2233 1010 Vel,
2279 950 2422 1005 sicut
2467 953 3073 1025 Septuagiulamdipem
3102 959 3191 1029 qui
3218 962 3385 1028 operit
3428 975 3677 1031 ventrem,

2112 1049 2160 1092 et
2208 1057 2409 1094 omnem
2459 1044 2663 1109 adipem
2714 1046 2805 1112 qui
2846 1047 2901 1099 in
2930 1058 3110 1101 ventre
3151 1061 3223 1103 est
3257 1089 3284 1112 ,,
3315 1068 3411 1121 per
3437 1064 3679 1112 ventrem

2112 1138 2208 1183 cor
2237 1132 2584 1201 signiﬁcans:
2623 1134 2744 1190 ideo
2778 1145 2960 1192 autem
2993 1141 3235 1196 sedando
3262 1142 3381 1212 eius
3409 1143 3462 1197 in
3498 1160 3683 1215 supra.

2114 1221 2254 1275 dicta
2315 1222 2554 1278 editione
2604 1227 2923 1281 memoriam
2968 1227 3123 1295 fecit,
3174 1232 3300 1300 quia
3338 1232 3475 1288 duas
3521 1236 3685 1291 habet

2114 1315 2473 1383 operationes.
2500 1317 2645 1371 sicut
2672 1318 2864 1374 dicunt
2888 1321 3103 1376 medici.
3141 1322 3356 1378 Etenim
3389 1342 3485 1395 per
3520 1345 3681 1382 unam

2114 1413 2324 1483 partem
2354 1408 2522 1462 trahit
2552 1408 2828 1474 alimenta,
2865 1416 3006 1480 quod
3047 1420 3291 1471 ventrem
3312 1421 3677 1490 superiorem,

2116 1510 2212 1564 per
2239 1496 2395 1552 aliam
2428 1500 2777 1568 purgationes
2808 1500 3085 1567 discernit,
3118 1500 3262 1574 quod
3306 1510 3552 1566 've'ntrem
3596 1512 3683 1565 itt-

2116 1587 2369 1643 feriorem
2430 1599 2645 1646 vocant.
2686 1591 2864 1648 Renes
2906 1600 3037 1650 vero
3083 1596 3355 1654 coitalinm
3414 1605 3680 1660 seminum

2117 1688 2246 1734 sunt
2278 1679 2602 1745 ministeria,
2651 1683 2854 1738 habent
2881 1688 3062 1740 autem
3086 1693 3531 1749 'co'mt‘t‘u‘mimtem
3560 1712 3682 1751 cum

2117 1777 2305 1824 ventre
2327 1778 2383 1823 et
2409 1770 2707 1826 femoribus
2727 1790 2745 1827 :
2778 1782 2940 1843 atque
2966 1776 3125 1846 hujus
3163 1780 3237 1833 rei
3273 1783 3444 1852 gratia
3468 1783 3681 1856 adipem

2117 1861 2371 1930 primum,
2404 1862 2495 1932 qui
2527 1874 2691 1933 supra
2737 1870 2980 1921 ventrem
3008 1877 3116 1934 est,
3165 1874 3220 1925 et
3244 1872 3380 1929 duos
3410 1888 3592 1939 rencs,
3631 1890 3687 1931 rt

2116 1966 2308 2006 rursus
2343 1952 2556 2021 adipem
2593 1956 2686 2024 qui
2739 1958 2905 2024 super
2941 1961 3036 2012 eas
3057 1969 3161 2023 est,
3195 1951 3244 2016 id
3275 1966 3378 2029 est,
3415 1982 3579 2038 super
3609 1967 3686 2022 fe-

2118 2054 2289 2103 mora,
2316 2046 2503 2110 utpote
2527 2047 2648 2112 qua'a
2678 2043 2854 2099 vicina
2878 2054 3007 2100 sunt
3031 2051 3271 2115 renibus,
3301 2053 3456 2123 iubet
3479 2057 3685 2118 otierri.

2116 2132 2243 2201 quia
2294 2132 2437 2188 inter
2480 2136 2717 2190 medium
2773 2137 2996 2195 femoris
3037 2149 3093 2194 et
3143 2125 3347 2199 ventris
3384 2152 3550 2203 renes
3598 2151 3687 2204 siti

2119 2231 2266 2277 sunt.
2297 2222 2353 2276 In
2382 2224 2567 2292 iecore
2610 2236 2815 2293 autem,
2850 2229 2900 2283 id
2932 2238 3016 2285 est
3054 2231 3108 2285 iu
3143 2234 3336 2303 hepate
3368 2233 3688 2293 delectatio-

2118 2327 2267 2377 nem,
2298 2315 2415 2369 sive
2442 2318 2940 2387 concupiscentiam
2990 2325 3342 2380 constitutam
3375 2338 3500 2383 esse
3532 2329 3689 2387 dixit.

2120 2403 2273 2458 Unde
2309 2407 2610 2462 secundum
2657 2407 3010 2482 Septuaginta
3060 2414 3274 2483 lt‘cimtis
3312 2420 3534 2488 pinnam
3566 2437 3688 2477 cum

2119 2498 2342 2552 renibus
2360 2499 2546 2553 otIerri
2577 2500 2780 2556 dictttm
2809 2513 2912 2569 est,
2944 2514 3129 2577 utpote
3164 2509 3361 2578 h‘epa'te
3390 2511 3444 2566 in
3471 2515 3689 2568 renibus

2119 2589 2223 2642 vim
2256 2592 2587 2659 operationis
2608 2609 2721 2650 stne
2747 2596 3110 2654 ministrante.
3142 2601 3248 2656 sed
3281 2605 3410 2673 quid
3444 2620 3544 2675 per
3574 2608 3689 2662 lia-c

2117 2680 2401 2749 signiﬁcat,
2434 2683 2519 2738 vel
2551 2685 2680 2754 quid
2713 2689 2964 2753 sancivit,
2998 2692 3089 2760 q't'ti
3127 2693 3318 2749 salvari
3356 2697 3687 2760 volentibus.

2117 2772 2278 2825 etiam
2324 2790 2467 2829 nunc
2500 2775 2553 2830 in
2591 2777 2858 2846 parabolis
2896 2797 2958 2836 os
2997 2780 3256 2851 aperuit?
3300 2786 3436 2854 Quia
3474 2800 3690 2859 oportet

2118 2864 2369 2927 hostiam,
2403 2866 2454 2920 id
2483 2876 2567 2922 est
2593 2869 2862 2939 primitias
2886 2882 2940 2928 εἰ
2992 2873 3449 2945 b'olocau‘tomata,
3482 2879 3690 2938 Dcoab

2119 2957 2202 3010 his
2249 2960 2339 3028 qui
2376 2960 2570 3015 salvari
2601 2963 2810 3027 volt‘mt,
2832 2964 3233 3038 intelligibilem
3262 2971 3500 3042 adipem,
3541 2974 3692 3029 vide-

2117 3046 2242 3103 licet
2293 3050 2661 3117 desiderium,
2715 3055 2858 3124 quod
2916 3058 3087 3126 εὐέρεὲ
3135 3060 3435 3133 ὲπιθυμιαν
3482 3065 3687 3127 dicunt,

2123 3138 2330 3204 θωπί,
2377 3140 2468 3210 qui
2514 3142 2665 3211 prius
2702 3144 2929 3214 ‘qt‘tident
2976 3147 3153 3218 operit
3190 3154 3527 3222 superiorem
3558 3175 3689 3212 vctu

2122 3236 2283 3292 trem,
2312 3229 2507 3286 deinde
2548 3231 2858 3289 inferiorem
2899 3254 2914 3292 :
2949 3238 3004 3291 nl
3030 3246 3086 3292 et
3117 3237 3171 3292 in
3201 3242 3510 3311 cogitando,
3550 3257 3605 3301 et
3639 3250 3689 3300 iu

2125 3319 2418 3389 implendo,
2451 3322 2778 3379 desiderium
2809 3325 2916 3381 Deo
2942 3328 3239 3386 oﬁ‘e'ramus
3265 3351 3277 3386 :
3307 3343 3522 3403 oportet
3546 3340 3688 3393 enim

2125 3412 2353 3480 proponi
2409 3413 2578 3481 prius,
2628 3423 2681 3468 et
2728 3423 2912 3486 postea
2954 3421 3242 3491 'co'tupleri.
3283 3424 3510 3497 Propter
3548 3430 3688 3500 quod

2123 3509 2180 3554 et
2230 3499 2432 3557 Paulus
2468 3504 2714 3559 dicebat:
2765 3506 2866 3570 Qui
2898 3510 3260 3580 episcopatum
3293 3499 3579 3581 desiderat,
3604 3514 3666 3572 bo

2120 3607 2251 3645 num
2293 3610 2422 3663 opus
2465 3596 2807 3649 desiderat“.
2856 3596 2929 3652 ne
2952 3600 3050 3652 'illo
3079 3578 3290 3673 quippe
3324 3578 3469 3661 nunc
3506 3578 3690 3664 ventre

2124 3680 2396 3752 legislator
2449 3685 2707 3753 loquitur,
2754 3688 2821 3742 de
2865 3696 2972 3758 q'tto
3012 3690 3277 3747 Jereutias
3311 3694 3520 3766 inquit:
3559 3691 3692 3754 Ven.

2124 3780 2256 3826 trem
2278 3788 2448 3828 meum
2469 3775 2637 3839 doleo,
2654 3791 2881 3834 ventrem
2918 3797 3085 3835 meum
3108 3783 3257 3837 doleo
3275 3787 3337 3839 ‘7:
3357 3800 3465 3840 non
3495 3784 3689 3845 frostru

2123 3875 2179 3920 et
2208 3867 2322 3936 ipse
2368 3869 2657 3939 dupliciter
2684 3874 2995 3939 nominans,
3026 3876 3120 3932 sed
3158 3888 3215 3933 ut
3261 3880 3532 3951 duplicem
3562 3898 3692 3953 ope-

2127 3962 2352 4017 rationis
2398 3964 2517 4034 eitis
2545 3964 2654 4019 vim
2690 3967 3036 4038 signiﬁcaret.
3066 3970 3144 4026 Ne
3189 3971 3322 4028 forte
3359 3982 3539 4030 autem
3569 3992 3690 4029 eor-

2124 4054 2362 4119 poralem
2452 4058 2829 4113 necessitatem
2912 4063 3270 4117 accusandam
3341 4065 3688 4134 putaremus.

2124 4147 2449 4203 snbinl‘ulit':
2496 4148 2563 4203 Et
2606 4152 2784 4205 sensit:
2819 4153 2989 4207 cordis
3037 4155 3138 4208 mei
3170 4150 3688 4213 contnrbatisunt“.

2129 4238 2267 4310 Ergo
2312 4251 2502 4296 tenter
2546 4245 2743 4298 animae
2766 4253 2861 4299 cor
2889 4256 2992 4312 est,
3037 4247 3091 4300 in
3121 4254 3230 4318 quo
3256 4240 3409 4320 prius
3436 4238 3689 4324 proponi-

2123 4343 2244 4385 mus
2290 4332 2547 4400 quasdam
2603 4333 2879 4399 actiones,
2938 4344 3123 4408 pbstea
3182 4341 3365 4396 autem
3431 4358 3693 4399 conamur

447 4440 571 4478 nam
644 4425 867 4494 privans
923 4426 993 4479 ab
1049 4424 1359 4494 huiusmodi
1418 4427 1857 4489 conversatione,
1922 4428 2016 4483 sed
2049 4448 2095 4505 ι)
2126 4420 2369 4492 implere.
2424 4418 2740 4496 Propone‘r‘e
2786 4436 2916 4499 ergo
2975 4437 3234 4501 appetere
3297 4434 3694 4503 quodammodo

447 4514 737 4567 ostendens
780 4515 904 4583 quia
946 4515 1184 4585 perfecta
1228 4530 1441 4585 sapere,
1490 4519 1709 4588 proprie
1770 4519 2014 4574 virorum

440 4613 549 4656 cst.
584 4604 735 4670 Quod
773 4604 875 4658 etsi
920 4606 1114 4660 mulier
1162 4607 1276 4661 haec
1303 4607 1507 4676 sapiat,
1540 4609 1625 4662 vir
1653 4608 1790 4673 haec,
1828 4618 2015 4679 utpote

449 4698 619 4761 fortis,
653 4699 1028 4769 appellabitur,
1075 4700 1141 4753 de
1185 4716 1289 4769 qua
1335 4700 1590 4756 Solomon
1617 4701 1791 4755 dixit:
1824 4701 2011 4757 Matie-

448 4807 553 4843 rem
583 4792 767 4861 fortem
805 4792 921 4862 quis
953 4792 1273 4845 inveniet“?
1324 4793 1705 4848 demonstrans
1741 4796 1867 4863 quia
1906 4794 2015 4849 for-

447 4884 637 4945 titudo,
698 4884 749 4937 id
800 4897 881 4939 est
922 4885 1202 4954 perfectio.
1253 4885 1468 4940 diti‘mile
1495 4887 1547 4940 in
1590 4889 1909 4941 mulieribus
1941 4889 2019 4941 in-

446 4974 680 5028 venitur.
731 4973 1085 5028 Paciﬁ'corum
1132 4981 1314 5028 autem
1373 4973 1719 5038 sacriﬁcium,
1771 4975 2018 5030 similiter

447 5066 683 5119 virorum
739 5075 795 5120 et
829 5066 1116 5120 mulierum
1146 5075 1250 5128 est,
1273 5076 1487 5135 oportet
1513 5066 1658 5119 enim
1692 5075 1745 5119 et
1763 5065 2018 5119 mulieres

445 5161 515 5210 ita
568 5158 770 5219 vivere.
800 5159 942 5212 sicut
963 5169 1150 5229 aptum
1176 5168 1259 5212 est
1295 5158 1360 5211 ad
1398 5157 1645 5211 salutem.
1710 5155 1815 5212 Sed
1849 5168 2012 5227 quam

443 5249 513 5302 ob
578 5265 692 5303 rem
774 5267 968 5305 manus
1011 5252 1293 5320 imponere
1345 5265 1514 5320 super
1565 5259 1727 5319 caput
1780 5250 2013 5304 victima:

446 5342 854 5409 prtecipiuntur,
890 5351 947 5397 et
979 5343 1261 5397 immolare
1306 5342 1360 5395 in
1393 5341 1617 5396 introitu
1657 5342 2011 5405 tabernaculi,

444 5449 500 5487 sa
523 5433 870 5505 ignincmque
902 5432 1132 5489 fundere
1166 5435 1220 5488 in
1262 5432 1490 5488 circuitu
1521 5432 1723 5499 altaris,
1758 5435 1809 5487 in
1845 5437 2011 5489 sacri-

515 5633 554 5663 "
593 5630 903 5699 Psal.xxtv,
932 5634 986 5687 ιι
1088 5634 1132 5665 ¹¹
1163 5630 1339 5688 Galat.
1365 5650 1422 5695 ιι,
1455 5635 1540 5690 19.

449 5714 525 5767 In,
556 5701 608 5757 l.
715 5704 759 5733 "
783 5703 981 5759 Jerc-n.
1011 5720 1084 5767 tv,
1120 5704 1201 5760 l9.
1278 5705 1321 5736 ³⁸
1350 5706 1483 5760 ibid.

1645 5636 1688 5667 ¹²
1715 5634 1907 5691 Matth.
1951 5651 2063 5699 six,
2112 5638 2197 5691 lt.

1582 5707 1623 5737 "
1655 5702 1797 5759 Psal.
1838 5721 1967 5775 xxv,
1989 5708 2044 5759 2.
2187 5729 2201 5774 ;

2123 4523 2225 4578 est,
2250 4515 2505 4571 festinare
2542 4523 2721 4574 autem
2753 4520 3036 4590 perﬁcere,
3069 4523 3299 4593 digestio
3332 4525 3513 4581 forsan
3544 4544 3692 4599 quir-

2123 4606 2248 4660 dam
2289 4608 2510 4678 proprie
2550 4608 2782 4664 dieatur.
2810 4606 3053 4677 Quorum
3087 4622 3442 4686 utrorumque
3472 4616 3683 4672 deside-

2123 4696 2260 4751 rium
2302 4698 2443 4766 quod
2472 4699 2688 4769 adipem
2726 4699 2998 4764 clamavit.
3032 4719 3258 4759 necesse.
3286 4706 3549 4761 habemus
3583 4707 3691 4761 Dco

2121 4790 2338 4855 otl‘erre,
2378 4801 2438 4845 ιιι
2482 4792 2619 4847 nihil
2672 4810 2897 4864 pravum
2950 4811 3335 4867 proponamus,
3377 4813 3554 4866 neque
3596 4815 3689 4851 ex-

2112 4882 2380 4950 pleamus.
2422 4875 2566 4939 Bene
2609 4895 2790 4939 autem
2830 4900 2994 4954 super
3018 4897 3272 4940 ventrem
3323 4886 3686 4956 superiorem,

2115 4972 2207 5042 qui
2238 4973 2322 5028 est
2356 4974 2650 5043 appetitus,
2691 4976 2906 5044 adipem
2963 4977 3053 5045 qui
3093 4977 3271 5046 operit
3304 4985 3549 5030 ventrem
3591 4977 3701 5037 αἰξί

2112 5061 2240 5130 quia
2318 5062 2551 5117 maxima
2603 5077 2729 5131 pars
2760 5063 3028 5116 desiderii
3086 5064 3227 5116 circa
3269 5062 3593 5132 appetitum,
3635 5075 3689 5119 et

2112 5155 2258 5209 circa
2302 5156 2637 5225 propositum
2677 5165 2780 5209 est.
2814 5155 3074 5209 1nferiori
3120 5165 3301 5209 autent
3338 5155 3513 5209 ventri
3548 5156 3683 5210 tinus

2121 5264 2279 5305 renes
2329 5250 2631 5320 conjunxit,
2682 5248 2918 5303 diximus
2966 5249 3111 5302 enim
3153 5247 3277 5315 quia
3342 5248 3681 5302 communio-

2120 5361 2243 5401 ncm
2286 5359 2446 5398 rencs
2497 5345 2563 5398 ad
2607 5359 2702 5398 cor
2748 5342 2990 5395 habent:
3041 5341 3182 5393 unde
3222 5340 3386 5396 David
3437 5342 3549 5396 ait:
3587 5343 3686 5399 Ure

2120 5450 2266 5490 renes
2313 5451 2452 5490 meos
2494 5444 2542 5488 ct
2584 5450 2673 5488 cor
2701 5434 2953 5487 meum".
2995 5430 3131 5485 Audi
3175 5432 3374 5487 etcnim
3397 5432 3685 5488 Dominum

2278 5636 2323 5669 "
2344 5635 2512 5690 Exod.
2548 5649 2632 5698 xx,
2660 5631 2752 5687 ει.
2831 5632 2874 5663 ⁸⁸
2891 5628 3051 5687 Prov.
3081 5645 3230 5697 χχιι,
3265 5629 3333 5687 10
3431 5629 3509 5686 ’⁸1
3540 5627 3689 5683 Tim.
