4076 6188
395 257 500 325 815

1590 249 1955 313 HESYCHII
2009 240 2477 308 PRESBYTERI

3551 247 3663 316 Elii

395 391 496 448 per
525 373 821 431 Jcremiam
841 370 1174 445 prophetam
1195 368 1481 423 dicentem
1507 386 1521 422 :
1562 366 1673 439 Ego
1708 366 1982 431 Dominus,
2015 374 2056 430 Α
2088 362 2199 418 Deo
2226 362 2439 426 oll'erat,
2469 362 2562 417 sed
2597 372 2650 415 ct
2680 378 2707 414 ο
2735 362 2871 415 mala
2904 362 3002 427 ira,
3031 366 3088 418 c‘t
3122 376 3153 416 a
3189 363 3278 418 tali
3304 361 3667 423 delettatione

394 476 641 524 scrutans
699 467 860 519 corda
923 472 972 517 et
1025 462 1255 535 probans
1305 475 1451 513 renes
1469 460 1536 514 ‘°.
1606 459 1767 513 Nullo
1824 457 1984 512 modo

396 567 582 614 autem
627 558 873 615 membra
915 554 1034 608 haec
1087 551 1385 623 prophetia,
1419 548 1834 621 coniunxisset,
1876 547 1983 602 nisi

398 649 549 705 omni
589 647 750 703 modo
795 644 1078 715 quidpiam
1112 643 1194 699 eis
1229 658 1525 699 commune
1555 642 1769 705 fuisset,
1803 647 1986 694 motus

397 743 544 798 enim
586 738 854 795 irascendi
904 737 961 790 in
1005 737 1192 803 corde,
1220 736 1274 791 in
1312 734 1537 791 renibus
1560 742 1743 788 autem
1776 745 1987 786 memo-

400 836 533 889 riam
578 832 698 902 eius
741 831 921 901 iacere
960 828 1160 884 medici
1208 828 1419 883 dicunt.
1471 824 1622 880 Unde
1662 823 1987 877 innocentia:

402 923 505 980 sibi
551 920 924 977 testimonium
970 919 1268 988 perhibens
1292 916 1460 971 David
1486 935 1500 970 :
1534 914 1729 967 Judica
1756 929 1858 978 me,
1881 912 1987 965 Do-

402 1015 561 1080 mine,
583 1012 834 1085 quoniam
858 1027 950 1082 ego
971 1010 1024 1064 in
1046 1010 1344 1064 innocentia
1365 1025 1479 1061 utea
1509 1007 1774 1076 ingressus
1786 1004 1983 1067 sum“,

401 1107 499 1172 ait,
530 1112 586 1158 et
624 1117 784 1158 renes
822 1102 933 1167 uri,
982 1108 1148 1171 atque
1194 1115 1290 1155 cor
1327 1099 1640 1171 postulavit,
1693 1104 1875 1166 utpote
1899 1095 1986 1149 cui

404 1206 633 1267 utraque
653 1201 904 1265 poterant
928 1190 1298 1253 testimonium
1335 1189 1643 1260 perhibere.
1679 1188 1737 1241 ln
1767 1187 1989 1241 renibus

403 1288 525 1342 istis
561 1286 725 1342 etiam
770 1281 996 1340 seminis
1047 1295 1210 1336 causa
1256 1293 1364 1347 est,
1387 1281 1533 1335 unde
1563 1290 1620 1334 et
1649 1279 1988 1333 communio-

405 1390 530 1430 nem
578 1389 701 1430 cum
750 1370 1052 1427 femoribus
1113 1371 1337 1436 habere,
1383 1370 1513 1440 quia
1559 1368 1661 1438 ipsi
1706 1369 1990 1422 coitalibus

407 1464 712 1521 actionibus
750 1461 859 1519 vim
902 1460 1144 1531 praebere
1174 1454 1461 1531 putantur.
1508 1457 1669 1512 Unde
1691 1456 1857 1512 Jacob
1894 1471 1989 1526 pa-

410 1557 642 1612 triarcha
686 1553 902 1609 dicebat
966 1568 979 1606 :
1039 1551 1159 1606 Non
1207 1552 1372 1607 deerit
1415 1560 1675 1619 sceptrum
1712 1550 1775 1604 de
1826 1548 1988 1613 Juda,

409 1664 500 1701 nec
528 1647 635 1701 dux
660 1646 723 1699 de
751 1644 1032 1715 femoribus
1056 1643 1230 1712 ejus“
1248 1684 1263 1709 ,
1290 1657 1388 1712 per
1410 1641 1617 1697 femora
1644 1640 1869 1695 seminis
1894 1640 1992 1694 de-

408 1708 761 1792 rivationem.
814 1750 913 1790 seu
971 1708 1393 1790 descensionem
1465 1732 1801 1804 significans.
1864 1731 1991 1787 Vult
2024 1708 2064 1765 Β

408 1842 538 1899 ergo
571 1836 625 1881 et
656 1824 965 1896 nuptiarum
993 1823 1322 1880 desiderium
1345 1823 1529 1878 offerri
1568 1825 1700 1888 Deo,
1737 1831 1796 1876 ut
1825 1823 1992 1893 prolis

409 1933 595 1981 causa,
650 1932 758 1971 non
809 1915 1183 1972 fornicationis
1232 1916 1537 1986 proveniat,
1586 1925 1642 1972 et
1676 1915 1992 1971 bonorabile

409 2010 481 2064 sit
532 2008 866 2079 coniugium,
894 2014 948 2061 et
989 2016 1142 2061 torus
1184 2007 1588 2062 immaculatus.
1646 2006 1755 2061 Sed
1791 2017 1849 2061 et
1888 2006 1994 2061 hoc

409 2100 552 2170 quod
584 2101 639 2153 in
679 2100 839 2156 nobis
866 2109 951 2154 est
983 2099 1277 2162 irascibile,
1318 2102 1428 2154 Deo
1472 2099 1637 2153 debet
1664 2099 1844 2153 offerri
1871 2115 1886 2163 ;
1914 2099 1993 2152 sic

409 2190 553 2243 enim
590 2204 702 2243 non
745 2188 814 2244 ad
868 2188 1241 2258 operationem
1275 2188 1503 2259 peccati,
1548 2188 1644 2242 sed
1674 2189 1743 2241 ad
1775 2189 1994 2242 destru-

409 2282 644 2334 ctionem
672 2280 874 2351 peccati
906 2279 1063 2333 irasci
1106 2282 1428 2348 poterimus,
1459 2288 1515 2333 ct
1548 2280 1714 2336 David
1748 2279 1800 2333 in
1830 2280 1991 2333 nobis

403 2372 722 2445 implebitur
792 2372 1124 2443 Scriptura:
1178 2371 1502 2436 Irascimini,
1551 2380 1598 2426 et
1653 2370 1813 2426 nolite
1869 2388 1989 2438 pec-

408 2480 533 2518 care
551 2463 617 2515 ”.
654 2462 788 2529 Quia
817 2463 963 2518 enim
987 2471 1071 2517 est
1100 2463 1177 2516 ira
1204 2464 1426 2533 placens
1463 2464 1596 2523 Deo.
1630 2464 1846 2532 quando
1881 2478 1990 2517 non

411 2553 478 2607 ad
510 2553 841 2615 nocendum,
872 2553 964 2607 sed
1004 2555 1068 2608 ad
1104 2553 1485 2623 corrigendum
1529 2554 1764 2622 prolicit,
1799 2555 1994 2623 probat

411 2652 620 2712 aperte,
658 2643 801 2713 quod
831 2643 1064 2713 primum
1092 2644 1159 2698 de
1193 2643 1371 2714 Moyse
1406 2644 1459 2697 in
1494 2643 1679 2699 Exodo
1713 2645 1988 2710 scribitur,

412 2738 488 2788 ait
522 2735 708 2788 enim:
744 2732 978 2806 Cumque
1018 2736 1490 2805 appropinquasset
1527 2736 1596 2789 ad
1637 2746 1836 2801 castra,
1863 2738 1993 2792 vidit

411 2825 654 2888 uitulum,
691 2834 738 2880 et
763 2826 963 2893 choros,
995 2828 1265 2895 iratusque
1308 2826 1458 2883 ualde
1488 2827 1708 2897 projecit
1741 2833 1804 2881 de
1832 2845 1991 2881 mauu

414 2917 642 2983 tabulas,
695 2926 743 2971 et
800 2917 1051 2989 confregit
1098 2934 1188 2971 eas
1241 2918 1313 2971 ad
1360 2919 1561 2975 radices
1602 2919 1813 2983 montis,
1847 2919 1988 2971 arri-

2083 455 2339 510 mundari
2364 457 2543 509 debet.
2577 452 2869 523 Propterea
2902 456 3049 507 enim
3085 465 3296 510 motum
3330 456 3449 521 ira,
3477 465 3536 512 et
3565 458 3675 515 deo

2084 545 2435 621 lectationum
2482 545 2765 614 primitias,
2799 544 3086 615 ipsumque
3133 555 3308 601 totum
3348 548 3670 621 coniugium

2084 653 2184 708 per
2205 619 2424 708 pimiam
2451 637 2664 707 bepatis
2689 646 2747 691 et
2780 652 2974 693 renum
2998 636 3184 703 oﬂert,
3206 650 3462 710 recteque
3483 619 3671 710 potest

2085 744 2241 785 suam
2279 729 2747 784 conversationem
2791 730 2859 784 ad
2905 744 3204 799 supernum
3235 731 3409 787 altare
3445 732 3669 798 od‘erre,

2085 829 2141 875 et
2165 836 2329 891 super
2359 821 2673 875 holocausta
2699 860 2716 884 ,
2737 831 2792 875 et
2817 837 2982 891 super
3010 822 3150 893 ligna
3181 838 3304 892 quae
3336 833 3467 878 sunt
3497 840 3670 895 super

2087 913 2231 985 igne.
2273 913 2586 967 Secundum
2628 912 2774 967 enim
2811 914 3063 971 mandata
3116 915 3343 983 spiritus
3367 930 3669 971 conversa-

2087 1015 2196 1070 tur,
2227 1014 2284 1061 et
2328 1005 2502 1061 hostia
2552 1005 2782 1058 Domino
2828 1006 3138 1060 suavissimi
3178 1007 3361 1062 odoris
3411 1007 3665 1064 efﬁcitur.

2087 1094 2270 1151 Placet
2314 1096 2516 1165 quippe
2545 1096 2593 1149 ei
2639 1095 2897 1164 perficere
2925 1094 3160 1149 fructum
3191 1111 3302 1151 non
3332 1098 3507 1153 solum
3531 1114 3669 1153 cen-

2088 1187 2364 1251 tesimum,
2393 1187 2489 1240 sed
2517 1196 2573 1241 et
2601 1187 3020 1256 sexagesimum,
3054 1198 3110 1241 et
3130 1187 3487 1244 tricesimum.

2160 1278 2319 1333 Vsus.
2344 1279 2496 1331 6—17.
2530 1296 2549 1328 ι
2583 1277 2639 1331 Si
2680 1294 2808 1332 vero
2837 1278 2905 1331 de
2939 1278 3134 1333 ovibus
3166 1278 3337 1333 fuerit
3369 1279 3489 1350 eius
3517 1278 3667 1334 obla-

2087 1376 2183 1433 tio,
2233 1379 2289 1424 et
2336 1368 2683 1438 paciﬁcorum
2735 1368 2943 1433 hostia,
3004 1368 3122 1424 sive
3175 1370 3503 1433 masculum,
3548 1372 3666 1425 sive

2089 1459 2346 1514 feminam
2390 1459 2668 1523 obtulerit,
2725 1459 3070 1514 immaculata
3109 1471 3293 1515 eruat.
3347 1459 3404 1515 Si
3465 1476 3662 1530 agnum

2090 1550 2341 1604 obtulerit
2375 1565 2559 1604 coram
2582 1549 2829 1612 Donnino.
2861 1559 3027 1619 ponet
3069 1565 3290 1605 manum
3315 1565 3482 1620 super
3505 1562 3669 1621 caput

2091 1642 2324 1696 victima:
2351 1657 2484 1706 suae,
2521 1657 2643 1711 quae
2682 1641 3055 1696 immolabitur
3091 1642 3150 1696 in
3186 1642 3458 1698 vestibulo
3486 1644 3668 1698 taber-

2091 1733 2271 1788 naruli
2321 1733 2617 1819 testimonii
2654 1750 2668 1787 :
2716 1732 3056 1802 fundentquc
3100 1732 3197 1788 filii
3238 1732 3420 1788 Aaron
3448 1736 3673 1806 sanguis

2091 1839 2216 1879 nem
2277 1825 2397 1893 ejus
2452 1840 2549 1894 per
2614 1825 2802 1879 altaris
2847 1825 3157 1891 circuitum,
3224 1833 3282 1880 et
3340 1824 3575 1881 ederent
3599 1827 3670 1882 de

2092 1916 2439 1986 pacilicorum
2490 1917 2664 1972 hostia
2699 1916 3026 1973 sacrificium
3067 1917 3316 1981 Domino,
3368 1917 3585 1987 adipem
3614 1927 3673 1974 et

2091 2008 2316 2062 caudam
2360 2016 2527 2063 totam
2566 2024 2690 2063 cum
2737 2009 2979 2070 renibus.
3025 2018 3079 2063 et
3111 2009 3518 2080 pinguedinem,
3546 2026 3674 2081 qua

2090 2100 2264 2170 operit
2298 2108 2562 2161 ventrem,
2589 2108 2751 2168 atque
2774 2098 3025 2157 universa
3053 2099 3261 2163 vitalia.
3290 2110 3345 2156 et
3375 2111 3671 2171 utrumque

2093 2192 2451 2243 renunculum
2487 2206 2609 2243 cum
2658 2190 2839 2259 adipe,
2870 2191 2963 2259 qui
3005 2199 3090 2245 est
3115 2191 3270 2261 iusta
3315 2192 3422 2256 ilia,
3458 2194 3672 2247 relicuo

2092 2280 2310 2349 lunaque
2358 2280 2558 2350 iecoris
2605 2298 2732 2336 cum
2795 2282 3130 2337 renuuculis.
3196 2283 3263 2337 Et
3327 2283 3564 2338 adolebit
3598 2298 3665 2336 ea

2091 2373 2345 2428 sacerdos
2377 2388 2543 2442 super
2582 2371 2753 2426 altare
2808 2373 2864 2426 in
2923 2372 3178 2441 pabulum
3207 2372 3372 2444 ignis,
3429 2383 3485 2428 et
3517 2374 3673 2427 σωκ-

2094 2462 2255 2516 tionis
2286 2462 2521 2516 Domini.
2547 2458 2603 2515 Si
2636 2476 2798 2532 capra
2827 2460 2987 2516 fuerit
3018 2462 3139 2532 ejus
3162 2463 3389 2530 oblatio,
3423 2473 3480 2519 et
3508 2464 3672 2520 obtu-

2092 2552 2213 2607 lcrit
2239 2569 2361 2606 eam
2385 2554 2633 2616 Domino,
2675 2563 2849 2623 ponet
2880 2569 3099 2608 manum
3122 2570 3277 2609 suam
3310 2570 3479 2626 super
3506 2568 3675 2627 caput

2092 2644 2229 2714 eius,
2281 2643 2691 2713 innnolahitque
2746 2659 2867 2698 eam
2928 2645 2981 2698 in
3035 2644 3263 2700 introitu
3324 2648 3673 2704 tabernaculi

2094 2734 2426 2788 testimonii:
2479 2744 2533 2788 et
2569 2734 2802 2789 fundent
2839 2734 2933 2790 filii
2986 2736 3168 2789 Aaron
3199 2738 3522 2808 sanguinem
3553 2738 3681 2808 eius

2090 2842 2189 2897 per
2226 2827 2412 2880 altaris
2445 2826 2758 2893 circuitum,
2804 2828 3103 2897 tollentque
3145 2842 3211 2882 es
3252 2844 3315 2883 ea
3354 2829 3411 2884 in
3456 2838 3679 2900 pastum

2091 2919 2227 2990 ignis
2268 2919 2531 2975 Douiioici
2569 2919 2813 2989 adipem,
2845 2920 2939 2988 qui
2973 2920 3152 2989 operit
3184 2928 3452 2983 ventrem,
3487 2928 3545 2975 et
3578 2923 3676 2990 qui

395 3010 659 3077 ‘pic’tta‘qitc
702 3007 920 3062 vitulum
977 3024 1130 3079 quem
1161 3011 1415 3078 fecerant,
1445 3009 1746 3072 combussit,
1778 3019 1825 3063 et
1862 3025 1989 3063 con-
2015 3034 2060 3094 ε
2093 3017 2235 3080 teget
2286 3009 2535 3065 universa
2568 3010 2769 3075 vitalia,
2804 3011 2942 3066 duos
2978 3010 3311 3065 ranunculos
3369 3026 3493 3065 cum
3542 3013 3678 3067 reti-

416 3100 556 3167 trivit
584 3116 748 3168 usque
775 3101 844 3152 ad
869 3098 1151 3168 pulverem,
1184 3117 1336 3172 quem
1373 3101 1567 3170 sparsit
1596 3102 1651 3155 in
1690 3118 1887 3172 aquam
1942 3111 1989 3158 et

2093 3101 2215 3154 culo
2266 3100 2409 3169 quod
2455 3108 2538 3154 est
2606 3115 2775 3170 super
2802 3117 2899 3155 eos
2931 3102 3075 3155 circa
3105 3100 3310 3165 vitalia,
3342 3108 3399 3156 et
3429 3102 3684 3156 arviam

416 3192 556 3245 dedit
591 3209 655 3245 ex
692 3208 752 3245 eo
796 3203 977 3260 potum
1016 3191 1142 3262 ﬁliis
1166 3191 1419 3247 Israel“.
1448 3192 1566 3248 Non
1603 3203 1784 3249 tatuen
1821 3194 1873 3248 in
1909 3195 1992 3248 bis
2087 3193 2290 3264 jec0ris
2345 3207 2468 3246 cum
2517 3192 2855 3247 rcuunculis.
2897 3193 3259 3262 Adolebitque
3305 3208 3375 3248 ea
3415 3194 3681 3249 sacerdos

419 3284 782 3354 reprehensus
816 3293 918 3348 est,
961 3285 1062 3340 sed
1104 3286 1216 3341 imo
1254 3286 1485 3341 multum
1520 3285 1859 3351 admirabilis
1895 3302 1992 3340 ex-

418 3373 556 3426 stitit
597 3390 611 3426 :
656 3388 722 3427 ex
770 3375 887 3427 zelo
929 3374 1077 3435 enim
1117 3381 1266 3429 tanta
1312 3375 1395 3430 ira
1426 3391 1556 3430 usus
1583 3384 1664 3431 est
1698 3376 1990 3447 legislator,

418 3464 544 3532 quia
571 3469 628 3518 et
665 3463 807 3519 Deus
839 3464 999 3537 irasci
1027 3465 1078 3520 in
1114 3466 1301 3522 multis
1333 3482 1502 3522 sacrae
1533 3467 1835 3538 Scriptura
1856 3467 1993 3523 diei-

422 3568 509 3611 tur
550 3556 705 3621 locis,
753 3572 1096 3628 nequaquam
1141 3568 1323 3614 autem
1364 3561 1431 3615 de
1457 3574 1524 3617 eo
1552 3550 1676 3624 hoc,
1707 3561 1753 3615 si
1793 3560 1995 3615 malum

324 3660 331 3679 ι
421 3646 632 3711 fuisset,
672 3644 967 3701 diceretur.
1010 3647 1079 3702 Et
1120 3648 1237 3704 haec
1285 3648 1504 3719 quidem
1560 3648 1635 3703 ita
1679 3663 1739 3704 se
1773 3648 1992 3705 habent.

421 3738 559 3805 Quia
597 3748 776 3794 autem
821 3740 879 3794 in
914 3739 1113 3811 hepate
1159 3741 1626 3814 concupiscentiae
1654 3742 1997 3812 requiescere

424 3838 702 3899 putantur,
743 3839 1030 3901 propterea
1073 3831 1331 3902 pinnam,
1370 3832 1425 3888 id
1469 3841 1576 3895 est,
1624 3834 1998 3887 summitatem

423 3923 625 3979 auferri
668 3939 792 3978 cum
832 3924 1053 3979 renibus
1100 3925 1382 3996 praecepit,
1413 3934 1467 3979 et
1501 3924 1687 3980 offerri
1715 3923 1784 3978 ad
1806 3922 1994 3989 altare,

427 4026 484 4069 ut
514 4016 580 4070 ab
610 4015 756 4071 omni
806 4014 945 4069 mala
975 4015 1336 4071 delectatione
1371 4017 1722 4081 mundemur,
1761 4016 1999 4070 scientes

423 4106 546 4175 quia
577 4106 848 4179 primitiva
874 4107 1265 4180 cogitationum
1293 4116 1603 4163 nostrarum
1635 4108 1745 4163 Deo
1776 4121 2001 4164 necesse

430 4198 691 4254 habemus
721 4196 942 4264 offerre,
969 4199 1372 4254 sanctificantes
1411 4214 1510 4271 per
1537 4199 1921 4255 delibationem
1944 4206 2002 4252 et

428 4304 684 4344 massam.
713 4289 771 4344 Si
791 4289 938 4344 enim
965 4290 1220 4346 delibatio
1246 4301 1455 4356 sancta,
1488 4291 1683 4362 inquit,
1715 4300 1771 4345 et
1797 4305 2002 4355 massa,

2094 3299 2258 3355 super
2275 3283 2446 3338 altare
2467 3283 2523 3339 in
2550 3284 2862 3339 alimoniam
2897 3284 3061 3356 ignis,
3096 3293 3152 3339 et
3192 3285 3505 3339 suavissimi
3531 3285 3678 3340 odo-

2095 3376 2188 3432 ris.
2222 3374 2412 3432 Omnis
2438 3376 2607 3445 adeps
2640 3374 2853 3431 Domini
2894 3377 2999 3431 erit
3021 3377 3148 3446 jure
3181 3389 3450 3447 perpetuo
3488 3377 3544 3431 in
3576 3392 3677 3448 ge-

2094 3466 2486 3533 nerationibus,
2530 3475 2585 3522 et
2639 3466 2852 3521 cunctis
2912 3466 3237 3521 habitaculis
3296 3465 3514 3532 vestris,
3572 3481 3687 3521 nec

2094 3558 2302 3628 adipes,
2330 3573 2433 3614 nec
2458 3558 2782 3630 sanguinem
2810 3558 3036 3615 omnino
3069 3558 3422 3615 comedetis.»

2165 3647 2342 3716 Quem
2390 3649 2580 3704 bovem
2625 3649 2859 3710 offerre.
2908 3657 2966 3704 et
3024 3664 3187 3720 quem
3240 3665 3433 3705 rursus
3487 3664 3682 3716 ovem,

2097 3755 2325 3810 quamve
2353 3755 2575 3811 capram
2594 3740 2868 3812 lcgislator
2894 3738 3167 3810 praecepit,
3205 3739 3338 3795 olim
3368 3741 3423 3795 in
3452 3742 3537 3796 bis
3556 3756 3688 3812 quae

2097 3831 2165 3886 de
2224 3832 2553 3887 holocaustis
2608 3830 2753 3885 dicta
2808 3840 2937 3885 sunt
3003 3832 3377 3901 exposuimus.
3428 3831 3684 3887 Diximus

2098 3923 2244 3978 enim
2295 3923 2560 3978 sacrificia
2613 3922 3125 3981 conversationibus
3168 3922 3520 3978 odorentium
3553 3938 3683 3978 esst:

2098 4024 2408 4085 comparata
2437 4032 2451 4068 :
2482 4024 2537 4070 et
2573 4014 2880 4069 differentia
2906 4015 3305 4070 sacrificiorum
3346 4015 3693 4070 differentias

2101 4106 2579 4163 conversationum
2629 4120 2754 4160 esse
2782 4104 3078 4176 ﬁguratas:
3122 4121 3253 4177 ergo
3282 4106 3499 4167 bovem,
3532 4105 3684 4176 lega-

2101 4199 2233 4253 lium
2290 4197 2668 4252 mandatorum
2724 4204 3068 4265 operatorcm
3128 4197 3491 4264 ostendimus,
3553 4213 3693 4253 oves

2101 4297 2283 4345 autem
2328 4287 2603 4357 simplices
2654 4301 2776 4341 esse
2813 4287 3071 4352 diximus,
3116 4304 3309 4359 capras
3338 4289 3504 4344 etiam
3551 4290 3687 4343 sim-

429 4380 507 4433 sic
552 4379 699 4433 enim
744 4378 799 4433 in
845 4380 1002 4435 nobis
1030 4380 1318 4436 delectatio
1348 4380 1487 4435 mala
1517 4395 1628 4443 non
1659 4379 1775 4434 fiet.
1816 4377 1925 4451 Sed
1954 4378 1999 4432 si
2031 4363 2075 4418 ο
2104 4380 2274 4451 plices
2294 4374 2512 4449 quidem
2535 4386 2779 4433 versatos
2801 4377 2854 4431 in
2885 4378 3144 4447 peccatis,
3175 4380 3270 4435 sed
3294 4389 3476 4434 tamen
3501 4388 3691 4448 postea

429 4468 632 4527 divitiis
659 4471 780 4542 quis
808 4471 1129 4536 delectatur,
1154 4472 1371 4537 divitias
1393 4472 1617 4543 iustitiae
1639 4479 1864 4542 quaerat,
1886 4471 2002 4527 sive

429 4563 625 4626 salute,
674 4578 793 4617 eam
836 4578 956 4633 qum
999 4571 1081 4619 est
1128 4563 1181 4617 in
1228 4562 1628 4633 subiectionem
1664 4570 1721 4618 et
1757 4563 2002 4618 refrena-

432 4656 633 4711 tionem
664 4656 930 4726 corporis,
954 4656 1068 4712 sive
1095 4655 1371 4726 coniugio,
1401 4654 1495 4710 illo
1516 4656 1659 4725 quod
1685 4655 1740 4710 in
1769 4654 2001 4709 filiorum

431 4747 804 4818 procreatione
833 4756 918 4802 est
946 4747 1079 4802 etin
1116 4746 1399 4819 pudicitia.
1442 4746 1668 4817 Oportet
1695 4755 1876 4803 autem
1902 4759 2005 4800 nos

431 4840 703 4896 reminisci
750 4838 875 4912 quia
910 4856 1058 4895 nunc
1110 4856 1222 4896 non
1255 4854 1381 4895 eum
1409 4838 1500 4909 qui
1537 4854 1595 4895 se
1629 4838 1917 4902 cruciﬁxit,
1949 4846 2008 4892 et

430 4930 775 4986 mortificavit
819 4933 1044 4995 inundo,
1078 4932 1174 4986 sed
1223 4946 1348 4985 cum
1378 4930 1469 5000 qui
1497 4930 1844 4989 mediocriter
1875 4944 2008 4984 con-

432 5029 676 5074 versatur
700 5020 1013 5093 ,legislator
1060 5018 1364 5090 descripsit.
1404 5019 1557 5077 Unde
1599 5021 1720 5090 eius
1759 5030 1814 5076 et
1849 5037 2007 5076 renes

430 5108 616 5165 offerri
654 5111 830 5182 iubet,
862 5112 1159 5168 ostendens
1186 5112 1311 5182 quia
1345 5110 1414 5169 de
1438 5126 1505 5166 eo
1530 5110 1623 5180 qui
1668 5110 2009 5184 inconiugio

431 5213 804 5269 conservatur,
846 5203 1124 5274 loquitur:
1157 5218 1278 5259 esse
1314 5211 1496 5257 autem
1529 5201 1586 5256 in
1615 5202 1839 5257 renibus
1865 5203 2008 5259 disi-

434 5308 555 5347 tuus
604 5292 813 5350 coitalis
853 5292 1187 5366 Operationis
1219 5294 1447 5348 semina.
1502 5290 1884 5349 Verumtamen
1934 5292 2008 5347 ita

431 5399 491 5438 se
518 5385 639 5454 quis
654 5384 1132 5458 debetdisponcre,
1159 5395 1220 5440 ut
1243 5400 1404 5440 tirone
1426 5383 1778 5450 desiderium,
1807 5394 1862 5462 et
1883 5399 2010 5454 pro-

433 5477 667 5544 positum
721 5476 1014 5545 cuiuslibet
1069 5475 1324 5542 actionis,
1376 5484 1432 5531 ct
1481 5474 2012 5531 consummationem

518 5611 779 5667 “ieram.
833 5627 968 5677 xvii,
1015 5612 1098 5668 f0.

418 5685 481 5763 f’
506 5686 671 5739 Amos
730 5698 818 5748 vn,
850 5682 931 5737 H.

1197 5612 1408 5667 “Psal.
1462 5628 1589 5677 xxv,
1647 5611 1700 5665 1.

1778 5611 1822 5642 ’³
1852 5609 1992 5667 Gen.
2041 5626 2186 5676 sua,
2237 5609 2325 5664 10.

2106 4482 2425 4525 conversos.
2469 4466 2578 4522 Sed
2625 4467 2700 4521 ibi
2738 4468 2936 4523 ovibus
2960 4469 3123 4523 etiam
3158 4484 3447 4538 caprarum
3476 4470 3691 4524 sacrifi-

2107 4560 2253 4614 cium
2282 4557 2522 4621 miscuit,
2550 4559 2628 4612 ait
2654 4559 2798 4612 enim
2824 4576 2836 4611 :

2181 4650 2332 4716 Quod
2360 4649 2407 4702 si
2438 4650 2502 4702 de
2533 4650 2800 4718 pecoribus
2820 4648 3014 4703 oblatio
3043 4659 3137 4711 est,
3181 4652 3242 4704 de
3287 4651 3466 4705 ovibus
3490 4652 3594 4704 sive
3625 4656 3692 4703 de

2110 4744 2283 4814 capris
2316 4743 2676 4797 holocaustum
2709 4742 3018 4796 aniticulam
3054 4742 3247 4811 absque
3283 4742 3491 4795 macula
3521 4742 3665 4811 oﬂert

2108 4833 2459 4904 Septuaginta
2481 4842 2662 4887 autem
2709 4831 2787 4886 sic
2825 4830 2994 4886 edunt
3021 4848 3034 4881 :
3068 4829 3123 4884 Si
3159 4830 3228 4885 ab
3258 4830 3454 4885 ovibus
3487 4846 3699 4883 umuos

2108 4923 2247 4992 eius,
2282 4922 2352 4975 ab
2384 4920 2539 4992 agnis
2569 4928 2625 4974 et
2650 4919 2817 4974 bmdis
2846 4919 2901 4973 in
2943 4918 3345 4984 holocaustum,
3388 4917 3699 4972 masculum:

2112 5013 2519 5071 immaculatum
2562 5013 2760 5083 offeret
2809 5011 2980 5074 illum,
3027 5010 3152 5080 quia
3181 5024 3314 5064 oves
3352 5024 3529 5080 genus
3554 5024 3697 5077 quo-

2110 5106 2407 5163 daiiintodo
2449 5123 2571 5163 esse
2606 5121 2871 5177 agnorum
2918 5113 2975 5159 et
3017 5105 3301 5161 laetiorum
3366 5103 3695 5174 complexio:

2114 5200 2281 5254 Vetus
2315 5197 2721 5255 Testamentum
2747 5198 3051 5252 aestimavit.
3078 5197 3337 5253 invenies
3365 5204 3567 5258 tamen,
3601 5195 3703 5249 sed

2114 5301 2170 5345 ct
2209 5292 2353 5362 apud
2399 5291 2716 5361 prophetam
2757 5288 2925 5347 Amos
2975 5304 3167 5359 capras
3205 5289 3505 5359 appellatas
3529 5303 3705 5351 oves;

2116 5383 2192 5437 ait
2225 5384 2369 5439 enim
2396 5400 2409 5437 :
2434 5381 2553 5437 Non
2576 5397 2693 5436 sum
2723 5381 3011 5450 propheta,
3036 5396 3131 5435 nec
3167 5378 3310 5449 ﬁlius
3345 5378 3608 5450 prophetis
3631 5378 3699 5439 ’⁵.

2119 5475 2212 5530 sed
2248 5475 2470 5537 αἰπόλος
2509 5489 2610 5544 ego
2637 5488 2782 5538 sum,
2811 5472 3074 5528 vellicans
3105 5472 3389 5527 sicamina.
3426 5470 3494 5524 Et
3520 5479 3706 5523 sustu-

2407 5610 2451 5642 "
2488 5608 2630 5663 Psal.
2688 5625 2763 5675 tv,
2812 5608 2869 5663 ὅσ
2940 5605 3183 5679 "Exod".
3238 5622 3409 5671 nati,
3464 5604 3550 5670 l9,
3599 5603 3698 5658 ‘20.
