4076 6188
328 298 434 367 817
1488 304 1569 364 ΙΝ
1613 303 1904 365 LEVITIC

2008 301 2052 362 Ι.
2097 328 2165 337 -
2206 303 2352 368 LIB.
2397 302 2443 362 Ι.
2992 338 2999 343 ι
3501 299 3611 367 818

331 413 391 469 lit
416 429 505 469 me
542 397 806 469 Dominus
843 429 910 469 ex
949 416 1206 486 gregibus
1253 416 1459 471 ovium.
1512 417 1648 472 Cum
1699 415 1916 488 proprie
1945 417 1991 471 Α
2018 416 2420 486 simplicitatem
2463 414 2690 478 habent,
2715 420 3091 466 verumtamen
3127 409 3196 465 ab
3224 408 3372 465 omni
3404 410 3606 463 malitia

329 512 567 573 αἰπόλοι,
618 489 707 582 qui
754 526 946 582 capras
991 521 1223 582 pascunt
1272 513 1632 584 appellentur,
1677 512 1912 567 manile-
2018 508 2236 563 munda:
2261 514 2407 561 sunt.
2436 505 2541 572 Qui
2566 512 2747 559 autem
2774 518 2840 557 ex
2860 499 3395 557 bobussacrilicium
3414 499 3599 558 oﬁcrt.

298 609 470 655 istam
515 610 599 657 est
648 602 774 671 quia
820 611 875 658 et
919 618 1112 673 capras
1154 604 1294 659 inter
1349 591 1490 659 oves
1545 605 1742 675 posuit.
1775 604 1915 671 Qnia
2014 610 2205 670 utpote
2241 607 2503 669 Operator-
2531 597 2793 667 Iegalimn
2834 584 3242 657 mandatorum,
3284 607 3395 646 non
3438 591 3603 646 habet

329 708 463 759 ergo
505 694 750 763 (taedam
798 710 865 749 ex
911 694 1044 764 ipsis
1088 709 1277 767 agnos,
1321 697 1568 767 quxdam
1609 697 1917 766 caprasiex
2018 690 2403 746 necessitatem
2450 689 2695 742 lumbum
2744 683 2967 749 oﬁ‘erre,
3022 684 3149 753 quia
3191 682 3383 737 hocin
3418 698 3605 738 corrc-

330 784 477 847 dicit,
520 800 750 854 quorum
801 785 1024 856 quidem
1067 785 1188 857 agni
1229 786 1506 857 simplices
1553 796 1806 842 tantum:
1860 795 1920 842 et
2017 784 2202 839 ctione
2236 784 2499 837 bonarum
2524 780 2751 836 sortitus
2774 787 2858 833 est
2887 776 3191 832 actionum.
3221 774 3274 828 ls
3304 782 3485 828 autem
3516 776 3607 843 qni

330 876 420 943 qui
469 877 604 931 nihil
635 885 1000 946 peccaverunt
1031 877 1451 948 signiﬁcantur:
1495 893 1673 948 caprae
1705 884 1913 940 autem,
2014 876 2084 931 de
2122 874 2301 945 capris
2341 873 2606 937 immolat,
2657 872 2761 927 etsi
2807 869 3077 939 simplicis
3118 875 3202 922 est
3242 864 3481 937 generis,
3513 880 3608 919 re-

331 965 603 1035 simptices
630 966 875 1035 quidem.
913 967 1013 1022 sed
1041 968 1132 1037 qui
1160 979 1544 1036 peccaverunt,
1578 977 1633 1024 et
1664 970 1913 1025 conversi
2018 977 2323 1022 rumtamen
2372 966 2499 1037 quia
2548 980 2616 1020 ex
2663 963 3046 1033 peccatoribus
3093 957 3379 1016 conversis
3453 953 3611 1011 intel-

329 1064 476 1109 suut.
528 1054 732 1109 Hornm
769 1056 1099 1111 sacriﬁcium
1136 1073 1308 1111 unum
1352 1059 1756 1128 quodammodo
1786 1075 1914 1114 esse

331 1147 386 1201 in
454 1148 983 1204 holocautomatibus
1061 1157 1211 1205 recte
1279 1152 1534 1206 traditum
1615 1161 1718 1207 est.
1775 1152 1912 1206 Cum

328 1249 509 1296 autem
550 1243 643 1311 qui
694 1242 931 1312 perfecta
963 1243 1077 1298 vult
1106 1259 1317 1314 sapere,
1346 1244 1446 1299 etsi
1493 1254 1745 1314 peccator
1772 1244 1910 1308 luit,

330 1346 534 1400 ex,quo
569 1332 734 1386 vitam
785 1331 1082 1401 perlectam
1139 1334 1380 1404 elegerit.
1415 1335 1494 1389 sic
1523 1342 1742 1403 oportet
1778 1350 1914 1389 con-

333 1421 560 1480 versari.
599 1421 741 1475 sicut
788 1421 939 1475 illum
986 1423 1078 1492 qui
1117 1432 1244 1478 ante
1276 1439 1383 1483 neu
1419 1425 1682 1493 peccavit.
1738 1424 1913 1480 lnrsaw

330 1509 536 1564 eriﬁeio
564 1520 746 1565 autem
796 1511 1172 1581 paciﬁcorum,
1206 1529 1331 1568 cum
1364 1516 1554 1569 eadem
1578 1515 1912 1571 custodisset

329 1612 435 1657 tam
473 1603 525 1657 in
562 1603 828 1659 sacriﬁcio
864 1604 1071 1670 ovium,
1101 1621 1271 1676 quam
1307 1621 1591 1675 caprarum
1634 1617 1691 1662 et
1723 1608 1911 1671 boum,

327 1711 495 1749 unum
545 1696 648 1750 hoc
716 1696 838 1765 plus
888 1697 943 1751 in
992 1698 1188 1753 ovibus
1235 1699 1552 1765 custodivit,
1603 1700 1750 1770 quod
1800 1716 1913 1754 non

323 1786 497 1838 solum
538 1786 776 1855 adipem,
804 1787 1203 1858 reticulumque
1223 1789 1444 1859 jecoris,
1483 1791 1567 1845 vel
1598 1791 1906 1846 secundum

326 1873 679 1947 Septuaginta
725 1877 950 1947 pinnam
980 1878 1213 1948 hepatis,
1250 1880 1346 1935 sed
1380 1896 1540 1936 rencs
1575 1893 1632 1936 et
1652 1883 1903 1936 caudam.

325 1966 421 2022 Vel
471 1968 614 2026 idem
679 1971 982 2026 secundum
1028 1970 1382 2044 Septuaginta
1433 1974 1681 2029 lumbum
1710 1975 1904 2029 innua-

321 2057 562 2112 eulattnn
601 2075 725 2115 cum
770 2061 993 2116 renibus
1021 2062 1185 2131 jussit
1229 2063 1434 2118 oﬁ'erri.
1469 2062 1606 2131 Quia
1655 2066 1811 2120 enim
1847 2073 1909 2121 ut

322 2153 575 2223 simplex,
626 2154 793 2209 multa
828 2170 949 2224 quas
988 2155 1204 2224 operari
1254 2157 1458 2220 debuit,
1510 2157 1714 2220 omisit,
1741 2156 1906 2212 debet

324 2260 477 2300 suam
530 2245 784 2301 virtutem
828 2246 1027 2302 oﬁ‘crre
1068 2246 1200 2311 Deo,
1233 2257 1423 2302 utnon
1469 2249 1669 2304 virtute
1717 2266 1813 2304 sua
1847 2250 1901 2305 in

324 2336 526 2390 malum
554 2344 617 2392 ut
646 2337 896 2407 simplex,
948 2338 1043 2393 sed
1095 2340 1265 2406 magis
1294 2348 1477 2395 utatur
1514 2342 1566 2395 in
1595 2342 1820 2407 bonum,
1852 2353 1909 2399 et

324 2428 675 2484 manifestum
733 2429 918 2493 faciat,
969 2431 1094 2500 quia
1149 2432 1305 2485 nihil
1335 2449 1401 2487 ex
1465 2434 1550 2488 his
1593 2451 1715 2501 quae
1766 2435 1907 2490 scire

325 2529 526 2589 potest,
570 2528 628 2577 et
667 2522 893 2591 exsequi
940 2524 1141 2580 omisit.
1184 2524 1317 2578 Nam
1366 2527 1510 2597 quod
1556 2543 1653 2596 pro
1686 2527 1905 2590 virtute.

323 2628 430 2680 qna
462 2613 696 2668 maxime
742 2614 961 2671 lumbus
986 2617 1125 2686 apud
1163 2626 1403 2673 sanctam
1446 2618 1905 2689 Scripturamac-

319 2705 543 2773 cipitur,
592 2707 876 2777 cognoscis
917 2724 986 2763 ex
1034 2709 1118 2764 his
1158 2708 1213 2763 in
1259 2711 1458 2779 quibus
1524 2713 1768 2766 ltoboam
1802 2713 1908 2767 cir-

320 2804 654 2851 cumstantes
699 2796 852 2865 pueri
906 2805 1102 2851 contra
1148 2798 1404 2867 populum
1440 2798 1809 2852 immiserunt.
1844 2808 1906 2854 ut

320 2885 514 2944 fortem
586 2887 937 2956 semetipsum
993 2897 1049 2942 et
1101 2890 1407 2944 terribilem
1461 2892 1901 2947 demonstraret:

322 2978 447 3033 (inec
477 2980 619 3033 dices
653 2980 725 3032 ad
747 2996 832 3033 eos
865 2996 884 3034 :
922 2980 1171 3035 Minimus
1190 2982 1385 3052 digitus
1416 3001 1561 3037 mens
1582 2986 1810 3056 grllssior
1830 2993 1902 3038 est

2013 1060 2189 1117 lectus
2208 1068 2311 1125 est,
2330 1074 2440 1113 non
2464 1065 2645 1128 potest
2662 1056 2912 1111 lumbum
2942 1052 3357 1109 immaculatum
3384 1049 3605 1109 olierrc.

2015 1154 2142 1208 olim
2197 1152 2400 1223 quippe
2441 1165 2567 1205 eum
2612 1157 2835 1219 peccato
2878 1145 3191 1201 maculavit.
3238 1142 3607 1198 Manifestum

2014 1257 2098 1303 est
2126 1261 2256 1317 ergo
2307 1245 2451 1315 quod
2493 1245 2583 1299 hic
2614 1243 2859 1313 quidem,
2897 1248 3085 1309 utpote
3136 1254 3228 1309 qui
3277 1252 3389 1292 non
3432 1237 3609 1291 fuerat

2017 1338 2071 1391 in
2116 1336 2373 1407 peccatis,
2422 1334 2830 1390 immaculatum
2880 1329 3129 1384 lumbum
3169 1326 3371 1382 oderrc
3402 1336 3604 1396 potest.

2015 1426 2116 1493 Qui
2150 1441 2281 1482 vero
2308 1425 2430 1487 fuit,
2459 1424 2550 1479 hic
2585 1423 2701 1493 jam
2731 1437 2841 1477 non
2870 1419 3035 1475 oﬁ‘ert
3055 1418 3301 1472 lumbum
3334 1418 3388 1471 in
3430 1417 3604 1472 sacri-

2016 1518 2194 1573 ﬁciis:
2231 1516 2499 1587 siquidem
2524 1529 2648 1586 qure
2675 1521 2824 1577 sunt,
2874 1513 2942 1567 de
2975 1511 3157 1582 capris
3186 1509 3505 1573 ascribitur,
3539 1508 3608 1562 de

2015 1607 2214 1678 quibus
2254 1603 2499 1661 lumbum
2536 1604 2721 1660 oﬂ'erri
2771 1617 2883 1657 non
2929 1600 3187 1666 sancivit,
3233 1607 3291 1654 et
3321 1599 3427 1653 hoc
3466 1607 3604 1656 erat.

2014 1706 2239 1771 propter
2271 1696 2417 1768 quod
2449 1697 2502 1751 in
2527 1694 2797 1751 sacriﬁcio
2819 1693 3177 1765 paciﬁcornm
3208 1691 3278 1747 ab
3317 1690 3473 1761 agnis
3513 1704 3606 1744 ca-

2014 1808 2142 1864 pras
2169 1790 2440 1847 distinxit.
2482 1790 2807 1845 Communia
2843 1795 3029 1843 autem
3077 1794 3208 1841 sunt
3233 1785 3360 1849 alia,
3390 1783 3457 1838 de
3481 1784 3604 1853 qui-

2008 1885 2110 1940 bus
2142 1883 2291 1955 loqui
2334 1882 2715 1956 necessarium
2758 1895 2871 1934 non
2924 1878 3214 1943 habemus,
3242 1875 3297 1930 in
3321 1875 3600 1930 oblatione

2007 1979 2346 2045 enim;boum
2382 1974 2715 2032 sufﬁcienter
2765 1979 3056 2033 tractatum
3097 1979 3201 2027 est.
3251 1969 3387 2025 illud
3421 1979 3605 2024 autem

2007 2077 2224 2141 Oportet
2251 2067 2529 2140 cognosci,
2554 2064 2834 2138 quomodo
2865 2064 2959 2119 ubi
2988 2063 3064 2118 ait
3095 2081 3108 2117 :

2078 2159 2316 2218 Adoleiit
2345 2177 2408 2216 ea
2457 2161 2703 2215 sacerdos
2745 2176 2905 2228 super
2964 2156 3141 2211 altare
3183 2155 3239 2209 in
3286 2154 3604 2209 alimoniam

2007 2251 2166 2327 ignis.
2201 2265 2251 2310 et
2281 2253 2586 2310 suavissimi
2614 2252 2791 2308 odoris
2812 2293 2828 2318 ,
2862 2265 2983 2306 cum
3015 2248 3367 2319 Septuaginta
3396 2246 3600 2302 edidis-

2008 2352 2132 2399 sent
2171 2362 2183 2397 :
2214 2341 2406 2414 Oﬂeret
2438 2340 2573 2395 illud
2599 2341 2843 2394 sacerdos
2871 2357 2941 2393 ac.
2984 2339 3177 2402 altare,
3213 2344 3363 2392 extra
3391 2337 3602 2392 odorem

2005 2435 2321 2500 suavitatis,
2362 2432 2549 2489 caeteri
2606 2438 2936 2500 interpretes
2984 2430 3041 2482 in
3081 2427 3344 2498 sacriﬁcio
3368 2427 3590 2498 quidem

2006 2528 2492 2584 holocantomatum
2518 2565 2533 2590 ,
2599 2537 2697 2593 pro
2752 2523 2884 2577 extis
2959 2520 3389 2576 holocautomata
3440 2537 3459 2575 :
3509 2518 3601 2575 alii

2007 2630 2190 2676 autem
2227 2618 2544 2673 oblationem
2608 2615 2924 2672 ediderunt.
2976 2613 3034 2669 In
3062 2615 3167 2669 hoc
3192 2620 3374 2668 autem
3401 2612 3593 2683 paciﬁ—

2007 2727 2195 2769 cornm
2243 2710 2535 2771 sacriﬁcio,
2599 2707 2691 2763 hic
2744 2706 2968 2777 quidem
3007 2718 3228 2777 panem,
3276 2705 3368 2761 alii
3416 2712 3600 2760 autem

2006 2805 2385 2860 frumentum:
2439 2802 2877 2858 demonstrantes
2900 2798 3022 2853 sine
3063 2798 3232 2853 dubio
3298 2797 3449 2867 quia,
3497 2796 3603 2852 etsi

2007 2912 2115 2952 non
2156 2893 2412 2965 perfectae
2445 2890 2808 2963 philosophiae
2839 2889 2912 2943 sit
2940 2887 3168 2950 oblatio,
3211 2887 3315 2942 hoc
3343 2885 3489 2940 enim
3519 2893 3607 2938 est

2009 2986 2506 3041 hol’ocautomatum
2574 2978 2926 3044 sacriﬁcium,
3008 2985 3391 3032 verumtamen
3449 2974 3603 3029 suﬁi-

321 3068 510 3123 lumbis
555 3070 724 3138 patris
754 3070 928 3124 mei".
967 3069 1072 3124 Sed
1104 3080 1159 3124 et
1189 3070 1459 3126 Israclilas
1498 3075 1728 3142 cupiens
1760 3075 1901 3128 Deus
1929 3090 1972 3146 ο
2005 3080 2159 3136 ciens
2209 3086 2297 3131 est
2334 3076 2500 3130 etiam
2554 3074 2671 3130 Inec
2698 3086 2924 3144 pascere
2960 3071 3016 3125 in
3075 3070 3165 3126 bis
3225 3084 3347 3140 qua:
3373 3075 3503 3123 sunt
3534 3068 3603 3121 ad

318 3177 530 3216 armare
561 3162 629 3215 ad
660 3162 938 3227 virtutem,
970 3161 1134 3233 Moysi
1179 3162 1249 3217 ita
1281 3165 1536 3234 praecepit
1567 3184 1579 3218 :
1615 3164 1702 3219 Sic
1726 3182 1901 3219 conte-

319 3254 451 3307 detis
481 3253 630 3306 ilium
656 3268 674 3306 :
710 3252 910 3307 lumbos
929 3261 1125 3306 vestros
1154 3254 1507 3324 prwcingclis,
1545 3256 1901 3310 calceamenta

318 3345 563 3400 habentes
600 3346 654 3399 in
685 3344 920 3415 pedibus.
951 3352 1185 3398 tenentes
1219 3346 1273 3399 in
1324 3346 1567 3400 manibus
1595 3346 1826 3412 buculos,
1854 3356 1903 3401 et

315 3437 595 3491 comedetis
638 3436 1023 3507 festinanter".
1079 3435 1278 3493 Paulus
1318 3439 1502 3505 etiam,
1548 3455 1673 3494 cum
1711 3449 1903 3495 contra

317 3529 595 3599 principes
616 3538 671 3583 et
706 3537 999 3598 potestates
1016 3528 1281 3584 indiceret
1312 3531 1534 3597 bellum,
1557 3532 1728 3587 dixit:
1755 3531 1905 3588 State

316 3618 568 3674 succincti
613 3617 813 3670 lumbos
862 3627 1057 3672 vestros
1096 3616 1153 3669 in
1214 3619 1453 3682 veritate,
1502 3619 1671 3671 induti
1738 3618 1901 3672 lorica

310 3710 621 3780 jnstitiw".
655 3708 759 3763 Sed
792 3718 849 3764 ct
886 3708 1151 3767 Dominus
1185 3710 1448 3782 apostolis
1497 3710 1711 3764 dicebat
1739 3727 1751 3763 :
1783 3708 1902 3765 Sint

318 3803 488 3858 lunsbi
526 3800 1057 3870 vestriprwcincti”.
1093 3802 1199 3858 Sed
1234 3803 1334 3857 etsi
1377 3809 1787 3872 cooperatorem
1815 3803 1902 3856 di-

316 3908 509 3948 camus
559 3891 802 3946 lumbum
849 3891 1126 3949 coitalium
1157 3890 1595 3948 commistionum
1621 3931 1636 3955 ,
1676 3892 1728 3945 in
1770 3891 1902 3963 ipsis

316 3985 463 4039 enim
506 3992 561 4038 et
606 3998 766 4037 renes
796 3984 1053 4053 rejaceut,
1088 3985 1235 4039 unde
1260 3995 1318 4038 et
1344 3983 1548 4037 Paulus
1575 3983 1642 4038 de
1673 3983 1798 4038 Levi
1827 3985 1895 4040 ad

320 4074 576 4129 liebrtem
602 4074 844 4128 scribens
876 4075 988 4128 ait:
1027 4073 1212 4127 Adhuc
1249 4074 1386 4128 enim
1428 4074 1481 4126 in
1509 4073 1697 4127 lumbis
1731 4076 1901 4143 patris

315 4174 449 4230 erat,
500 4164 711 4231 quando
764 4164 942 4219 obvius
995 4173 1082 4219 est
1124 4166 1175 4219 ei
1221 4164 1668 4220 Melchisedech“.
1728 4163 1899 4221 Recte

315 4256 460 4310 cauti
501 4256 805 4311 redduntur
833 4254 1132 4326 simplices,
1177 4264 1365 4327 utpote
1409 4256 1499 4327 qui
1536 4273 1600 4313 ex
1643 4258 1899 4327 simplici-

317 4357 426 4404 tate
464 4348 624 4403 facile
678 4355 930 4418 poterant
970 4347 1038 4401 ad
1088 4348 1430 4418 voluptatem
1463 4348 1625 4415 trahi,
1677 4357 1737 4403 ut
1786 4365 1895 4404 non

2009 3168 2260 3231 salutem,
2288 3172 2342 3219 et
2383 3161 2762 3218 fortitudinem
2812 3160 2947 3216 dare
2989 3157 3270 3214 offerenti.
3301 3156 3417 3212 Hoc
3451 3155 3600 3211 enim

2010 3257 2406 3313 nutrimentum
2481 3268 2678 3324 panem
2754 3252 2999 3322 praebere
3074 3248 3243 3304 David
3332 3248 3602 3318 propheta

2010 3349 2164 3412 dicit,
2194 3363 2319 3403 cum
2370 3346 2494 3402 ait:
2549 3344 2716 3400 Panis
2776 3346 2925 3400 enim
2982 3343 3270 3414 conﬁrmat
3320 3357 3413 3395 cor
3437 3341 3601 3395 homi-

2078 3535 2263 3590 Omnis
2289 3532 2454 3603 adeps
2484 3531 2696 3586 homini
2719 3530 2819 3585 erit
2838 3531 2965 3600 jure
2994 3540 3245 3602 perpetua
3286 3533 3341 3586 in
3378 3546 3600 3603 genera-

2011 3624 2258 3688 tionibus,
2289 3632 2338 3676 et
2382 3620 2583 3675 cunctis
2636 3618 2949 3673 habitaculis
2999 3617 3201 3681 vestris,
3253 3633 3345 3673 nec
3389 3617 3600 3685 adipem

2011 3734 2102 3773 nec
2124 3716 2439 3787 sanguinem
2485 3712 2700 3767 omnino
2728 3711 3033 3766 comedetis.
3080 3710 3334 3780 Adipem,
3358 3709 3479 3779 ejus
3504 3707 3599 3777 qni

2009 3810 2064 3866 in
2106 3809 2264 3865 nobis
2296 3814 2379 3863 est
2408 3804 2666 3861 desiderii
2712 3818 2813 3859 seu
2844 3799 3332 3871 concupiscentia.
3376 3799 3600 3869 sangui-

2008 3917 2134 3957 nem
2175 3915 2303 3955 vero
2326 3898 2522 3954 anima
2547 3896 2775 3968 ﬁguram
2793 3909 2986 3967 gerere
3008 3892 3268 3950 diximus.
3299 3889 3438 3958 Quia
3466 3905 3598 3959 ergo

2007 3991 2222 4061 adipem
2255 3989 2311 4044 in
2350 3997 2619 4044 aeternum
2650 3986 2917 4057 praecepit
2956 3982 3191 4039 Domino
3229 3982 3442 4046 olierri,
3473 3997 3592 4036 ma—

2006 4084 2265 4139 nifestum
2302 4090 2383 4136 est
2437 4079 2564 4151 qnia
2591 4076 2906 4135 consecrari
2941 4075 3052 4131 Deo
3088 4082 3341 4130 nostrum
3377 4072 3595 4129 deside-

2008 4152 2145 4230 rium
2172 4175 2289 4228 sive
2315 4171 2817 4242 concupiscentiam
2863 4170 3001 4225 vult.
3032 4169 3089 4222 In
3121 4176 3386 4223 :ctcrnum
3413 4174 3597 4221 autem

2008 4268 2132 4327 hoc,
2168 4281 2237 4320 ne
2266 4264 2331 4319 ad
2369 4263 2536 4319 Deum
2569 4264 2698 4317 illud
2735 4270 2791 4318 et
2832 4262 2900 4317 ad
2946 4261 3217 4317 mundum
3266 4259 3593 4331 dividamus,
3616 4316 3628 4333 '

2006 4360 2234 4430 Propter
2261 4360 2406 4430 quod
2440 4367 2494 4413 ct
2524 4357 2778 4414 addidit:

316 4442 494 4497 soluat
530 4457 711 4505 renes,
743 4448 797 4495 et
820 4440 1056 4511 adipem,
1091 4441 1183 4511 qui
1214 4456 1380 4511 super
1406 4440 1555 4511 ipsos
1579 4451 1683 4506 est,
1711 4443 1808 4497 sed
1838 4452 1893 4499 et
1927 4444 1972 4499 ι)
2069 4452 2133 4506 1η
2165 4450 2602 4525 generationibus,
2654 4450 2704 4506 id
2732 4460 2817 4506 est
2857 4464 2955 4521 per
2979 4448 3220 4514 singulas
3248 4454 3474 4509 aetates;
3510 4445 3600 4499 hic.

322 4532 585 4599 lumbum,
637 4533 732 4602 qui
774 4542 857 4586 est
888 4530 941 4585 in
996 4532 1241 4597 renibus,
1280 4531 1517 4587 oderant
1560 4532 1692 4588 Deo.
1743 4531 1900 4600 Quod

2008 4543 2382 4614 generationes
2420 4550 2625 4606 autem,
2661 4540 3098 4611 permutationes
3126 4547 3348 4594 aetatum
3392 4535 3595 4591 intelli-

320 4632 501 4677 autem
526 4624 709 4693 adjicit
740 4625 793 4677 in
816 4624 1007 4678 eadem
1047 4615 1401 4680 translatione
1427 4640 1443 4678 :

1999 4640 2222 4703 gnotur.
2260 4631 2405 4701 quod
2462 4629 2706 4699 ostendit
2758 4626 3047 4694 Jeremias,
3094 4642 3219 4683 cum
3252 4627 3462 4697 populo
3499 4624 3594 4680 «1η-

391 4715 517 4770 Sine
556 4715 765 4770 macula
798 4716 1084 4788 integrum,
1131 4716 1211 4771 sic
1236 4715 1495 4787 intelligo,
1531 4715 1677 4786 quod
1711 4717 1901 4786 expla-
1998 4722 2157 4777 daico
2188 4723 2241 4775 in
2278 4722 2571 4791 Babylonia
2602 4720 2896 4785 scriberet,
2946 4718 3003 4774 in
3035 4727 3248 4790 septem
3285 4714 3598 4788 generatio-

319 4826 457 4866 nans
485 4808 862 4879 Symmachus,
895 4823 993 4877 pro
1030 4807 1373 4861 immaculato
1403 4808 1674 4879 integrum
1708 4824 1907 4879 propo-

317 4906 448 4969 suit,
485 4903 681 4973 Aquila
724 4909 907 4956 autem
958 4903 1286 4974 perfectum:
1332 4918 1458 4957 nam
1512 4911 1574 4958 et
1615 4915 1902 4974 propterea

315 5012 435 5050 cum
489 4993 701 5049 renibus
729 4994 958 5057 addidit,
990 4995 1267 5067 integrum
1294 4996 1422 5051 illud
1456 4995 1907 5066 perfectumque,

316 5088 615 5143 secundum
665 5088 812 5159 quod
863 5088 1121 5153 diximus,
1170 5088 1352 5145 offerri
1397 5090 1607 5154 volens,
1657 5106 1728 5146 ne
1754 5091 1901 5145 aliud

314 5180 436 5246 ejus
478 5178 614 5241 Deo,
662 5180 808 5235 aliud
853 5176 1035 5235 autem
1072 5179 1391 5236 adversario
1434 5181 1665 5252 simplex
1700 5183 1902 5238 υσενερ

317 5278 424 5322 tur.
459 5268 671 5324 Sufﬁcit
707 5270 852 5324 enim
887 5270 1015 5326 huic
1047 5269 1114 5324 ad
1149 5270 1385 5332 veniam.
1428 5285 1491 5325 ea
1522 5285 1642 5339 quae
1680 5271 1899 5331 virtutis

317 5368 447 5414 sunt
474 5374 583 5414 non
626 5376 826 5432 agere:
864 5378 989 5415 nam
1031 5376 1155 5415 cum
1187 5361 1328 5416 mala
1356 5370 1639 5430 operatur,
1680 5362 1895 5417 veniam

315 5468 424 5507 non
460 5452 699 5508 habebit.
724 5451 881 5508 Unde
900 5452 1177 5523 simplices
1201 5461 1261 5507 ut
1286 5453 1567 5509 columbas
1594 5454 1750 5523 jubet
1775 5469 1895 5509 esse

315 5544 659 5609 Dominus",
716 5543 853 5615 quia”
884 5545 1154 5601 columbae
1205 5544 1428 5600 nimiam
1488 5547 1892 5617 quodammodo

353 5676 399 5708 "
423 5676 491 5731 Ill
527 5676 653 5745 Reg.
677 5694 777 5743 χιι,
809 5680 892 5741 l0,
993 5680 1039 5712 ’⁷
1066 5678 1236 5733 Ειοιι.
1273 5696 1368 5741 xn.
1404 5682 1489 5737 ll.

312 5758 360 5806 ι,
390 5745 469 5801 l6.
526 5749 570 5780 ²¹
601 5749 745 5805 Psal.
788 5765 900 5814 cm,
928 5749 1009 5804 l5.
1087 5748 1133 5781 ³³
1162 5749 1374 5806 Barucb
1407 5767 1458 5806 vi
1481 5790 1494 5817 ,
1531 5752 1587 5806 2.

1605 5682 1647 5715 ⁸⁸
1677 5683 1875 5783 Epiros.
1908 5699 1981 5744 γι,
2019 5684 2101 5738 Η.

1696 5753 1714 5783 3
1775 5753 1891 5783 D-nl
1949 5770 2014 5783 ιη-
2071 5756 2101 5783 ﬂ

1772 5753 1914 5808 Psal.
1948 5770 2038 5821 cn,
2071 5756 2123 5810 9.

2002 4814 2183 4874 nibus.
2212 4813 2557 4883 septuaginta
2605 4826 2880 4867 annorum
2909 4811 3101 4867 dicens
3134 4824 3426 4866 numerum
3454 4826 3468 4862 :
3502 4805 3595 4875 qui

2003 4920 2121 4958 non.
2144 4905 2249 4960 hoc
2285 4906 2513 4967 diceret,
2543 4904 2590 4960 si
2619 4920 2733 4959 non
2760 4920 2829 4960 ex
2872 4920 2940 4960 eo
2968 4912 3193 4960 rotatum
3225 4901 3370 4956 vices
3401 4911 3594 4953 succe-

2004 4996 2249 5051 dentium
2284 4997 2645 5068 signiﬁcaret;
2675 4997 2755 5053 ait
2783 4997 2970 5053 enim:
3005 4993 3366 5067 Ingredientes
3396 4992 3454 5044 in
3482 4988 3595 5043 Ba-

2004 5086 2261 5156 bylonem,
2290 5087 2435 5141 eritis
2465 5088 2536 5141 ibi
2577 5088 2736 5142 annis
2786 5087 3057 5152 plurimis,
3086 5092 3137 5139 et
3165 5083 3317 5153 longo
3344 5090 3593 5151 tempore,

2006 5195 2167 5248 nsque
2192 5178 2264 5232 ad
2287 5180 2659 5249 generationes.
2675 5190 2873 5249 septem
2888 5181 2954 5234 ³³.

2081 5272 2137 5326 In
2163 5273 2361 5326 cunctis
2390 5282 2565 5325 autem
2604 5270 2944 5336 habitaculis,
2979 5269 3031 5324 id
3062 5276 3147 5325 est
3184 5267 3239 5321 in
3276 5266 3428 5320 omni
3454 5280 3592 5320 con-

2007 5365 2331 5430 versatione,
2382 5364 2497 5421 sive
2543 5365 2803 5419 socialem
2844 5364 2983 5417 hanc
3026 5375 3273 5433 agamus,
3321 5359 3436 5413 sive
3467 5358 3595 5414 soli-

2008 5455 2199 5509 tariam
2266 5469 2620 5525 assequamur
2675 5453 2839 5507 vitam
2877 5469 2895 5519 ;
2930 5452 3075 5507 unde
3122 5449 3292 5506 David
3321 5450 3539 5505 diccbat
3576 5466 3590 5503 :

2004 5546 2104 5613 Qui
2166 5547 2403 5602 habitare
2461 5548 2588 5618 facit
2662 5548 2936 5600 unanimes
2976 5545 3029 5598 in
3070 5544 3302 5598 domo“.
3361 5543 3592 5611 Adipem

2205 5684 2248 5714 "‘
2270 5683 2400 5737 Luc.
2441 5699 2532 5745 xu,
2740 5682 2787 5713 ”
2818 5679 2982 5738 Ilebr.
3014 5696 3109 5745 νυ,
3158 5678 3241 5737 l0.
3320 5680 3360 5713 ³³
3397 5679 3587 5736 Matth.
