4076 6188
485 171 591 234 819

485 375 715 445 Adipem
744 380 812 434 ad
846 381 967 448 hoc,
999 385 1123 454 quia
1163 387 1496 446 desiderium
1535 394 1649 448 sive
1671 397 2066 465 concupiscen-

489 467 617 522 tiam
672 486 772 527 nos
811 472 1014 530 habere
1063 481 1362 549 propriam,
1416 484 1468 538 id
1500 497 1584 540 est
1622 487 1920 552 carnalem,
1953 505 2063 542 non

490 557 619 612 vult.
684 560 914 631 Pr0pter
936 569 1080 634 quod
1109 569 1347 628 Jacobus
1387 575 1603 638 dicebat
1636 598 1648 632 :
1707 580 2067 652 Unusquisque

486 659 662 702 cutem
704 661 939 711 tentatur
986 674 1017 712 a
1057 665 1475 732 concupiscentia
1527 686 1622 722 sua
1674 671 1968 725 abstractus
2017 683 2062 726 et

485 736 761 796 illectus”.
799 742 1131 816 Sanguinem
1173 764 1374 819 autem,
1413 767 1471 811 ut
1509 775 1610 813 nec
1641 760 1707 822 ad
1741 776 1892 818 suam
1925 778 2066 816 mor-

487 839 614 890 tcm.
646 847 822 900 neque
857 837 923 890 ad
970 841 1200 908 proximi
1235 858 1422 901 currat
1457 866 1470 901 :
1528 850 1820 906 bestiarum
1861 854 2064 924 quippe

487 925 585 974 Ioc
616 934 701 977 est
725 927 1026 984 crudelium
1058 937 1364 1007 proprium.
1393 930 1670 1000 ltleodixit
1699 963 1711 997 :
1747 944 1867 998 Non
1899 947 2063 1010 edetis

483 1028 687 1068 omnem
744 1025 1076 1092 sanguinem,
1123 1045 1230 1084 non
1283 1033 1459 1091 solum
1501 1051 1600 1089 nos
1647 1038 1906 1106 proximis
1937 1057 2061 1110 par-

481 1121 626 1167 cere,
675 1111 771 1165 sed
822 1122 877 1168 ct
928 1119 1334 1192 nobismetipsis
1381 1127 1724 1195 praecipiens,
1762 1145 1886 1190 nam
1915 1133 2060 1186 etad

479 1196 593 1252 Noe
623 1214 808 1270 aperte
842 1208 965 1262 talia
995 1226 1184 1268 rursus
1211 1219 1502 1286 praecepit:
1526 1217 1753 1282 Carnem
1784 1239 1900 1279 cum
1932 1241 2063 1278 san-

481 1290 636 1357 guine
669 1310 771 1348 non
837 1305 1133 1368 comedetis,
1178 1311 1487 1379 sanguinem
1557 1313 1696 1366 enim
1753 1316 2060 1377 animarum

482 1395 769 1440 vestrarum
818 1395 1160 1461 requiram",
1206 1401 1526 1470 signiﬁcans
1568 1404 1694 1472 quia
1750 1421 1846 1473 per
1890 1408 2063 1462 absti-

481 1477 720 1538 nentiam
750 1485 1051 1553 sanguinis,
1082 1490 1150 1544 ab
1181 1491 1490 1548 homicidiis
1519 1497 1631 1550 vult
1653 1497 1928 1554 abstinuere
1963 1502 2063 1556 ho-

481 1571 705 1628 minem.
749 1576 851 1633 Pro
901 1580 1009 1636 Deo
1056 1594 1236 1642 autem
1283 1605 1384 1644 nec
1415 1590 1683 1646 immolari
1730 1596 1924 1661 vetuit,
1961 1614 2062 1653 nec

480 1663 758 1735 despicere
803 1673 1060 1736 animam.
1121 1677 1216 1742 sed
1246 1689 1301 1734 et
1329 1683 1554 1737 omnino
1598 1681 1878 1754 prmeepit.
1919 1689 2062 1743 unde

481 1766 536 1809 ct
567 1761 884 1830 sanguinem
917 1765 1058 1828 circa
1093 1768 1266 1824 basim
1303 1771 1456 1834 fundi
1488 1773 1672 1835 altaris
1695 1777 1877 1848 jussit.

1083 1923 1313 1992 CAPUT
1371 1926 1460 1981 tv.

555 2025 711 2082 Vens.
752 2031 900 2102 μιῇ.
941 2052 960 2090 t
1001 2033 1350 2107 Locutusqtte
1385 2049 1470 2095 est
1522 2041 1786 2110 Dominus
1815 2045 1882 2099 ad
1922 2046 2063 2118 Moy-

480 2133 505 2170 s
528 2135 596 2181 -n,
631 2121 852 2178 dicens:
887 2123 1131 2196 Loquere
1168 2129 1290 2185 ﬁliis
1322 2130 1484 2187 lsracl
1519 2151 1533 2202 :_
1557 2134 1754 2190 Anima
1781 2152 1902 2190 cum
1932 2154 2060 2207 pec-

480 2213 683 2268 caverit
725 2231 820 2284 per
852 2217 1241 2290 ignorantiam,
1280 2232 1335 2277 et
1382 2224 1450 2278 de
1484 2226 1758 2292 universis
1790 2230 2061 2285 mandatis

483 2300 714 2366 Domini,
757 2321 896 2374 qtue
932 2312 1188 2380 prcecepit
1245 2320 1303 2369 ut
1339 2328 1451 2378 non
1499 2315 1731 2382 ﬁerent,
1781 2319 2061 2387 quidpiam

481 2394 690 2457 fecerit,
735 2399 779 2456 si
823 2403 1082 2455 sacerdos
1131 2405 1222 2471 qui
1255 2415 1337 2458 est
1368 2416 1564 2464 unctus
1595 2411 1928 2478 peccaverit,
1958 2412 2058 2466 de.

485 2486 726 2554 linquere
779 2488 984 2554 faciens
1031 2496 1311 2565 populum.
1357 2501 1550 2554 oﬁ‘eret
1580 2517 1677 2568 pro
1712 2511 1935 2570 peccato
1959 2519 2058 2558 suo

478 2575 707 2633 vitulum
747 2580 1149 2651 innuacutatum
1195 2587 1458 2659 Domino,
1501 2601 1552 2647 et
1593 2593 1757 2647 ducet
1798 2595 1949 2649 illum
1989 2597 2056 2650 ad

477 2670 677 2725 ostium
727 2674 1065 2739 tabernaculi
1095 2681 1389 2744 testimonii
1443 2699 1626 2738 coram
1667 2683 1916 2750 Domino,
1959 2703 2055 2754 po-

478 2769 677 2832 uetque
720 2781 942 2830 manum,
971 2783 1129 2829 suam
1167 2787 1334 2841 super
1368 2775 1546 2843 capite
1578 2775 1720 2845 ejus,
1752 2785 1809 2830 et
1859 2777 2056 2832 immo-

480 2851 611 2907 labit
666 2869 793 2920 eunt
853 2856 1100 2914 Domino.
1158 2859 1384 2927 ﬂaurict
1427 2880 1646 2934 quoque
1691 2867 1758 2921 de
1793 2869 2057 2938 sanguine

479 2945 653 3009 vituli,
715 2947 957 3012 inferens
985 2951 1115 3006 illud
1168 2953 1220 3006 in
1251 2955 1662 3018 tabernaculum
1715 2958 2050 3019 testimonii:

478 3053 712 3107 cumque
747 3039 1024 3106 intinxcrit
1051 3044 1277 3115 digitum
1305 3046 1359 3102 in
1391 3049 1676 3118 sanguine,
1705 3062 1957 3122 asperget
1990 3069 2054 3108 ex

479 3147 544 3181 co
575 3131 775 3200 septies
805 3148 988 3195 coram
1017 3135 1248 3190 Domino
1286 3149 1475 3197 wntra
1519 3140 1697 3196 velum
1739 3145 2056 3208 sanctuarii,

483 3231 754 3291 ponctque
793 3225 861 3290 de
891 3225 1087 3290 eodch
1129 3228 1390 3299 sanguine
1427 3247 1587 3300 super
1631 3246 1835 3287 cornua
1864 3235 2055 3292 altaris

484 3314 848 3384 thymiamatis
893 3318 1186 3387 gratissimi
1223 3319 1472 3374 Domino.
1501 3324 1645 3391 quod
1678 3325 1842 3378 estin
1875 3327 2056 3381 taber-

484 3402 674 3456 naculo
723 3405 1037 3465 testimonii.
1095 3409 1320 3474 Omnem
1387 3421 1567 3465 autem
1628 3413 1893 3483 reliquum
1928 3431 2057 3469 san-

482 3492 702 3562 guinem
750 3494 943 3559 [undet
969 3495 1022 3550 in
1063 3497 1236 3558 basim
1270 3499 1454 3556 altaris
1499 3502 1942 3559 holocaustornm
2001 3506 2056 3559 in

483 3585 702 3641 introitu
759 3586 1106 3655 tabernaculi.
1165 3590 1230 3644 Et
1284 3591 1497 3662 adipem
1549 3593 1700 3652 vituli
1734 3595 1928 3651 offeret
1960 3613 2059 3667 pro

483 3687 723 3743 peccato,
786 3687 894 3744 tatu
928 3695 1052 3740 cum
1087 3680 1180 3749 qui
1227 3681 1402 3753 operit
1429 3682 1629 3748 vitalia,
1681 3701 1844 3755 quam
1873 3688 2058 3742 omnia

481 3783 602 3834 qme
642 3768 970 3833 intrinsecus
995 3778 1144 3839 sunt,
1197 3771 1334 3828 duos
1370 3775 1719 3839 reuunculos,
1768 3785 1823 3832 et
1856 3779 2060 3832 reticu-

484 3861 592 3915 lum
642 3861 888 3930 quodest
913 3878 1075 3932 super
1103 3878 1197 3917 eos
1221 3865 1372 3934 juxta
1398 3864 1506 3929 ilia,
1531 3874 1584 3930 et
1614 3867 1827 3937 adipem
1856 3869 2059 3938 iecoris

481 3971 603 4006 ctnn
651 3955 1000 4016 reuunculis.
1055 3956 1198 4010 sicut
1241 3955 1520 4010 auferetur
1558 3957 1624 4012 de
1660 3959 1826 4024 vitulo
1867 3961 2059 4027 hostia:

483 4048 850 4116 paciticormn,
881 4048 1195 4115 etadolebit
1226 4063 1288 4102 ea
1322 4065 1488 4118 super
1523 4051 1694 4114 altare
1731 4053 2053 4117 holocausti.

484 4141 680 4194 l'ellem
715 4157 864 4202 vero,
905 4150 960 4195 et
1010 4156 1201 4205 cunnos
1230 4157 1422 4208 carnes
1451 4158 1572 4201 eum
1618 4147 1796 4215 capite
1822 4157 1876 4201 et
1905 4148 2057 4217 pedi-

485 4235 616 4297 lms,
675 4242 730 4286 et
787 4232 1082 4296 intestinis,
1125 4241 1180 4286 ct
1235 4233 1382 4293 ﬁmo,
1432 4243 1487 4286 et
1544 4235 1752 4304 reliquo
1805 4252 2053 4307 corpore,

481 4327 674 4379 vireret
736 4335 898 4394 extra
968 4338 1143 4388 castra
1205 4325 1258 4380 in
1332 4325 1510 4384 locum
1585 4329 1872 4400 mundumll

481 4417 694 4470 cineres
755 4415 961 4470 eliundi
1025 4415 1234 4478 solent.
1318 4417 1678 4488 incendetque
1750 4434 1814 4473 ea
1891 4437 2056 4490 super

483 4509 750 4579 lignorum
805 4517 1033 4573 struem,
1078 4525 1198 4578 quae
1227 4509 1282 4570 in
1312 4509 1431 4565 loco
1471 4509 1773 4579 elIusorum
1810 4511 2054 4578 cinerum

480 4599 888 4655 c.emabuntur.
931 4620 950 4654 ι
1479 4576 1494 4596 ⁸

550 4692 696 4747 Nihil
749 4709 935 4748 eorum
982 4710 1100 4762 quia
1147 4695 1451 4749 necessaria
1497 4693 1720 4748 fuerunt
1783 4694 2056 4764 legislator

482 4784 680 4847 outisit,
723 4783 1015 4854 designans
1099 4784 1300 4854 quippe
1364 4784 1840 4844 conversationutn
1891 4783 2050 4850 dili'ee

481 4879 703 4943 rentius,
736 4886 793 4932 et
829 4879 1125 4932 ostendens
1157 4877 1313 4932 nobis
1349 4877 1462 4930 vias
1489 4877 1541 4935 in
1570 4877 1848 4936 oblatione
1881 4878 2052 4932 sacri-

481 4970 748 5031 ﬁciorum,
778 4969 976 5040 quibus
1007 4984 1108 5024 nos
1139 4977 1382 5037 oporteat
1410 4968 1747 5030 conversari.
1792 4967 1919 5030 Post
1952 4969 2053 5024 hoc

480 5061 784 5114 necessarie
815 5059 1040 5128 exponit
1068 5057 1268 5112 Christi
1293 5057 1637 5122 sacriﬁcium,
1659 5074 1756 5128 per
1783 5061 1927 5126 quod
1951 5077 2052 5114 no-

481 5150 561 5204 his
617 5159 968 5219 peccatorum
1020 5149 1266 5203 remissio
1317 5159 1370 5203 et
1436 5149 1738 5219 redemptio
1785 5167 2048 5206 concessa

479 5253 578 5297 t‘sl.
597 5243 751 5308 Quod
768 5259 1086 5313 cognosces.
1109 5242 1154 5296 si
1177 5241 1502 5312 legislatoris
1523 5244 1684 5298 verba
1704 5243 2052 5308 discusseris,

477 5348 533 5389 ct.
561 5337 810 5408 imaginis
847 5339 1008 5406 hujus
1039 5336 1205 5392 colori
1251 5352 1336 5390 res
1367 5337 1511 5406 ipsas
1555 5337 1808 5391 sacriﬁcii
1865 5337 2055 5407 unige-

480 5429 575 5486 ιιίιί
601 5429 1020 5497 comparaveris.
1056 5433 1195 5483 Ante
1225 5429 1327 5482 alia
1358 5446 1484 5498 ergo
1513 5429 1616 5484 hoc
1646 5446 1789 5483 nunc
1815 5429 2054 5499 primum

583 5565 626 5594 ⁵⁸
663 5566 775 5620 Jac.
818 5582 875 5620 tt.
910 5569 996 5621 Η.
1102 5568 1303 5620 “Cen.
1363 5587 1434 5623 tv.
1481 5571 1525 5622 4.
1633 5570 1672 5598 ³⁷

482 5653 565 5700 ιιι,
595 5635 793 5699 25,26.
867 5637 904 5666 “
939 5638 1078 5690 i'sal.
1107 5656 1214 5700 cn,
1254 5641 1292 5692 i.
1380 5645 1415 5669 “
1445 5640 1582 5694 l‘sal.
1609 5657 1749 5703 χιιι,
1789 5641 1838 5703 7,
1879 5641 1929 5692 8.

1674 194 2034 256 HESYCIIII
2072 176 2538 254 PRESBYTER!

487 299 652 356 atque
707 293 1028 361 sanguinem
1106 302 1363 370 pra-cepit
1407 305 1632 359 omnino
1681 321 1791 360 non
1836 307 2068 362 comedi.
2100 311 2146 366 Α
2174 305 2416 364 intende.
2468 304 2594 374 quia
2633 313 2850 372 peccata
2901 302 3036 356 dixit
3109 319 3229 361 csse
3277 304 3471 358 anima:

1734 5568 1895 5622 Ilcbr.
1951 5585 2009 5628 tt,
2065 5571 2142 5621 li.

3641 196 3747 264 820

3546 323 3559 358 :
3625 323 3750 377 qut-

2168 393 2290 448 dam
2319 395 2465 447 enim
2507 409 2709 462 corpus
2745 393 2899 462 quasi
2930 393 3155 448 causale
3210 395 3424 463 peccati
3463 409 3744 464 accusant,

2166 485 2260 544 sed
2291 500 2401 538 non
2434 485 2507 539 ita
2537 492 2654 549 est;
2691 499 2817 547 nam
2861 483 2903 538 si
2935 500 3066 538 sana
3111 485 3184 539 sit
3235 486 3440 549 anima,
3484 487 3616 541 nihil
3669 490 3744 544 illi

2167 575 2386 631 nocebit
2414 577 2594 632 carnis
2620 576 2862 630 luxuries
2895 597 2906 629 :
2933 593 3099 646 quam
3130 578 3195 640 si,
3251 579 3552 634 secundum
3583 597 3746 648 quem

2165 676 2380 736 Oportet
2415 667 2633 721 modum
2663 677 2809 738 regat
2858 670 3061 732 anima,
3098 669 3302 724 recedit
3353 679 3408 724 ct
3453 683 3649 727 cessat.
3688 673 3745 727 Si

2165 768 2346 812 autem
2382 759 2518 814 dicis
2548 777 2560 812 :
2592 760 2755 829 Atqui
2786 761 3058 815 nolentem
3109 777 3232 816 eam
3274 778 3512 830 peccare
3558 764 3697 821 dixit
3733 784 3747 818 :

2166 860 2539 908 verumtamen
2583 867 2690 905 non
2716 863 2955 906 coactam
2985 870 3014 906 a
3050 869 3234 917 carne,
3292 854 3388 906 sed
3440 855 3746 924 ignorantia

2165 943 2315 1008 boni,
2346 960 2508 1013 quam
2534 962 2600 1006 ex
2627 944 2952 1016 negligentia
2999 955 3054 999 et
3083 945 3389 1000 imitatione
3411 947 3745 1003 deteriorum

2164 1035 2388 1104 patitur,
2420 1051 2517 1104 per
2546 1053 2707 1105 quant
2730 1036 2895 1089 etiam
2927 1037 3136 1099 suavia,
3165 1051 3230 1090 ea
3251 1052 3374 1100 qum
3405 1036 3564 1089 noxia
3593 1049 3743 1101 sunt.

2163 1126 2416 1180 aestimat.
2453 1125 2558 1180 Sed
2592 1137 2645 1180 et
2682 1127 2783 1180 hoc
2812 1127 2933 1181 vide
2963 1167 2978 1191 ,
3011 1126 3287 1190 quomodo
3331 1125 3385 1180 in
3430 1127 3614 1185 multis
3655 1143 3744 1182 sa-

2164 1218 2438 1273 cerdotem
2474 1219 2804 1287 permiscet;
2837 1219 2914 1272 ait
2951 1219 3095 1272 enim
3123 1237 3136 1272 :

2233 1310 2420 1377 Anima
2444 1327 2558 1363 cum
2583 1313 2889 1379 peccaverit,
2906 1319 2954 1363 et
2984 1311 3046 1364 de
3076 1310 3327 1363 universis
3357 1311 3622 1364 mandatis
3639 1310 3744 1364 lto—

2165 1399 2314 1462 mini,
2343 1416 2462 1468 qua!
2487 1401 2733 1468 prwcepit
2769 1410 2823 1452 ut
2855 1417 2955 1452 non
2985 1399 3190 1467 ﬁerent,
3229 1399 3506 1469 quidpiam
3539 1401 3740 1468 fecerit,

2163 1506 2207 1554 st
2240 1491 2482 1544 sacerdos
2511 1493 2598 1561 qui
2632 1501 2706 1544 est
2747 1500 2934 1544 unctus
2966 1492 3278 1559 peccaverit.
3320 1490 3598 1559 Siquidem
3652 1509 3740 1553 sa-

2163 1581 2356 1643 cerdos
2387 1583 2476 1651 qui
2505 1591 2590 1641 est
2629 1591 2829 1646 unctus
2854 1582 3098 1650 peccavit
3133 1581 3397 1636 :siutilem
3437 1582 3568 1635 dicit
3619 1582 3746 1641 aliis

2095 1653 2133 1706 θ
2163 1674 2502 1728 sacerdotem
2529 1690 2628 1743 pro
2655 1674 2890 1743 peccatis
2910 1672 3256 1737 olIerentem,
3273 1673 3398 1742 quia
3416 1683 3470 1727 ct
3491 1674 3743 1728 Christus

2162 1765 2319 1830 nobis
2347 1781 2404 1820 se
2440 1766 2672 1822 similem
2703 1766 2970 1834 praebuit;
3007 1766 3074 1820 de
3113 1766 3232 1834 ipso
3262 1765 3464 1835 quippe
3497 1767 3572 1820 ait
3598 1765 3741 1818 Pau-

2160 1855 2246 1912 lus
2277 1876 2289 1911 :
2324 1856 2548 1925 Propter
2577 1863 2713 1927 quod
2733 1859 2907 1912 debuit
2935 1874 3028 1926 per
3048 1858 3223 1910 omnia
3259 1857 3514 1926 fratribus
3550 1858 3741 1912 similis

2161 1965 2288 2013 esse,
2328 1958 2386 2000 ut
2417 1949 2708 2006 misericors
2725 1949 2890 2018 ﬁeret,
2911 1959 2959 2002 et
2983 1949 3151 2018 fidelis
3178 1950 3421 2008 sacerdos
3440 1950 3491 2000 in
3513 1950 3594 2009 liis
3621 1967 3742 2018 qua:

2160 2039 2231 2091 ad
2261 2038 2421 2092 Deum
2460 2049 2599 2100 sunt,
2667 2041 2736 2102 ad
2802 2038 3188 2091 reconcilianda
3217 2048 3429 2106 peccata
3467 2038 3650 2105 populi
3667 2039 3735 2102 ⁸⁷,

2161 2131 2393 2201 plurima
2425 2131 2586 2202 nimis
2612 2132 2774 2201 hujus
2795 2131 2930 2200 legis
2960 2131 3014 2184 iu
3049 2131 3275 2184 llomiuo
3295 2146 3590 2199 exponens.
3623 2130 3741 2185 Sed

2152 2221 2265 2292 jam
2301 2232 2428 2286 sunt
2466 2223 2802 2293 exquirenda
2821 2223 3122 2292 sequentia.
3143 2223 3276 2277 Nam
3305 2239 3429 2278 ecce
3462 2224 3742 2292 legislator

2160 2326 2444 2386 peccatum
2487 2316 2660 2385 ipsius.
2704 2315 3020 2376 sacerdotis,
3059 2323 3344 2384 peccatth
3404 2314 3582 2383 populi
3636 2331 3741 2384 ap.-

2158 2409 2379 2478 pellavit
2419 2427 2438 2464 ι
2490 2409 2614 2478 quia
2657 2407 2936 2478 negligens
2993 2406 3268 2467 sensibilis
3313 2407 3590 2470 sacerdos,
3641 2417 3739 2468 an:

2158 2502 2546 2571 pcecansipse,
2580 2512 2674 2559 aut
2726 2517 2835 2554 non
2870 2499 3152 2554 vindicans
3219 2499 3274 2553 in
3327 2500 3734 2568 peccatoribus,

2157 2593 2310 2648 illicit
2335 2609 2430 2648 eos
2479 2594 2570 2664 qui
2599 2593 2764 2647 rudes
2797 2600 2926 2659 sunt
2971 2591 3038 2645 ad
3103 2591 3322 2647 similia.
3381 2591 3739 2661 intelligibilis

2157 2695 2341 2750 autem
2366 2700 2468 2741 nec
2491 2685 2608 2754 ipse
2638 2692 2921 2754 peccatum
2949 2681 3097 2747 fecit,
3132 2698 3232 2739 nec
3261 2698 3362 2736 nos
3399 2681 3487 2736 vel
3543 2697 3738 2750 parum

2159 2777 2417 2845 neglexit,
2445 2777 2535 2845 qui
2571 2792 2694 2829 cum
2727 2775 2842 2845 lege
2875 2773 3032 2828 nobis
3068 2773 3294 2826 naturali
3319 2772 3484 2828 etiam
3535 2771 3739 2840 scripta

2158 2867 2326 2929 dedit,
2360 2877 2414 2919 et
2446 2882 2556 2924 non
2587 2866 2706 2919 sine
2737 2863 3069 2932 testimonio,
3101 2863 3243 2931 sicut
3272 2864 3346 2917 ait
3387 2862 3606 2923 Paulus,
3646 2876 3738 2916 θεέ

2163 2959 2450 3026 metipsum
2481 2958 2754 3026 relinquit.
2790 2955 3179 3022 Verumtamen
3229 2955 3356 3025 quia
3414 2956 3582 3025 ﬁgura
3621 2953 3740 3006 lucc

2119 3033 2127 3064 ⁵
2160 3047 2458 3116 coaptanda
2487 3055 2568 3100 est
2597 3045 2650 3098 in
2681 3045 2921 3108 Christo,
2955 3042 3256 3097 secundum
3301 3039 3445 3111 quod
3480 3037 3745 3109 possibile

2160 3145 2262 3200 est,
2291 3145 2349 3190 ut
2371 3151 2466 3202 per
2501 3133 2682 3197 omnia
2706 3133 2958 3202 imaginis
2985 3141 3394 3200 consummetur
3423 3129 3591 3192 color,
3632 3127 3746 3200 hoe

2161 3227 2305 3296 quod
2337 3227 2540 3287 dictum
2572 3236 2678 3296 est,
2709 3225 3006 3280 secundum
3031 3223 3175 3292 quod
3208 3224 3433 3293 dignum
3465 3232 3547 3276 est
3574 3221 3744 3281 Chri-_

2161 3329 2243 3376 sto
2303 3318 2622 3388 iutelligibili
2683 3319 2966 3371 sacerdote
3029 3317 3292 3370 debemus
3345 3314 3615 3384 accipere.
3680 3313 3743 3369 Si

2159 3410 2304 3464 enim
2353 3410 2442 3463 Dei
2493 3409 2902 3479 longanimitate
2942 3425 3050 3462 non
3105 3407 3335 3461 volentis
3394 3416 3739 3476 peccatorcm

2162 3501 2406 3571 perdere,
2439 3517 2567 3555 usus
2597 3500 2811 3563 fuisset,
2845 3501 3124 3554 videretur
3146 3499 3421 3552 licentiam
3446 3499 3575 3551 dare
3609 3515 3740 3566 pet--

2159 3593 2428 3656 Cautibus,
2467 3603 2686 3662 prOpter
2721 3592 2864 3664 quod
2906 3592 3072 3646 Isaias
3110 3590 3241 3644 dicit
3285 3608 3297 3643 :
3342 3589 3519 3653 Quare
3555 3605 3743 3643 errare

2161 3703 2251 3740 nos
2277 3687 2464 3756 fecisti,
2497 3685 2734 3750 Domine,
2760 3686 2822 3739 de
2854 3686 2949 3740 viis
3004 3685 3148 3738 tuis?
3195 3683 3465 3737 Indurasti
3516 3697 3603 3734 cor
3647 3699 3742 3735 no-

2159 3788 2346 3840 straet,
2391 3794 2452 3830 ne
2491 3779 2788 3831 timeremus
2840 3787 2888 3830 te
2910 3775 2975 3830 ³⁸.
3033 3775 3288 3830 llabacuc
3335 3773 3497 3828 etiam
3541 3773 3740 3828 similia

2159 3869 2563 3940 quodammodo
2616 3869 2861 3938 queritur
2901 3889 2911 3921 :
2957 3867 3131 3934 Quare
3177 3884 3280 3920 non
3319 3868 3528 3935 respicis
3579 3883 3741 3936 super

2159 3963 2334 4029 inique
2362 3973 2592 4032 agentes,
2625 3973 2828 4016 cttaces
2844 3963 3120 4016 deuorante
3152 3961 3312 4029 impio
3332 3959 3614 4028 jnstiorcm
3640 3963 3740 4013 se.’

2161 4069 2205 4110 et
2237 4056 2395 4127 facies
2420 4055 2643 4118 hominis
2670 4055 2820 4129 quasi
2853 4055 3016 4122 pisces
3058 4053 3239 4116 maris,
3282 4063 3328 4113 et
3364 4051 3514 4121 quasi
3551 4051 3739 4120 reptile

2162 4166 2262 4202 non
2299 4149 2490 4203 Italicus
2510 4149 2794 4218 principem
2831 4147 2893 4200 ”.
2931 4145 3042 4199 lloe
3063 4155 3117 4201 et
3149 4145 3344 4202 Paulus
3369 4145 3434 4207 ad
3463 4143 3741 4206 Romanos

2161 4239 2386 4305 scribit;
2426 4239 2501 4302 ait
2533 4239 2675 4292 enim
2706 4237 2981 4292 Christum
3015 4236 3212 4290 factum
3242 4235 3397 4289 nobis
3422 4234 3585 4294 fuisse
3615 4251 3743 4302 pro—

1961 4331 2049 4384 ubi
2088 4344 2130 4396 ιι
2159 4332 2487 4399 pitiationem
2503 4347 2594 4400 per
2607 4329 2762 4399 ﬁdem
2791 4330 2846 4383 itt
2875 4345 2969 4382 suo
2991 4329 3264 4397 sanguine.
3288 4328 3356 4380 ad
3390 4327 3738 4380 ostensioucm

2147 4423 2374 4491 justitia'
2411 4438 2518 4480 sua:
2543 4421 2606 4476 ὀρ.
2637 4421 2808 4490 Cujus
2833 4428 3013 4475 autem
3053 4420 3280 4489 iustitiae
3309 4418 3590 4472 subdidit:
3630 4417 3740 4472 Per

2155 4511 2559 4579 redemptionem
2621 4511 3024 4580 pra'cedenttum
3069 4520 3404 4578 peccatorum
3449 4509 3502 4561 in
3531 4518 3741 4562 susten-

2155 4604 2354 4656 tutione
2401 4603 2514 4666 Dei.
2559 4604 2757 4669 Aperte
2799 4617 2930 4672 ergo
2991 4601 3203 4656 videtur
3245 4600 3520 4671 legislator
3581 4601 3736 4654 illum

2154 4695 2489 4750 sacerdotem
2524 4695 2848 4765 signiﬁcare.
2879 4693 2968 4746 cui
3002 4694 3204 4747 dictum
3231 4701 3315 4746 est
3357 4712 3369 4746 ε
3399 4693 3471 4745 Tu
3534 4709 3586 4745 es
3645 4710 3741 4746 sa-

2151 4788 2328 4840 cerdos
2397 4787 2450 4839 in
2510 4797 2782 4847 a'ternum,
2837 4785 3121 4844 secundum
3165 4783 3402 4851 ordinem
3461 4783 3740 4836 Melchise-

2150 4878 2356 4940 declt",
2391 4892 2514 4930 eum
2549 4877 2638 4946 qtti
2671 4894 2699 4930 a
2728 4875 2888 4930 Patre
2937 4885 3131 4930 unctus
3152 4884 3254 4937 est,
3291 4875 3357 4932 ad
3381 4890 3541 4943 quem
3566 4873 3743 4927 David

2149 4969 2365 5026 dicebat
2412 4987 2422 5022 :
2471 4969 2624 5022 Sedes
2660 4978 2774 5032 tua,
2806 4967 2963 5030 Deus,
3001 4969 3054 5021 in
3091 4967 3510 5025 sazculumsteuli
3531 4983 3552 5032 ;
3586 4967 3740 5038 virga

2153 5071 2290 5115 recta
2351 5071 2446 5120 est.
2508 5063 2651 5130 virga
2690 5061 2834 5131 regni
2879 5061 2977 5114 tui.
3044 5059 3288 5127 Dilexisti
3336 5060 3625 5128 justitiam,
3687 5072 3743 5112 et

2160 5153 2312 5206 odisti
2359 5153 2709 5222 iniquitatem,
2773 5162 3047 5221 propterea
3087 5152 3238 5204 unxit
3297 5161 3344 5204 te
3405 5149 3742 5213 Dens,l)eus

2165 5245 2371 5299 tuus".
2404 5244 2538 5312 Quia
2579 5252 2760 5297 autem
2810 5244 2984 5312 ipsum
3037 5243 3376 5296 sacerdotem
3440 5243 3529 5296 hic
3586 5260 3744 5296 nunc.

2165 5335 2434 5406 legislator
2490 5333 2830 5405 signiﬁcavit,
2877 5349 2941 5386 ex
3009 5351 3072 5404 eo
3127 5330 3474 5391 mauifcstmn
3544 5341 3629 5383 est
3683 5330 3748 5386 in

2163 5428 2310 5480 omni
2371 5428 2590 5496 quidem
2644 5427 2796 5481 turba
2854 5427 3084 5480 ﬁliorum
3141 5425 3325 5492 Israel,
3361 5435 3416 5478 et
3473 5424 3748 5495 principe,

3502 5563 3543 5594 ‘°
3583 5562 3724 5617 llom
3737 5604 3751 5616 .

2225 5570 2265 5598 ³⁵
2307 5567 2407 5622 isa.
2456 5585 2578 5620 Lxut
2635 5569 2713 5620 17.
2800 5548 3075 5630 ³⁹ῚΙιξὲιησσ
3117 5581 3152 5627 ¹’
3189 5565 3274 5626 "5'
3317 5563 3400 5632 μ’
