4076 6188
371 148 471 217 821

1535 157 1619 217 IN
1660 156 2095 217 LEVlTlCUM.
2123 181 2193 191 --
2234 157 2379 217 LIB.
2422 158 2470 218 Ι.

3527 161 3633 226 822

367 276 423 320 et
472 265 527 320 in
575 279 898 336 unoquoque
931 266 997 322 de
1029 270 1228 338 populo
1265 276 1626 339 cognoscente
1662 258 1942 338 peccatum
1978 273 2018 326 Α
2042 251 2321 331 habuerit,
2363 276 2491 322 tunc
2521 283 2685 337 Opere
2728 267 2952 337 explens
2987 267 3173 330 etiam,
3226 267 3328 320 hoc
3356 272 3500 337 quod
3533 289 3632 344 pro

366 373 547 429 suum,
583 359 778 413 otl'erre
800 360 1056 430 praecepit
1084 378 1099 427 ;
1125 360 1215 415 bic
1239 371 1423 416 autem
1448 376 1557 415 non
1586 359 1680 424 ita,
1709 362 1803 415 sed
1834 360 1939 414 ait:

358 478 361 481 ν
440 444 498 500 Si
530 449 772 502 sacerdos
801 449 892 520 qui
936 459 1014 503 est
1051 460 1239 504 unctus
1293 450 1607 521 peccaverit,
1640 448 1945 519 delinquere

372 539 567 607 faciens
589 539 859 608 populum.
906 540 974 594 Et
1021 542 1259 612 primum
1310 550 1538 612 peccato
1593 557 1717 596 eum
1761 540 1947 610 populi

370 630 609 698 subjicit,
656 632 783 702 quia
822 632 1075 688 Christus
1144 633 1326 704 populi
1386 642 1611 702 peccata
1687 631 1944 701 portabit.

374 723 575 778 Deinde
603 740 715 778 non
746 724 823 779 ait
852 725 995 780 sicut
1016 725 1090 780 de
1122 725 1243 780 aliis
1277 742 1293 778 :
1324 724 1389 778 Et
1426 734 1615 795 postea
1635 722 1948 776 intellexerit

372 824 641 881 peccatum
681 831 857 869 suum.
893 815 1033 869 Cum
1060 816 1207 870 enim
1242 813 1384 869 Deus
1433 822 1601 877 esset,
1656 822 1712 867 et
1764 811 1949 866 omnia

369 905 568 970 sciens,
619 906 893 975 quomodo
942 898 1157 975 poterat
1242 908 1494 978 ignorare
1536 921 1658 976 qum
1709 921 1748 960 θ
1787 906 1950 960 nobis

374 1008 594 1064 peceata
629 996 923 1067 suscepit?
962 997 1060 1051 llic
1112 1014 1245 1069 ergo
1303 1015 1401 1068 pro
1461 997 1697 1068 peccatis
1744 997 1951 1050 nostris

370 1089 775 1144 convenienter
815 1089 1140 1145 sacrilieitnn
1199 1091 1417 1154 obtulit,
1467 1091 1536 1145 de
1582 1104 1691 1159 quo
1751 1090 1952 1144 Paulus

375 1176 622 1232 Hebraeis
643 1179 831 1232 scribit
867 1196 881 1231 :
942 1177 1032 1233 Sic
1073 1187 1121 1233 et
1152 1177 1389 1234 Christus
1421 1179 1598 1233 semel!
1631 1179 1840 1232 oblatus
1878 1180 1949 1232 ad

376 1270 659 1323 utultorum
722 1269 1077 1325 exhauriendo
1117 1280 1363 1339 peccata,
1415 1271 1639 1324 secundo
1695 1271 1809 1325 sine
1836 1286 1954 1340 pec-

374 1369 492 1413 cato
525 1361 803 1431 apparebit
838 1361 1251 1431 easpectantibus
1265 1377 1321 1415 se
1352 1363 1407 1415 in
1433 1362 1740 1428 salutent“,
1759 1362 1954 1418 oﬂeret

372 1458 557 1502 satuen
588 1459 1026 1519 sepropeccato
1055 1464 1178 1503 suo.
1233 1449 1591 1521 Septuaginta
1634 1460 1827 1506 autem
1855 1452 1953 1507 ad-

368 1537 530 1602 dunt,
585 1540 723 1608 quod
741 1540 1000 1609 peccauit.
1056 1540 1347 1596 Peccatum
1383 1551 1564 1595 autem
1613 1542 1755 1611 ejus,
1809 1543 1953 1597 sicut

2048 359 2204 414 nobis
2234 367 2371 423 erat,
2409 359 2734 413 sacritlcium
2774 358 3191 415 consummavit.
3244 358 3342 418 llic
3401 358 3517 428 ipse
3565 366 3631 420 de

2048 450 2309 520 sanguine
2345 448 2496 504 vituli
2554 449 2834 511 hauriens,
2867 447 3031 502 infert
3087 447 3215 501 illud
3273 447 3327 501 in
3378 449 3633 507 taberna-

2048 539 2171 594 culo
2205 537 2522 594 testimonii.
2553 537 2660 593 Sed
2704 537 2832 608 quia
2862 537 3091 597 vitulum
3138 546 3353 607 oportet
3411 554 3630 595 carnem

2048 627 2264 683 Domini
2300 627 2571 699 accipere,
2606 626 2723 698 ipse
2758 626 2969 697 prodigi
3006 625 3100 680 lilii
3159 642 3442 695 exponens
3473 646 3631 698 para-

2046 717 2228 771 bolum
2263 717 2471 781 docuit,
2505 731 2627 770 cum
2652 724 2861 787 patrem
2888 715 3155 771 occidisse
3183 715 3234 769 ei
3280 715 3505 770 vitulum
3546 736 3634 773 sa-

2045 806 2312 877 ginatum,
2344 814 2398 860 et
2429 806 2656 873 primum
2684 804 2903 861 dedisse
2935 805 3239 871 stolam,,et.
3260 806 3525 860 annulum
3554 808 3634 860 di-

2049 906 2216 956 ceret.
2245 913 2339 966 per
2369 896 2597 951 vitulum
2634 897 2966 953 sacriﬁcium
2990 897 3275 968 unigeniti,
3318 914 3414 967 per
3445 900 3634 954 stolam

2046 986 2337 1057 baptisma,
2373 1001 2470 1055 per
2505 986 2780 1040 annulum
2795 986 3020 1057 signans
3063 986 3260 1057 pignus
3297 987 3532 1056 Spiritus
3568 988 3633 1041 “.

2049 1075 2185 1143 Quia
2226 1077 2375 1131 enim
2396 1076 2462 1132 de
2492 1076 2761 1148 sanguine
2806 1077 2862 1131 in
2918 1077 3278 1132 tabernaculo
3339 1077 3635 1132 testimonii

2052 1170 2251 1230 intulit.
2283 1170 2442 1224 docet
2465 1179 2518 1224 et
2552 1168 2750 1223 Paulus
2777 1168 2853 1224 ad'
2880 1167 3156 1231 Hebraeos,
3191 1170 3381 1224 dicens
3432 1188 3444 1222 :
3486 1169 3638 1231 Chri-

2049 1272 2160 1317 stus
2173 1263 2420 1316 assistens
2434 1262 2678 1333 Pontifex
2690 1264 2988 1333 futurorum
3007 1262 3280 1320 bonorum.
3300 1280 3389 1331 per
3410 1262 3637 1329 amplius

2052 1365 2100 1409 et
2142 1354 2419 1425 perfectius
2473 1352 2871 1408 tabernaculum
2903 1370 3004 1406 non
3054 1354 3440 1425 manufactum,
3468 1355 3522 1406 id
3559 1362 3636 1408 est

2055 1463 2155 1499 non
2177 1445 2335 1514 hujus
2364 1446 2667 1510 creationis,
2699 1461 2792 1498 nec
2831 1462 2925 1514 per
2946 1447 3259 1516 sanguinem
3290 1455 3565 1499 taurorum
3588 1455 3635 1499 et

2053 1539 2355 1601 vitulorum,
2381 1538 2472 1592 sed
2493 1552 2586 1607 per
2612 1539 2884 1606 proprium
2920 1539 3234 1609 sanguinem
3274 1538 3538 1607 ingressus
3563 1547 3637 1594 est

372 1627 468 1696 qui
491 1629 658 1682 semel
687 1629 818 1684 illud
853 1629 906 1683 in
946 1644 1007 1684 se
1048 1631 1308 1700 suscepit,
1361 1641 1633 1686 nostr-nun
1670 1644 1949 1703 peccatum
1985 1611 2283 1682 Bsemelin
2307 1636 2513 1691 sancta,
2564 1636 2771 1684 (eterna
2799 1627 3156 1697 redemptione
3190 1628 3401 1681 iuventa
3453 1627 3520 1680 δ’.
3575 1626 3638 1681 Et

372 1719 591 1785 dicitur,
632 1721 777 1777 unde
809 1733 872 1776 et
908 1722 1103 1777 Paulus
1131 1722 1348 1777 dicebat
1400 1742 1414 1778 :
1464 1723 1809 1780 Obsecramus
1855 1743 1952 1794 pro

372 1810 581 1867 ﬁbristo
605 1813 951 1867 reconciliari
974 1812 1100 1878 Deo,
1141 1822 1190 1868 et
1217 1815 1307 1885 qui
1348 1816 1605 1871 nesciebat
1653 1829 1950 1887 peccatum,

371 1914 642 1959 peccatum
663 1922 758 1975 pro
798 1905 941 1959 nobis
956 1906 1074 1975 fecit
1093 1905 1159 1959 “.

453 1991 688 2047 Yitulum
732 2003 911 2048 autem
964 1994 1385 2049 immaculatum.
1427 1996 1657 2051 Domino
1702 1996 1955 2054 videlicet

374 2083 519 2137 Patri
547 2084 709 2138 otl'ert
736 2099 955 2138 carnem
977 2099 1157 2147 suam,
1187 2085 1598 2140 immaculatum
1628 2102 1782 2152 vero,
1827 2089 1953 2158 quia

370 2186 649 2244 peccatum
699 2192 805 2229 non
831 2176 971 2246 fecit,
999 2191 1092 2229 nec
1133 2175 1284 2230 dolus
1330 2176 1569 2231 inuentus
1617 2186 1692 2232 est
1750 2180 1807 2232 in
1863 2196 1955 2235 ore

369 2266 489 2336 ejus
506 2266 570 2319 ³⁸.
607 2266 818 2321 \litulus
844 2274 1148 2330 autemest,
1171 2267 1302 2336 quia
1327 2268 1381 2321 in
1400 2284 1562 2324 cruce
1577 2269 1953 2342 intelligibiles

373 2366 594 2411 nostros
632 2357 882 2415 inimicos
913 2358 1214 2413 ventilavit.
1227 2357 1363 2424 Quia
1388 2368 1575 2415 autem
1596 2360 1954 2432 Septuaginta

376 2449 617 2505 vitulum
642 2451 720 2505 de
737 2452 913 2505 bobus
940 2451 1131 2515 edunt,
1174 2451 1320 2506 idem
1362 2451 1719 2524 intelligimus
1741 2453 1950 2510 dictum

372 2542 443 2596 de
480 2541 674 2605 bobus,
706 2542 833 2612 quia
865 2541 1169 2597 secundum
1196 2559 1417 2598 carnem
1453 2544 1522 2600 de
1550 2547 1797 2616 patribus
1824 2546 1966 2618 fuit,

370 2632 463 2703 qui
485 2633 552 2688 de
582 2634 717 2705 legis
757 2635 1088 2690 exstiterunt
1107 2635 1319 2704 justitia
1348 2636 1592 2707 gloriosi.
1632 2638 1733 2694 Ubi
1764 2650 1962 2700 autem.

367 2725 539 2784 offert
564 2726 814 2792 vitulum,
853 2727 908 2782 id
934 2738 1020 2782 est
1045 2742 1264 2782 carnem
1289 2742 1444 2782 suam
1470 2729 1497 2788 ?_

442 2818 525 2871 Ad
547 2819 735 2873 ostium
773 2818 1098 2873 tabernaculi
1134 2819 1419 2875 testimonii
1466 2836 1645 2874 coram
1706 2823 1947 2881 Dominm

2055 1734 2244 1773 rursus
2279 1717 2654 1790 :Neque-enim
2696 1719 2751 1771 in
2780 1719 3090 1791 manufacta
3134 1728 3318 1773 sancta
3376 1720 3637 1791 ingressus

2052 1819 2128 1864 est
2162 1806 2397 1864 Christus
2427 1812 2598 1880 forma
2628 1826 2893 1875 verorum,
2925 1810 3015 1865 sed
3038 1809 3092 1863 in
3125 1811 3299 1880 ipsum
3319 1810 3529 1873 caelum,
3567 1811 3638 1864 ad

2053 1902 2422 1957 ostendendum
2447 1917 2501 1956 se
2528 1901 2695 1957 vultui
2752 1901 2846 1955 Dei
2906 1918 3002 1971 pro
3058 1901 3206 1956 nobis
3234 1903 3301 1957 ".
3357 1900 3455 1956 llic
3507 1917 3637 1972 ergo

2055 1992 2799 2057 tabernaculum’testimonii,
2826 1992 3022 2048 celum
3047 1993 3267 2064 quippe,
3289 1994 3413 2064 quia
3437 1993 3490 2047 in
3521 1993 3639 2063 ipso

2056 2085 2300 2141 habitare
2330 2083 2502 2139 Deum
2533 2085 2816 2155 prophetas
2863 2083 3143 2143 testiﬁcati.
3180 2094 3330 2151 sunt,
3365 2085 3638 2156 intelliga-

2055 2193 2177 2232 mus
2207 2193 2220 2230 :
2251 2176 2353 2242 Qui
2376 2176 2579 2230 habitat
2629 2176 2686 2229 in
2723 2175 2885 2241 cwlis,
2936 2176 3138 2246 inquit,
3176 2177 3414 2231 irridebit
3446 2194 3529 2230 eos
3566 2177 3635 2232 “.

2055 2268 2122 2323 Et
2156 2285 2306 2324 nemo
2333 2269 2564 2323 ascendit
2585 2269 2637 2322 in
2665 2268 2872 2335 calum,
2898 2269 3013 2322 nisi
3032 2270 3123 2339 qui
3143 2268 3403 2323 descendit
3426 2268 3488 2322 de
3513 2268 3638 2322 calo

2060 2362 2365 2434 Unigenitus
2384 2361 2469 2427 ⁸³,
2525 2360 2593 2417 de
2652 2360 2950 2437 semetipso
2983 2360 3119 2417 dixit
3162 2361 3499 2417 hominibus.
3558 2362 3637 2418 lbi

2055 2451 2371 2524 sanguinem
2406 2451 2731 2516 introduxit,
2773 2451 2902 2522 quia
2933 2452 3217 2508 cicatrices
3250 2463 3474 2524 portans
3518 2469 3641 2525 pas»

2055 2542 2292 2605 sionum,
2322 2558 2352 2597 a
2380 2542 2612 2599 mortuis
2635 2543 2957 2608 resurrexit,
2988 2544 3136 2600 unde
3168 2551 3223 2599 et
3253 2558 3412 2600 suum
3440 2560 3641 2616 corpus

2054 2634 2386 2706 palpandum
2414 2634 2639 2690 Thomte
2683 2632 3003 2706 prsebuit“,
3036 2644 3201 2707 atque
3239 2635 3313 2690 ita
3359 2635 3413 2690 in
3472 2635 3639 2692 caelos

2052 2728 2315 2783 ascendit.
2349 2728 2787 2785 Probantautem
2813 2727 3098 2798 sequentia
3126 2746 3139 2782 :
3658 2710 3661 2717 ’

2124 2816 2431 2889 Quicunque
2459 2818 2733 2873 intinxerit
2758 2819 2984 2891 digitum
3000 2819 3058 2872 in
3085 2819 3367 2890 sanguine,
3399 2827 3640 2891 aspergat

373 2910 667 2969 Mostium
696 2909 934 2980 quidem,
970 2920 1029 2965 ut
1052 2911 1380 2967 sacriﬁcium
1411 2910 1614 2967 Christi
1644 2916 1948 2971 secundum
1979 2943 2019 3000 ο
2051 2916 2116 2967 de
2145 2928 2205 2966 eo
2223 2912 2411 2981 septies
2432 2928 2613 2966 coram
2638 2911 2884 2977 Domino,
2919 2919 3102 2966 contra
3135 2911 3307 2966 velum
3325 2911 3637 2966 sanctuarii.

370 3004 646 3075 doctrinas
696 3013 757 3058 et
809 3003 1130 3059 traditiones
1151 3005 1521 3075 apostolorum
1553 3004 1755 3060 factum
1781 3007 1951 3064 fuisse

373 3095 753 3167 intelligamus.
781 3095 889 3150 lius
914 3095 1062 3151 enim
1110 3110 1233 3151 esse
1261 3096 1401 3151 ostia
1426 3097 1767 3152 tabernaculi
1792 3097 1951 3154 testi-

374 3190 551 3244 monii
570 3191 822 3260 superius
852 3192 1216 3259 ostendimus,
1254 3200 1451 3262 utpote.
1499 3192 1566 3247 ad
1615 3194 1815 3249 coelum
1867 3195 1952 3249 in-

372 3283 598 3338 troitum
630 3285 944 3354 praebentia,
976 3284 1120 3355 quod
1147 3286 1558 3341 tabernaculum
1619 3303 1740 3343 esse
1789 3290 1954 3344 testi.

374 3376 811 3443 monii-docetur,
843 3386 1006 3446 atque
1038 3377 1320 3446 probatur.
1362 3376 1536 3433 liabet
1582 3379 1731 3434 enim
1778 3380 1951 3436 lsaias

374 3468 772 3538 apertissimam
806 3469 1101 3531 testimonii
1125 3470 1524 3539 probationem,
1548 3471 1737 3527 dicens
1784 3491 1797 3526 :
1849 3472 1952 3538 Qui

372 3558 763 3614 extendit-velut
792 3560 1016 3615 nihilum
1045 3561 1226 3627 caelos,
1268 3570 1317 3616 et
1369 3564 1635 3632 expandat
1690 3581 1775 3618 eos
1819 3566 1955 3620 sicut

374 3649 774 3705 tabernaculum
807 3652 1311 3707 adinhabitandum
1334 3652 1398 3707 “1

444 3736 635 3792 Coram
694 3737 919 3793 Domino
969 3741 1174 3804 autem,
1230 3740 1356 3810 quia
1420 3741 1742 3809 inspiciente
1792 3744 1952 3801 Patre

374 3830 1056 3886 consummabaturcrucis
1123 3832 1462 3904 mysterium,
1520 3835 1581 3889 in’
1628 3844 1837 3892 tantum
1893 3848 1953 3895 ut

374 3923 837 3993 etiamaspicicnti
860 3923 1046 3994 utique
1061 3922 1207 3978 Patri
1222 3923 1429 3979 diceret
1445 3925 1705 3983 Dominus
1728 3947 1740 3983 :
1762 3930 1945 3998 Pater,

376 4017 430 4068 in
460 4030 646 4069 manus
674 4024 794 4069 tuas
830 4015 1131 4069 commendo
1159 4014 1407 4085 spiritum
1442 4032 1614 4071 meum
1639 4018 1703 4074 ³⁷.
1736 4020 1948 4080 Ponere

374 4114 553 4160 autem
580 4120 715 4160 etin)
738 4121 958 4160 manum
980 4120 1151 4175 super
1188 4111 1352 4177 caput
1403 4104 1574 4168 vituli,
1609 4115 1668 4161 et
1700 4107 1951 4180 jugulare

376 4199 602 4254 vitulum
634 4198 929 4269 praecepit;
959 4210 1122 4252 nemo
1138 4198 1284 4252 enim
1314 4199 1464 4254 ilium
1492 4200 1713 4266 obtulit,
1732 4202 1827 4256 sed
1844 4219 1947 4260 nec

2056 3003 2236 3059 Multis
2265 3002 2589 3060 nominibus
2631 3019 2856 3060 carnem
2889 3003 3102 3059 Domini
3130 3003 3390 3075 appellat,
3427 3003 3553 3075 quia
3585 3012 3642 3058 et

2056 3095 2255 3150 multas
2278 3094 2624 3165 operationes
2650 3095 2930 3166 implevita
2956 3094 3117 3155 Unde
3147 3104 3211 3154 et
3226 3095 3347 3167 ipse
3376 3095 3641 3150 Dominus

2056 3186 2217 3242 modo
2243 3186 2463 3256 quidem
2503 3185 2877 3255 semetipsum
2922 3185 3281 3251 sacriﬁcium,
3335 3184 3495 3240 modo
3542 3200 3641 3255 pa-

2056 3287 2278 3346 storem,
2308 3280 2506 3336 deinde
2534 3297 2723 3340 rursus
2759 3281 2950 3348 vitem,
2992 3297 3192 3353 panem
3232 3281 3377 3348 vitaz,
3409 3290 3463 3336 et
3518 3294 3643 3348 gra-

2055 3385 2187 3425 num
2220 3370 2727 3443 tritici,0pportune
2746 3371 3373 3442 dispensatoriisverbis
3401 3370 3639 3436 varians,

2057 3476 2185 3517 suas
2204 3462 2597 3533 appellationes
2632 3463 2957 3517 nominavit.
2997 3463 3067 3518 Et
3096 3479 3247 3526 nunc
3298 3478 3430 3536 ergo
3462 3464 3640 3518 velum

2056 3560 2175 3631 ejus
2196 3576 2414 3615 carnem
2446 3561 2784 3635 appellavit:
2846 3559 3101 3619 dubitare
3167 3560 3314 3614 enim
3376 3559 3480 3613 huc
3529 3538 3641 3613 non

2056 3664 2368 3725 possumus,
2404 3649 2665 3706 Pauload
2695 3650 3136 3729 explanationem
3194 3649 3359 3721 hujus
3397 3649 3639 3721 mysterii

2056 3743 2272 3805 dicente
2312 3762 2325 3798 :
2361 3742 2649 3810 Habentes,
2675 3746 2889 3815 fratres,
2937 3742 3310 3813 conﬁdentiam
3334 3743 3389 3796 in
3413 3742 3637 3795 introitu

2059 3836 2456 3890 sanctorum‘in
2478 3835 2732 3906 sanguine
2763 3832 2980 3899 Christi,
3022 3817 3183 3905 quam
3223 3833 3454 3888 initiavit
3496 3833 3641 3887 nobis

2060 3928 2198 3983 uiam
2231 3944 2414 3983 novam
2454 3939 2501 3982 et
2531 3928 2785 3983 viventem
2805 3943 2897 3998 per
2924 3926 3183 3990 velantsn,
3210 3926 3265 3981 id
3307 3935 3402 3991 est,
3428 3941 3641 3979 carnem

2055 4035 2231 4085 suam,
2254 4029 2302 4075 et
2327 4021 2644 4075 sacerdotem
2668 4036 2937 4093 magnum,
2962 4020 3016 4073 in
3036 4008 3363 4080 domumDei
3407 4020 3643 4072 introea-

2056 4128 2190 4179 mus,
2229 4129 2342 4166 cum
2368 4129 2500 4182 puro
2526 4112 2697 4177 corde,
2724 4112 2778 4166 in
2823 4111 3186 4183 satisfactione
3236 4111 3362 4182 ﬁdei
3386 4113 3450 4165 ³⁵.
3510 4108 3640 4164 Pro-

2057 4212 2242 4274 pterea
2267 4211 2322 4258 et
2343 4203 2636 4258 sanctuarii
2675 4203 2857 4258 velum
2880 4202 3211 4274 appellatqu
3239 4211 3343 4267 est,
3414 4202 3639 4274 liguram

376 4290 657 4344 immolare
679 4297 915 4359 poterat,
955 4288 1057 4343 nisi
1082 4290 1435 4361 semetipsum
1465 4292 1581 4363 ipse
1616 4294 1682 4348 ad
1732 4296 1950 4365 patien-
1984 4285 2032 4346 Β
2055 4296 2256 4367 quippe
2278 4296 2457 4352 carnis
2488 4296 2660 4351 sancti
2694 4305 3009 4353 sanctorum
3052 4295 3296 4367 gerebat.
3333 4296 3469 4362 Quia
3512 4311 3641 4369 ergo

371 4383 501 4433 dum
525 4381 852 4435 tradidisset.
886 4377 1114 4450 Propter
1137 4380 1282 4450 quod
1319 4395 1427 4435 non
1471 4382 1646 4438 solum
1695 4383 1948 4440 diccbat:

377 4471 695 4526 Potestatem
719 4471 893 4527 habeo
908 4472 1141 4541 ponendi
1155 4474 1393 4528 animam
1415 4490 1608 4538 meum,
1649 4484 1699 4529 et
1717 4485 1949 4545 potesta-

375 4573 475 4617 tem
507 4563 670 4618 habeo
692 4563 882 4618 iterum
900 4564 1140 4619 sumendi
1174 4579 1293 4618 eam
1314 4563 1395 4631 “;
1425 4566 1518 4622 sed
1537 4575 1593 4621 et
1612 4568 1950 4637 praeveniens

371 4656 725 4725 semetipsum
752 4656 806 4711 in
833 4670 995 4712 omna
1027 4656 1399 4727 apostolorum
1435 4657 1757 4724 immolavit,
1801 4659 1947 4730 quod

267 4758 271 4762 ’
370 4748 553 4800 sciunt
586 4746 680 4816 qui
715 4746 1096 4818 mysteriorum
1140 4746 1454 4818 percipiunt
1485 4748 1763 4804 virtutem.
1790 4750 1951 4807 Hunc

369 4840 710 4891 sacerdotem
770 4835 1123 4908 Septuaginta
1149 4850 1259 4891 non
1310 4836 1487 4892 solum
1549 4847 1781 4895 unctum
1833 4840 1951 4896 sive

371 4931 604 4994 liuitum,
637 4930 733 4985 sed
764 4938 820 4985 et
861 4938 1301 4985 consummatum
1352 4931 1604 4987 manibus
1634 4933 1948 5002 appellave-

371 5032 498 5076 runt
551 5039 565 5077 :
619 5032 1031 5078 consummatus
1082 5031 1168 5079 est
1224 5023 1373 5079 enim
1420 5025 1673 5081 manibus
1715 5026 1865 5096 prius
1890 5028 1943 5083 in

2055 4388 2255 4460 digitus
2287 4388 2380 4443 Dei
2414 4392 2588 4443 virtus
2638 4389 2779 4459 ejus.
2808 4386 3029 4455 dicitur,
3066 4388 3210 4443 unde
3268 4386 3440 4459 magis
3491 4388 3637 4444 Pha-

2054 4480 2238 4536 raonis
2266 4480 2527 4536 cedentes
2559 4480 2837 4539 miraculis
2871 4480 3036 4552 Moysi
3066 4482 3322 4544 dicebant
3374 4499 3387 4536 :
3431 4481 3637 4554 Digitus

2054 4573 2151 4628 Dei
2188 4582 2261 4629 est
2283 4574 2349 4629 “.
2381 4572 2449 4629 Et
2477 4573 2663 4629 David"
2709 4573 2757 4629 ei
2795 4574 3060 4645 psallebat
3096 4592 3108 4628 :
3162 4572 3424 4641 Quoniam
3461 4577 3637 4629 videbo

2052 4666 2223 4731 cmlos,
2272 4682 2431 4737 opera
2470 4666 2757 4738 digitorum
2810 4666 3113 4721 tuorum";
3176 4665 3406 4736 Ipseque
3448 4682 3638 4719 rursus

2052 4755 2313 4810 Dominus
2339 4754 2546 4811 htdaeis
2571 4755 2787 4811 dicebat
2825 4773 2838 4809 :
2871 4753 3035 4820 Quod
3058 4754 3105 4810 si
3129 4755 3185 4808 iu
3217 4755 3385 4822 digito
3419 4754 3514 4806 Dei
3537 4769 3636 4823 ego

2050 4845 2202 4916 ejicio
2220 4845 2502 4912 daemonia,
2539 4846 2703 4917 igitur
2726 4846 2956 4915 pervenit
2978 4845 3035 4898 in
3060 4860 3148 4898 vos
3182 4860 3398 4915 regnum
3455 4842 3551 4895 Dei
3566 4843 3631 4894 ⁸⁸.

2047 4932 2450 4989 Convenienter
2503 4933 2731 5006 digitum
2788 4934 2842 4988 in
2901 4934 3225 5005 sanguinem
3293 4930 3532 5003 intingit,
3579 4940 3637 4986 ut

2044 5025 2364 5081 ostendatur
2387 5027 2511 5096 quia
2547 5027 2834 5099 passiones
2858 5026 3041 5083 carnis
3069 5025 3387 5091 Dominicar,
3431 5026 3636 5081 virtute

371 5114 593 5185 mystica
626 5130 801 5179 omna,
835 5115 1109 5186 accipiens
1139 5130 1345 5186 panem
1360 5126 1415 5169 et
1444 5114 1720 5188 frangens,
1747 5118 1947 5174 deinde
2042 5117 2339 5172 divinitatis
2360 5127 2494 5175 acta:
2524 5126 2687 5184 sunt;
2714 5133 2840 5172 nam
2883 5117 3168 5188 quomodo
3197 5126 3451 5188 poterant
3510 5120 3635 5177 talia

372 5221 467 5274 per
497 5221 736 5271 crucem,
767 5207 984 5276 quando
1018 5206 1165 5278 ligno
1193 5204 1384 5260 allixus
1429 5214 1532 5260 est.
1577 5205 1731 5259 Tunc
1765 5220 1947 5262 sacer<

367 5298 504 5354 dotii
526 5299 829 5369 suscipiens
861 5299 1204 5373 dignitatem,
1242 5298 1326 5353 vel
1356 5299 1539 5368 potius
1577 5314 1701 5353 cum
1736 5315 1950 5370 semper

2058 5212 2169 5268 ﬁeri
2203 5221 2351 5277 tunc,
2380 5211 2431 5266 id
2459 5220 2559 5275 est,
2584 5211 2711 5269 solis
2732 5225 3000 5274 recessus,
3043 5216 3408 5277 terraemotus,
3438 5210 3637 5267 scissio

2059 5311 2411 5378 petrarumct
2448 5301 2689 5357 similia?
2745 5299 2841 5353 Hic
2898 5315 3026 5371 ergo
3079 5299 3281 5355 virtute
3332 5302 3637 5361 divinitatis

416 5459 484 5516 ’⁵³
512 5484 675 5541 llebr.
700 5486 907 5552 tx.,‘28.
988 5483 1032 5519 ⁸⁸
1057 5484 1074 5539 Ι
1104 5486 1229 5541 Cor.
1269 5502 1318 5549 v,
1349 5485 1439 5546 90.
1470 5484 1557 5538 21.
1594 5485 1635 5517 "5
1666 5484 1765 5541 lsa.
1802 5503 1920 5542 LIII.
1958 5489 2009 5542 9.
2038 5490 2128 5542 etl
2169 5486 2310 5542 l‘etr.
2352 5503 2409 5550 ιι,
2450 5487 2539 5541 9.2.
2620 5488 2659 5518 “
2694 5487 2796 5540 lsa.
2829 5500 2919 5547 XL,
2947 5485 3037 5541 22.
3116 5487 3159 5519 π
3184 5484 3316 5540 Luc.
3355 5504 3509 5550 wn,
3543 5488 3632 5543 lli.

372 5556 412 5585 “‘
440 5555 597 5611 Juan.
627 5573 680 5617 χ.
700 5556 784 5611 18.

398 5558 412 5631 ἦ
440 5555 597 5631 .luan.
627 5573 680 5617 χ.
700 5556 833 5631 18.”
865 5556 1057 5612 “Luc.
1092 5555 1277 5631 sv,__ll_
1301 5572 1449 5627 seqq.

370 5626 413 5654 ""
439 5625 595 5681 Joan.
638 5643 728 5692 xx,
764 5626 835 5682 ‘35
861 5642 1013 5695 seqq.

1102 5627 1147 5658 ⁸⁵
1183 5624 1353 5682 llcbr.
1378 5624 1434 5694 ὃς)
1478 5625 1658 5680 lli-:22.

1530 5557 1572 5588 ⁵ο
1598 5554 1761 5611 Hebr.
1803 5574 1874 5617 ις.
1906 5557 1989 5621 11,

1738 5629 1780 5659 ⁵⁸
1808 5628 1976 5682 Exod.
2019 5644 2129 5694 νηί,
2170 5629 2249 5684 l9.

2054 5558 2136 5613 12.
2234 5558 2274 5589 δ’
2323 5557 2452 5612 ibid.
2486 5557 2576 5610 ili.
2666 5558 2709 5588 ”
2747 5556 2887 5611 Psal.
2922 5573 2979 5622 ιι,
3010 5555 3061 5612 4.
3169 5557 3211 5588 ³³
3238 5556 3397 5613 Jnan.
3435 5574 3512 5625 nt,
3554 5560 3635 5615 15.

2343 5627 2385 5659 ⁸⁷
2414 5627 2550 5681 l'sal.
2583 5641 2698 5688 ml,
2732 5627 2776 5679 1.
2887 5627 2932 5660 ⁵⁸
2960 5629 3095 5684 Luc.
3150 5644 3223 5695 XI,
3262 5627 3352 5683 2οο
