4076 6188
457 121 569 188 823

1642 134 2007 196 HESYCHII
2044 135 2515 197 PRESBYTER!

3612 134 3724 196 82$

456 236 764 304 passionem
779 240 1358 314 suscipiens,aspersit
1377 244 1596 315 quidem
1616 260 1771 303 suam
1794 260 2037 313 carnem,
2068 250 2112 305 Α
2142 248 2243 302 dia
2284 246 2496 303 Domini
2526 247 2873 311 memorabor,
2916 247 3253 302 rennniscens
3289 247 3550 302 virtutum
3580 261 3724 314 εμπ.

456 332 689 401 aspersit
714 342 893 390 autem
923 336 1146 407 septies,
1171 338 1296 409 quia
1320 352 1419 408 pro
1437 338 1760 394 remissione
1778 340 1881 393 hoc
1906 355 2037 410 pec-

456 432 725 487 catorum,
752 434 801 480 et
832 442 931 496 pro
953 427 1419 485 snbministrando
1442 430 1601 486 nobis
1617 440 1807 486 sancto
1828 428 2038 501 Spiritu

460 515 605 571 fecit.
644 514 949 588 Utrumque
1007 519 1152 574 enim
1205 521 1500 591 praedictus
1545 522 1835 593 designare
1906 538 2038 577 con-

459 604 639 660 suevit
662 621 946 671 numerus,
980 607 1052 662 ita
1085 618 1145 663 ut
1178 604 1373 665 Petrus
1414 611 1618 666 diceret
1655 611 1882 667 Domino
1926 630 1943 667 :
1979 611 2039 665 Si

459 698 747 765 peccaverit
783 699 837 751 in
888 716 970 753 me
1016 701 1184 773 frater
1233 717 1398 767 mens,
1448 704 1648 772 quoties
1683 704 1891 758 dimitto
1943 705 2040 759 ei?

462 803 623 860 usque
654 790 839 856 septies
854 792 942 846 ⁸³2
994 790 1347 863 responderet
1376 809 1558 850 autem
1587 794 1848 850 Dominus
1876 814 1888 847 :
1918 796 2042 849 Non

460 882 576 934 dico
597 880 690 934 tibi
712 882 922 952 septies,
957 885 1047 938 sed
1067 901 1230 955 usque
1255 887 1548 956 septuagies
1574 888 1762 955 septies
1784 887 1850 950 ",
1895 885 2036 940 mul-

463 972 776 1045 tiplicatque
805 991 1095 1031 numerum
1132 987 1353 1047 propter
1381 978 1730 1048 (mentiones
1762 978 1988 1049 spiritus
2021 996 2036 1043 ;

462 1078 670 1136 septem
698 1066 845 1121 enim
896 1068 1161 1138 propheta
1224 1067 1389 1124 Isaias
1450 1070 1761 1127 numeravit
1794 1069 1984 1125 «licens
2025 1090 2037 1125 :

384 1222 389 1227 Α
465 1158 529 1212 Et
556 1159 837 1230 requiescet
858 1177 1014 1230 super
1034 1178 1151 1215 eum
1179 1162 1397 1230 spiritus
1426 1160 1666 1225 Domini;
1693 1160 1897 1216 Deinde
1922 1161 2042 1228 ejus

462 1247 602 1303 dona
636 1248 885 1304 dividens
915 1249 989 1305 ait
1027 1270 1042 1305 :
1070 1251 1298 1318 Spiritus
1348 1253 1622 1322 sapientiae
1646 1263 1693 1305 et
1721 1251 2037 1317 intellectus,

462 1342 678 1407 spiritus
728 1341 935 1395 consilii
977 1353 1026 1395 et
1067 1344 1418 1413 -f0rtitudinis.
1449 1339 1940 1413 spiritus'scientia:
1992 1353 2041 1397 et

463 1433 695 1502 pietatis,
721 1444 770 1488 et
810 1434 1027 1502 replebit
1076 1451 1198 1488 eum
1240 1436 1458 1503 spiritus
1503 1436 1705 1489 timoris
1746 1434 1952 1490 Domini
1973 1436 2036 1489 ".

465 1522 620 1591 Quod
650 1535 831 1580 autem
860 1526 1178 1598 sanguinem
1203 1536 1418 1597 oportet
1452 1544 1552 1583 nos
1572 1529 1625 1583 in
1645 1529 1895 1598 passione
1923 1530 2043 1599 ejus

466 1614 732 1686 accipere,
761 1617 994 1689 probant
1029 1617 1181 1674 Pilati
1218 1629 1271 1674 et
1301 1620 1613 1676 Judaeorum
1668 1622 1827 1677 verba
1855 1640 1876 1689 ;
1912 1598 2041 1678 dum
2076 1598 2117 1652 Β

466 1706 611 1759 enim
640 1705 946 1761 traderetur
978 1710 1147 1774 cruci,
1182 1710 1297 1780 ipse
1327 1710 1545 1780 quidem
1559 1711 1758 1765 clamat
1783 1730 1794 1763 :
1818 1714 2045 1765 Mundus

470 1814 581 1850 sum
616 1815 649 1851 a
675 1799 928 1869 sanguine
938 1798 1075 1868 justi
1094 1801 1271 1870 hujus.
1306 1783 1401 1853 Illi
1431 1810 1608 1855 autem
1642 1798 1911 1870 :Sanguis
1932 1799 2048 1867 eius

470 1906 755 1958 supernos,
782 1888 830 1944 et
846 1907 1004 1959 super
1020 1890 1158 1960 ﬁlios
1183 1900 1387 1944 nostros
1403 1892 1446 1921 δ’
1467 1892 1489 1942 ?
1520 1888 1692 1960 Hujus
1712 1891 2046 1961 aspersimus

470 1990 526 2034 ot
553 1978 748 2035 Petrus
779 1980 835 2036 in
866 1980 1131 2036 catholica
1171 1978 1408 2051 Epistula
1438 1979 1710 2043 meminit,
1739 1980 2043 2050 apostolum

470 2090 527 2128 se
551 2074 840 2129 nominans
864 2072 1153 2129 secundum
1179 2071 1566 2141 pra'scientiam
1609 2069 1702 2124 Dei
1739 2068 1936 2131 Patris,
1993 2071 2046 2123 iu

468 2163 885 2232 sanctiﬁcatione
938 2162 1188 2232 Spiritus,
1241 2164 1295 2217 in
1342 2163 1632 2217 obedientia
1664 2171 1711 2215 et
1750 2160 2049 2233 aspersimte

468 2256 740 2326 sanguinis
762 2254 883 2310 Iesu
912 2254 1105 2311 Christi
1135 2256 1201 2308 ".
1229 2254 1283 2309 Si
1313 2264 1493 2309 autem
1518 2254 1656 2310 dicis
1688 2252 1813 2323 quia
1870 2251 2049 2321 passio

470 2347 689 2419 quidem
704 2346 844 2418 ejus,
861 2356 1152 2417 antequam
1166 2346 1486 2402 ascenderet
1503 2347 1557 2400 in
1572 2346 1762 2408 caelos,
1775 2342 2047 2415 provenit,

471 2439 748 2511 legislator
769 2450 955 2494 autem
1001 2439 1134 2494 dicit
1170 2447 1294 2507 post
1329 2438 1719 2510 ingressionem
1751 2435 2050 2491 sacerdotis

474 2534 526 2587 in
565 2532 917 2588 tabernaculo
947 2530 1266 2594 testimonii,
1300 2530 1444 2599 quod
1494 2544 1595 2585 nos
1622 2528 1819 2585 omium
1849 2526 2052 2599 signiﬁ-

471 2641 599 2680 care
625 2623 885 2689 diximus,
916 2620 970 2677 Si
1013 2621 1235 2693 intingis
1258 2622 1483 2691 digitum
1535 2621 1589 2675 in
1626 2619 1942 2691 sanguinem
1999 2628 2055 2672 ct

473 2717 744 2790 aspergis:
767 2733 953 2772 verum
975 2725 1246 2795 Cognosce
1258 2716 1381 2786 quia
1401 2715 1494 2784 qui
1518 2714 1747 2770 inferius
1766 2712 2056 2768 cruciﬁxus

472 2821 760 2875 estcame,
782 2810 838 2863 in
872 2809 1011 2867 caelo
1041 2818 1120 2869 est
1139 2808 1454 2871 divinitate;
1486 2815 1542 2862 et
1571 2815 1856 2878 propterea
1903 2805 2055 2875 prin-

2136 340 2250 395 llas
2277 340 2541 395 Dominus
2571 339 2726 413 ungit
2761 340 2984 412 proprio
3015 339 3303 410 sanguine,
3352 337 3619 393 virtutem
3641 336 3728 390 eis

2138 443 2411 504 prmstans
2434 433 2696 500 maiorem
2724 432 3241 503 perlectioremque,
3276 441 3338 485 ut
3374 438 3564 485 contra
3620 429 3723 483 ad—

2140 525 2512 581 versariorum
2538 526 2684 581 vires
2705 525 3003 595 praevalere
3056 523 3288 594 possint.
3323 522 3558 578 Omnem
3589 520 3725 574 reli-

2140 633 2310 686 quom
2336 616 2660 688 sanguinem
2693 618 2870 684 vituli,
2922 616 3079 672 fundi
3111 616 3256 671 circa
3306 615 3477 670 basim
3532 612 3726 668 altaris

2141 709 2465 776 holocausti,
2520 710 2665 780 quod
2716 719 2801 765 est
2864 709 2920 764 in
2972 708 3330 765 tabernaculo
3392 704 3723 764 testimonii.

2143 801 2423 871 pnecepit.
2480 800 2665 855 Altare
2719 799 3201 860 holocautomatis,
3261 812 3459 852 rursus
3512 794 3727 850 Christi

2142 909 2342 963 corpus
2378 893 2744 964 intelligamus
2775 912 2789 947 :
2824 893 2964 948 sicut
2992 893 3140 947 enim
3177 893 3295 961 ipse
3359 889 3616 945 sacerdos
3668 897 3730 941 et

2141 985 2470 1043 sacriﬁcium
2501 995 2602 1047 est,
2627 984 2706 1040 sic
2733 993 2789 1039 et
2816 984 2987 1038 altare
3008 993 3111 1038 est.
3137 982 3193 1037 Si
3222 990 3408 1036 autem
3449 980 3503 1033 in
3535 977 3733 1033 multis

2141 1076 2459 1143 nominibus
2499 1092 2671 1130 unum
2727 1083 2813 1130 est
2861 1075 3007 1145 quod
3072 1072 3430 1145 signiﬁcatur.
3483 1071 3734 1126 diximus

2139 1168 2343 1238 quippe
2370 1183 2496 1221 eum
2538 1175 2793 1236 oportere
2838 1164 3063 1235 intelligi
3113 1164 3281 1219 etiam
3329 1162 3532 1224 velum.
3586 1161 3733 1215 nihil

2143 1270 2227 1315 est
2255 1260 2399 1330 quod
2422 1275 2487 1314 cs
2522 1260 2626 1315 hoe
2651 1257 3114 1328 possit.obsistere
3147 1255 3318 1320 ;dum
3352 1254 3499 1308 enim
3534 1253 3736 1308 multa;

2141 1352 2250 1408 sint
2277 1351 2331 1406 in
2361 1350 2483 1420 ipso
2507 1350 2874 1420 operationes,
2901 1347 3296 1403 convenienter
3341 1345 3507 1399 etiam
3556 1346 3735 1401 mlta

2141 1454 2273 1504 sunt
2297 1444 2543 1501 nomina.
2574 1442 2687 1499 Nec
2710 1458 2777 1498 ex
2819 1442 2905 1495 bis
2960 1437 3477 1510 interpretationem
3543 1436 3738 1506 respui

2142 1537 2295 1609 quasi
2321 1536 2639 1591 mendacem
2670 1534 2751 1589 fas
2778 1543 2883 1598 est,
2923 1530 3123 1586 divinae
3173 1529 3378 1597 quippe
3432 1527 3742 1596 Scriptura

2144 1645 2266 1687 mos
2307 1638 2387 1683 est
2441 1642 2604 1681 unam
2661 1640 2774 1680 rem
2823 1622 3010 1680 multis
3060 1620 3341 1676 insinuare
3389 1619 3739 1680 nominibus,

2142 1722 2289 1793 quod
2323 1715 2974 1776 demonstratZacbarias
3001 1731 3016 1778 ;
3046 1713 3124 1767 ait
3139 1712 3286 1767 enim
3312 1729 3327 1765 :
3358 1708 3427 1763 Et
3466 1710 3732 1779 respondi,

2147 1823 2195 1866 et
2218 1812 2330 1866 dixi
2348 1811 2420 1864 ad
2442 1825 2559 1863 eum
2576 1824 2593 1862 :
2609 1807 2749 1873 Quid
2768 1816 2887 1860 sunt
2905 1805 3029 1861 dua
3051 1802 3201 1858 oliva:
3223 1802 3340 1855 ista:
3364 1802 3436 1853 ad
3461 1801 3737 1855 dexteram

2147 1901 2472 1965 candelabri,
2514 1909 2561 1954 et
2599 1899 2671 1953 ad
2714 1898 2995 1953 sinistram
3022 1893 3137 1963 ejus
3174 1893 3199 1945 ?
3237 1894 3306 1946 Et
3351 1890 3595 1959 respondi
3646 1906 3741 1943 se—

2148 1996 2318 2052 cundo
2341 2004 2389 2050 et
2415 1994 2527 2049 disi
2556 1993 2628 2049 ad
2650 2008 2770 2046 eum
2794 2006 2812 2044 :
2837 1988 2977 2053 Quid
3008 1996 3135 2042 sunt
3168 1985 3289 2040 dum
3321 1983 3518 2052 species
3566 1981 3749 2035 oliva-

2148 2106 2267 2145 sum
2331 2103 2448 2159 quia
2474 2094 2593 2141 sunt
2642 2084 2803 2153 juxta
2848 2082 2954 2136 duo
3002 2088 3173 2133 rostra
3219 2091 3405 2136 ama.
3439 2075 3495 2127 in
3542 2073 3742 2143 quibus

2148 2192 2270 2238 sunt
2296 2178 2573 2250 suﬂ'usoria
2596 2193 2660 2232 ex
2685 2174 2852 2228 auro?
2877 2172 2942 2228 Et
2972 2173 3048 2225 ait
3072 2170 3144 2224 ad
3169 2185 3253 2222 me
3289 2167 3462 2221 dicens
3507 2180 3526 2223 ξ
3572 2163 3743 2217 Nau-

2149 2276 2275 2347 Quid
2304 2274 2468 2327 nescis
2486 2271 2612 2338 auiti
2631 2278 2752 2327 sunt
2773 2267 2917 2321 haec?
2936 2265 3002 2320 Et
3024 2264 3137 2319 dimi
3157 2278 3176 2317 :
3202 2261 3321 2315 Non
3340 2261 3472 2322 scio,
3493 2258 3743 2311 Domine.

2153 2344 2221 2419 Et
2244 2363 2406 2417 dixit:
2433 2360 2530 2414 Isti
2550 2366 2670 2413 sunt
2696 2357 2801 2410 duo
2819 2354 2917 2424 ﬁlii
2953 2353 3054 2407 olei
3089 2349 3405 2421 splendoris,
3453 2347 3543 2416 qui
3594 2344 3744 2398 assi-

2150 2465 2292 2513 stunt
2308 2451 2638 2509 Dominatori
2651 2449 2905 2503 universe
2917 2454 3071 2499 terra:
3082 2444 3148 2497 ⁸⁸.
3170 2440 3431 2511 Equidem
3445 2435 3746 2491 Zacharias

2152 2550 2220 2603 de
2249 2547 2462 2601 duobus
2490 2542 2814 2612 quibusdam
2846 2536 3090 2607 inquirit,
3124 2535 3192 2591 de
3229 2533 3385 2597 oleis,
3420 2541 3475 2586 ct
3520 2530 3590 2584 de
3654 2528 3745 2584 era

2156 2638 2506 2697 [undantibus
2527 2635 2580 2691 in
2640 2631 2968 2689 candelabro
3016 2629 3221 2684 oleum.
3256 2625 3357 2680 Cui
3408 2633 3596 2678 autem
3649 2635 3741 2674 ro-

2156 2727 2377 2797 spondit
2420 2724 2669 2795 angelus,
2723 2720 2938 2777 duabus
2988 2714 3514 2787 interrogationibus
3572 2726 3749 2765 unum

2158 2816 2661 2888 interpretationem
2724 2812 2928 2869 retulit.
2969 2809 3108 2875 Quia
3165 2816 3348 2862 autem
3400 2801 3753 2873 intelligibile

471 2905 685 2975 είρξδίιε
715 2902 1457 2985 δαθεηίοιυῐηί¹¹δίε³¹ὶιίυ¹¹5
1479 2916 1605 2979 9""!
1636 2909 1691 2955 οι
1711 2898 2056 2956 ετυθίίῖκυνίε
2082 2929 2124 2985 c
2159 2913 2326 2967 altare
2350 2925 2554 2980 corpus.
2574 2906 2812 2969 Domini,
2865 2912 2923 2961 et
2978 2904 3171 2957 beatus
3225 2899 3427 2954 Paulus
3464 2895 3746 2965 inteiligit,

474 2993 691 3049 dicebat
724 3012 737 3046 :
763 2984 888 3047 Dico
921 2994 1082 3058 vobis,
1112 2998 1302 3049 amodo
1322 2992 1560 3065 videbitis
1590 2990 1785 3045 Filium
1830 2988 2054 3043 hominis

473 3087 735 3141 sedentem
759 3102 791 3138 a
821 3086 1018 3139 dextris
1044 3084 1137 3138 Dei
1156 3084 1223 3138 ⁸⁵.
1256 3083 1411 3150 Quod
1443 3094 1625 3139 autem
1647 3082 1801 3142 dixit,
1843 3081 2053 3146 amodo,

474 3174 815 3232 ostendentis
843 3173 965 3237 fuit,
1017 3173 1145 3245 quia
1164 3187 1274 3244 quo
1304 3173 1557 3243 tempore
1576 3171 1778 3227 vitulus
1807 3169 2054 3224 immola-

477 3272 638 3326 batur
676 3270 733 3331 in
774 3265 1147 3339 inferioribus,
1181 3280 1249 3321 eo
1286 3273 1531 3336 tempore
1565 3272 1623 3319 ut
1672 3261 1918 3317 Pontifex
1942 3262 2057 3331 ipse

476 3361 577 3419 sibi
593 3358 918 3418 sacriﬁcium
931 3358 1150 3415 oﬁ‘erret
1168 3358 1225 3413 in
1238 3357 1396 3413 cosio.
1419 3355 1631 3423 Quibus
1655 3353 1989 3410 conveniunt
2004 3361 2060 3409 et

476 3457 786 3526 snbsequen
796 3453 867 3509 tia
883 3472 895 3509 :
921 3452 1187 3524 Ponetquc
1206 3450 1272 3505 dc
1288 3451 1467 3506 eodem
1485 3449 1740 3520 sanguine
1755 3463 1911 3517 super
1940 3462 2057 3500 cor-

478 3561 583 3602 uua
599 3547 788 3601 altaris
805 3544 1169 3616 thymiamatis
1190 3542 1483 3620 gratissimi
1500 3539 1726 3595 Domino
1740 3535 1879 3609 quod
1907 3546 1980 3592 est
2004 3537 2059 3589 in

479 3637 819 3695 tabernaculo
855 3635 1160 3697 testimonii.
1193 3632 1295 3693 Hic
1313 3632 1507 3690 sedem'
1530 3631 1828 3688 Cberubim
1852 3630 2053 3702 signat,

477 3732 603 3805 qiiia
622 3731 770 3786 enim
796 3736 924 3786 sunt
951 3722 1144 3794 altare,
1162 3726 1331 3783 lsaias
1354 3742 1454 3798 per
1482 3725 1749 3783 visionem
1771 3722 2059 3793 Seraphim

481 3818 847 3882 ntanifestavit
874 3821 988 3887 ;ait
1029 3819 1173 3876 enim
1204 3834 1219 3873 :
1255 3818 1323 3874 Et
1352 3817 1548 3873 volavit
1590 3819 1659 3870 ad
1700 3834 1782 3872 me
1818 3832 1952 3871 unus
1998 3816 2063 3873 de

480 3917 777 3987 Serapiiim,
807 3924 855 3969 et
904 3915 960 3968 in
990 3930 1151 3968 manu
1200 3913 1317 3983 ejus
1365 3911 1623 3973 calculus,
1672 3928 1772 3981 que
1793 3928 1822 3961 ιι
1867 3909 2064 3980 forcipe

481 4012 673 4065 tulerat
705 4011 769 4064 de
804 4008 969 4063 altari
995 4009 1063 4063 ⁸⁵.
1096 4006 1399 4062 Thimiama
1430 4015 1636 4069 autem,
1666 4004 1807 4060 sicut
1829 4004 2064 4071 Septua-

482 4107 626 4177 ginta
648 4106 858 4168 dicunt,
884 4100 1322 4173 compositionis,
1345 4098 1797 4169 compositionem
1820 4095 2063 4150 omnium

482 4198 623 4253 sicut
653 4198 708 4251 in
739 4195 1093 4269 tbymiamate
1128 4193 1393 4248 virtutum
1421 4190 1573 4252 dicit,
1620 4205 1742 4258 quae
1788 4196 1920 4244 sunt
1977 4188 2066 4241 in-

2156 3005 2276 3074 ipso
2298 3003 2514 3058 dicente
2533 3014 2803 3071 cogmsce
2835 3015 2850 3064 ;
2881 2997 2959 3054 ait
2986 2995 3132 3051 enim
3165 3011 3180 3046 :
3230 2993 3496 3054 Habemus
3545 2990 3746 3052 altare,

2153 3097 2338 3164 dequo
2366 3093 2516 3146 edere
2541 3106 2647 3145 non
2670 3088 2861 3143 habent
2901 3094 3207 3155 potestatem
3238 3084 3299 3135 hi‘
3350 3083 3442 3153 qui
3492 3083 3752 3134 tabenra-i

2156 3184 2272 3239 culo
2296 3183 2590 3237 deserviunt
2609 3182 2675 3244 “,
2707 3194 2907 3248 corpus
2937 3176 3190 3231 videlicet
3211 3172 3415 3228 Christi
3442 3172 3654 3235 dicens,
3676 3170 3753 3227 de

2157 3275 2250 3330 illo
2281 3273 2427 3329 enim
2466 3271 2753 3327 comedere
2774 3268 2978 3325 Judaeis
3009 3268 3090 3322 fas
3118 3283 3227 3321 non
3269 3274 3373 3325 est.
3410 3262 3522 3319 lloc
3572 3262 3754 3317 altare

2157 3365 2465 3423 necessarie
2498 3365 2552 3419 in
2588 3361 2814 3419 introitu
2840 3357 3177 3416 tabernaculi
3204 3353 3527 3419 testimonii,
3554 3352 3606 3406 id
3636 3362 3747 3411 est.

2159 3462 2213 3517 in
2244 3460 2473 3515 introitu
2508 3457 2772 3513 caelorum
2801 3463 2909 3520 est,
2934 3452 3061 3523 quia
3089 3466 3188 3521 per
3226 3449 3404 3519 ipsum
3436 3447 3753 3517 ingressurus

2161 3555 2427 3610 habemus
2461 3552 2514 3605 in
2555 3549 2727 3604 cmlis.
2754 3547 2854 3603 Sed
2879 3547 2991 3616 jam
3022 3543 3230 3613 reliqua
3261 3540 3427 3608 huius
3491 3536 3753 3591 sacriﬁcii

2161 3645 2537 3705 discutiamus.
2574 3641 2926 3710 Quaecunque
2967 3636 3115 3694 enim
3175 3634 3233 3688 in
3279 3631 3549 3687 sacriﬁcio
3594 3627 3754 3698 paci-

2164 3738 2413 3802 ﬁcornm,
2452 3752 2550 3812 seu
2578 3732 2802 3790 salutari
2829 3729 3111 3802 prmcepit,
3138 3727 3332 3782 eadem
3361 3724 3477 3781 ﬁeri
3502 3723 3667 3776 etiam
3693 3720 3753 3773 in

2164 3833 2270 3889 hoc
2296 3829 2575 3901 prmeepit,
2610 3828 2749 3882 duos
2777 3823 3112 3880 renunculos
3136 3819 3348 3881 eﬂ'erri,
3382 3826 3438 3871 et
3460 3813 3752 3870 reticulum

2162 3928 2306 3994 quod
2333 3933 2419 3977 cst
2445 3935 2610 3990 super
2631 3934 2746 3979 eos.
2775 3927 2832 3972 et
2848 3916 3065 3984 adipem
3088 3912 3310 3984 iecoris,
3334 3908 3481 3980 quod
3514 3909 3754 3976 Septua-

2165 4017 2310 4088 ginta
2346 4014 2585 4068 eduntet
2608 4010 2829 4081 pinnam
2880 4007 3105 4076 hepatia,
3138 4013 3196 4059 et
3236 4001 3438 4057 adoleri
3475 4015 3537 4053 ea
3585 4011 3757 4064 super

2165 4109 2334 4163 altare
2394 4105 2917 4162 holocautomatum.
2963 4098 3021 4153 In
3051 4097 3267 4152 duobus
3300 4091 3627 4148 sacriﬁcium
3664 4088 3755 4141 di-

2168 4199 2376 4259 videns.
2414 4202 2687 4266 quatenus
2716 4191 2976 4246 omnibus
3003 4189 3165 4244 liceat
3185 4184 3387 4240 Christi
3421 4179 3755 4237 sacriﬁcium

485 4289 761 4360 tellisibile
806 4286 1122 4358 thymiama-
1175 4283 1276 4339 Ubi
1332 4284 1536 4352 quivre
1601 4281 1754 4336 decet
1811 4279 2064 4341 virtutes.
2098 4284 2392 4355 θίιηιιειι-ι,
2421 4289 2472 4343 id
2512 4295 2615 4347 est,
2648 4295 2760 4340 tam
2793 4277 3302 4352 hisqniinl'erioris
3342 4284 3475 4331 sunt
3519 4286 3753 4333 cont-cr-

484 4380 586 4435 nisi
616 4380 677 4439 in
703 4378 833 4435 sede
873 4377 966 4431 Dei
993 4391 1115 4431 esse
1145 4372 1505 4446 compositas?
1542 4372 1594 4425 in
1626 4370 1843 4441 quibus,
1887 4368 1989 4425 etsi
2015 4367 2069 4422 in

487 4481 631 4525 terra
655 4467 999 4524 conversatio
1043 4477 1148 4531 est,
1179 4467 1249 4521 de
1293 4465 1433 4520 ctelo
1476 4473 1657 4517 tamen
1707 4461 2067 4517 descendunt.

490 4564 641 4619 Unde
671 4572 726 4618 et
753 4560 956 4615 Paulus
982 4560 1050 4614 de
1086 4559 1172 4614 bis
1210 4558 1305 4629 qui
1335 4558 1387 4612 in
1422 4555 1718 4613 virtutibus
1774 4569 2070 4610 conversa-

488 4657 688 4709 bantur
715 4651 882 4708 dixit:
901 4649 1099 4706 Nostra
1126 4660 1304 4705 autem
1327 4648 1648 4705 conversatio
1667 4647 1723 4700 in
1743 4645 1883 4701 caelis
1908 4654 1980 4698 est
2003 4645 2067 4699 “.

486 4748 723 4806 Jacobus
743 4762 874 4802 vero
893 4747 1000 4801 ait:
1024 4745 1157 4812 Qua:
1177 4754 1355 4801 autem
1386 4744 1659 4798 desursum
1685 4750 1763 4797 est
1781 4740 2069 4811 sapientia,

398 4878 405 4885 ι
489 4844 719 4913 primum
784 4840 996 4913 quidem
1032 4839 1257 4909 benigna
1296 4847 1371 4893 est
1389 4838 1454 4903 ⁸⁷,
1504 4834 1824 4905 sapientiam
1875 4833 2073 4889 dicens

488 4952 653 4991 unam
682 4936 750 4991 de
780 4932 1129 5006 generalibus
1168 4948 1293 4989 esse
1352 4930 1649 4987 virtutibus
1692 4948 1707 4983 :
1760 4936 1887 5001 post
1931 4926 2076 4980 hanc

488 5029 634 5084 enim
659 5026 944 5092 fortitudo,
978 5034 1034 5082 et
1066 5025 1294 5096 iustitia.
1328 5032 1385 5078 et
1421 5021 1665 5087 castitas,
1693 5022 1867 5076 multo
1908 5020 2077 5091 magis

491 5130 546 5176 et
568 5130 781 5177 caetera
814 5135 939 5176 cum
968 5118 1071 5173 bac
1092 5117 1437 5180 ordinantur,
1478 5130 1601 5184 qua:
1632 5113 1762 5169 dum
1799 5114 1911 5174 sint
1934 5128 2074 5180 qua-

492 5220 637 5276 tuor,
674 5220 737 5266 ut
766 5211 1024 5276 arbitror,
1085 5220 1140 5263 ct
1170 5206 1526 5269 excellentes,
1574 5188 1778 5260 cornua
1831 5202 2072 5274 praedicti

494 5302 682 5357 altaris
706 5302 832 5374 quia
856 5317 1058 5374 genera
1106 5310 1234 5356 sunt
1277 5299 1506 5354 aharum
1561 5298 1844 5359 virtutum,
1878 5309 2075 5349 conve-

494 5394 713 5449 nienter
738 5395 1114 5449 nominantur.
1139 5392 1229 5446 Ait
1251 5400 1432 5446 autem
1463 5398 1518 5444 et
1537 5388 1701 5443 Isaias
1729 5405 1741 5439 :
1778 5387 2072 5440 Misericor-

1246 5531 1289 5561 ‘°
1317 5528 1422 5585 ibid
1474 5527 1564 5587 Ἡ.

1329 5601 1371 5630 ⁶“
1402 5598 1614 5668 ι’ὴίιιῐψ
1664 5612 1741 5657 ιιι,
1771 5595 1859 5649 εισι.

590 5530 634 5559 ³⁸
666 5529 854 5584 Matth.
892 5546 1045 5593 svnt,
1071 5531 1161 5585 '2].

499 5616 648 5657 ιιττι.
674 5601 764 5654 ιιι.
860 5599 905 5630 ⁴¹
940 5599 1040 5652 lsa.
1078 5614 1153 5661 vi,
1185 5599 1237 5653 ﬁ.

1669 5527 1710 5557 “
1748 5525 1846 5580 Isa.
1896 5526 2046 5581 xuii.
2082 5526 2115 5579 5

1939 5597 1981 5623 ν
2015 5595 2103 5649 ia"
2152 5613 2224 5651 ιι.
2264 5595 2347 5647 i7.

2174 4384 2425 4447 sationis,
2457 4380 2539 4436 eis
2580 4378 2783 4449 quippe
2809 4373 3106 4452 convenite
3135 4369 3487 4442 paciﬁcorum
3517 4364 3757 4420 diximus

2172 4474 2519 4537 sacriﬁcium,
2540 4486 2703 4542 quam
2733 4469 2923 4525 altiora
2944 4464 3305 4537 sapientibus,
3331 4461 3534 4532 quibus
3555 4458 3757 4514 imitari

2173 4563 2370 4623 sufﬁcit
2394 4577 2516 4632 quae
2538 4568 2863 4630 sequuntur.

2242 4657 2443 4715 Pellem
2479 4671 2600 4710 vero
2658 4662 2706 4706 et
2740 4668 2918 4707 omnes
2947 4666 3131 4705 carnes
3154 4664 3273 4701 cum
3303 4647 3495 4715 capite,
3527 4654 3578 4697 et
3609 4644 3758 4711 pedi-

2174 4752 2285 4813 bus,
2320 4761 2367 4802 et
2392 4745 2677 4807 intestinis,
2718 4754 2766 4798 et
2798 4743 2943 4811 ﬁmo,
2985 4750 3036 4793 et
3093 4738 3295 4809 reliquo
3334 4749 3547 4802 corpore
3585 4731 3761 4801 efferet

2174 4855 2323 4898 extra
2348 4849 2546 4897 castra.
2572 4836 2730 4903 Quod
2762 4832 3024 4905 praecepit
3046 4839 3114 4885 ut
3140 4845 3247 4885 non
3282 4827 3569 4882 Christum
3614 4822 3764 4878 divi-

2180 4935 2301 4996 das,
2336 4932 2482 4989 sicut
2502 4928 2721 4999 quidam
2743 4926 2998 4987 dividunt
3022 4923 3271 4981 dicentes
3296 4920 3380 4975 :ls
3395 4919 3488 4988 qui
3505 4918 3572 4973 de
3593 4915 3762 4970 Maria

2180 5032 2284 5087 est,
2316 5038 2511 5095 passus
2528 5029 2612 5075 est
2640 5038 2654 5074 :
2682 5019 2777 5089 qui
2811 5027 2992 5072 autem
3017 5016 3087 5071 de
3115 5013 3226 5069 Deo
3256 5012 3416 5067 Patre
3433 5019 3541 5073 est,
3566 5023 3764 5077 passus

2179 5134 2289 5173 non
2325 5125 2429 5171 est.
2460 5113 2628 5169 Nobis
2651 5111 2800 5167 enim
2844 5125 2988 5164 unus
3014 5106 3278 5167 Dominus
3305 5104 3465 5160 Jesns
3485 5101 3766 5159 Christus.

2181 5225 2277 5279 per
2313 5223 2476 5277 quem
2541 5204 2725 5258 oinnia
2774 5221 2787 5256 :
2847 5200 2974 5271 quia
3013 5197 3316 5255 secundum
3367 5192 3513 5264 quod
3564 5188 3768 5244 Paulus

2184 5300 2321 5355 dixit
2359 5319 2371 5354 :
2404 5298 2542 5353 Cum
2586 5306 2638 5352 ul
2674 5295 2839 5349 homo
2864 5300 3171 5363 pateretur,
3198 5287 3461 5342 miracula
3492 5292 3677 5338 tamen
3706 5282 3761 5336 in

2184 5389 2522 5459 passionibus
2549 5394 2828 5455 operatur,
2853 5392 2910 5437 nt
2933 5382 3096 5445 Deus,
3120 5380 3214 5435 sed
3245 5393 3512 5448 nusquam
3534 5373 3765 5430 divisus.

2212 5524 2256 5553 ⁶²
2292 5521 2478 5575 Matth.
2507 5537 2678 5578 nm.
2703 5519 2795 5580 2i.
2831 5518 2922 5573 9.5.
2999 5508 3263 5572 “’l'Pctr.
3297 5531 3336 5576 ι,
3372 5513 3426 5567 9..
3505 5508 3744 5580 “Matth

2421 5592 2463 5619 "‘
2498 5591 2728 5647 Zacbar.
2759 5579 2831 5653 tv,
2861 5589 3036 5645 H-li.
3116 5589 3160 5619 ⁶⁹
3196 5584 3358 5641 "cbr-
3393 5598 3509 5647 xl":
3556 5579 3642 5635 w-
