4076 6188
341 222 444 285 825

1494 236 1576 298 ΙΝ
1615 241 2054 306 LEVITICUM.
2092 246 2327 307 ~LiB‘.
2370 249 2421 309 Ι.

3482 256 3599 318 826

342 340 569 438 Propter
617 343 761 411 quod
813 360 1034 401 carnem
1079 347 1221 417 ejus,
1276 349 1327 403 id
1358 361 1463 415 est,
1518 337 1987 419 humanitatem}
2072 359 2249 415 silens.
2285 363 2463 418 15%|.
2500 384 2522 416 ι
2552 363 2709 432 Quod
2739 367 2783 423 si
2813 368 2993 423 omnis
3032 367 3192 423 turba
3222 365 3384 421 israel
3418 368 3591 438 igno-

344 432 612 498 ridclicet,
642 441 755 489 tam
787 451 912 491 eum
940 438 1035 507 qui
1073 440 1389 509 apparebat,
1410 458 1572 511 quam
1613 445 1705 513 qui
1737 445 1791 499 in
1823 462 1913 502 oc-

342 523 489 577 culto
517 533 654 590 erat,
673 525 974 591 hominem.
1001 530 1072 584 de
1100 546 1211 600 quo
1239 532 1315 586 ait
1349 532 1549 589 Paulus
1576 554 1592 589 :
1641 535 1710 589 Et
1749 537 1797 590 si
1826 552 1917 591 ea:-

344 615 506 669 tcrior
559 617 715 682 homo
748 630 922 673 noster
979 623 1369 691 corrumpitur,
1404 627 1494 680 sed
1524 625 1742 680 interior
1762 643 1918 682 reno-

344 715 500 759 uatur
530 708 594 760 7°.
622 706 765 763 Caro
782 709 931 764 enim
960 710 1015 767 in
1050 711 1299 777 Domino,
1348 714 1528 769 ornnis
1566 716 1686 784 ejus
1722 716 1919 773 huma-

345 798 507 860 nitas,
533 800 660 869 quia
698 799 921 856 Verbum
970 805 1317 874 caro‘factum
1340 816 1415 859 est
1428 807 1512 870 "',
1541 808 1756 862 dicitur.
1786 808 1919 865 Pro-

345 899 469 956 pter
495 893 638 959 quod
668 901 725 947 et
745 908 964 948 carnem
1010 894 1130 963 ejus
1181 911 1307 949 cum
1342 898 1519 966 capite
1561 908 1617 951 et
1659 899 1911 967 pedibus,

349 981 430 1035 vel
462 997 585 1035 cum
614 982 795 1051 capite
825 990 884 1039 et
926 985 1187 1039 extremis
1239 987 1493 1042 videlicet
1546 988 1797 1057 pedibus.
1837 990 1918 1045 sic

286 1092 291 1097 ι
346 1071 491 1125 enim
523 1072 706 1126 caeteri
731 1073 1090 1143 interpretum
1119 1076 1426 1139 ediderunt,
1464 1078 1624 1147 iussit
1652 1079 1872 1135 incendi
1898 1098 1913 1136 :

349 1171 406 1214 ut
437 1178 534 1231 per
561 1163 814 1232 praedicta
847 1165 1009 1219 verba
1052 1180 1179 1219 eum
1213 1167 1306 1233 qui
1362 1184 1461 1237 pro
1505 1169 1662 1225 nobis
1724 1186 1918 1239 passus

349 1263 451 1317 est,
480 1270 599 1309 esse.
637 1272 666 1308 a
694 1257 962 1325 principio
986 1268 1042 1313 et
1060 1258 1112 1311 in
1132 1260 1443 1314 novissimis
1471 1262 1914 1333 intelligeremus,

349 1349 417 1401 de
460 1365 570 1418 quo
606 1351 680 1405 ait
719 1350 917 1406 Paulus
952 1371 965 1406 :
1002 1352 1139 1417 Qum
1165 1355 1220 1407 in
1238 1356 1349 1423 ipso
1368 1367 1545 1411 creata
1568 1372 1687 1414 sunt
1718 1362 1915 1423 omnia,

346 1453 465 1505 ῳιω
498 1438 552 1490 in
581 1438 741 1501 carlis,
767 1448 817 1491 et
842 1454 957 1509 qua
984 1441 1037 1493 in
1060 1450 1220 1506 term,
1254 1443 1479 1497 visibilia
1527 1452 1575 1497 et
1614 1445 1915 1508 inuisibilia,

347 1530 454 1580 sive
474 1528 666 1590 throni,
694 1530 801 1583 sive
820 1531 1223 1595 dominationes,
1272 1533 1377 1586 sive
1422 1535 1772 1602 principatu,
1811 1537 1919 1589 sive

349 1628 645 1688 potestates.
671 1621 847 1675 omnia
877 1637 968 1689 per
994 1623 1168 1690 ipsum
1204 1633 1254 1676 et
1293 1624 1347 1677 in
1404 1626 1517 1691 ipso
1560 1635 1737 1681 creata
1774 1635 1915 1689 sunt,

347 1722 397 1764 et
418 1712 529 1780 ipse
547 1722 622 1766 est
645 1723 766 1766 ante
789 1715 987 1773 omnia,
1007 1723 1056 1767 et
1081 1715 1260 1767 ontnia
1310 1716 1366 1768 in
1406 1716 1521 1783 ipso
1566 1726 1804 1769 constant
1830 1733 1848 1780 ,'
1869 1728 1917 1772 et

347 1804 454 1869 ipse
478 1812 553 1856 est
581 1814 740 1872 caput
771 1805 1001 1867 corporis
1040 1804 1304 1869 Ecclesia,
1351 1807 1440 1877 qui
1483 1818 1554 1861 est
1582 1808 1917 1877 principium,

346 1894 720 1962 primogenita:
743 1911 777 1946 α
801 1895 1019 1948 mortuis
1052 1910 1071 1947 :
1102 1904 1157 1948 ut
1178 1896 1245 1949 sit
1277 1897 1387 1962 ipse
1422 1897 1475 1949 in
1520 1897 1755 1951 omnibus
1806 1898 1917 1966 pri-

348 1990 549 2035 metum
578 1993 754 2037 tenens
774 1983 839 2039 ⁷⁸.
873 1982 1099 2053 Insuper
1125 1999 1249 2039 cum
1308 1984 1585 2041 intestinis
1637 1995 1693 2042 et
1750 1986 1914 2054 limo;

345 2072 432 2128 vel
484 2074 627 2128 sicut
677 2073 1067 2144 Septuaginta,
1135 2089 1259 2129 cum
1315 2083 1508 2132 ventre
1561 2086 1619 2132 et
1674 2087 1914 2133 stercore

347 2161 539 2225 edunt,
568 2169 629 2215 nt
655 2164 781 2232 quia
811 2163 1011 2218 mentis
1037 2165 1391 2235 intelligibilis
1449 2176 1642 2221 venter
1689 2166 1917 2237 ﬁguram

347 2255 507 2326 gerit,
545 2256 689 2311 sicut
737 2255 791 2310 in
844 2254 1127 2310 sacriﬁciis
1182 2256 1412 2311 aliorum
1474 2257 1920 2314 hoiocanstorum

349 2346 708 2407 ostendimus,
738 2360 804 2401 ex
826 2360 900 2400 eo
929 2356 1170 2402 mentem
1198 2346 1459 2402 habuisse
1502 2358 1745 2404 nostram
1796 2366 1919 2405 cum

349 2436 443 2505 qni
475 2452 572 2504 pro
596 2436 753 2490 nobis
780 2452 972 2505 passus
993 2446 1099 2502 est,
1138 2437 1362 2494 minime
1407 2438 1740 2508 ignoremus,
1777 2442 1921 2511 quod

350 2528 570 2597 quidam
594 2527 974 2583 haereticorum
1000 2538 1220 2598 negant.
1256 2528 1441 2587 Fimus
1471 2538 1652 2585 autem
1699 2540 1920 2601 peccata

352 2622 569 2692 generis
613 2620 839 2677 humani
886 2621 1194 2690 signiﬁcat,
1236 2636 1360 2691 qua:
1412 2622 1707 2678 cruciﬁxus
1758 2624 1812 2678 in
1864 2640 1923 2680 se

351 2713 626 2781 suscepit:
657 2712 772 2767 hzec
800 2714 947 2768 enim
968 2713 1128 2769 ﬁmus
1175 2712 1385 2768 Domini
1428 2715 1797 2771 verisimiliter
1837 2717 1923 2773 di—

350 2815 571 2858 cuntur.
604 2803 787 2857 Funus
808 2804 1011 2873 quippe
1044 2818 1165 2858 cum
1199 2804 1270 2859 sit
1319 2805 1656 2872 immundus,
1723 2824 1922 2879 geren-

353 2904 459 2955 tem
485 2911 594 2947 non
628 2895 841 2964 polluit,
862 2910 1040 2963 neque
1072 2905 1280 2951 natura
1307 2905 1510 2953 nostra:
1545 2908 1648 2961 est,
1675 2900 1924 2968 quamvis

2018 454 2238 511 raverit.
2280 464 2339 507 et
2393 471 2490 524 per
2543 457 2873 528 imperitiam
2943 458 3134 514 fecerit
3191 457 3336 526 quod
3396 468 3587 513 contra

2016 542 2328 598 niandatum
2374 544 2585 600 Domini
2630 557 2732 612 est,
2783 556 2838 602 et
2882 556 3068 617 postea
3108 548 3437 605 intellexerit
3463 563 3589 616 pec-

2016 636 2198 693 catnin
2241 652 2423 701 suum,
2473 639 2669 693 oﬂ‘eret
2716 639 2945 695 vitulum
3005 655 3102 707 pro
3136 648 3381 708 peccato,
3410 639 3586 694 addu-

2017 734 2214 795 cetque
2238 742 2361 781 eum
2388 728 2453 780 ad
2482 728 2682 787 ostium
2710 730 3064 794 tabernaculi,
3087 739 3142 785 et
3171 741 3375 801 ponent
3401 734 3585 785 senio-

2016 829 2106 870 res
2131 818 2309 885 populi
2344 833 2537 873 manus
2580 835 2743 887 super
2778 828 2943 888 caput
2966 820 3088 886 ejus
3119 833 3301 873 coram
3334 819 3581 872 Domino.

2017 907 2406 979 lmmolatoque
2457 911 2628 965 vitulo
2670 911 2725 965 in
2755 922 3049 981 conspectu
3096 890 3332 977 Domini,
3386 910 3586 965 inferet

2014 1001 2270 1055 sacerdos
2306 1001 2395 1070 qui
2425 1011 2621 1058 unctus
2643 1011 2745 1062 est.
2776 1004 2843 1057 de
2872 1003 3139 1073 sanguine
3165 1003 3286 1072 eius
3313 1002 3365 1055 in
3406 1002 3588 1057 taberq

2016 1093 2270 1147 naculum
2302 1092 2616 1153 testimonii,
2649 1094 2818 1148 tincto
2846 1094 3018 1163 digito
3056 1108 3351 1162 aspergens
3382 1094 3587 1162 Septies

2018 1193 2206 1239 contra
2238 1184 2436 1249 velum,
2465 1193 2735 1252 ponetque
2777 1184 2843 1237 de
2875 1200 2941 1238 eo
2964 1183 3282 1254 sanguinem
3319 1185 3373 1236 in
3406 1184 3588 1238 corni-

2016 1274 2119 1328 bus
2143 1273 2346 1335 altaris,
2380 1273 2522 1339 quod
2552 1280 2637 1327 est
2665 1287 2846 1327 coram
2880 1270 3104 1325 Domino
3132 1271 3186 1324 in
3231 1272 3589 1326 tabernaculo

2020 1363 2336 1419 testimonii.
2355 1363 2637 1431 Reliquum
2668 1372 2849 1417 autem
2872 1361 3193 1432 sanguinem
3219 1361 3412 1415 fundet
3436 1362 3586 1426 juxta

2018 1455 2192 1510 basim
2242 1455 2428 1509 altaris
2484 1455 2944 1516 holocanstorum,
3009 1452 3156 1522 quod
3215 1464 3300 1509 est
3351 1454 3405 1508 in
3444 1454 3589 1509 ostio

2020 1545 2351 1602 tabernaculi
2428 1545 2745 1610 testimonii,
2822 1560 3149 1614 omnemque
3193 1546 3313 1613 ejus
3374 1545 3587 1611 adipem

2021 1638 2209 1691 tollet:
2242 1645 2297 1691 et
2324 1636 2561 1692 adolebit
2587 1652 2752 1706 super
2780 1637 2969 1691 altare.
3002 1634 3091 1691 Sic
3128 1636 3290 1690 faciet
3320 1636 3461 1690 etde
3489 1636 3592 1692 hoc

2020 1730 2187 1785 vitulo
2234 1729 2502 1799 quomodo
2552 1728 2704 1793 fecit,
2748 1737 2805 1782 et
2846 1728 3017 1796 prius.
3045 1737 3098 1783 et
3140 1737 3360 1797 rogante
3391 1743 3488 1797 pro
3512 1729 3592 1783 eis

2016 1822 2317 1884 sacerdote,
2369 1820 2633 1890 propitius
2680 1818 2786 1874 erit
2838 1817 3127 1872 Dominus.
3179 1818 3363 1887 ipsum
3407 1826 3587 1873 autem

2020 1913 2248 1967 vitulum
2320 1911 2509 1967 ederet
2575 1918 2726 1966 extra
2792 1918 2991 1972 castra,
3056 1916 3221 1979 atque
3277 1908 3586 1971 comburet,

2018 2005 2161 2059 sicut
2191 2011 2248 2058 et
2277 2004 2509 2073 priorem
2544 2003 2790 2066 vitulum,
2817 2000 2940 2071 quia
2968 2016 3065 2071 pro
3089 2009 3312 2070 peccato
3339 2008 3422 2055 est
3444 1999 3590 2052 inul—

2014 2096 2288 2153 Ititudinis.
2329 2113 2349 2147 ι

2088 2186 2172 2241 Nil
2205 2188 2257 2242 in
2292 2186 2377 2243 his
2405 2185 2678 2257 iegislator
2697 2183 3056 2241 commutavit
3098 2184 3245 2253 quod
3272 2198 3394 2238 esse
3420 2181 3592 2253 possit

2016 2288 2168 2336 extra
2227 2278 2543 2348 prmdictnm
2592 2276 2945 2340 sacriﬁcium,
3001 2275 3146 2344 quod
3190 2283 3274 2333 est
3328 2272 3591 2343 principis

2016 2368 2363 2423 sacerdotum
2391 2386 2405 2423 :
2437 2366 2577 2421 idem
2605 2367 2750 2420 enim
2777 2380 2808 2420 a
2847 2364 3024 2419 turbis
3042 2362 3223 2428 israel,
3258 2372 3315 2418 et
3343 2379 3372 2416 a
3404 2377 3592 2417 sacer-

2015 2460 2146 2514 dote
2175 2457 2357 2513 oil‘erri
2395 2456 2671 2528 praeepit,
2701 2456 2929 2511 vitulum
2970 2454 3116 2509 enim
3158 2462 3215 2509 et
3247 2453 3337 2508 hic
3396 2463 3453 2507 et
3480 2452 3595 2508 illic

2021 2550 2175 2605 dixit.
2231 2548 2492 2604 Similiter
2533 2547 2699 2604 etiam
2748 2545 3067 2617 sanguinem
3122 2545 3178 2599 in
3241 2543 3595 2599 tabernaculo

2025 2639 2317 2694 testimonii
2347 2638 2528 2693 offerri
2559 2637 2735 2708 jubet.
2764 2637 2992 2692 vitulum
3028 2644 3208 2691 autem
3239 2642 3389 2689 extra
3417 2641 3595 2689 castra

2021 2730 2275 2785 incendi:
2317 2738 2480 2798 atque
2507 2728 2847 2799 apertissime
2881 2727 2935 2781 in
2967 2726 3075 2789 bis,
3112 2741 3232 2796 quae
3259 2724 3400 2780 dicta
3443 2733 3591 2787 sunt,

2022 2822 2325 2878 ostenditur
2370 2821 2499 2889 quia
2549 2819 2744 2875 eadem
2782 2829 2943 2874 erant
2971 2818 3147 2890 plebis
3188 2818 3598 2887 sacerdotisque

2023 2922 2263 2984 peccata.
2314 2913 2447 2967 Nam
2497 2928 2662 2982 quam
2704 2911 2776 2967 ob
2821 2926 3038 2966 causam
3073 2911 3219 2966 idem
3263 2910 3595 2965 sacriﬁcium

351 2987 418 3040 sit
450 2987 501 3041 in
534 2987 710 3049 nobis,
740 2987 883 3043 sicut
926 2994 983 3041 et
1018 2997 1234 3055 peccata
1286 2996 1491 3059 nostra,
1526 3005 1647 3059 quae
1689 2992 1923 3059 portavit
1949 3017 1991 3075 ο
2026 3020 2124 3074 pm
2172 3004 2252 3058 eis
2285 3002 2550 3057 οαεηιειῖ
2599 2999 2755 3067 Quod
2781 3010 2963 3056 autem
2994 3000 3065 3056 (ιε
3091 3001 3358 3056 sacriﬁcio
3394 3000 3595 3054 imm"-

352 3077 631 3142 Dominus,
657 3086 714 3133 et
737 3078 911 3133 aliena
944 3078 1169 3134 fuerunt
1185 3080 1255 3137 ab
1277 3095 1362 3145 eo,
1389 3089 1445 3136 et
1463 3098 1588 3136 eum
1613 3083 1922 3140 nullatenus

350 3172 679 3241 polluerunt,
729 3174 1026 3241 permansit
1069 3175 1215 3229 enim
1265 3175 1383 3230 sine
1426 3185 1671 3246 peccato.
1722 3177 1920 3232 Totum

348 3279 478 3332 ergo
510 3263 760 3329 vittdum,
787 3263 842 3318 id
866 3273 954 3319 est
979 3273 1154 3321 totum
1176 3266 1478 3329 Christum,
1526 3276 1679 3323 extra
1743 3278 1920 3323 castra

350 3356 402 3415 in
435 3355 555 3411 loco
588 3355 965 3422 arundissimo,
989 3356 1080 3411 ubi
1105 3357 1313 3412 eﬂuudi
1343 3359 1558 3414 cineres
1579 3360 1776 3425 solent,
1796 3359 1917 3429 ejici

349 3447 621 3517 legislator
642 3446 818 3514 jubet,
846 3448 1189 3517 apertissime
1217 3450 1465 3504 sacriﬁcii
1488 3450 1698 3507 Christi
1741 3451 1919 3506 locum

345 3537 649 3607 signiﬁcare
690 3539 937 3600 studens.
971 3548 1123 3594 extra
1157 3541 1305 3595 enim
1359 3550 1533 3595 castra
1588 3558 1776 3611 passus
1815 3550 1917 3609 est,

345 3626 488 3697 quod
551 3636 780 3681 testatur
834 3628 1033 3683 Paulus
1070 3629 1261 3684 dicens
1304 3649 1317 3684 :
1363 3630 1490 3684 Ideo
1557 3640 1605 3684 et
1649 3631 1918 3695 Jesus,ut

342 3718 696 3787 sanctiﬁcaret
716 3718 938 3789 plebem,
968 3728 1116 3775 extra
1140 3728 1354 3787 portam
1379 3736 1562 3789 passus
1591 3731 1664 3775 est
1687 3721 1753 3774 ⁷³.
1787 3719 1919 3786 Quis

344 3820 525 3866 autem
554 3812 792 3865 mundus
816 3820 899 3867 est
919 3812 1120 3867 cineris
1143 3812 1315 3875 locus,
1353 3809 1619 3882 Golgotha
1646 3812 1915 3873 videlicet.

343 3911 398 3957 et
418 3902 472 3958 in
504 3911 711 3957 tantum:
738 3904 1083 3970 madeant
1106 3903 1369 3957 mundum
1402 3911 1575 3958 totum
1611 3903 1725 3972 ipse
1757 3919 1917 3957 mun-

342 3995 515 4050 daret.
547 3994 756 4049 itineris
788 4004 969 4050 autem
1006 4000 1155 4050 recte
1182 3995 1336 4058 locus
1363 4002 1449 4049 est
1477 3994 1676 4060 dicws,
1704 3995 1827 4064 quia
1861 3995 1915 4051 in

343 4088 463 4157 ipso
485 4088 753 4142 exstincta
780 4096 1155 4157 unt-meatu
1180 4085 1405 4141 humani
1436 4085 1669 4156 generis,
1702 4086 1845 4140 unde
1858 4072 1916 4140 et

342 4179 579 4234 mundus
602 4179 753 4234 locus
775 4179 1100 4249 appellatur.

412 4269 797 4340 lncendentqne
840 4288 905 4324 ea
949 4286 1104 4339 super
1158 4270 1418 4340 lignorum
1467 4279 1686 4324 struem.
1744 4268 1911 4340 Ligna

336 4369 519 4415 autem
566 4361 623 4415 in
668 4361 792 4430 igne
843 4361 1151 4430 Srripturas
1204 4375 1386 4415 sacras
1449 4360 1700 4414 diximus.
1753 4360 1913 4426 ρυω-

330 4468 554 4522 cunque
602 4463 784 4507 autem
836 4451 1151 4519 in‘Domino
1193 4461 1437 4521 tempore
1470 4451 1739 4521 passionis
1762 4461 1913 4523 gesta

340 4550 486 4604 sunt,
517 4542 585 4595 ad
610 4541 884 4610 implenda
907 4556 973 4595 ea
1027 4557 1149 4610 quae
1172 4542 1452 4612 propheta
1472 4541 1748 4604 dixerunt.
1784 4550 1914 4597 sunt

339 4639 510 4700 gesta,
562 4631 705 4700 quod
735 4631 1043 4691 manifestat
1076 4632 1339 4688 Dominus
1379 4633 1596 4702 quando
1642 4648 1671 4687 a
1710 4633 1913 4688 Judaeis

337 4726 905 4795 comprehensusest.
950 4726 1175 4781 dicens:
1224 4731 1494 4798 Tanquam
1529 4729 1602 4781 ad
1648 4727 1911 4781 latronem

335 4817 519 4872 existis
565 4833 681 4870 eum
729 4817 921 4887 gladiis
977 4828 1024 4871 et
1054 4820 1275 4889 fustibus
1309 4820 1742 4888 comprehendere
1791 4836 1909 4882 me;

330 4909 565 4979 quotidie
609 4910 664 4963 in
703 4909 895 4979 templo
918 4911 1155 4964 sedebam
1192 4911 1395 4974 docens,
1427 4922 1475 4965 et
1502 4928 1605 4967 non
1633 4929 1713 4965 me
1743 4912 1912 4965 tenni-

330 5000 448 5055 stis.
482 4999 598 5055 [loc
623 5012 801 5055 autem
830 5003 1030 5072 factum
1053 5010 1149 5064 est,
1180 5010 1233 5055 ut
1260 5002 1646 5070 complerentur
1670 5000 1912 5069 Scriptu-

304 5109 408 5146 Arte
435 5094 888 5163 prophetarum".
934 5094 1003 5148 Et
1045 5109 1273 5149 rursus:
1308 5093 1457 5147 .lesus
1497 5103 1675 5146 autem
1730 5094 1909 5147 ridens

332 5183 472 5251 quod
496 5185 673 5239 omnia
723 5193 1087 5238 consummata
1113 5192 1299 5247 essem,
1348 5193 1406 5237 ut
1428 5182 1734 5252 impleretur
1760 5183 1908 5238 Scri-

332 5283 511 5341 ptura,
556 5276 729 5332 dixit:
774 5275 987 5332 Sitio“.
1033 5275 1138 5329 Sed
1183 5291 1309 5330 cum
1352 5290 1451 5344 per
1497 5274 1705 5344 singula
1739 5273 1906 5344 ﬁgura

336 5364 632 5421 ﬂaminicae
653 5361 918 5436 passionis
947 5375 1224 5437 appareat,
1243 5374 1424 5421 tamen
1450 5366 1665 5435 planius
1686 5366 1904 5437 legisla-

333 5471 420 5521 tor
462 5462 803 5519 videtnrhoc
826 5464 878 5517 in
915 5462 1272 5533 sequentibus
1294 5461 1527 5532 ﬁgurare
1565 5463 1902 5532 mysterium.

404 5601 663 5657 "lnior.
715 5621 787 5662 Iv.
854 5602 938 5657 i6.
1016 5604 1081 5634 ⁷⁸⁸
1144 5601 1299 5655 Joan.
1344 5602 1506 5664 1,”.
1582 5602 1623 5632 ⁷¹
1656 5602 1863 5656 Coloss.
1910 5619 1949 5657 ι.
2000 5603 2183 5661 iii-i8.

1944 4148 1993 4207 D

2022 3104 2192 3150 tatum
2225 3102 2328 3157 est,
2366 3093 2469 3148 hoc
2496 3093 2665 3164 magis
2695 3093 2765 3147 ad
2802 3091 3110 3147 ﬁrmitatem
3159 3091 3419 3158 pertinet,
3451 3089 3597 3159 quod

2022 3203 2191 3243 unum
2223 3187 2295 3243 sit
2337 3184 2662 3240 sacriﬁcium
2689 3201 2702 3241 :
2738 3199 2864 3240 nam
2894 3184 2947 3237 in
2976 3182 3256 3239 sacerdote
3287 3197 3392 3236 non
3418 3182 3552 3236 dixit
3579 3197 3591 3211 ο

2023 3278 2081 3333 Si
2112 3275 2430 3346 cognoverit
2468 3282 2750 3344 peccatum
2778 3279 2961 3333 stium.
2994 3286 3096 3328 nec
3113 3273 3263 3328 enim
3305 3273 3594 3343 ignoratu-

2020 3386 2116 3425 rus
2140 3379 2257 3423 erat
2298 3368 2561 3424 Dominus
2606 3375 2916 3438 peccatum,
2968 3365 3115 3436 quod
3180 3374 3243 3421 ut
3292 3364 3595 3434 susciperet

2021 3462 2335 3517 incarnatus
2372 3469 2474 3516 est.
2528 3461 2603 3516 De
2639 3460 2795 3515 turba
2838 3469 3043 3521 autem.
3083 3458 3137 3513 id
3186 3464 3290 3524 est,
3322 3456 3390 3512 de
3435 3472 3593 3529 syna-

2020 3570 2148 3626 goga
2179 3555 2292 3609 sive
2316 3554 2384 3608 dc
2414 3553 2592 3623 plebe.
2618 3549 2839 3606 attende
2866 3550 2995 3620 quid
3020 3548 3099 3604 ait
3126 3564 3141 3602 :

2090 3647 2238 3711 Quod
2265 3646 2311 3699 si
2334 3645 2500 3698 omnis
2528 3646 2681 3697 turba
2707 3639 2878 3696 Israel
2908 3638 3256 3710 ignorauerit,
3285 3647 3335 3692 et
3363 3654 3457 3706 per
3490 3627 3594 3691 im:

2018 3742 2262 3812 peritiam
2292 3737 2469 3811 fecerit
2526 3736 2665 3806 quod
2700 3742 2882 3788 contra
2924 3732 3232 3785 mandatum
3261 3729 3471 3784 Domini
3494 3737 3590 3792 est,

2018 3841 2067 3885 et
2090 3839 2267 3901 postea
2294 3826 2611 3884 intellexerit
2634 3832 2903 3890 peccatum
2934 3838 3110 3877 «tum.
3167 3822 3311 3893 Ergo
3338 3821 3407 3876 ab
3439 3820 3595 3874 initio

2012 3921 2239 3992 quidem
2292 3935 2452 3977 suum
2500 3924 2784 3988 peceatum
2832 3915 3246 3986 ignoravernnt,
3276 3912 3373 3969 sed
3403 3920 3593 3981 postea

2017 4020 2411 4081 cognoverunt.
2462 4008 2532 4063 Et
2557 4007 2665 4063 hoc
2691 4005 2989 4061 ostendunt
3018 4002 3136 4072 ipsa
3164 4003 3331 4057 verba
3356 4001 3590 4064 Domini,

2016 4102 2094 4157 ait
2115 4102 2261 4157 enim
2290 4119 2302 4154 :
2342 4099 2459 4155 Nisi
2501 4099 2769 4158 uenissem.
2796 4108 2847 4153 et
2878 4096 3080 4151 locutus
3103 4094 3178 4148 eis
3206 4093 3440 4164 fuissem,
3473 4107 3594 4160 pec-

2017 4198 2193 4245 catum
2242 4204 2345 4242 non
2411 4186 2680 4249 haberent,
2738 4194 2795 4241 ut
2840 4186 3144 4255 ignorantes
3191 4183 3401 4247 utique,
3453 4197 3594 4235 nunc

2015 4290 2191 4334 autem
2234 4279 2620 4334 excusationem
2659 4293 2761 4335 non
2813 4276 3002 4330 habent
3038 4275 3103 4329 de
3146 4282 3359 4345 peccato
3410 4274 3589 4334 suo".

2017 4380 2203 4441 utpote
2236 4386 2335 4441 per
2361 4371 2481 4439 ejus
2508 4368 2815 4425 doctrinam
2844 4368 3140 4428 discentes,
3186 4364 3330 4435 quod
3375 4362 3594 4419 nescie-

2014 4461 2146 4517 bant
2175 4460 2363 4530 prius:
2400 4459 2619 4529 quando
2669 4472 2798 4528 ergo
2844 4468 3004 4512 suum
3059 4467 3344 4527 peccatum
3383 4467 3591 4525 cogno-

2011 4561 2228 4615 verunt.
2271 4562 2399 4607 tunc
2427 4552 2492 4606 ad
2519 4549 2845 4607 sacriﬁcium
2876 4547 3151 4620 Unigeniti
3195 4561 3255 4601 se
3284 4552 3591 4601 verterunt.

2014 4645 2220 4700 Deinde
2254 4645 2307 4699 in
2338 4644 2607 4699 sacriﬁcio
2653 4641 2955 4698 sacerdotis
2986 4641 3168 4710 ipsum
3206 4638 3447 4695 diximus
3483 4638 3591 4692 im-

2012 4737 2261 4808 posuisse
2284 4745 2510 4791 manem
2543 4750 2712 4805 super
2753 4743 2921 4805 caput
2953 4734 3128 4797 vituli,
3163 4731 3255 4785 hic
3287 4738 3472 4784 autem
3500 4741 3587 4782 se-

2013 4828 2197 4882 niores
2224 4827 2328 4881 hoc
2366 4825 2543 4882 facere
2572 4809 2725 4880 dicit.
2771 4825 3076 4894 Utrumque
3103 4823 3250 4878 enim
3300 4834 3488 4875 revera
3533 4815 3587 4869 in

2009 4917 2213 4973 Christi
2243 4916 2510 4972 sacriﬁcio
2544 4917 2823 4988 agebatur,
2852 4915 2908 4969 id
2939 4902 3044 4980 est,
3089 4913 3215 4983 quia
3245 4919 3304 4965 et
3335 4905 3592 4962 immine-

2010 5006 2143 5061 bant
2177 5006 2244 5060 ad
2292 5005 2781 5061 consummandum
2835 5004 2965 5059 illud
3003 5003 3249 5059 seniores
3295 4995 3503 5067 populi,
3536 5004 3593 5049 et

2013 5096 2240 5162 Scribae,
2303 5105 2360 5151 et
2407 5094 2642 5166 Caipbas
2694 5095 2949 5166 princeps
3005 5091 3388 5153 sacerdotum,
3441 5084 3592 5140 dice-

2012 5192 2283 5260 bantque:
2318 5187 2541 5256 Expedit
2575 5189 2722 5241 nobis
2761 5196 2815 5241 ut
2854 5203 2986 5240 unus
3007 5187 3161 5239 homo
3199 5180 3462 5235 moriatur
3496 5193 3593 5245 pro

2010 5280 2224 5353 populo,
2246 5289 2295 5334 et
2320 5297 2421 5333 non
2449 5288 2559 5333 tota
2581 5296 2706 5348 gens
2729 5287 2907 5349 pereat
2923 5279 2966 5310 ⁷⁸
2992 5293 3008 5343 ;
3036 5285 3090 5330 et
3105 5273 3230 5344 quia
3251 5271 3402 5327 nullo
3431 5270 3593 5326 modo

2013 5374 2214 5444 expleri
2244 5374 2531 5444 potuisset,
2565 5373 2609 5426 si
2640 5387 2751 5428 non
2779 5368 3138 5438 semetipsum
3169 5366 3237 5422 ad
3271 5363 3585 5435 passionem

2012 5465 2274 5523 Dominus
2338 5463 2667 5531 tradidisset,
2727 5463 2783 5517 in
2847 5469 3055 5516 tantum
3114 5467 3176 5514 ut
3237 5458 3355 5529 ipse
3378 5456 3590 5512 diceret

2279 5606 2322 5637 "
2355 5602 2517 5657 Hebr.
2551 5617 2666 5665 xui,
2721 5599 2804 5654 i2.
2915 5596 3174 5654 "Matth.
3209 5611 3360 5662 uvt,
3385 5592 3585 5663 55,56.

332 5661 563 5727 “Joan.
596 5675 802 5740 xix,38
859 5674 903 5705 ⁷⁸
929 5671 1084 5728 Joan.
1147 5688 1231 5728 xv.
1282 5661 1380 5725 ‘22.
1449 5673 1491 5703 ⁷⁸
1516 5671 1671 5725 Joan.
1724 5687 1874 5737 xvttt,
1930 5674 2011 5729 i4.
