4076 6188
485 229 601 297 827

1692 221 2050 286 HESYCHII
2086 212 2560 280 ΡΗΕδΒΥΤΕηΙ

3642 199 3748 264 8228

498 347 693 401 Petro:
749 344 903 401 Mitte
936 346 1172 417 gladium
1211 354 1360 398 tuum
1412 344 1467 396 in
1526 343 1800 412 vaginam,
1847 337 2065 392 calicem
2098 337 2136 390 Α
2170 331 2379 385 Domini
2409 329 2514 391 sui,
2541 336 2590 380 et
2623 340 2728 378 non
2757 339 2809 376 se
2838 336 3166 417 prwparans,
3212 316 3543 417 rrec-[iaciens-
3563 330 3749 411 secun-

492 451 646 506 qnem
699 437 839 491 dedit
882 437 1008 490 mihi
1042 436 1222 500 Pater,
1280 450 1383 487 non
1412 433 1584 488 bibam
1623 431 1774 485 illum
1794 430 1880 482 77?
1909 428 2073 483 Festi-

497 527 656 581 uahat
719 526 862 615 enin:
909 526 1226 594 dispensare
1253 532 1563 579 nostrorum
1609 528 1956 592 peccatorum
1985 535 2072 573 re-

495 612 830 676 missionem,
886 616 1031 686 quod
1089 616 1393 672 necessarie
1439 615 1492 669 in
1553 614 1644 669 his
1695 629 1817 682 qua:
1846 620 1975 674 sunt
2007 612 2075 667 de

498 709 791 776 synagogre
818 706 1084 760 sacriﬁcio
1114 715 1199 760 est
1223 706 1649 772 consideratum;
1678 706 1755 759 ait
1778 705 1924 763 enim
1953 723 1966 757 :

572 796 661 851 Sic
688 798 847 868 ﬁtciet
876 798 940 852 dc
978 798 1072 850 hoc
1112 797 1276 851 vitulo
1314 798 1573 867 quomodo
1602 799 1724 868 fecit
1749 807 1798 850 et
1835 797 2001 866 prius,
2027 806 2076 851 et

498 899 713 956 rogante
760 905 857 957 pro
912 891 985 942 eis
1016 890 1308 951 sacerdote,
1361 890 1620 959 propitius
1651 891 1748 943 erit
1803 888 2073 942 Dominus.

477 978 745 1035 Christus
794 981 937 1035 enim
977 980 1150 1036 factus
1191 989 1276 1035 est
1316 981 1472 1034 nobis
1508 980 1822 1049 propitiatio
1865 980 1919 1034 in
1949 996 2078 1034 san-

497 1071 660 1141 guine
706 1088 824 1136 suo,
876 1073 1016 1127 sicut
1050 1090 1079 1126 τι
1111 1073 1266 1126 beato
1317 1072 1480 1126 Paulo
1524 1072 1783 1126 Romanis
1816 1072 2077 1139 scriptum

498 1163 664 1215 est".
720 1163 823 1218 Per
868 1181 1027 1233 quem
1060 1165 1112 1218 in
1149 1173 1357 1217 tantum
1421 1174 1638 1232 peccata
1673 1164 1900 1220 remissa
1928 1174 2075 1227 sunt,

496 1262 771 1322 quatenus
800 1255 901 1324 ipsi
931 1270 1148 1325 quoque
1180 1255 1561 1309 remissionem
1593 1264 1957 1316 mererentur,
1988 1255 2078 1325 qui

502 1344 557 1397 in
585 1360 651 1398 eo
681 1354 1046 1414 peccaverunt
1073 1365 1085 1400 :
1108 1346 1176 1400 de
1211 1345 1343 1415 ipsis
1376 1346 1578 1415 quippe
1614 1345 1863 1399 dixerat:
1899 1344 2078 1407 Pater,

503 1436 708 1505 ignosce
730 1437 856 1501 illis,
890 1439 1127 1491 nesciunt
1157 1439 1297 1491 enim
1324 1438 1451 1507 quid
1480 1437 1681 1508 faciunt
1706 1439 1770 1489 ⁷⁸.
1813 1436 1921 1491 Sed
1952 1436 2081 1506 quid

502 1530 568 1581 ad
619 1529 778 1584 ﬁnem
832 1530 1079 1585 sacriﬁcii
1133 1531 1409 1600 legislator
1463 1530 1644 1584 dixit?
1683 1529 1890 1584 Sufﬁcit
1937 1529 2081 1583 enim

505 1620 663 1674 nobis
703 1620 836 1689 legis
868 1621 1036 1691 ipsius
1061 1620 1360 1680 conclusio.
1408 1620 1475 1675 ad
1510 1619 1903 1677 manifestanda
1939 1636 2080 1688 pra:-

2172 424 2297 477 dum
2339 421 2657 476 voluntatem
2709 416 2843 485 ejus,
2879 412 3151 482 vapulabit
3211 409 3410 464 multis.
3441 406 3543 472 Qui
3571 408 3747 461 autem

2173 530 2277 567 non
2328 512 2581 582 cognovit,
2640 517 2821 563 etnon
2871 500 2988 577 fecit
3037 505 3220 574 digna,
3272 498 3750 572 plagis'vapulabit

2172 602 2354 671 paucis
2366 602 2432 655 '°.
2452 599 2555 655 Sed
2587 597 2714 669 quid
2740 593 3171 666 subjunxit?Cui
3199 589 3385 646 datum
3403 597 3480 645 est
3501 589 3746 655 multum,

2176 690 2395 745 multant
2432 696 2698 759 qua’retur
2714 686 2778 740 ab
2807 701 2895 739 eo:
2920 694 2967 738 et
2995 685 3079 737 cui
3108 683 3366 736 creditum
3393 688 3468 734 est
3499 678 3747 745 multum,

2177 782 2402 836 multum
2425 781 2662 849 exigetur
2700 778 2766 831 ab
2799 777 2935 831 eo".
2970 775 3127 831 Hunc
3156 773 3398 844 intellige
3424 787 3565 836 esse,
3601 772 3693 841 qui
3720 787 3749 824 a

2179 874 2483 945 legislature
2503 872 2679 926 dictus
2709 878 2792 923 est
2825 868 3102 939 princeps,
3137 880 3299 935 quem
3326 864 3407 919 sic
3453 864 3579 918 etin
3610 863 3753 917 libro

2179 966 2351 1022 Exodi
2387 964 2639 1027 innitens,
2672 960 2844 1016 dixit:
2872 959 2985 1012 Diis
3007 975 3109 1011 non
3151 955 3427 1020 detrahas,
3445 964 3493 1009 et
3522 954 3756 1024 principi

2179 1056 2358 1127 populi
2395 1056 2472 1108 tui
2494 1070 2555 1108 ne
2596 1050 3004 1107 maledixeris".
3045 1048 3153 1103 Sed
3193 1055 3249 1102 et
3277 1047 3468 1108 David,
3497 1046 3759 1099 sacerdo-

2181 1159 2283 1215 tes,
2339 1156 2394 1202 et
2428 1146 2665 1209 Scrihas,
2708 1151 2765 1198 et
2810 1142 3130 1205 Pharisaeos,
3183 1148 3236 1194 et
3256 1139 3512 1194 seniores
3569 1138 3754 1208 populi

2179 1240 2493 1310 designans,
2529 1238 2605 1291 ait
2636 1254 2650 1290 :
2707 1236 3001 1289 Astilerunt
3038 1248 3185 1303 reges
3220 1241 3393 1296 terror,
3419 1240 3465 1284 et
3495 1231 3759 1299 principes

2180 1340 2523 1388 convenerunt
2572 1331 2627 1382 in
2657 1344 2817 1381 unum
2849 1326 3096 1380 adversus
3147 1323 3449 1386 Dominum,
3489 1331 3537 1376 et
3567 1323 3758 1377 aduer—

2181 1441 2270 1479 sus
2323 1424 2585 1479 Christum
2614 1421 2727 1491 ejus
2747 1420 2811 1470 ⁸³.
2867 1418 3029 1487 Atqui
3078 1417 3229 1472 solus
3266 1414 3508 1471 Herodes
3554 1431 3668 1478 rex,
3700 1426 3760 1470 et

2184 1517 2388 1573 Pilatus
2426 1531 2627 1587 praeses
2673 1515 2920 1573 aderant,
2962 1510 3057 1566 sed
3103 1518 3158 1565 et
3184 1524 3338 1579 reges
3363 1518 3420 1562 et
3459 1507 3754 1577 principes,

2184 1605 2323 1661 sicut
2354 1604 2609 1664 diximus,
2649 1600 2960 1656 sacerdotes
2989 1606 3044 1651 et
3078 1595 3300 1651 Scribas
3348 1604 3404 1650 et
3430 1593 3754 1655 l‘hariswos,

505 1668 660 1674 η---
703 1668 833 1689 --υη
869 1668 1035 1691 ηπ---
1064 1668 1360 1680 -----___---,
1408 1668 1474 1675 η
1510 1668 1903 1677 ---ηψπῷηπ
1940 1668 2048 1688 Γ-..

504 1710 698 1765 sentin.
746 1711 928 1780 Ipsum
978 1722 1153 1766 autem
1199 1712 1423 1766 vitulum
1479 1711 1655 1780 θῆαι-ει
1702 1721 1851 1765 extra
1878 1720 2076 1776 castra,

2184 1703 2407 1767 propter
2456 1691 2735 1748 scientiam
2789 1698 2846 1744 et
2893 1687 3286 1744 sublimitatem
3330 1701 3495 1756 quam
3551 1687 3758 1741 habere

504 1810 664 1870 atque
705 1804 988 1866 comburet,
1032 1803 1164 1856 sicut
1210 1811 1257 1855 et
1302 1801 1530 1870 priorem
1554 1800 1796 1862 vitulum,
1827 1801 1949 1870 quia
1988 1816 2081 1869 pro

504 1902 714 1956 peccato
754 1902 829 1947 est
884 1892 1257 1946 multitudinis.
1293 1892 1454 1947 Vides
1482 1891 1755 1960 quomodo
1794 1891 1929 1945 nihil
1958 1907 2081 1945 mu-

508 1992 650 2038 tatur
690 1984 745 2038 in
788 1984 1030 2040 secundo
1076 1982 1368 2046 sacriﬁcio,
1424 1994 1576 2038 extra
1607 1984 1713 2038 hoc
1735 1984 1878 2051 quod
1907 1984 2083 2053 primo

503 2079 589 2125 est
628 2073 797 2142 .quod
852 2073 1204 2143 praecipitur:
1265 2081 1322 2126 et
1367 2072 1764 2141 quamobrem?
1812 2071 1948 2137 Quia
1985 2088 2083 2142 pro

505 2173 730 2229 peccato
771 2170 875 2228 est,
922 2162 1120 2233 inquit,
1163 2162 1544 2217 multitudinis.
1579 2161 1717 2234 Ergo
1766 2162 1868 2217 hoc
1908 2163 2083 2217 mani-

505 2254 702 2308 festum
766 2262 854 2309 est
908 2263 964 2308 et
1017 2254 1395 2319 indubitabile,
1452 2253 1579 2323 quia
1628 2253 1770 2309 idem
1798 2262 2082 2324 peccatum

504 2345 678 2412 plebis
729 2355 785 2401 et
816 2347 1118 2402 sacerdotis
1165 2347 1514 2410 intellexerit,
1542 2358 1596 2401 et
1623 2356 1909 2417 propterea
1940 2349 2081 2403 idem

505 2434 557 2486 in
603 2445 832 2504 utroque
875 2437 1200 2492 sacriﬁcium
1237 2437 1526 2501 ordinavit,
1572 2453 1641 2494 ne
1699 2438 1828 2507 ipsis
1865 2438 2082 2508 quidem

504 2526 685 2578 verbis
734 2526 1004 2592 dividens,
1040 2528 1183 2597 quod
1226 2544 1333 2581 non
1367 2528 1570 2584 faceret
1595 2529 1697 2583 nisi
1727 2528 1914 2599 ﬁgurae
1946 2528 2085 2584 fuis-

504 2625 627 2668 sent
658 2631 720 2668 ea
748 2632 869 2685 qua:
896 2625 1025 2671 tunc
1054 2619 1373 2687 agebantur.

577 2705 732 2760 Vens.
766 2707 957 2761 22-5l.
996 2728 1013 2759 ‹
1054 2710 1107 2762 Si
1158 2708 1466 2777 peccaverit
1509 2709 1761 2780 princeps
1795 2720 1850 2766 et
1895 2710 2085 2767 fecerit

503 2812 673 2849 unmn
730 2811 763 2850 e
815 2798 1062 2867 pluribus
1106 2813 1205 2868 per
1246 2798 1626 2870 ignorantiam,
1684 2802 1829 2870 quod
1874 2801 2081 2856 Domini

505 2888 622 2959 lege
668 2889 1008 2959 prohibetur,
1061 2899 1117 2945 et
1154 2900 1342 2960 postea
1416 2890 1745 2946 intellexerit
1796 2901 2081 2962 peccatum

2182 1787 2534 1843 videbantur.
2577 1783 2644 1838 ad
2691 1779 3198 1850 interpretationem
3255 1778 3391 1850 legis
3443 1777 3758 1847 appellavit.

2183 1878 2282 1933 llic
2333 1893 2462 1947 ergo
2517 1876 2562 1930 si
2620 1873 2949 1944 peccaverit,
3007 1871 3221 1926 hircum
3279 1870 3494 1925 oﬁ‘eret.
3545 1869 3603 1924 Si
3633 1869 3764 1938 quis

2180 1977 2363 2023 autem
2405 1967 2473 2022 de
2513 1965 2732 2035 pupulo,
2765 1963 2897 2017 dicit
2937 1969 3126 2016 autem
3153 1961 3396 2025 idiotam,
3434 1960 3550 2014 sive
3587 1975 3765 2030 popa.

2182 2058 2373 2120 larem,
2426 2070 2536 2108 non
2570 2070 2695 2109 eum
2725 2052 2819 2121 qui
2850 2059 2999 2105 sorte
3025 2051 3318 2104 distinctus
3344 2058 3448 2111 est,
3483 2050 3559 2104 ad
3584 2050 3766 2103 medi-

2183 2149 2405 2205 tandam
2452 2148 2645 2218 legem,
2680 2160 2811 2199 nam
2855 2153 2915 2198 et
2952 2143 3040 2196 hic
3076 2142 3273 2211 utique
3299 2141 3548 2210 princeps
3578 2140 3764 2193 nomi~

2181 2246 2435 2299 naretur,
2483 2235 2574 2305 qui
2622 2249 2723 2304 pro
2782 2232 2974 2287 minori
3034 2228 3255 2301 peccat'o
3305 2245 3519 2299 capram
3558 2228 3767 2284 oﬁ‘erre

2185 2328 2510 2399 praecipitur,
2559 2323 3016 2393 quemadmodum
3062 2321 3147 2375 ille
3195 2321 3427 2383 h'rrum,
3477 2319 3567 2374 hic
3611 2318 3781 2374 ictui-.

2183 2435 2333 2483 nam,
2364 2418 2453 2472 ille
2487 2431 2709 2470 marem.
2760 2413 3104 2469 Pwnitentia:
3133 2412 3337 2482 quippe
3369 2412 3587 2481 utrique
3616 2411 3770 2465 indi-

2183 2518 2334 2582 gent,
2371 2517 2428 2564 et
2458 2508 2547 2562 ille
2576 2506 2794 2577 quidem
2836 2504 3120 2573 majorem,
3150 2503 3243 2573 qui
3287 2503 3590 2557 masculum
3621 2502 3767 2556 oﬁ'e-

2185 2608 2289 2665 ret,
2353 2599 2619 2654 minorem
2678 2606 2860 2652 autem
2913 2596 3005 2665 qui
3065 2595 3370 2650 feminam:
3433 2611 3561 2649 cum
3614 2595 3773 2655 enim

2185 2692 2350 2746 unius
2378 2691 2449 2745 sit
2472 2693 2709 2765 generis,
2734 2699 2914 2743 tamen
2940 2688 3084 2756 quod
3117 2686 3300 2741 minus
3330 2696 3436 2749 est,
3468 2686 3523 2740 in
3561 2686 3766 2740 leonina

2186 2784 2419 2852 positum
2463 2791 2568 2847 est,
2613 2781 2870 2850 quoniam
2940 2779 3213 2834 masculus
3272 2788 3441 2849 caput
3498 2779 3767 2834 uniuscu-

2182 2879 2377 2947 jusque
2403 2874 2617 2945 generis
2635 2881 2876 2942 putatur.
2910 2870 3382 2936 Quemadmodum
3406 2886 3538 2942 ergo
3557 2871 3769 2925 oblatio

504 2994 685 3043 suum,
747 2979 942 3035 olleret
994 2980 1227 3035 hostiam
1264 2980 1512 3045 Domino,
1562 2981 1775 3036 hircum
1799 2961 1870 3037 de
1909 2984 2081 3053 capris

2187 2984 2362 3039 capra:
2412 2964 2732 3020 sacrificium
2779 2978 2876 3033 pro
2922 2961 3349 3032 peccatosignat,
3382 2962 3462 3016 sic
3486 2962 3671 3017 hircus
3710 2972 3772 3016 et

506 3067 931 3133 immaculatum,
973 3079 1246 3140 ponetque
1276 3086 1496 3126 manum
1529 3087 1680 3126 suam
1730 3088 1894 3142 super
1918 3083 2082 3143 caput

506 3158 645 3223 ejus.
704 3156 949 3229 Cumque
996 3159 1361 3215 immutaverit
1411 3176 1536 3215 eum
1585 3162 1641 3215 in
1679 3162 1798 3217 loco
1825 3164 1914 3218 ubi
1945 3166 2085 3219 solet

509 3248 728 3300 mactari
756 3248 1128 3304 holocaustum
1154 3264 1336 3302 coram
1384 3250 1630 3310 Domino,
1684 3250 1808 3318 quia
1838 3266 1938 3319 pro
1965 3266 2086 3320 pec-

508 3346 630 3391 cato
653 3347 753 3398 est,
780 3339 951 3410 tinget
979 3340 1233 3395 sacerdos
1258 3339 1487 3410 digitum
1520 3341 1575 3394 in
1593 3340 1859 3412 sanguine
1892 3341 2085 3397 hostiae

510 3444 608 3498 pro
654 3438 897 3497 peccato,
940 3440 1167 3502 tangens
1195 3447 1400 3487 cornua
1437 3432 1624 3486 altaris
1666 3433 1993 3496 holocausti.
2028 3446 2087 3490 et

512 3521 779 3591 reliquum
851 3521 1084 3577 fundens
1135 3522 1203 3577 ad
1253 3523 1422 3578 basim
1482 3525 1621 3592 ejus.
1678 3524 1903 3594 Adipem
1956 3542 2086 3580 vero

509 3609 749 3668 adolebit
793 3627 976 3682 supra,
1021 3613 1163 3668 sicut
1208 3612 1262 3666 in
1313 3613 1542 3668 victimis
1591 3613 1940 3683 paciﬁcorum
1973 3616 2087 3670 fieri

510 3705 668 3770 solet,
729 3706 1043 3776 rogabitque
1098 3721 1198 3776 pro
1225 3721 1292 3759 eo
1335 3714 1388 3760 et
1445 3722 1541 3774 pro
1601 3714 1822 3775 peccato
1852 3708 1991 3778 ejus,
2024 3724 2089 3764 ac

510 3794 814 3851 dimittetur
874 3797 943 3852 ei.
980 3796 1135 3864 Quod
1165 3798 1209 3853 si
1243 3798 1547 3868 peccaverit
1573 3797 1753 3852 anima
1784 3813 1884 3867 per
1932 3798 2089 3869 igneo

508 3887 745 3944 rantiam
792 3890 860 3944 de
907 3890 1105 3959 populo
1160 3898 1340 3955 terrae,
1382 3898 1442 3944 ut
1493 3889 1656 3945 faciat
1693 3890 1990 3960 quidquam
2021 3906 2088 3946 ex

512 3976 597 4039 his
638 3994 759 4046 quae
792 3976 1000 4032 Domini
1027 3979 1143 4050 lege
1174 3979 1553 4049 prohibentur,
1587 3986 1751 4047 atque
1785 3978 2085 4048 delinquat,

508 4079 565 4123 et
605 4071 923 4138 cognoverit
966 4081 1247 4140 peccatum
1283 4087 1463 4136 suum,
1517 4070 1711 4125 oﬁ'eret
1732 4085 1951 4140 capram
1983 4070 2089 4126 im-

510 4163 854 4226 maculatam,
896 4172 1168 4233 ponetque
1206 4180 1427 4218 manum
1467 4178 1635 4232 super
1686 4171 1850 4231 caput
1895 4162 2088 4218 hostia:

507 4267 629 4320 qua:
689 4268 786 4320 pro
832 4263 1055 4321 peccato
1101 4262 1205 4316 est,
1236 4262 1292 4308 et
1351 4255 1655 4309 immolabit
1701 4270 1819 4310 eam
1860 4255 1916 4309 in
1965 4255 2086 4309 loco

2182 3077 2365 3130 capra,
2404 3073 2527 3112 cmn
2559 3056 2672 3109 haec
2693 3056 2766 3109 sit
2791 3054 3034 3109 feminini
3069 3054 3304 3124 generis,
3336 3053 3522 3109 hircus
3552 3069 3773 3109 mascu-

2183 3150 2297 3210 lini,
2326 3146 2576 3201 sacriﬁcii
2605 3146 3036 3212 interpretantur
3064 3142 3170 3196 vim
3195 3158 3211 3208 ;
3242 3156 3354 3196 non
3384 3142 3530 3197 enim
3563 3142 3773 3198 frustra

2187 3241 2289 3294 hoc
2334 3239 2603 3309 legislator
2660 3233 2913 3299 intendit,
2969 3233 3063 3289 sed
3110 3233 3235 3302 quia
3282 3234 3471 3289 hircus
3494 3242 3551 3289 et
3579 3249 3771 3304 capra.

2188 3330 2297 3385 Hoc
2319 3339 2501 3384 autem
2521 3327 2874 3397 Septuaginta
2897 3326 2950 3379 in
2981 3324 3170 3380 Graeco
3193 3325 3274 3380 sic
3296 3325 3486 3389 edunt,
3513 3335 3572 3381 ut
3599 3326 3778 3396 χίμαο

2188 3439 2280 3492 ρον
2317 3430 2371 3475 et
2399 3421 2665 3490 χίμαιραν
2699 3420 2885 3474 dicant
2925 3416 3108 3471 oﬁ’erri
3151 3417 3373 3484 debere,
3405 3417 3552 3487 quod
3588 3418 3775 3474 Latini

2186 3528 2249 3568 ex
2285 3513 2475 3567 eadem
2507 3510 2744 3564 editione
2777 3507 3117 3578 interpretati
3156 3516 3306 3572 sunt,
3336 3508 3549 3564 haedum
3585 3525 3650 3565 ex
3673 3525 3779 3565 ca-

2191 3607 2302 3676 pris
2330 3603 2650 3665 masculum,
2681 3612 2735 3656 et
2765 3617 2986 3672 capram
3016 3602 3084 3656 de
3107 3601 3276 3656 haedis
3302 3600 3572 3657 femellam
3602 3602 3778 3673 χίμα-

2190 3714 2281 3768 po;
2336 3709 2519 3751 autem
2563 3705 2619 3750 et
2663 3695 2894 3765 χίμαιρα
2945 3694 3089 3749 fetus
3146 3708 3434 3764 caprarum
3475 3705 3604 3749 sunt
3649 3712 3775 3765 χει-

2192 3788 2422 3859 μερινοι,
2446 3787 2500 3842 id
2523 3794 2624 3852 est,
2649 3786 2743 3855 qui
2766 3785 2912 3861 circa
2951 3792 3170 3854 tempus
3200 3784 3398 3840 hiemis
3436 3796 3773 3850 nascuntur,

2189 3892 2314 3930 nam
2370 3875 2454 3931 bis
2510 3891 2606 3946 per
2645 3889 2850 3929 annum
2904 3873 3083 3944 capris
3130 3874 3491 3944 parientibus,
3543 3877 3773 3947 quidam

2190 3969 2331 4024 fetus
2360 3976 2603 4038 tempore
2637 3966 2852 4031 hiemis,
2886 3967 3108 4036 quidam
3136 3976 3322 4022 autem
3361 3969 3568 4024 aestatis
3600 3986 3775 4041 gene-

2190 4068 2399 4113 rantur.
2424 4059 2562 4113 Cum
2590 4072 2719 4128 ergo
2746 4057 2863 4113 huic
2890 4057 2965 4111 ita
2988 4072 3049 4112 se
3074 4057 3333 4124 habeant,
3380 4074 3478 4128 per
3530 4059 3774 4115 hiemem

2192 4149 2459 4205 tristitiam
2507 4148 2841 4218 paenitentiae
2888 4148 3083 4211 docet,
3130 4150 3204 4203 in
3243 4150 3516 4205 tristitiam
3565 4152 3776 4221 quippe

2192 4241 2282 4296 hic
2328 4250 2384 4295 et
2429 4240 2559 4293 ﬁetu
2588 4238 2733 4293 ﬁlios
2752 4247 2996 4310 generat,
3034 4240 3131 4295 sed
3165 4249 3347 4296 tamen
3377 4241 3469 4296 ﬁlii
3501 4243 3621 4312 ejus
3654 4259 3773 4300 non

511 4342 826 4397 holocausti.
855 4342 1139 4413 'l‘olletqu‘e
1160 4345 1414 4399 sacerdos
1440 4344 1507 4399 de
1533 4345 1796 4416 sanguine
1830 4347 1885 4399 in
1918 4346 2081 4417 digito

2194 4339 2320 4385 sunt
2350 4346 2380 4383 a
2407 4328 2675 4384 sacrificio
2725 4328 3024 4397 reprobati.
3075 4329 3526 4395 Undeexistimo
3559 4333 3768 4399 haedos,

509 4447 629 4492 suo.
665 4442 721 4487 et
753 4434 964 4505 tingens
999 4451 1203 4490 cornua
1233 4435 1437 4496 altaris.
1482 4437 1749 4506 reliquum
1784 4437 1976 4493 fundet
2016 4438 2083 4493 ad

508 4524 679 4579 basim
716 4526 854 4595 ejus.
897 4527 1125 4581 Omnem
1154 4538 1333 4583 autem
1367 4529 1623 4584 auferens
1648 4530 1883 4599 adipem,
1919 4533 2082 4587 sicuti

507 4613 708 4669 auierri
736 4616 873 4671 solet
891 4618 958 4671 de
977 4618 1209 4675 victimis
1244 4620 1619 4689 paciﬁcorum,
1649 4620 1883 4674 adolehit
1915 4636 2083 4692 super

508 4705 676 4760 altare
697 4707 753 4760 in
781 4709 1004 4763 odorem
1029 4711 1308 4766 suavitatis
1335 4711 1583 4775 Domino,
1633 4712 1949 4783 rogabitque
1985 4729 2082 4784 pro

506 4811 596 4862 eo,
627 4804 681 4851 et
700 4796 1004 4854 dimittetur
1030 4799 1100 4854 ei.
1138 4818 1158 4851 ι

577 4884 1042 4952 Quemadmodum
1103 4889 1158 4945 in
1202 4892 1519 4960 spontaneis
1575 4891 1877 4951 sacriﬁciis.
1924 4892 2082 4948 diﬁ‘e—

507 4978 709 5032 rentias
756 4979 807 5032 in
861 4983 1364 5038 conversationibus
1409 4992 1465 5037 et
1503 4984 1911 5040 conditionibus
1959 4986 2082 5041 vitae

504 5066 852 5127 olferentium
888 5073 1178 5135 ordinavit,
1209 5074 1279 5127 ita
1308 5090 1497 5129 rursus
1519 5090 1617 5144 pro
1652 5078 1889 5145 peccatis
1911 5078 2080 5132 sacri—

508 5158 623 5211 llcia
653 5163 877 5230 aequalia
902 5178 1023 5218 esse
1045 5166 1277 5230 peccatis
1298 5165 1474 5234 jubet,
1502 5182 1734 5235 quorum
1766 5168 2085 5238 magnitudo

508 5264 613 5301 non
666 5254 839 5306 solum
904 5269 971 5307 ex
1034 5255 1249 5309 actione
1301 5256 1532 5324 peccati,
1593 5258 1687 5311 sed
1750 5274 1815 5311 ex
1851 5273 2081 5327 persona

508 5343 845 5405 peccamium
871 5346 1129 5413 ponitur:
1164 5356 1217 5401 et
1249 5346 1411 5400 nimis
1442 5356 1608 5408 recte,
1659 5349 1785 5417 quia
1815 5357 1871 5403 et
1899 5347 2078 5401 llotni-

508 5438 611 5481 nus
655 5430 914 5498 apostolis
968 5432 1135 5487 dixit:
1195 5432 1385 5487 Servus
1413 5450 1718 5504 cognoscens
1761 5435 2080 5488 uoluntatem

578 5561 623 5634 Ἰ
658 5561 846 5634 Matth.
879 5580 1025 5624 xxvr.
1055 5567 1160 5630 5‘2;
1210 5568 1367 5623 .loan.
1404 5586 1554 5634 xvm,
1599 5571 1679 5623 ll.

1757 5571 1800 5602 ⁷⁸
1835 5569 1991 5625 lium.
2026 5587 2105 5631 ιη.
2127 5570 2216 5624 9.5.

2189 4424 2239 4478 id
2266 4432 2349 4477 est
2367 4423 2634 4493 χιμάρους
2660 4420 2863 4477 oﬁ‘erre
2884 4421 3232 4492 paenitentes,
3267 4431 3457 4493 utpote
3500 4423 3770 4480 ﬁuctuan-

2189 4526 2290 4580 tes,
2333 4513 2606 4583 przneepit,
2642 4522 2699 4568 et
2746 4522 2804 4568 ut
2843 4515 2933 4582 qui
2988 4513 3396 4570 diversitatibus
3437 4517 3700 4571 undarum
3736 4534 3770 4572 a

2187 4606 2424 4676 peccatis
2459 4620 2517 4659 se
2548 4604 2875 4674 erigentibus
2925 4616 3307 4677 repugnantes,
3340 4607 3774 4664 misericorditer

2185 4698 2500 4752 omnimodo
2548 4697 2921 4751 salvabuutur.
2981 4698 3037 4752 Si
3086 4698 3234 4753 enim
3300 4709 3658 4768 permaneant
3710 4700 3769 4755 in

2194 4790 2531 4861 poenitentia,
2571 4798 2626 4843 et
2656 4804 2763 4842 non
2808 4788 3124 4858 desperent,
3167 4792 3318 4846 velut
3349 4790 3405 4845 in
3438 4800 3770 4862 tempestate

2194 4881 2563 4950 relinquentes
2604 4879 2760 4935 navis
2796 4880 2990 4933 animm
3016 4881 3401 4950 gubernacula,
3447 4881 3765 4936 liberabun-

2193 4981 2312 5037 tur;
2344 4973 2585 5025 siautem
2612 4972 3040 5041 desiieraverint,
3063 4970 3517 5040 quemadmodum
3540 4971 3763 5040 quidam

2191 5065 2598 5134 gubernatores,
2655 5064 2734 5118 vel
2794 5072 2969 5117 nautae
3023 5061 3222 5130 pavidi,
3278 5060 3459 5115 statim
3489 5070 3760 5129 pereunt;

2191 5172 2315 5209 nam
2350 5166 2405 5209 ct
2435 5155 2693 5209 Dominus
2730 5154 2905 5208 dixit:
2954 5152 3116 5207 Orate
3156 5169 3219 5206 ne
3270 5151 3367 5219 ﬁat
3413 5152 3539 5223 fuga
3591 5160 3761 5206 ucstra

2184 5248 2356 5299 hieme
2410 5244 2738 5301 relSnbbato
2759 5245 2805 5278 ⁸⁷⁵
2837 5263 2852 5311 ;
2885 5246 3117 5300 hiemem
3168 5255 3382 5314 tempus
3426 5244 3762 5313 poenitentia:

2186 5340 2395 5399 dicens,
2446 5338 2738 5392 Sabbatum
2775 5353 2903 5391 vero
2937 5336 3105 5390 otium
3134 5335 3348 5397 animae,
3393 5343 3556 5403 atque
3590 5333 3762 5388 virtu-

2189 5443 2301 5486 tum
2342 5430 2701 5485 cessationem
2744 5427 3096 5498 intelligens:
3152 5425 3220 5480 ad
3273 5425 3443 5480 otium
3491 5423 3761 5495 siquidem

2295 5570 2337 5599 τ’
2370 5568 2502 5622 Luc.
2540 5580 2691 5630 um,
2733 5564 2822 5620 Si.
2898 5566 2942 5596 ⁸⁸
2974 5564 3102 5618 Luc.
3142 5579 3236 5629 ut,
3268 5561 3353 5629 i7,
3388 5561 3477 5619 £8.
3554 5559 3599 5592 ⁸⁸
3629 5557 3756 5614 ibid.

490 5623 751 5717 b"Exud.
815 5648 944 5698 χχιι,
987 5623 1076 5690 28.
1151 5623 1196 5670 ³³
1230 5638 1451 5705 Psal.n,
1482 5623 1554 5694 ἀί
1616 5642 1660 5672 ⁸³
1686 5623 2212 5707 ΜιλιιΙιίΧΧιὶ-,έυέ
