4076 6188
332 193 435 254 82]

1502 193 1583 253 1N
1616 190 2054 255 LEVITICUM.
2087 217 2153 227 -
2192 195 2339 256 LIB.
2383 196 2432 254 Ι.

3490 176 3599 249 830

332 319 495 379 atque
536 324 568 362 a
612 306 765 362 malis
824 306 1165 362 vacationem
1215 306 1403 361 datum
1442 313 1524 361 est
1545 301 1842 359 sabbatum
1885 321 1898 356 :
1934 312 1976 364 Α
2006 303 2209 359 sarium
2265 305 2553 365 habemus,
2617 310 2841 373 propter
2900 300 3046 371 quod
3094 308 3151 355 et
3203 297 3338 354 dixit
3384 297 3592 355 Daud:

334 399 428 455 scd
482 395 791 453 Judseorum
838 411 969 467 gens
1005 412 1036 450 e
1075 395 1294 451 diverso
1331 394 1436 449 hoc
1464 379 1691 448 usa'est.
1741 390 1920 447 Grave

335 502 516 548 autem
562 499 645 545 est
679 491 732 544 in
772 498 1015 559 tempore
1046 503 1156 558 quo
1198 485 1505 542 necessaria
1535 491 1620 539 est
1644 482 1919 554 paeniten-

337 586 432 651 tia,
463 592 519 640 et
543 582 716 638 multo
744 580 960 653 gravius
1006 596 1117 649 quo
1143 585 1300 633 vacat
1332 576 1401 631 ab
1436 575 1693 630 omnibus
1718 572 1903 643 operi-

341 682 461 740 bus.
511 690 838 748 quemquam
893 671 1088 726 tentari
1138 669 1224 724 vel
1275 667 1715 739 persecutionem
1763 665 1920 735 pati:

340 771 485 825 unde
537 768 701 823 etiam
748 764 891 819 sicut
939 763 1199 829 majorem
1230 775 1358 814 eum
1397 760 1489 829 qui
1527 757 1764 811 Sabbato
1796 770 1921 824 per-

340 860 675 917 secutionem
731 856 955 926 patitur,
1008 852 1365 907 novissimum
1418 849 1745 903 numeravit.
1785 844 1923 911 Quia

341 966 469 1019 ergo
515 956 571 1003 et
610 945 770 1010 hirci,
816 944 900 1006 vel
945 957 1145 1012 capra,
1192 941 1308 995 sive
1353 939 1492 994 h.cdi
1546 938 1825 995 virtutem.
1869 945 1926 990 et

343 1038 662 1095 differentias
713 1033 1106 1090 sacriﬁciorum
1159 1031 1379 1086 modum
1437 1029 1750 1094 didicimus,
1811 1028 1922 1097 jam

343 1131 624 1186 videamus
657 1143 779 1199 qua:
810 1127 865 1180 in
897 1135 1126 1194 utroque
1176 1132 1413 1193 aguntur
1446 1120 1736 1183 sacrificio,
1773 1134 1924 1173 com-

344 1223 530 1276 munia
576 1221 721 1274 enim
772 1230 921 1280 sunt,
973 1217 1228 1287 quoniam
1285 1212 1622 1284 paenitentiae
1678 1211 1803 1264 linis
1871 1218 1926 1263 et

342 1314 611 1395 generalis
662 1310 910 1374 eﬂectus,
950 1316 1293 1380 peccatorum
1326 1303 1577 1360 remissio
1606 1312 1714 1366 est,
1759 1318 1923 1372 quam

342 1414 533 1476 aperte
573 1403 850 1477 legislator
883 1401 1066 1472 posuit
1101 1399 1324 1455 dicens:

413 1496 563 1561 Quod
574 1496 639 1549 ,si
671 1493 964 1562 peccaverit
1003 1490 1185 1543 anima
1215 1504 1308 1557 per
1342 1485 1701 1557 ignorantiam
1735 1483 1798 1537 de
1826 1499 1922 1552 pa-

341 1589 466 1660 puto
515 1597 690 1650 terra,
744 1593 801 1639 ut
853 1583 1015 1654 faciat
1042 1581 1330 1650 quidquam
1368 1594 1433 1632 ea:
1461 1578 1542 1630 Itis
1573 1590 1689 1646 qua:
1711 1573 1925 1627 Domini

343 1638 459 1757 ieg;
486 1638 1000 1750 pira/iiaentur..Nou
1045 1638 1195 1727 dicit.
1225 1669 1391 1739 quod,
1423 1668 1549 1737 quia
1585 1638 1643 1720 in
1679 1663 1926 1735 quolibet
1959 1638 1998 1691 Β

343 1771 727 1844 pmvaricatus
755 1767 879 1839 quis
918 1765 1104 1827 fuerit,
1138 1763 1192 1816 in
1224 1770 1392 1817 totam
1435 1760 1607 1830 legem
1633 1757 1920 1827 delinquit,

346 1865 487 1920 sicut
515 1864 707 1918 beatus
732 1858 899 1914 Jacob
932 1857 1039 1911 ait:
1074 1854 1383 1924 Quicunque
1427 1861 1594 1905 totam
1631 1850 1796 1920 legem
1820 1863 1928 1902 ser-

346 1956 565 2019 vaverit,
607 1952 875 2022 oﬂ'enderit
932 1958 1110 2002 autem
1140 1947 1194 1998 in
1231 1961 1355 2010 una,
1387 1944 1620 1996 omnium
1658 1958 1777 1995 reus
1801 1957 1927 1994 can-

347 2046 675 2117 stituetur".
715 2043 822 2097 Sed
856 2039 1043 2094 ethoc
1083 2036 1227 2108 quod
1267 2036 1471 2089 dictum
1507 2041 1609 2098 est,
1648 2048 1744 2102 per
1774 2032 1928 2103 igno-

348 2137 734 2204 rantiam,vel,
780 2134 923 2189 sicut
975 2128 1348 2199 Septuaginta,
1404 2142 1512 2179 non
1578 2125 1787 2188 volens,
1844 2125 1922 2178 in-

349 2246 555 2306 gruens
610 2230 797 2299 jugum
870 2220 1248 2294 peccatoribus
1311 2216 1589 2273 servitutis
1650 2215 1931 2269 diabolicae

351 2325 712 2383 demonstrat,
764 2315 907 2385 quod
959 2312 1061 2368 sibi
1114 2311 1216 2380 ipsi
1270 2309 1337 2364 ad
1392 2309 1590 2362 malum
1648 2316 1933 2377 vergentes

353 2412 874 2485 superinduserunt,
919 2406 1062 2460 sicut
1104 2402 1267 2458 lsaias
1298 2400 1413 2454 ait:
1469 2397 1557 2452 Va:
1589 2399 1677 2469 qui
1720 2398 1934 2450 trahunt

353 2512 568 2576 peccata
602 2512 655 2555 ut
686 2501 886 2553 tristem
906 2498 1135 2566 tangam,
1167 2503 1215 2547 et
1243 2493 1375 2547 sicut
1411 2491 1585 2561 funem
1614 2489 1735 2558 jugi
1767 2501 1937 2543 vacare

354 2586 765 2667 iniquitatem”,
797 2604 906 2659 quo
930 2586 1148 2658 quidam
1195 2582 1394 2653 Captivi
1426 2594 1481 2636 et
1517 2580 1670 2635 inviti
1704 2579 1934 2634 trahun-

353 2701 463 2758 tur.
489 2686 594 2742 Sed
632 2685 675 2740 si
716 2683 781 2738 ad
827 2696 1012 2737 sanam
1055 2685 1398 2731 revertantur
1440 2681 1701 2735 mentem,
1735 2688 1763 2724 a
1804 2669 1935 2723 resti

356 2783 459 2853 hac
491 2781 607 2835 sive
669 2777 801 2847 jugo
843 2773 1024 2829 statim
1072 2770 1407 2823 relaxantur.
1464 2762 1618 2830 Quod
1667 2761 1940 2832 quomodo

356 2852 451 2935 aut
494 2868 710 2942 quando
744 2867 820 2929 fit,
859 2862 1132 2936 legislator
1175 2857 1435 2920 ostendit,
1487 2855 1538 2913 id
1571 2862 1678 2916 est,
1722 2852 1940 2922 quando

356 2967 476 3038 ipse
530 2963 622 3034 qui
684 2959 945 3030 peccavit,
1029 2960 1312 3025 peceatum
1367 2964 1526 3005 suum
1576 2947 2012 3041 cognoverit:c

357 3050 536 3131 neque
579 3055 726 3112 enim
775 3053 934 3126 aliter
977 3045 1355 3118 paenitentiam
1401 3058 1562 3115 agere
1604 3046 1802 3111 potest,
1834 3038 1941 3092 nisi

358 3155 651 3221 cognoscat
698 3152 980 3215 peccatum
1029 3154 1212 3203 suum.
1263 3136 1417 3190 Tunc
1484 3133 1631 3188 enim
1690 3131 1942 3203 princeps

360 3245 593 3308 hircum,
647 3238 761 3294 sive.
801 3234 1062 3306 χίμαρον,
1109 3231 1155 3285 is
1184 3238 1367 3284 autem
1416 3226 1509 3297 qui
1558 3225 1626 3280 de
1657 3223 1814 3279 turba
1836 3230 1941 3285 est,

361 3335 552 3393 oﬂerat
576 3345 816 3401 capram.
861 3326 977 3383 sive
1026 3321 1291 3392 χίμαιραν
1323 3335 1338 3349 ο
1374 3316 1723 3372 immaculata
1761 3322 1943 3368 autem

365 3437 616 3494 utraque,
666 3414 1066 3475 immaculalam
1111 3409 1382 3479 siquidem
1424 3412 1646 3476 oportet
1669 3418 1792 3458 esse
1827 3416 1944 3471 pm—

368 3490 674 3573 nitentiam.
709 3509 843 3575 Qua:
884 3514 1067 3559 autem
1110 3490 1230 3570 ejus
1264 3506 1351 3565 est
1386 3495 1644 3552 macula?
1686 3491 1951 3547 Videlicet

370 3609 413 3664 si
435 3610 657 3679 peccato
680 3596 1061 3668 eompatiatur,
1084 3591 1166 3647 vel
1194 3589 1401 3645 amicus
1420 3588 1492 3643 sit
1518 3586 1813 3656 paenitens,
1844 3598 1948 3654 pro

369 3716 479 3771 quo
539 3693 652 3766 agit
699 3686 1079 3762 paenitentiam
1126 3700 1139 3736 :
1199 3687 1418 3751 oportet
1476 3679 1624 3733 enim
1675 3691 1797 3731 eum
1827 3689 1952 3746 per-

374 3768 513 3848 fecto
539 3804 570 3842 a
605 3790 828 3858 peccato
851 3778 1039 3834 eodem
1066 3785 1229 3847 atque
1264 3769 1665 3828 studiosissimo
1700 3768 1953 3825 recedere

376 3879 672 3956 proposito.

446 3950 646 4030 Deinde
679 3969 906 4037 imponet
938 3976 1152 4017 manum
1187 3972 1339 4014 suam
1372 3970 1530 4024 super
1557 3961 1716 4021 caput
1752 3950 1952 4005 hostire.

379 4068 498 4139 Ipse
553 4077 649 4135 per
710 4054 1064 4127 semetipsum
1126 4055 1410 4120 peccatum
1465 4042 1845 4107 manifestans,
1899 4049 1955 4095 et

377 4134 530 4216 suam
567 4152 803 4210 offerens
832 4144 1252 4203 confessionem.
1274 4139 1392 4208 Ipse
1412 4144 1619 4196 autem.
1653 4134 1957 4203 secundum

380 4247 771 4323 Septuaginta,
826 4254 936 4314 non
988 4233 1207 4308 occidit,
1263 4230 1361 4285 sed
1416 4228 1505 4284 alii
1544 4245 1560 4294 ;
1595 4228 1761 4282 habet
1811 4226 1958 4281 enim

384 4321 748 4401 necessarium
782 4344 837 4390 et
875 4332 1107 4386 aliorum
1152 4326 1410 4381 auxilium
1441 4322 1509 4376 ad
1535 4321 1861 4382 orationem,
1899 4326 1958 4371 ut

385 4433 709 4503 suScipiatur
748 4427 867 4496 ejus
915 4417 1250 4494 poenitentia.
1303 4413 1458 4485 Unde
1504 4428 1608 4468 nec
1648 4410 1967 4467 omnimodo

388 4525 697 4582 sacerdotes
722 4511 971 4588 occidere
998 4510 1288 4584 prtecepit;
1325 4507 1402 4576 ait
1430 4506 1574 4560 enim
1597 4521 1612 4557 :

461 4617 701 4674 Occident
744 4628 862 4666 eum
898 4611 955 4662 in
998 4596 1110 4660 loco
1146 4603 1198 4655 in
1239 4617 1340 4671 qua
1380 4598 1689 4652 occiduntur
1714 4594 1965 4649 holocau-

388 4719 610 4766 lamata.
661 4704 797 4772 Quia
840 4708 1023 4774 autem
1099 4683 1350 4750 occidant
1392 4706 1499 4743 non
1545 4687 1785 4752 addidit;
1839 4686 1966 4739 licet

387 4805 533 4859 enim
580 4802 635 4856 in
683 4795 950 4871 sacrificio
994 4786 1331 4863 pmuitentia:
1370 4782 1595 4839 alternis
1643 4781 1719 4835 uti
1758 4780 1969 4846 adjuto-

391 4897 503 4963 riis,
529 4894 672 4964 quod
703 4869 931 4943 testatur
957 4882 1194 4938 Iacobus
1220 4900 1232 4934 :
1261 4877 1440 4939 Orate,
1466 4874 1782 4938 dicens.pro
1803 4869 1969 4923 alter-

394 4962 569 5039 utrum
619 4990 674 5035 ut
724 4973 1082 5033 salvemini".
1149 4968 1255 5024 Sed
1300 4966 1469 5020 multo
1503 4962 1672 5034 magis
1693 4963 1968 5031 justorum

395 5088 607 5132 utamur
639 5072 925 5143 adjutorio,
959 5068 1074 5139 ipse
1098 5064 1242 5119 enim
1273 5058 1539 5118 subdidit,
1577 5055 1805 5108 Multum
1834 5051 1971 5106 valet

2020 392 2303 449 Peccatum
2361 412 2531 448 nteant
2581 395 2845 463 cognitum
2883 390 2975 444 tibi
3029 390 3165 460 feci,
3219 398 3268 441 et
3306 388 3597 457 injustitias

2023 500 2162 538 meas
2194 501 2296 538 non
2329 484 2532 555 operui.
2591 483 2714 536 Dixi
2740 479 3138 536 :Pronuntiaba
3190 478 3467 530 adversum
3519 490 3602 528 me

2022 577 2337 645 injustitiam
2418 590 2589 630 meam
2631 574 2875 636 Domino,
2913 578 2961 624 et
3019 579 3077 621 tu
3129 568 3376 622 remisisti
3402 567 3600 636 iniqui-

2024 675 2185 720 tatem
2214 665 2383 719 cardis
2429 664 2530 718 mei
2549 664 2615 717 ³⁹.
2677 662 2966 730 Propterea
3013 655 3100 709 hic
3146 653 3418 725 legislator
3452 652 3600 705 intu-

2022 761 2084 815 lit
2117 778 2130 812 :
2666 766 2673 774 ‘

2099 854 2162 905 κε
2197 851 2359 913 tollet,
2392 858 2439 902 et
2469 853 2621 917 ponet
2644 843 2884 896 sacerdos
2908 838 3214 909 sanguinem
3271 833 3474 902 peccati
3519 831 3606 884 di-

2025 944 2133 1013 gito
2206 956 2363 1010 super
2429 953 2623 991 cornua
2680 932 2870 986 altaris
2930 925 3389 982 Italacautomatis.
3451 922 3605 986 Quod

2027 1032 2382 1100 Hier‘onymus
2422 1027 2584 1082 simili
2639 1040 2805 1080 sensu
2857 1020 3031 1076 edidit
3079 1019 3310 1073 dicens:
3345 1014 3609 1082 Talletqae

2023 1122 2268 1177 sacerdos
2306 1121 2369 1173 de
2389 1118 2645 1189 sanguine
2684 1115 2848 1186 digito
2875 1129 2971 1167 suo
3002 1119 3217 1180 tangens
3246 1122 3442 1161 cornua
3468 1104 3610 1158 alta-

2027 1212 2120 1263 ris.
2186 1206 2515 1277 Sanguinem
2569 1211 2751 1257 autem
2800 1199 3008 1271 peccati
3041 1195 3354 1267 appellavit,
3386 1192 3478 1262 qui
3509 1206 3608 1262 pro

2025 1298 2261 1370 peccatis
2308 1295 2555 1349 offertur.
2617 1293 2787 1361 llujus
2826 1289 3094 1360 primitias
3144 1286 3401 1341 sacerdos
3450 1283 3612 1337 Chri-

2027 1400 2147 1443 stus
2194 1402 2364 1456 super
2406 1398 2612 1440 cornua
2656 1379 2846 1437 altaris
2882 1373 3338 1433 holocautomatis
3391 1372 3610 1433 oll'errt.

2026 1478 2280 1534 videlicet
2312 1491 2479 1545 super
2516 1487 2735 1528 crucem
2766 1485 2952 1534 suam;
2989 1467 3033 1521 si
3075 1466 3221 1521 enim
3254 1464 3423 1516 altare
3456 1462 3614 1515 holo-

2026 1565 2352 1623 cautomatis
2414 1561 2629 1617 Domini
2658 1574 2858 1628 corpus
2886 1567 2991 1620 est,
3022 1555 3190 1624 hujus
3221 1550 3414 1623 procul
3448 1549 3617 1603 dubio

2028 1668 2233 1709 cornua
2272 1665 2405 1705 crux
2452 1649 2580 1709 erit,
2640 1646 2709 1700 de
2745 1660 2848 1713 qua
2880 1643 3133 1697 Habacuc
3188 1639 3363 1693 dixit:
3399 1634 3616 1690 Cornua

2028 1750 2149 1797 sunt
2202 1740 2258 1793 in
2301 1737 2540 1791 manibus
2556 1733 2747 1803 ejus".
2785 1730 2988 1785 ()ﬂ‘eret
3013 1742 3178 1797 super
3203 1740 3358 1780 suam
3398 1736 3615 1778 crucem

2033 1830 2301 1904 primitias
2334 1823 2646 1883 necessario
2668 1823 2751 1879 sui
2783 1820 3084 1892 sanguinis.
3137 1817 3230 1886 qui
3260 1831 3358 1886 pro
3392 1820 3618 1885 peccato

2032 1924 2309 1981 oﬂ'crtur:
2364 1919 2492 1988 quia
2538 1930 2674 1986 opus
2725 1914 2908 1968 crucis
2964 1920 3021 1966 et
3077 1908 3327 1971 effectus,
3379 1903 3620 1975 perfecta

2035 2023 2381 2088 peccatorum
2423 2018 2737 2064 nostrorum
2796 2002 3047 2060 remissio
3090 2010 3197 2056 est.
3233 1995 3390 2064 Quod
3435 2004 3621 2050 autem

2035 2109 2165 2177 dicit
2189 2123 2203 2159 :

2110 2198 2384 2268 Reliquum
2449 2192 2761 2263 sanguinem
2798 2186 2980 2256 fundet
3025 2183 3096 2236 ad
3124 2180 3292 2235 basim
3321 2177 3437 2247 ejus
3460 2216 3476 2238 ,
3506 2189 3626 2229 om-

2038 2305 2162 2349 nem
2208 2265 2584 2358 p'mnitentiam
2622 2280 2952 2350 evangelica:
2999 2274 3191 2330 tribuit
3228 2265 3622 2340 pradicationi,

2038 2397 2200 2453 quam
2231 2393 2353 2434 esse
2376 2377 2549 2432 basim
2572 2373 2759 2428 altaris
2781 2370 3041 2426 diximus.
3084 2365 3253 2418 Recte
3280 2368 3463 2453 autem
3497 2372 3617 2427 poe-

2040 2428 2325 2530 iiiitentiam
2372 2482 2590 2525 omnem
2640 2462 2952 2534 apostolica:
2984 2428 3358 2529 praedicatioiti
3385 2450 3620 2506 tribuit:

2040 2568 2167 2639 quia
2217 2563 2396 2620 omnis
2438 2561 2560 2630 ejus
2605 2556 2836 2612 intentio
2883 2554 2999 2608 haec
3030 2559 3135 2616 est,
3161 2558 3223 2603 ut
3255 2544 3437 2600 omnis
3462 2543 3619 2596 homo

2041 2632 2315 2728 paenitens
2357 2666 2418 2706 se
2472 2645 2798 2716 corrigendo
2828 2642 3090 2702 salvetur,
3138 2646 3364 2707 propter
3395 2632 3541 2701 quod
3570 2637 3626 2683 et

2044 2752 2274 2823 primam
2301 2757 2488 2800 vocem
2513 2740 2659 2794 illam
2689 2736 2950 2790 Dominus
2978 2728 3226 2801 providet
3253 2726 3307 2780 in
3337 2721 3627 2791 Evangelia

2045 2810 2421 2903 doctoralem:
2482 2828 2859 2886 Paenitentiam
2936 2822 3099 2893 agite,
3186 2810 3631 2888 appropinquabit

2047 2932 2186 2987 enim
2233 2939 2449 2997 regnum
2486 2905 2978 2983 rwlarum’lmuia
3006 2909 3170 2965 etiam
3196 2906 3260 2960 ad
3303 2904 3408 2958 hoc
3439 2916 3500 2957 se
3536 2917 3634 2957 ve-

2043 3027 2192 3079 nisse
2233 3017 2388 3082 dixit,
2420 3014 2495 3068 ait
2525 3011 2671 3066 enim
2705 3025 2718 3060 :
2771 3003 2892 3058 Non
2926 3002 3041 3057 aeni
3087 3012 3276 3053 vocare
3330 2994 3519 3061 iustas,
3542 2990 3637 3043 sed

2042 3120 2338 3185 peccatores
2375 3078 2460 3159 ad
2508 3094 2952 3172 paenitentiam”.
3015 3091 3147 3145 Post
3186 3088 3302 3140 haec
3331 3082 3462 3153 quid
3507 3078 3635 3134 facit

2044 3203 2299 3260 sacerdos
2318 3199 2342 3252 ?

2115 3293 2334 3350 Omnem
2367 3295 2542 3341 autem
2572 3280 2779 3349 adipem
2804 3277 3071 3348 auferens,
3110 3272 3245 3329 sicut
3274 3266 3478 3339 auferri
3496 3261 3637 3319 solet

2047 3387 2112 3442 de
2134 3383 2355 3440 victimis
2368 3377 2733 3449 paci/iceram.
2774 3369 2845 3425 Ut
2873 3360 3196 3437 paenitentis
3236 3373 3401 3416 omne
3432 3355 3640 3411 deside-

2050 3478 2195 3533 rium
2246 3445 2467 3529 sursum
2494 3445 2797 3534 respiciat,
2852 3457 2908 3516 id
2957 3464 3064 3517 est,
3119 3452 3317 3508 etelum
3367 3445 3636 3508 intendat,

2053 3576 2183 3627 tunc
2214 3564 2364 3620 enim
2403 3556 2604 3630 poterit
2649 3540 3023 3623 paenitentiam
3061 3541 3317 3601 offerenti
3364 3539 3418 3592 in
3456 3535 3641 3606 pacm-

2052 3674 2243 3726 oorum
2268 3629 2537 3712 sacrificio
2568 3642 2832 3717 reputari.
2871 3637 2980 3696 Sed
3013 3636 3138 3708 quis
3182 3634 3255 3691 sit
3292 3629 3416 3686 ﬁnis
3443 3629 3639 3683 horum

2053 3768 2175 3823 quas
2199 3751 2344 3806 dicta
2369 3752 2518 3807 sunt,
2549 3736 2793 3803 addidit:

2122 3837 2448 3907 Rogabitque
2461 3806 2558 3901 pro
2581 3844 2642 3883 eo
2669 3826 2936 3886 sacerdos,
2959 3828 3010 3875 et
3036 3816 3337 3874 dimittetur
3352 3808 3420 3865 ei.
3452 3806 3644 3907 Nequa

2055 3896 2227 3989 enim.
2257 3896 2681 3983 idonei-sumus
2739 3923 2961 3989 peccata
3010 3901 3424 3972 nobismetipsis
3463 3896 3648 3989 diruit-

2058 3985 2197 4087 tere,
2226 4017 2483 4074 Christus
2524 4019 2709 4067 autem
2739 3985 2899 4062 nobis
2925 3994 3375 4073 propitiationem
3406 3985 3643 4060 perlicit.

2057 4083 2214 4173 Unde
2265 4120 2322 4167 et
2354 4109 2475 4179 ejus
2510 4116 2646 4160 voce
2673 4096 2985 4155 sacerdotes
3018 4090 3073 4145 in
3105 4083 3427 4145 Ecclesiam,
3459 4086 3649 4147 utpote

2061 4211 2182 4280 ejus
2215 4169 2454 4261 oﬂicirun
2507 4197 2828 4255 subeuntes,
2858 4182 3098 4243 ordinati
3150 4187 3297 4241 sunt,
3342 4174 3542 4245 quibus
3591 4169 3648 4224 in

1992 4315 2033 4370 ι)
2062 4262 2294 4375 persona
2337 4291 2706 4364 apostolorum
2745 4281 3000 4340 dicebat:
3054 4274 3290 4339 Quarum
3337 4262 3650 4322 dimiseritis

2068 4359 2315 4461 peccata,
2345 4384 2568 4440 dimissa
2600 4386 2746 4440 sunt,
2799 4381 2849 4428 et
2894 4382 3119 4440 quarunt
3158 4359 3508 4424 retinueritis,
3562 4370 3651 4409 reo

2069 4450 2214 4539 tenta
2241 4450 2440 4535 sunt”.
2475 4473 2544 4527 Et
2581 4482 2772 4525 rursus
2797 4484 2810 4519 :
2845 4461 3180 4528 Quatcunque
3203 4450 3464 4508 satveritis
3493 4462 3653 4516 super

2069 4586 2267 4631 terram
2313 4554 2487 4625 saluta
2523 4570 2675 4617 erunt
2714 4566 2766 4612 et
2806 4556 2863 4609 in
2907 4550 3055 4611 creta.
3088 4557 3137 4602 et
3164 4557 3489 4617 quacunque
3518 4534 3658 4608 liga;

2068 4630 2243 4720 veritis
2269 4673 2426 4726 super
2460 4663 2679 4713 terram,
2713 4647 2879 4717 ligata
2907 4647 3062 4697 erunt
3100 4646 3149 4691 et
3186 4636 3244 4689 in
3270 4632 3399 4687 creto
3412 4630 3479 4683 ³⁸.

2140 4771 2302 4828 Vens.
2331 4764 2523 4823 ‘52-'55.
2572 4780 2591 4814 ι
2627 4761 2723 4815 Sin
2751 4765 2935 4812 autem
2972 4754 3041 4810 de
3077 4747 3369 4822 pecoribus
3395 4737 3660 4797 obtulerit

2070 4863 2341 4919 victimam
2373 4872 2472 4927 pro
2503 4858 2751 4924 peccato,
2784 4861 2943 4903 ovem
2974 4844 3191 4898 scilicet
3231 4831 3659 4891 immaculatam,

2073 4962 2236 5026 ponet
2275 4920 2705 5014 planum-super
2739 4949 2904 5010 caput
2936 4937 3078 5005 ejus,
3126 4939 3182 4986 et
3207 4920 3514 4983 immolabit
3536 4932 3662 4973 eam

2075 5012 2129 5102 in
2161 5047 2280 5100 loco
2320 5040 2409 5096 ubi
2440 5012 2623 5094 solent
2667 5034 3109 5090 holocaustorum
3157 5018 3292 5076 credi
3325 5012 3539 5076 hostiae,
3569 5023 3664 5063 su-

2081 5143 2300 5204 metque
2360 5126 2616 5184 sacerdos
2668 5124 2737 5178 de
2787 5117 3053 5190 sanguine
3100 5112 3221 5182 ejus
3250 5106 3422 5176 digito
3450 5116 3576 5164 suo,
3608 5106 3667 5154 et

396 5170 568 5223 oratio
596 5142 732 5236 justi
760 5158 1054 5217 assidua“.
1086 5155 1188 5212 Ubi
1231 5161 1414 5223 autem
1458 5143 1745 5202 occident?
1770 5142 1976 5196 Secun—

396 5265 527 5316 dum
575 5255 947 5327 Septuaginta,
989 5251 1044 5304 in
1079 5253 1352 5313 conspectu
1396 5237 1627 5293 Domini.
1683 5233 1863 5299 Quare
1898 5232 1977 5285 lce

400 5354 622 5426 gislator
651 5314 939 5417 explanat,
989 5341 1064 5394 ait
1094 5337 1239 5394 enim
1268 5353 1281 5388 :
1328 5330 1537 5386 l’cccati
1580 5334 1677 5391 est.
1712 5314 1825 5377 Pro
1851 5338 1980 5393 pec-

401 5459 523 5504 cato
562 5445 763 5517 quippe
810 5441 863 5494 in
909 5443 1203 5505 conspectu
1244 5421 1753 5493 Dorniui'couliteri
1799 5434 1985 5474 neces-

2086 5190 2310 5296 tangens
2343 5232 2548 5274 cornua
2584 5213 2769 5268 altaris
2806 5201 3135 5267 holocausti,
3165 5196 3439 5266 reliquum
3476 5190 3668 5246 fundet

2085 5318 2154 5375 ab
2180 5282 2372 5371 "basim
2418 5308 2557 5378 ejus.
2610 5314 2828 5359 omnem
2884 5308 3098 5367 quoque
3126 5288 3382 5347 auferens
3429 5282 3666 5353 adipem,

2091 5409 2230 5463 sicut
2258 5377 2457 5460 auferri
2488 5397 2626 5458 solet
2679 5393 2849 5461 adeps
2878 5386 3066 5443 arietis
3098 5383 3190 5454 qui
3223 5377 3536 5437 immolatur
3570 5387 3668 5444 pro

475 5588 519 5618 αδ
547 5584 658 5637 Jac.
689 5601 749 5641 n.
788 5580 868 5632 ιο.
945 5578 989 5607 η
1018 5576 1117 5628 lsa.
1148 5590 1196 5624 ν.
1232 5570 1313 5623 l8.
1390 5568 1433 5597 ⁸⁷
1473 5566 1662 5641 λεπτμό
1700 5562 1831 5641 μὴ.
1878 5558 1937 5641 ⁸⁵.

2044 5556 2079 5609 l.
2148 5553 2198 5641 ξε
2244 5549 2381 5605 Psal.
2430 5560 2577 5608 χχχι,
2630 5541 2681 5595 5.
2788 5537 2833 5569 ⁹⁰
2866 5532 3063 5587 llabac.
3099 5546 3179 5593 ιιι,
3236 5529 3287 5582 4.
3396 5524 3439 5557 ³³
3475 5518 3665 5585 Matth,

413 5673 489 5728 ut,
517 5657 570 5709 2.
648 5623 842 5706 “huc.
875 5668 923 5710 γ,
969 5647 1055 5700 52.
1132 5644 1175 5672 ³³
1212 5641 1368 5696 Joan.
1404 5654 1491 5706 xx,
1523 5635 1611 5688 "1.5.
1652 5623 1657 5625 i
1691 5631 1734 5663 '~‘"
1790 5628 1980 5698 Matth.
2014 5641 2122 5690 rm,
2148 5623 2227 5676 l9.
2608 5648 2611 5653 -
