4076 6188
459 193 562 259 δτι

1692 197 2053 259 ΗΕΞΥΟΗῙΙ
2095 197 2566 258 PliESBYTERl

3615 192 3736 255 832

459 308 721 378 paciﬁcis,
777 316 835 365 et
886 308 1151 365 cremabit
1201 324 1367 379 super
1418 310 1590 365 altare
1641 311 1698 368 in
1748 312 2037 369 incensum
2066 317 2111 372 Α
2142 311 2494 367 fundamenta
2519 310 2660 380 ejus,
2684 309 2811 380 quia
2839 324 2943 380 pro
2968 316 3193 379 peccato
3216 315 3319 371 est,
3339 305 3570 360 alterum
3593 321 3738 361 vero

459 398 700 463 Domini,
726 398 1049 469 rogabitque
1100 413 1208 469 pro
1237 413 1326 465 eo,
1357 408 1414 456 et
1458 415 1563 471 pro
1622 409 1849 472 peccato
1898 403 2039 475 ejus,

456 498 517 546 et
536 489 842 545 dimittetur
864 488 964 545 illi.
1007 506 1027 540 ι

529 576 899 648 Sometipsum
963 592 1111 632 nunc
1177 593 1396 649 quoque
1455 595 1695 652 sequens
1764 582 2044 653 legislator

458 668 719 725 oblationi
775 683 954 738 capra:
996 667 1113 723 sive
1169 668 1447 736 cbimem,
1492 688 1658 743 quam
1704 673 1945 730 diximus
1974 676 2044 730 ab

462 759 546 813 his
596 757 686 828 qui
720 767 849 812 sunt
899 757 968 813 de
1007 759 1232 829 pupillo,
1267 769 1324 815 et
1348 762 1439 831 qui
1473 778 1581 818 non
1614 775 1955 836 occupantur
1988 767 2046 823 in

462 848 821 904 meditatione
863 848 1017 919 legis,
1050 849 1235 905 oiierri
1266 866 1425 907 ovem
1454 868 1671 923 quoque
1698 856 1987 923 conjunxit
2027 875 2041 912 :

458 939 718 1009 quoniam
752 939 806 992 in
852 938 1053 1009 populo
1080 947 1133 993 et
1162 939 1353 996 idiotis
1377 942 1636 1011 possibile
1687 953 1770 1000 est
1798 960 1921 1001 esse
1948 945 2048 1001 ali-

458 1044 600 1102 quos
643 1028 805 1084 etiam
835 1029 1132 1104 simplices,
1158 1031 1360 1100 quibus
1401 1034 1690 1089 conveniat
1719 1036 1838 1091 ovis
1870 1038 2047 1092 sacri-

462 1119 663 1184 licium,
691 1120 840 1189 quod
890 1128 996 1175 tam
1032 1120 1090 1175 in
1154 1122 1607 1179 holocautomatis
1642 1141 1820 1195 quam
1876 1128 2047 1183 sacri-

462 1208 597 1263 ﬁciis
622 1209 812 1264 hostiae
834 1208 1184 1279 paciﬁcorum
1232 1210 1654 1267 demonstratur.
1687 1213 1886 1283 Aperte
1920 1231 2048 1287 ergo

462 1298 737 1368 legislator
763 1299 1067 1369 approbare
1105 1300 1356 1370 cupiens,
1381 1303 1509 1372 quia
1550 1319 1662 1358 non
1687 1305 1871 1359 solum
1892 1306 2049 1374 prin-

461 1403 609 1457 ceps.
662 1390 719 1444 id
746 1398 829 1445 est
880 1391 1112 1446 scientia
1137 1391 1441 1458 sublimior,
1473 1409 1577 1449 nec
1608 1404 1815 1452 tantum
1868 1413 2048 1467 popu-

463 1480 614 1545 laris.
647 1482 743 1537 sed
764 1492 824 1537 et
851 1483 896 1538 si
926 1483 1050 1553 quis
1083 1492 1164 1538 est
1218 1484 1273 1541 in
1320 1486 1674 1554 popularibus
1718 1488 1974 1558 simplex,
2003 1490 2047 1545 si

464 1570 603 1627 forte
667 1574 995 1641 peccaverit,
1035 1575 1185 1644 quod
1235 1583 1292 1630 et
1346 1576 1435 1632 hie
1483 1577 1551 1633 ad
1612 1579 2045 1650 redemptionem

463 1671 812 1731 peccatorum
857 1665 1053 1720 debeat
1096 1666 1496 1736 paenitentiam,
1555 1669 1675 1725 ovis
1718 1672 2046 1727 sacriﬁcium

466 1753 785 1810 introduxit.
838 1754 961 1812 Ideo
992 1767 1177 1812 autem
1217 1774 1328 1811 non
1367 1760 1614 1824 arietem,
1645 1762 1740 1815 sed
1780 1777 1965 1825 ovem,
1994 1763 2046 1817 id

465 1851 569 1907 est,
612 1843 893 1908 feniinam,
951 1855 1008 1901 et
1058 1861 1167 1900 non
1220 1848 1523 1902 masculum
1552 1851 1809 1921 praecepit
1837 1852 2047 1919 oﬂ‘erri,

465 1932 593 2001 quia
618 1934 978 2003 popularibus
1001 1935 1327 1991 feminarum
1368 1938 1697 1994 sacriﬁcium
1727 1942 2046 2011 deputavit:

466 2036 563 2078 eos
608 2022 700 2078 hic
728 2025 828 2094 qui
864 2025 1036 2097 legem
1079 2026 1356 2096 accipiunt
1394 2029 1675 2085 evidenter
1732 2042 2051 2089 contestans

470 2127 530 2173 ut
560 2119 872 2190 quicunque
909 2121 1275 2193 principatum
1325 2124 1551 2179 sortitus
1580 2132 1772 2191 θείνει
1810 2137 1893 2183 est
1928 2127 2051 2183 aliis

469 2209 753 2271 sublimior
779 2210 1029 2275 scientia,
1065 2227 1173 2267 non
1205 2214 1377 2268 solam
1422 2215 1681 2270 exhibeat
1720 2217 2049 2287 simplicita-

472 2306 602 2362 tem,
629 2314 755 2354 cum
781 2309 1027 2371 oporteat
1054 2318 1180 2359 eum
1210 2304 1373 2360 etiam
1410 2305 1735 2373 prudentem
1760 2322 1884 2362 esse
1908 2309 2051 2364 sicut

470 2398 816 2490 serpenteth
865 2395 1325 2463 quemadmodum
1396 2395 1663 2453 Dominus
1720 2399 1877 2453 ait".
1944 2401 2048 2467 Qui

470 2496 601 2534 vero
624 2497 735 2535 non
763 2484 849 2537 εει
875 2484 1017 2548 talis,
1064 2485 1122 2541 id
1144 2496 1229 2541 est
1250 2486 1346 2556 qui
1378 2502 1487 2541 non
1512 2488 1763 2544 abundat
1794 2490 2047 2555 scientia,

469 2581 527 2624 et
552 2579 841 2641 propterea
868 2574 922 2629 in
952 2576 1152 2645 pepulo
1178 2576 1358 2648 deget,
1386 2577 1476 2635 hic
1504 2580 1754 2647 quamvis
1796 2580 1875 2635 sit
1905 2582 2051 2636 sim-

471 2660 619 2730 plex,
681 2661 728 2716 si
783 2664 1059 2735 contingat
1108 2675 1170 2719 ut
1217 2675 1430 2736 peccet,
1481 2681 1586 2721 nec
1630 2667 1732 2737 ipsi
1764 2680 2049 2738 peccatum

472 2753 808 2824 ignoscetur,
852 2755 961 2821 nisi
989 2772 1084 2826 per
1112 2758 1447 2814 oblationem
1475 2761 1814 2830 paenitentiae
1850 2778 2050 2832 pecea-

472 2852 589 2898 tum
638 2844 879 2901 diluerit.
929 2846 1066 2903 Cum
1120 2863 1249 2920 ergo
1281 2849 1398 2905 haec
1424 2849 1503 2936 ita
1542 2866 1607 2907 se
1641 2853 1897 2921 habeant,
1935 2870 2047 2910 non

471 2943 634 3006 egent
684 2945 880 2991 cetera
930 2939 1305 3008 expositione:
1344 2955 1469 2996 cum
1512 2943 1664 2999 enim
1716 2946 2049 3002 sacriﬁcium
2075 2971 2118 3029 α

473 3041 572 3096 pro
604 3037 828 3097 peccato
856 3028 949 3092 sit,
980 3030 1139 3086 simul
1186 3031 1276 3086 hic
1296 3030 1369 3086 de
1406 3047 1568 3104 capra
1593 3042 1649 3090 et
1678 3035 1747 3091 de
1776 3052 1879 3093 ove
1902 3053 2048 3109 pra:-

470 3119 633 3190 eepit.
665 3119 822 3177 Unde
847 3137 1079 3178 necesse
1098 3137 1208 3179 non
1235 3135 1337 3185 est.
1384 3142 1508 3182 cum
1536 3128 1829 3186 tendamus
1857 3132 1925 3186 ad
1957 3148 2051 3188 se-

471 3210 714 3281 quentia,
744 3212 837 3269 diu
869 3215 925 3269 in
954 3218 1320 3286 praesentibus
1352 3219 1654 3279 immorari.

1099 3370 1326 3430 CAPUT
1365 3376 1430 3432 V.

550 3477 714 3535 Vens.
742 3480 889 3536 1-13.
920 3501 942 3535 ι
980 3483 1044 3538 Si
1091 3486 1409 3555 peccaverit
1446 3488 1653 3554 anima,
1702 3499 1764 3547 et
1815 3492 2054 3551 audierit

472 3584 661 3625 vocem
690 3570 948 3640 jnrantis,
975 3574 1237 3647 testisque
1275 3576 1609 3650 fueritquod
1638 3590 1735 3638 aut
1762 3582 1883 3654 ipse
1896 3585 2051 3654 vidit,

473 3661 840 3717 auteonseius
860 3672 979 3729 est,
1008 3664 1482 3736 uisiiudicaverit,
1518 3673 1761 3744 portabit
1786 3673 2055 3746 iniquita-

474 3759 582 3806 tem
608 3766 782 3808 suam.
804 3754 996 3812 Anima
1014 3772 1137 3828 quae
1162 3760 1401 3832 tetigerit
1434 3762 1641 3834 aliquid
1680 3766 2051 3836 immundum,

468 3842 589 3898 sive
614 3845 757 3914 quod
784 3846 1025 3902 occisum
1043 3863 1073 3903 a
1096 3851 1269 3906 bestia
1284 3861 1395 3916 est,
1420 3863 1518 3909 aut
1538 3871 1641 3926 per
1666 3872 1727 3912 se
1749 3869 2049 3930 mortuum,

469 3935 559 3989 vel
572 3936 865 4015 quodlibet
889 3939 1038 3996 aliud
1069 3942 1265 4013 reptile
1307 3953 1366 3999 et
1396 3946 1564 4002 oblita
1596 3947 1764 4004 fuerit
1796 3952 2048 4008 immun-

473 4024 620 4082 ditite
648 4042 780 4093 sum,
811 4044 902 4085 nea
928 4040 1030 4095 est.
1052 4039 1109 4088 et
1140 4033 1434 4104 delinquit.
1468 4038 1538 4092 Et
1562 4038 1607 4093 si
1632 4039 1871 4112 tetigerit
1888 4044 2053 4113 quid-

470 4119 617 4185 piam
639 4117 708 4173 de
744 4119 1089 4176 immunditia
1120 4123 1378 4187 hominis.
1421 4127 1587 4196 juxta
1607 4145 1826 4186 omnem
1859 4134 2054 4205 impu~

472 4206 711 4273 ritatem,
738 4225 843 4280 qua
874 4212 1040 4280 pollui
1059 4213 1216 4279 solet,
1244 4217 1531 4287 oblitaque
1546 4224 2047 4293 cognoverit-post-

2144 401 2382 458 adolebit
2406 400 2810 463 holocaustum,
2837 406 2898 453 ut
2940 397 3058 453 ﬁeri
3082 395 3240 461 solet,
3272 395 3596 467 rogabitque
3622 410 3735 466 pro

2143 491 2508 556 eosacerdos,
2527 498 2587 545 et
2612 504 2713 560 pro
2754 497 2983 558 peccato
3035 487 3175 558 ejus,
3207 494 3264 540 et
3287 484 3599 541 dimittetur
3652 484 3734 540 ei.

2146 583 2304 651 Quod
2354 582 2400 638 si
2422 597 2533 637 non
2564 579 2805 652 quiverit
2831 592 3030 633 manus
3078 577 3198 647 ejus
3214 575 3421 632 oii'erre
3446 574 3584 630 duos
3609 584 3739 629 tur-

2145 684 2315 740 tures,
2347 675 2433 730 vel
2453 673 2592 728 duos
2624 673 2802 744 pullos
2845 670 3131 732 columbae,
3165 667 3358 724 olieret
3380 682 3479 738 pro
3500 674 3743 738 peccato

2147 766 2403 830 similam,
2432 772 2639 835 partem
2660 762 2788 833 ephi
2817 760 3083 818 decimam
3112 778 3130 826 ;
3181 775 3292 814 non
3321 758 3501 813 mittet
3522 758 3577 812 in
3605 774 3739 814 eam

2146 855 2349 920 oleum,
2384 870 2489 910 nec
2513 853 2689 909 thuris
2718 851 2923 922 aliquid
2944 851 3209 921 imponet.
3235 848 3362 919 quia
3381 863 3481 918 pro
3505 857 3743 918 peccato

2146 955 2250 1010 est,
2275 945 2558 1015 tradetque
2585 958 2705 998 eam
2753 941 3042 1003 sacerdoti.
3092 939 3189 1010 qui
3235 940 3460 1010 plenum
3506 952 3577 993 ex
3612 947 3744 994 toto

2146 1033 2410 1105 pugilium
2438 1032 2721 1096 hauriens,
2757 1030 3021 1087 cremabit
3046 1044 3214 1100 super
3260 1029 3435 1085 altare
3482 1028 3541 1083 in
3607 1044 3738 1083 mo-

2149 1133 2475 1179 numentum
2550 1124 2669 1193 ejus
2724 1122 2820 1192 qui
2868 1119 3110 1186 obtulit,
3172 1134 3372 1191 rogans
3461 1133 3563 1188 pro
3632 1116 3740 1171 illo

2148 1224 2204 1270 et
2253 1215 2501 1285 expians.
2557 1213 2842 1284 Reliquam
2878 1226 3011 1268 vero
3059 1218 3271 1282 partem
3326 1210 3442 1280 ipse
3508 1208 3739 1264 habebit

2151 1306 2206 1361 in
2228 1321 2477 1361 munere.
2508 1324 2528 1358 ι

2222 1397 2361 1452 Num
2385 1396 2579 1451 eadem
2609 1395 2885 1467 iegislator
2912 1395 3156 1465 repetit?
3180 1393 3320 1449 Cum
3353 1390 3412 1446 in
3438 1389 3737 1462 prieteritis

2149 1492 2350 1561 quippe
2373 1490 2598 1546 dixisset
2617 1490 2788 1560 quod,
2823 1490 2867 1545 si
2902 1486 3210 1559 peccaverit
3240 1486 3310 1541 de
3332 1484 3538 1555 popuio
3568 1491 3735 1536 terra:

2150 1595 2249 1650 per
2280 1579 2662 1651 ignorantiam,
2688 1588 2746 1633 ut
2775 1576 2936 1633 l‘aciat
2970 1575 3251 1646 quidpiam
3277 1589 3344 1631 es
3372 1572 3457 1628 his
3479 1587 3599 1643 qua:
3618 1571 3733 1626 Do-

2151 1670 2281 1724 mini
2335 1670 2451 1740 lege
2489 1669 2849 1738 prohibentur
2899 1673 3063 1735 atque
3124 1664 3425 1731 delinquat.
3485 1662 3736 1716 Genera-

2151 1761 2273 1815 liter
2295 1759 2363 1813 de
2384 1758 2535 1813 omni
2556 1766 2779 1827 peccato
2812 1756 3137 1827 praecipiens
3162 1764 3221 1810 et
3247 1755 3449 1824 jubens
3471 1768 3593 1822 quae
3633 1752 3737 1807 dc-

2151 1849 2343 1904 berent
2379 1846 2588 1909 oil'erri,
2619 1860 2767 1900 nunc
2786 1858 3005 1913 quoque
3027 1842 3096 1897 de
3151 1842 3363 1897 eisdem
3420 1839 3543 1895 aliis
3589 1852 3729 1908 quo-

2150 1940 2445 1997 dammodo
2473 1938 2688 1993 videtur
2715 1936 2929 1992 sancire
2956 1934 3328 1990 sermonibus.
3361 1931 3737 1998 Quamobrem

2150 2040 2337 2086 autem
2365 2029 2619 2102 superius
2648 2028 2897 2098 quaedam
2934 2042 3034 2098 pro
3049 2034 3294 2096 peccato,
3315 2032 3372 2078 et
3413 2038 3523 2077 non
3544 2021 3745 2078 omnia

2150 2121 2417 2192 exposuit.
2441 2119 2739 2190 Oportebat
2776 2118 2982 2188 quippe
3051 2124 3112 2171 ut
3134 2123 3229 2170 aut
3250 2114 3431 2170 omnia
3458 2130 3557 2184 per
3612 2113 3740 2166 sin-

2149 2214 2271 2286 gula
2298 2219 2623 2282 exponeret,
2650 2218 2747 2266 aut
2784 2209 3004 2280 penitus
3053 2207 3215 2272 nihil,
3272 2222 3397 2261 cum
3454 2203 3749 2277 generalis

2150 2307 2200 2363 ei
2249 2305 2646 2362 demonstratio
2688 2303 2898 2374 peccati
2959 2300 3254 2356 sufﬁceret.
3311 2299 3421 2355 Sed
3483 2315 3598 2355 non
3656 2298 3745 2355 ita

2151 2412 2210 2453 se
2271 2396 2475 2452 habent
2522 2394 2689 2450 verba
2748 2390 3098 2464 iegislatoris,
3171 2390 3317 2445 sicut
3366 2390 3587 2460 quidam
3632 2405 3750 2445 ηεξ-ι

2153 2487 2417 2558 gligenter
2496 2484 2734 2556 legentes
2830 2481 3176 2539 existimant.
3273 2479 3508 2548 Quando
3589 2478 3749 2535 enim

2150 2575 2293 2631 dixit
2332 2593 2346 2629 :

2222 2665 2374 2731 Quod
2388 2666 2432 2718 si
2475 2665 2766 2733 peccaverit
2799 2662 2863 2716 de
2918 2659 3111 2730 populo
3149 2668 3306 2713 terra
3333 2674 3427 2727 per
3481 2657 3738 2728 ignoran-

2150 2759 2301 2821 tiam,
2331 2767 2389 2812 ut
2416 2758 2578 2830 faciat
2598 2757 2878 2828 quidpiam
2909 2771 2973 2809 ea:
3002 2754 3081 2808 his
3104 2768 3221 2824 qua:
3250 2752 3462 2805 Domini
3485 2751 3594 2822 lege
3610 2768 3741 2821 pro-

2148 2851 2412 2917 hibentur,
2440 2859 2601 2922 atque
2624 2849 2916 2918 delinquat,
2947 2845 3255 2904 sensibilem
3280 2844 3536 2900 Israelem
3549 2854 3744 2900 osten-

2150 2943 2249 3008 dit,
2283 2942 2373 3013 qui
2394 2956 2730 3012 cognoscens
2762 2941 2854 2995 Dei
2891 2941 3179 3003 mandata,
3217 2955 3328 2994 non
3357 2937 3549 2993 debuit
3572 2937 3742 3006 quid-

2152 3033 2301 3104 piam
2330 3031 2465 3103 legis
2499 3030 2822 3104 transgredi.
2856 3029 3255 3101 Transgressus
3284 3038 3491 3089 autem.
3511 3026 3744 3098 implere

2152 3125 2421 3183 debuitea
2451 3140 2573 3195 quae
2598 3124 2665 3179 ad
2701 3122 3082 3195 pmnitentiam
3108 3121 3408 3192 pertinent.
3463 3117 3524 3174 ln
3590 3134 3741 3190 prte-

2152 3217 2295 3272 senti
2322 3224 2505 3272 autem
2536 3215 2768 3270 dicens:
2821 3214 2879 3270 Si
2920 3212 3234 3284 peccaverit
3274 3212 3478 3275 anima,
3528 3226 3740 3280 nequa-

2152 3324 2318 3380 quam
2351 3306 2579 3373 addidit,
2614 3304 2685 3361 de
2718 3304 2919 3375 pepulo
2937 3313 3116 3366 terrae,
3136 3314 3199 3357 et
3226 3302 3565 3357 rectissime.
3596 3300 3744 3357 Dicit

2151 3400 2299 3456 enim
2327 3407 2548 3469 peccata
2580 3413 2617 3452 a
2640 3396 2840 3468 quibus
2859 3411 3087 3452 necesse
3144 3395 3236 3457 sit,
3266 3393 3568 3449 secundum
3591 3393 3743 3463 quod

2153 3490 2495 3556 aitJaeobus,
2516 3488 2681 3544 etiam
2699 3486 2905 3557 hosqui
2921 3494 3051 3543 sunt
3075 3501 3140 3541 ex
3164 3483 3417 3558 gentibus
3441 3483 3740 3547 abstinere,

2154 3581 2207 3639 id
2224 3589 2307 3638 est
2333 3579 2669 3651 idolothytis,
2689 3588 2748 3634 et
2766 3577 3070 3642 suii'ocatis,
3108 3586 3166 3633 et
3219 3575 3507 3648 sanguine,
3534 3584 3590 3630 et
3625 3574 3745 3629 fur-

2155 3674 2456 3729 nicatione.
2488 3650 2665 3729 iubis
2689 3670 2836 3727 enim
2880 3669 3129 3725 invenies
3185 3669 3472 3740 sequentia
3525 3683 3743 3723 connu-

2155 3772 2382 3820 merata.
2410 3763 2615 3819 Deinde
2644 3762 2897 3833 superius
2925 3762 3069 3833 quod
3127 3770 3210 3817 est
3236 3769 3522 3832 peccatum
3542 3760 3741 3815 unius-

2153 3857 2419 3926 cujusque
2441 3869 2537 3925 per
2563 3852 2919 3923 semetipsum
2957 3852 3352 3922 delinquentis,
3385 3851 3605 3922 etquod
3640 3867 3743 3921 per

2154 3961 2213 4001 se
2241 3946 2362 4014 quis
2391 3943 2583 4015 gessit,
2604 3941 2940 4011 designatur.
2966 3941 3069 4013 llic
3098 3949 3283 3997 autem
3321 3955 3446 3996 eum
3478 3941 3569 4012 qui
3603 3942 3740 3996 alie-

2154 4039 2239 4093 nis
2262 4035 2497 4108 peccatis
2517 4033 2945 4091 communicavit
2999 4035 3366 4098 demonstrat,
3419 4033 3524 4088 huc
3583 4034 3736 4088 enim

2155 4138 2330 4185 tactus
2354 4126 2620 4181 immundi
2655 4133 2711 4180 et
2735 4124 3039 4186 morticini,
3100 4132 3157 4177 et
3197 4138 3228 4177 a
3258 4123 3449 4179 bestiis
3473 4124 3618 4194 capti
3650 4124 3741 4177 in-
3768 4146 3769 4151 π

2154 4220 2297 4284 nuit,
2319 4234 2428 4272 non
2452 4231 2548 4287 per
2579 4215 2887 4287 tenigmata,
2919 4215 3012 4269 sed
3037 4222 3226 4281 aperte
3252 4228 3555 4283 exponens,
3584 4217 3739 4285 quod

472 4313 562 4362 ea,
620 4300 929 4368 subiacebit
978 4303 1202 4360 delicto.
1250 4307 1447 4363 Anima
1483 4326 1607 4379 qua:
1649 4314 1936 4383 juraverit,
1990 4324 2049 4371 et
2085 4321 2124 4374 υ
2154 4311 2371 4381 quidam
2405 4309 2735 4378 despiciunt,
2759 4306 2935 4373 idest,
2979 4306 3207 4361 alterius
3232 4306 3288 4361 in
3314 4321 3559 4361 errorem
3598 4309 3736 4363 mito

474 4390 762 4457 protulerit
784 4392 943 4449 labiis
972 4395 1105 4460 suis,
1136 4404 1201 4451 ut
1216 4398 1303 4452 vel
1326 4399 1466 4454 male
1492 4402 1625 4470 quid
1648 4403 1832 4459 facere
1859 4407 2044 4471 vellet,

476 4480 564 4535 vel
602 4483 760 4542 bene.
794 4490 851 4537 et
874 4483 1110 4556 idipsum
1157 4488 1473 4557 iuramento
1494 4501 1551 4546 et
1574 4508 1828 4551 sermone
1856 4498 2045 4553 lirma-

476 4572 614 4628 venit
664 4573 940 4644 oblitaque.
963 4586 1148 4645 postea
1200 4579 1533 4637 intellexerit
1555 4584 1818 4641 delictum
1851 4602 2035 4657 suum,

476 4674 597 4738 agat
643 4666 1021 4736 paenitentiam
1045 4685 1146 4740 pro
1169 4681 1414 4743 peccato,
1443 4684 1498 4731 et
1526 4676 1724 4734 offerat
1747 4695 1942 4751 agnam
1979 4684 2048 4738 de

468 4759 744 4831 gregibus,
776 4759 891 4819 sive
912 4776 1155 4832 capram.
1184 4765 1468 4837 orabitque
1517 4786 1617 4840 pro
1644 4788 1712 4827 eo
1764 4776 2047 4837 sacerdos,

473 4858 532 4906 et
557 4865 659 4921 pro
682 4859 907 4921 peccato
935 4853 1076 4922 ejus.
1107 4852 1204 4909 Sin
1239 4865 1420 4912 autem
1455 4874 1567 4915 non
1585 4863 2045 4931 potueritoil‘crre

463 4956 662 5011 ipeeus,
689 4941 885 4998 oll‘erat
903 4943 1041 4999 duos
1069 4953 1311 5001 turtures
1341 4949 1423 5002 vel
1451 4948 1590 5006 duos
1619 4953 1796 5021 pullos
1833 4955 2051 5010 colum-

460 5031 666 5087 barum
698 5032 947 5098 Domino.
980 5050 1146 5089 unum
1213 5052 1312 5106 pro
1342 5048 1584 5107 peccato,
1610 5049 1672 5097 et
1705 5042 1939 5099 alterum
1996 5045 2049 5098 in

468 5120 873 5187 holocaustum,
906 5125 1168 5194 dabitque
1211 5142 1307 5182 eos
1327 5130 1621 5185 sacerdoti.
1649 5132 1752 5199 Qui
1807 5135 2045 5204 primum

476 5207 713 5264 oti'erons
726 5225 828 5279 pro
849 5220 1095 5281 peccato,
1124 5216 1463 5284 retorquebit
1483 5228 1646 5288 caput
1669 5220 1789 5290 ejus
1816 5223 1885 5276 ad
1910 5238 2044 5292 pen-

479 5300 656 5365 nulas,
684 5299 763 5356 ila
794 5312 854 5356 ut
868 5304 1007 5360 collo
1038 5305 1260 5372 haereat,
1285 5318 1341 5363 et
1364 5325 1471 5364 non
1490 5313 1713 5380 penitus
1750 5314 2048 5385 abrumpa-

478 5396 586 5453 tur,
606 5397 664 5443 et
681 5400 935 5464 aspesget
954 5394 1022 5450 de
1051 5396 1317 5466 sanguine
1370 5399 1491 5467 ejus
1539 5402 1807 5470 parietem
1838 5403 2054 5461 altaris.

478 5477 748 5548 Quidquid
773 5490 954 5537 autem
983 5486 1250 5555 reliquum
1273 5488 1454 5556 fuerit,
1484 5489 1646 5547 faciet
1674 5491 1939 5550 distillare
1993 5497 2055 5549 ad

547 5599 595 5634 ’⁸
613 5614 806 5673 Matth.
839 5634 891 5684 χ,
924 5620 1007 5673 l6.

2152 4403 2315 4458 tintis
2337 4416 2445 4455 non
2467 4415 2695 4471 arguere
2753 4412 3017 4457 errorem.
3068 4396 3165 4451 sed
3212 4412 3544 4453 consensum
3593 4415 3739 4470 prae-

2149 4493 2299 4547 bere.
2329 4490 2485 4545 Nunc
2507 4505 2637 4560 ergo
2665 4487 3052 4559 osienditquia
3072 4497 3128 4544 et
3154 4489 3209 4545 in
3242 4489 3348 4544 hoc
3375 4490 3738 4554 oblationem,

2150 4598 2269 4639 eam
2335 4582 2588 4638 videlicet
2634 4597 2757 4651 quae
2800 4582 2868 4636 ad
2915 4582 3252 4651 pmziitentite
3327 4581 3740 4639 absolutionem

2152 4675 2409 4747 pertinet,
2435 4673 2796 4729 necessariam
2823 4673 3148 4728 habeamus.

2219 4766 2278 4823 Si
2308 4767 2595 4837 peccaverit
2639 4768 2845 4831 anima,
2880 4777 2929 4821 et
2986 4768 3221 4822 audierit
3279 4784 3453 4823 vocem
3474 4768 3740 4840 jurautis,

2156 4859 2398 4930 testisque
2419 4858 2752 4928 fuerit,quod
2781 4866 2875 4911 aut
2908 4858 3018 4928 ipse
3057 4858 3208 4922 vidit,
3246 4868 3336 4912 aut
3387 4860 3629 4913 conscius
3644 4861 3736 4923 sit,

2154 4950 2322 5017 idest,
2358 4951 2404 5004 si
2425 4949 2606 5021 aliqua
2637 4951 2837 5020 furtum
2863 4960 2959 5003 aut
3012 4950 3190 5005 dolum
3209 4953 3454 5023 faciente,
3487 4962 3535 5006 et
3557 4953 3744 5025 jusju-

2154 5044 2380 5098 randum
2406 5058 2501 5113 pro
2530 5044 2604 5097 eis
2630 5044 2812 5107 daute,
2840 5045 3019 5098 videns
3041 5044 3235 5115 aliquis
3260 5046 3464 5117 furtum
3494 5056 3591 5101 aut
3646 5049 3744 5102 do-

2155 5131 2263 5185 lum
2290 5148 2443 5203 quem
2464 5133 2608 5203 fecit,
2668 5131 2749 5186 vel
2783 5131 2944 5186 aliter
2970 5134 3204 5188 conscius
3235 5134 3374 5204 quod
3402 5135 3538 5205 false
3560 5135 3733 5206 juret,

2155 5239 2256 5276 non
2278 5223 2584 5291 prodiderit,
2608 5222 2839 5293 portabit
2881 5224 3238 5296 iniquitatem.
3272 5224 3339 5280 Et
3394 5236 3560 5283 recte.
3606 5225 3740 5281 Nam

2159 5314 2245 5369 cui
2269 5315 2423 5370 licuit
2447 5332 2675 5387 arguere
2707 5326 3011 5386 peccatum,
3042 5328 3099 5373 et
3146 5319 3299 5382 texit,
3364 5320 3582 5390 adjutor
3623 5322 3745 5391 ejus

2162 5406 2350 5477 procul
2372 5406 2538 5462 dubio
2568 5406 2745 5463 factus
2771 5418 2875 5464 est.
2914 5408 3017 5475 Qui
3065 5426 3195 5465 vero
3218 5412 3513 5469 auxiliatus
3538 5423 3645 5480 est,
3682 5413 3737 5468 in

2165 5500 2524 5568 semetipsum
2585 5509 2870 5570 peccatum
2924 5502 3103 5557 traxit.
3154 5501 3271 5559 Non
3335 5505 3511 5561 solum
3559 5516 3745 5562 autem
