4076 6188
294 354 400 420 833

1459 355 1541 415 IN
1579 356 2018 417 LEVITICUM.
2061 380 2125 392 -
2168 357 2316 416 LIB.
2357 354 2408 417 Ι.

3458 365 3560 427 Sitit

302 460 544 535 priedicti
566 468 776 538 peccati
839 464 1246 522 immunditiam
1294 464 1604 519 evitandum
1656 465 1884 534 putavit,
1926 474 1959 525 ,ι
1993 463 2396 519 conniventiam
2427 465 2652 534 praebet,
2698 468 2780 520 vel
2841 467 2893 521 in
2950 483 3016 522 eo
3067 470 3210 538 quod
3246 470 3461 541 placent
3487 484 3567 529 ta-

300 559 396 615 sed
415 570 471 615 et
497 560 545 615 si
570 560 692 630 quis
722 560 963 628 tetigerit
1018 574 1237 613 onmem
1270 573 1385 612 rem
1409 556 1767 623 immundam,
1791 565 1884 612 aut

301 649 671 714 morticinam,
705 657 802 704 aut
830 664 861 702 a
896 649 1090 704 bestiis
1133 656 1373 718 captam,
1432 662 1559 725 non”
1613 648 1881 718 corporis,

296 741 389 796 sed
425 741 501 795 rei
529 740 844 796 immundas
872 740 1118 795 actiones
1146 739 1439 793 ostendere
1472 738 1722 809 cupiens,
1779 752 1883 792 nec

299 830 415 886 illas
442 831 824 886 immunditias
872 846 1010 901 quas
1047 814 1362 884 Judazorum
1408 844 1544 900 gens
1583 828 1879 882 existimat.

297 920 428 988 Quae
465 922 577 977 sint
606 931 790 976 autem
847 921 1099 976 actiones
1164 936 1394 990 quarum
1456 918 1883 972 communicatio

298 1014 443 1069 sicut
473 1013 882 1069 immundarum
915 1011 1169 1068 evitanda
1196 1020 1300 1076 est,
1327 1010 1577 1065 Salvator
1606 1009 1882 1079 apostolos

294 1104 502 1169 docuit,
544 1105 775 1161 dicens:
834 1104 1016 1158 Adhuc
1042 1113 1089 1157 et
1127 1119 1215 1157 vas
1260 1104 1372 1157 sine
1427 1101 1691 1156 intellectu
1718 1101 1886 1154 estis?

296 1194 520 1251 Nescitis
549 1199 672 1269 quia
705 1213 856 1251 omne
884 1197 1023 1268 quod
1078 1196 1373 1267 ingreditur
1415 1195 1470 1248 in
1526 1211 1604 1259 os,
1660 1194 1716 1246 in
1759 1209 1885 1246 ven-

299 1295 433 1340 trem
467 1287 635 1353 vadit,
667 1296 715 1341 et
746 1288 802 1340 in
851 1302 1110 1340 secessum
1154 1286 1428 1357 emittitur
1461 1299 1479 1337 :
1533 1297 1649 1353 quat
1704 1290 1882 1335 autem

295 1378 641 1448 egrediuntur
669 1379 731 1432 de
756 1395 864 1439 ore,
892 1378 954 1430 de
977 1377 1129 1432 corde
1159 1382 1350 1430 exeunt
1374 1415 1388 1439 ,
1459 1384 1507 1428 et
1551 1374 1661 1428 [nec
1709 1373 1883 1443 inqui-

293 1478 427 1521 nant
460 1468 767 1523 hominem?
798 1462 1006 1522 Etenim
1035 1470 1098 1521 de
1153 1467 1305 1521 corde
1327 1476 1515 1520 exeunt
1537 1466 1880 1536 cogitationes

293 1559 473 1621 matre,
502 1558 811 1625 homicidia,
841 1558 1134 1623 adulteria,
1167 1558 1307 1629 falsa
1359 1558 1679 1619 testimonia,
1711 1558 1879 1629 furta,

289 1651 640 1721 blasphemia.
680 1649 806 1715 licet:
826 1659 947 1705 sunt
991 1665 1107 1721 qua:
1136 1650 1474 1721 coinquinant
1496 1650 1771 1718 hominem
1788 1648 1877 1702 ’3‘.

298 1743 530 1813 Propter
560 1744 705 1813 quod
736 1753 791 1798 et
813 1742 1108 1796 immundae
1160 1757 1270 1809 res,
1331 1749 1519 1812 utpote
1568 1741 1878 1812 polluentcs

1987 555 2080 619 lia,
2114 556 2290 611 modis
2313 556 2570 611 omnibus
2623 558 2903 627 polluitur.
2934 558 3031 613 Hic
3052 575 3247 616 sensus
3302 577 3369 618 co
3401 566 3566 620 modo

1987 647 2043 701 in
2113 647 2369 718 praesenti
2443 663 2661 719 quoque
2735 650 3094 707 translatione
3124 653 3171 706 si
3226 653 3560 719 intendatur.

1986 737 2153 795 venit.

2054 826 2159 882 Sed
2184 838 2232 882 et
2266 830 2315 883 si
2343 830 2566 900 tetigerit
2589 832 2863 896 quidpiam
2884 832 2949 886 de
2978 833 3312 888 inmunditia
3341 838 3565 893 hominis

1977 917 2140 986 juxta
2167 936 2371 974 onmem
2397 921 2764 989 impuritatem
2800 939 2903 992 qua
2946 922 3112 991 pollui
3139 924 3289 990 solet,
3326 927 3390 980 de
3419 930 3563 981 omni

1984 1011 2244 1063 munditia
2277 1012 2391 1081 ejus
2421 1028 2786 1082 quamcunque
2815 1025 3032 1082 tangens
3090 1013 3322 1082 pollutus
3382 1017 3561 1088 fuerit.

1984 1100 2126 1155 Dicit
2153 1108 2335 1155 autem
2395 1104 2695 1155 secundum
2738 1100 2995 1167 litteram,
3048 1118 3145 1158 eos
3200 1105 3291 1174 qui
3340 1107 3566 1162 seminis

1982 1190 2185 1246 ﬂuxum
2210 1192 2512 1261 patiuntur,
2537 1201 2594 1247 et
2630 1188 3019 1257 menstruatas,
3042 1202 3096 1248 et
3121 1197 3382 1264 quosdam
3404 1198 3561 1264 alios,

1981 1282 2049 1337 de
2090 1283 2291 1353 quibus
2309 1283 2563 1338 subtilius
2593 1284 2709 1353 ipse
2748 1283 3024 1354 legislator
3050 1286 3212 1355 paulo
3247 1295 3366 1355 post
3403 1288 3560 1353 dicit,

1985 1373 2040 1426 in
2065 1373 2264 1443 quibus
2299 1374 2493 1428 horum
2527 1373 2926 1443 expositionem
2973 1378 3376 1432 rescrvavimus
3409 1394 3421 1430 :
3456 1379 3563 1434 hoc

1982 1466 2323 1521 solummodo
2369 1481 2515 1521 nunc
2552 1480 2654 1536 pro
2700 1469 3219 1523 commemoratione
3272 1482 3561 1539 ponentes,

1980 1557 2125 1625 quod
2158 1572 2269 1611 non
2292 1558 2472 1611 omnis
2493 1557 2836 1611 immunditia
2896 1558 3137 1614 hominis
3185 1561 3378 1629 polluit
3437 1571 3561 1615 tan-

1977 1657 2218 1716 gentem,
2262 1648 2492 1716 ideoque
2513 1648 2661 1702 enim
2697 1647 2836 1701 dixit
2866 1664 2880 1700 :
2910 1648 3076 1702 Juxta
3102 1660 3307 1703 onmem
3334 1653 3560 1722 impuri-

1980 1748 2140 1792 tatem
2169 1756 2273 1810 qua
2301 1739 2466 1808 pollui
2488 1738 2639 1805 solet,
2690 1740 2991 1794 secundum
3046 1739 3188 1795 LXX
3243 1754 3423 1798 autem
3496 1746 3562 1799 ab
3604 1740 3611 1763 ³

288 1847 385 1888 eos
413 1848 444 1886 a
482 1833 683 1903 quibus
708 1839 1023 1903 tanguntur,
1058 1830 1111 1885 id
1143 1839 1225 1886 est
1247 1842 1342 1885 eos
1358 1831 1447 1901 qui
1466 1830 1874 1886 communicant
1911 1817 1949 1870 Β
1981 1831 2123 1885 omni
2144 1832 2480 1885 immunditia
2508 1831 2642 1900 ejus,
2676 1847 2839 1902 quam
2868 1841 3086 1902 tangens
3117 1833 3347 1902 pollutus
3379 1837 3562 1909 fuerit.

286 1926 448 1990 cis,a
491 1924 801 1996 legislature
859 1923 1149 1977 intellectae
1209 1928 1339 1976 sunt
1409 1919 1729 1976 morticinae.
1778 1919 1875 1976 His

288 2014 481 2071 similis
502 2015 667 2069 estin
703 2014 1001 2085 polluendo
1060 2013 1226 2079 homo
1290 2011 1381 2083 qui
1432 2027 1527 2082 per
1589 2021 1874 2082 peccaturo

288 2119 536 2163 mortuus
565 2116 668 2175 est,
696 2107 762 2162 de
790 2107 1044 2176 qualibus
1077 2104 1342 2159 Dominus
1380 2105 1596 2160 dicebat
1620 2122 1633 2157 :
1660 2105 1874 2159 Dimitte

288 2208 518 2252 mortuos
546 2196 761 2264 sepelire
785 2204 1017 2249 mortuos
1040 2209 1159 2247 suos
1195 2194 1263 2249 “.
1296 2191 1341 2246 A
1369 2191 1559 2247 bestiis
1576 2199 1756 2246 autem
1778 2205 1873 2247 ca-

287 2299 414 2357 ptus
442 2297 544 2354 est,
572 2289 688 2358 qui,
709 2296 971 2358 operante
1002 2287 1059 2340 in
1089 2300 1157 2340 eo
1180 2284 1418 2347 diabolo,
1453 2292 1663 2340 tractus
1682 2292 1768 2339 est
1804 2282 1873 2339 ad

287 2379 523 2449 aliquam
549 2359 830 2433 actionem
858 2377 1078 2439 malam,
1128 2376 1589 2447 quemadmodum
1612 2374 1779 2430 ludas
1804 2374 1871 2430 ad

289 2468 614 2525 tradendum
649 2468 961 2534 Dominum,
996 2468 1065 2523 de
1123 2483 1234 2539 quo
1261 2466 1503 2523 Joannes
1540 2468 1871 2539 evangelista

285 2566 366 2615 ait
407 2578 422 2616 :
458 2560 524 2614 Et
549 2562 696 2633 facta
719 2578 886 2626 creua,
949 2561 1263 2615 immitteute
1292 2560 1501 2615 diabolo
1536 2562 1589 2615 in
1613 2578 1701 2615 cor
1733 2561 1867 2630 ejus,

288 2664 347 2708 ut
379 2657 610 2710 traderet
635 2672 755 2708 eum
788 2653 954 2709 ludas
1010 2652 1242 2709 Simonis
1292 2654 1563 2709 Iscariotte
1582 2655 1682 2708 ⁸³⁸.
1730 2655 1869 2732 Quia

292 2755 477 2801 autem
504 2747 560 2799 in
582 2743 723 2799 LXX
755 2744 1128 2811 translatione,
1166 2758 1275 2798 non
1329 2744 1469 2799 dixit
1493 2743 1812 2814 simpliciter
1837 2758 1869 2797 a

287 2838 456 2892 bestia
486 2845 726 2908 captum,
762 2837 859 2890 sed
895 2834 1122 2900 addidit,
1179 2834 1547 2897 innnundun‘i,
1589 2834 1681 2904 qui
1712 2842 1797 2888 est
1836 2849 1866 2887 a

284 2926 460 2980 bestia
491 2934 703 2995 captus,
739 2934 899 2995 putas
925 2940 1036 2979 non
1081 2931 1167 2978 est
1195 2924 1512 2978 omnimodo
1541 2931 1598 2978 et
1623 2923 1866 2978 immun-

281 3020 424 3075 dus?
453 3019 519 3074 Et
550 3020 786 3074 dicimus
820 3037 832 3073 :
867 3018 1243 3088 Nequaquam.
1296 3017 1484 3087 Neque
1512 3017 1657 3072 enim
1689 3017 1867 3072 omnis

281 3114 375 3184 qui
408 3128 439 3167 a
471 3112 640 3167 bestia
662 3112 894 3183 capitur,
923 3112 1037 3182 jam
1097 3111 1413 3167 omnimodo
1442 3109 1511 3165 ab
1548 3126 1611 3165 ea
1643 3119 1698 3164 et
1725 3109 1869 3164 occi-

281 3206 447 3261 ditur.
478 3203 729 3259 Forsitan
760 3205 908 3259 enim
936 3213 991 3260 et
1021 3213 1306 3276 postquam
1336 3203 1550 3273 capitur
1583 3202 1863 3266 liberatur,

282 3299 427 3352 sicut
456 3298 648 3352 Petrus
680 3316 693 3352 :
725 3298 918 3353 incidit
955 3298 1102 3352 enim
1162 3298 1215 3351 in
1251 3295 1454 3351 diaboli
1477 3295 1690 3366 laqueo,
1727 3304 1868 3350 tem-

284 3404 416 3457 pore
456 3389 782 3461 negationis.
815 3388 921 3444 Sed
951 3397 1006 3444 et
1070 3390 1404 3460 resipiscens
1434 3391 1628 3456 evasit,
1652 3396 1709 3443 et
1738 3387 1871 3442 dicit

290 3499 417 3537 cum
445 3481 612 3536 David
641 3501 655 3535 :
697 3481 888 3535 Anima
918 3497 1034 3534 mea
1091 3482 1225 3535 sicut
1267 3496 1450 3550 passer
1486 3488 1664 3550 erepta
1693 3486 1768 3533 est
1807 3479 1870 3532 de

283 3574 471 3644 laqueo
496 3573 803 3627 venantium
824 3574 890 3626 ".
927 3571 1026 3626 llic
1048 3586 1180 3643 ergo
1238 3571 1555 3626 immundus
1602 3585 1714 3624 non
1741 3577 1825 3624 est
1850 3585 1866 3635 ;

283 3662 380 3715 sed
406 3656 653 3730 quasdam
683 3659 1028 3721 diﬂ'erentire,
1085 3659 1138 3713 id
1179 3666 1281 3722 est,
1340 3658 1643 3712 secundum
1703 3656 1866 3721 LXX,

286 3751 700 3805 morticinorum
734 3750 924 3819 posita!
952 3755 1100 3802 sunt.
1132 3747 1207 3801 De
1239 3748 1442 3818 quibus
1472 3747 1871 3818 quaedamdixit

283 3857 406 3898 esse
434 3857 652 3912 pecora,
688 3842 936 3912 quaedam
964 3854 1095 3895 vero
1122 3839 1582 3895 abominationes.
1621 3839 1864 3895 Μαι-ιὶοὶ-

286 3952 415 3989 num
445 3943 627 3989 autem
648 3949 836 4005 pecus,
872 3941 957 3989 est
991 3933 1153 3988 homo
1214 3948 1312 4003 per
1337 3932 1705 4002 insipientiam
1734 3947 1867 4002 pec-

281 4044 436 4090 i-ans,
463 4010 524 4081 et
548 4026 817 4096 pecudum
850 4035 1041 4080 contra
1069 4026 1242 4096 legem
1280 4026 1444 4079 vitam
1478 4025 1706 4089 ducens,
1728 4039 1864 4093 qua-

283 4124 425 4176 libus
454 4122 531 4174 ait
553 4119 719 4174 David
746 4136 758 4171 :
795 4118 1103 4187 Nolite/ini
1127 4120 1262 4172 sicut
1294 4132 1457 4189 equus
1483 4127 1532 4172 et
1561 4118 1754 4178 mulus.
1807 4119 1864 4171 in

281 4210 467 4274 quibus
495 4225 595 4262 non
622 4221 694 4263 est
722 4209 1015 4263 intellectus
1044 4208 1090 4239 ”
1122 4226 1136 4273 ;
1167 4209 1261 4263 sed
1320 4207 1481 4262 etiam
1516 4208 1584 4263 de
1614 4209 1867 4278 qualibus

280 4301 545 4357 Jcremias
577 4303 651 4357 ait
682 4319 694 4354 :
721 4301 823 4367 Qui
850 4302 1160 4355 admissarii
1181 4303 1309 4371 [acti
1337 4316 1479 4366 sunt,
1508 4303 1861 4373 unusquisque

281 4411 462 4448 eorum
489 4399 559 4448 ad
589 4410 811 4448 uxorem
830 4382 1072 4463 'proximi
1100 4395 1184 4446 sui
1229 4394 1580 4447 Itiimiebat”.
1632 4393 1859 4448 Abomi-

1979 1921 2112 1989 Quas
2135 1922 2243 1977 sint
2269 1929 2453 1977 autem
2489 1922 2573 1976 lue
2611 1936 2736 1977 cum
2771 1922 2839 1977 de
2896 1923 2978 1979 eis
3022 1924 3298 1996 legislator
3344 1927 3561 1984 locutus

1980 2012 2162 2077 fuerit,
2197 2014 2443 2069 dicemus
2474 2031 2489 2069 :
2730 1998 2737 2005 l

2049 2106 2244 2160 Anima
2269 2106 2667 2176 quwjuraverit
2702 2116 2752 2160 et
2806 2107 3080 2176 protulerit
3129 2108 3283 2163 labiis
3325 2111 3455 2165 suis.
3499 2110 3555 2165 Id

1977 2206 2063 2253 est
2095 2206 2280 2267 aperte
2304 2198 2648 2268 promittens.
2682 2199 2826 2268 quod
2853 2196 2996 2253 LXX
3042 2200 3253 2266 dicunt,
3300 2219 3558 2272 εεραναηδ

1979 2288 2163 2354 labris,
2199 2297 2260 2343 ut
2292 2289 2376 2343 vel
2408 2289 2548 2344 male
2588 2289 2718 2359 quid
2745 2289 2927 2344 facere
2966 2289 3148 2354 vellet,
3183 2290 3269 2344 vel
3300 2294 3456 2357 bene,
3502 2293 3559 2345 in

1977 2383 2175 2451 quibus
2206 2390 2489 2452 peccatum
2517 2391 2621 2448 est,
2655 2382 2875 2451 quando
2924 2381 2972 2435 is
3000 2382 3093 2452 qui
3135 2382 3274 2437 bene
3305 2386 3557 2453 promisit

1977 2472 2157 2529 facere
2189 2474 2472 2539 mentitur,
2499 2487 2593 2529 aut
2631 2474 2723 2545 qni
2766 2474 2904 2528 mala
2960 2474 3198 2531 minatus
3220 2484 3321 2538 est,
3349 2476 3554 2530 verita-

1979 2575 2086 2620 tem
2117 2564 2269 2621 dicit.
2297 2564 2452 2631 Quod
2489 2574 2543 2620 et
2582 2564 2827 2620 Herodes
2873 2581 3165 2635 perpessus
3194 2573 3298 2631 est,
3333 2567 3424 2637 qui
3456 2583 3563 2638 pro

1975 2671 2044 2711 eo
2067 2656 2209 2726 quod
2232 2657 2435 2727 juravit
2460 2655 2754 2711 llerodiadi
2775 2655 3041 2711 Joannem
3065 2655 3358 2727 Baptistam
3379 2659 3563 2729 capite

1973 2748 2339 2812 detruncav'rt,
2377 2748 2651 2818 oblitaque
2673 2757 2860 2819 postea
2908 2748 3236 2804 intellexerit
3295 2751 3558 2806 delictum

1974 2855 2153 2894 suum.
2178 2837 2371 2894 Omnia
2399 2839 2514 2894 haec
2550 2839 2805 2894 videlicet
2834 2855 2955 2909 qua:
2986 2840 3131 2895 dicta
3172 2848 3322 2904 sunt,
3337 2822 3554 2898 Bonus-

1972 2931 2203 3003 quisque
2225 2944 2348 2987 cum
2378 2932 2615 2986 senserit
2639 2942 2693 2987 et
2715 2934 3057 3003 cognoverit,
3087 2932 3554 3005 conﬂteaturpec-

1972 3034 2155 3080 catum
2179 3025 2323 3095 quod
2355 3024 2505 3088 fecit,
2543 3032 2600 3079 et
2627 3025 3033 3097 oileratagnam
3066 3025 3133 3081 de
3159 3012 3412 3097 gregibus
3440 3027 3561 3083 sive

1972 3131 2216 3186 capram,
2252 3115 2377 3185 quia
2404 3117 2473 3171 de
2498 3115 2685 3186 aliquo
2709 3117 2802 3187 qui
2824 3117 2891 3173 dc
2938 3118 3140 3188 populo
3168 3128 3273 3186 est,
3303 3119 3557 3175 videlicet

1972 3210 2041 3265 de
2067 3209 2225 3280 vulgo
2252 3207 2498 3278 loquitur
2516 3209 2619 3264 hoc
2647 3208 2785 3274 loco,
2834 3209 2976 3263 inter
3004 3226 3141 3279 quos
3162 3211 3424 3280 possibile
3471 3222 3555 3267 est

1972 3300 2271 3370 simplicem
2294 3301 2606 3371 quempiam
2650 3299 2888 3355 inveniri
2920 3316 3110 3371 agnam
3164 3300 3233 3357 de
3277 3304 3553 3375 gregibus,

1972 3401 2164 3462 utpote
2215 3402 2400 3462 aptam
2455 3388 2708 3459 simplici,
2778 3389 3237 3459 quemadmodum
3299 3393 3554 3463 superius

1971 3482 2208 3537 diximus
2238 3482 2292 3535 in
2318 3482 2442 3544 hoc,
2474 3480 2543 3535 de
2574 3494 2682 3550 quo
2711 3492 2862 3534 nunc
2890 3490 3074 3535 sermo
3120 3489 3225 3548 est,
3280 3483 3553 3539 sacrificio

1969 3571 2085 3627 sive
2137 3572 2459 3642 poenitentia
2545 3577 2695 3625 recte
2767 3569 3073 3625 custodivit
3117 3572 3329 3638 oﬂerri,
3384 3572 3549 3627 linem

1970 3662 2257 3733 adjiciens.

2044 3752 2331 3823 Orabitque
2358 3767 2454 3820 pro
2487 3767 2546 3806 eo
2565 3752 2833 3815 sacerdos,
2891 3759 2941 3806 et
3004 3767 3107 3821 pro
3150 3760 3364 3822 peccato
3412 3753 3547 3822 ejus.

1970 3844 2263 3898 (Zonsuetis
2289 3843 2461 3897 utitur
2492 3842 2692 3907 verbis,
2749 3841 2801 3895 in
2831 3842 3151 3896 memoriam
3184 3852 3422 3897 nostram
3461 3858 3551 3897 rc-

1968 3950 2173 3991 vocans
2221 3950 2281 3989 ea
2307 3950 2428 4005 qua:
2472 3933 2723 4003 superius
2756 3934 2809 3987 in
2850 3933 3233 4003 deprecatione
3266 3949 3362 4004 pro
3425 3951 3549 4004 pec-

1968 4026 2104 4082 catis
2136 4026 2393 4096 praacepit
2425 4026 2630 4097 peragi,
2675 4036 2796 4095 quae
2859 4026 3054 4080 iterum
3081 4024 3284 4090 dicere,
3357 4034 3546 4098 utpote

1969 4116 2138 4171 semel
2173 4116 2335 4180 dicta,
2360 4115 2729 4171 necessarium
2750 4131 2855 4170 non
2882 4114 3165 4171 habemus.
3193 4112 3548 4173 S’olummodo

1968 4217 2151 4260 autem
2178 4206 2281 4260 hoc
2303 4205 2645 4275 adjiciamus,
2681 4204 2813 4258 utsi
2869 4203 2989 4273 ιιιῙά
3035 4207 3229 4260 horum
3293 4206 3549 4278 princeps

1967 4298 2296 4369 peccaverit,
2334 4297 2545 4351 hircum
2575 4297 2643 4350 de
2664 4296 2843 4366 capris
2861 4295 3074 4360 offerat,
3101 4298 3431 4353 oblationem
3444 4300 3546 4355 sibi

1970 4391 2187 4460 dignam
2217 4399 2272 4444 et
2306 4389 2707 4459 paenitentiam.
2737 4387 2841 4442 Per
2872 4388 2974 4443 hoc
2997 4390 3142 4444 enim
3175 4391 3319 4461 quod
3361 4392 3552 4446 multia

286 4488 540 4542 nationes
562 4496 745 4541 autent
785 4486 1100 4551 inimundze,
1133 4487 1299 4540 veluti
1324 4500 1509 4550 canes,
1558 4493 1615 4541 et
1663 4485 1856 4550 simiaz,
1898 4514 1941 4570 υ
1972 4484 2238 4548 tudinem,
2276 4489 2332 4536 et
2358 4481 2412 4536 in
2440 4481 2527 4536 his
2551 4481 2617 4535 de
2642 4481 2841 4551 quibus
2869 4494 3017 4536 nunc
3042 4483 3195 4549 dixit,
3228 4485 3279 4538 id
3318 4490 3404 4539 cst
3459 4500 3548 4540 sa-

285 4588 342 4633 et
378 4577 865 4648 quaecunquctalia
890 4587 1039 4642 sunt,
1101 4580 1168 4633 de
1219 4578 1546 4633 animalibus
1590 4578 1865 4648 appellan-

284 4677 394 4729 tur,
422 4682 543 4738 quae
589 4668 749 4721 etiam
772 4667 841 4721 ab
870 4667 1178 4722 infidelibus
1198 4668 1548 4730 colebantur;
1581 4667 1664 4724 vel
1688 4668 1862 4737 quod-

283 4761 412 4813 lzhet
440 4759 649 4829 reptile,
691 4758 849 4813 idest
885 4758 1028 4829 quod
1059 4774 1228 4829 super
1266 4769 1509 4813 ventrem
1542 4774 1699 4813 suum
1750 4766 1860 4813 tra-

284 4852 452 4917 icitur,
489 4866 610 4921 quae
640 4851 997 4907 nihilominus
1021 4851 1381 4923 Symmachus
1409 4862 1464 4906 ct
1490 4853 1679 4922 Aquila
1698 4853 1860 4921 repti-

281 4943 353 4995 liu
378 4942 688 5003 ediderunt,
719 4938 862 4996 LXX
896 4952 1076 4997 autem
1111 4942 1549 4996 abominationes.
1580 4945 1718 5014 Ergo
1766 4959 1862 5014 per

283 5045 397 5089 haec
434 5043 542 5088 tam
578 5033 916 5088 idololatrias
965 5035 1309 5104 apertissime
1371 5033 1640 5106 signiﬁcat
1701 5051 1862 5105 quam

285 5124 332 5177 in
360 5124 469 5180 alio
495 5125 636 5180 malo
667 5126 939 5191 viventes,
969 5126 1022 5181 id
1053 5137 1139 5181 est
1164 5128 1218 5181 in
1243 5126 1381 5181 dolis
1450 5138 1505 5180 et
1536 5127 1592 5181 in
1638 5128 1861 5196 rapinis,

280 5216 395 5269 sive
424 5214 479 5267 in
505 5214 624 5269 aliis
646 5214 1053 5287 cupiditatibus.
1091 5217 1185 5271 llis
1215 5217 1469 5271 omnibus
1501 5219 1543 5271 si
1580 5219 1702 5287 quis
1722 5228 1867 5272 tactu

280 5309 792 5370 communicaverit.
811 5311 1084 5365 ctobiitus
1103 5310 1398 5373 l'ucrit,vel,
1423 5319 1480 5363 ut
1503 5308 1867 5374 LXXdicunt,

283 5402 500 5456 latuerit
531 5401 679 5456 illum
718 5420 733 5457 :
767 5404 1028 5473 quoniam
1057 5404 1262 5458 oblivio
1293 5404 1489 5458 animre
1544 5404 1866 5458 etobscuri-

282 5504 363 5548 tas
396 5496 619 5561 mentis,
653 5496 766 5552 sive
782 5497 925 5551 actio
949 5494 1430 5565 mala,inquinaiio
1460 5506 1563 5564 est,
1591 5497 1642 5550 in
1674 5496 1868 5550 horum

281 5593 452 5651 tactu,
488 5586 540 5641 id
574 5594 660 5642 est
691 5586 779 5643 vel
802 5588 943 5643 ineo
970 5590 1115 5658 quod
1163 5588 1286 5656 quis
1341 5586 1454 5642 haec
1508 5587 1870 5657 operantibus

350 5722 416 5754 "'
451 5721 640 5776 Matth.
692 5740 784 5791 sv,
837 5724 918 5779 l6.
995 5725 1039 5755 "
1066 5723 1256 5777 Matth.
1300 5740 1415 5790 vni,
1445 5724 1538 5777 9.2.
1613 5725 1678 5756 ’5‘
1714 5722 1871 5777 Joan.
1896 5738 2016 5787 xm,
2045 5723 2101 5775 2.
2176 5717 2223 5751 ⁸⁷
2257 5716 2398 5772 Psal.
2421 5729 2608 5780 cxsm,
2641 5715 2693 5772 7.

282 5808 413 5846 rem.
453 5808 503 5852 γ,
541 5798 593 5846 ὃ.

1970 4575 2470 4631 criﬁciumollerre
2528 4575 2805 4645 prmcepit,
2876 4574 3226 4630 manifestum
3284 4587 3369 4632 cst
3420 4594 3551 4633 cum

1968 4669 2131 4723 etiam
2162 4668 2230 4723 de
2258 4669 2505 4738 principe
2543 4667 2737 4722 Similia
2770 4667 3027 4723 voluisse.
3071 4667 3140 4723 Ut
3162 4680 3344 4724 autem
3368 4681 3421 4725 et
3450 4672 3549 4724 ali-

1968 4768 2051 4814 ter
2072 4760 2305 4823 dicatur,
2330 4776 2453 4813 eum
2470 4759 2559 4827 qui
2580 4759 2638 4811 in
2653 4758 2879 4813 scientia
2895 4759 3221 4825 excellebat,
3247 4776 3347 4813 nec
3367 4760 3550 4829 ipsum

1968 4864 2194 4922 peccare
2218 4858 2558 4918 oportuerat,
2589 4864 2691 4903 nec
2733 4848 2958 4905 alterius
2986 4852 3389 4905 communicare
3419 4866 3551 4920 pec:

1968 4943 2122 5000 catis.
2152 4940 2270 4996 Non
2294 4942 2441 5007 enim
2482 4943 2550 4996 ad
2604 4942 2880 5004 virtutem,
2934 4943 3028 4996 sed
3086 4943 3152 4996 ad
3202 4943 3550 5012 iniquitatem

1966 5036 2290 5094 temulautes
2317 5049 2394 5100 se,
2424 5032 2700 5088 invenitur
2747 5033 3072 5102 producere,
3104 5033 3217 5087 sive
3247 5048 3553 5102 provocare

1965 5130 2263 5199 subjectos.
2328 5124 2557 5195 Pmpler
2610 5122 2752 5193 quod
2822 5122 2969 5185 illud,
3028 5124 3178 5192 quasi
3242 5123 3384 5193 quod
3443 5139 3552 5179 nec

1966 5222 2189 5278 evenire
2214 5219 2460 5281 deberet,
2494 5216 2855 5270 indiscussum
2886 5215 3123 5284 reliquit.
3162 5212 3271 5268 Sed
3319 5222 3376 5269 et
3439 5215 3551 5270 hoc:

1967 5312 2270 5369 notandum
2321 5316 2425 5370 est,
2482 5307 2607 5375 quia
2663 5307 2915 5361 delictum
2999 5306 3290 5375 aliquando
3325 5307 3547 5377 quidem

1968 5400 2258 5474 specialem
2298 5396 2658 5466 iniquitatem,
2693 5406 2812 5462 quae
2834 5400 3022 5447 contra
3050 5394 3223 5448 solum
3266 5401 3549 5465 pnesmni-

1970 5505 2057 5548 tur
2084 5492 2276 5555 Deum,
2312 5487 2588 5560 qualisest
2637 5492 2758 5555 quae
2798 5483 2850 5538 in
2907 5496 3144 5552 sanctos,
3206 5496 3300 5542 aut
3327 5505 3445 5560 qua:
3492 5490 3549 5546 in

1963 5583 2350 5659 jusjurandum
2372 5578 2770 5642 committitur;
2805 5577 3094 5648 aliquando
3145 5591 3328 5635 autem
3385 5598 3551 5638 omne

2771 5717 2815 5748 "
2847 5714 2987 5771 Psal.
3022 5733 3209 5785 suis,
3230 5717 3284 5772 9.
3379 5720 3426 5752 ”
3454 5718 3548 5774 Jc-
