4076 6188
522 286 644 358 ’835

1730 285 2091 356 HESYCHII
2132 295 2602 357 PRESBYTERI

3689 300 3786 361 876

542 413 823 475 peccatum
851 402 994 475 quod
1020 404 1086 459 ad
1113 405 1396 460 scientiam
1436 404 1705 473 pervenit,
1733 405 2004 476 legislator
2030 421 2121 475 ap-
2149 411 2190 463 Α
2222 420 2348 472 que.
2376 407 2596 473 quando
2653 408 2952 462 secundum
3010 409 3367 464 inteut'onem
3431 409 3785 464 Dominicam.

542 495 725 565 pellat,
756 506 812 551 et
839 504 1123 565 propterea
1146 495 1215 549 ab
1242 511 1307 550 eo
1354 495 1554 564 ubique
1595 496 1832 564 cognitio
1878 496 2109 566 peccati,

541 589 656 642 sive
693 595 1077 657 anteponatur,
1111 586 1226 641 sive
1249 586 1617 641 subinl'eratur
1634 586 1805 639 modis
1835 585 2108 646 omnibus,

540 679 795 734 delictum
826 676 1044 739 dicitur,
1073 686 1134 732 ut
1159 679 1413 732 ostendat
1452 676 1577 747 quia
1612 692 1774 732 omne
1802 686 2110 747 peccatum,

542 776 823 837 postquam
847 767 1216 837 cognoscitur,
1259 767 1313 821 in
1339 768 1515 838 ipsum
1546 766 1885 837 delinquitur
1922 768 2111 832 Deum,

539 866 594 912 et
632 857 755 910 ideo
786 855 1091 925 appellatur
1113 856 1394 917 delictum,
1426 856 1476 910 id
1508 856 2111 926 estalqpusiezamon

540 945 684 999 enim
719 944 837 998 sine
853 957 1015 998 causa
1041 941 1314 1011 legislator
1344 945 1448 1010 hoc
1496 959 1748 997 sermone
1800 945 2116 1015 frequenter

544 1034 731 1089 utitur.
768 1028 903 1087 Nam
929 1040 984 1087 et
1014 1033 1471 1097 quemadmodum
1530 1032 1849 1088 dill‘erentcs
1887 1050 2117 1088 conver-

540 1125 780 1179 sationes
806 1123 1087 1177 hominum
1116 1122 1170 1175 in
1202 1122 1438 1177 exordiis
1494 1121 1616 1177 libri
1672 1140 1770 1194 per
1804 1125 2117 1179 holocauto-

543 1225 688 1271 mata
718 1224 775 1270 et
795 1214 1061 1270 sacrillcia
1092 1213 1349 1268 salutaria
1375 1215 1686 1285 designans,
1718 1215 1989 1287 legislator
2004 1232 2114 1271 non

544 1308 751 1363 l’ruStra
768 1308 1087 1377 proposuit,
1124 1307 1219 1360 sed
1247 1305 1363 1360 vias
1406 1306 1626 1371 multas,
1654 1316 1709 1362 et
1732 1306 1930 1376 ianuas
1989 1323 2117 1379 ape-

540 1400 651 1456 rire
668 1400 946 1471 cupiens:
980 1400 1059 1455 sic
1089 1406 1144 1454 et
1167 1399 1328 1453 modo
1350 1414 1458 1453 non
1519 1415 1683 1453 unam
1710 1402 1969 1470 speciem,
2020 1401 2114 1456 sed

547 1490 853 1545 multas'de
886 1489 1264 1544 oblationibus
1318 1504 1418 1559 pro
1468 1498 1695 1559 peccato
1746 1489 1995 1554 sancivit,
2059 1500 2119 1544 ut

536 1582 811 1650 pluriores
845 1580 1037 1636 modos
1067 1580 1406 1651 pmnitentize
1463 1590 1799 1651 preponeret
1824 1600 1837 1634 :
1861 1582 1986 1650 quia
2015 1597 2119 1636 nec

538 1688 733 1729 omnes
759 1673 1010 1729 homines
1026 1689 1219 1729 omnes
1256 1673 1692 1744 modosimplere
1714 1683 1961 1743 possunt,
2015 1690 2117 1729 nec

2215 500 2376 564 atque
2401 499 2760 553 eomediantc
2787 499 3113 554 oﬂ'eruntur.
3156 498 3257 565 Qui
3309 504 3534 571 primunt
3583 503 3789 572 offerens

2214 598 2309 653 pro
2343 596 2579 654 peccato.
2626 585 2747 639 Ideo
2776 588 3009 656 primum
3047 603 3142 657 pro
3168 599 3391 658 peccato
3421 590 3635 655 offeret,
3667 592 3788 660 quia

2216 684 2378 723 nemo
2406 680 2585 739 potest
2609 671 2985 726 holocaustum
3031 671 3171 735 ﬁeri,
3208 674 3314 727 nisi
3374 674 3526 743 prius
3552 674 3715 728 fuerit
3764 692 3792 730 ει

2216 769 2441 829 peccato
2474 761 2610 814 liber
2642 758 2891 816 eﬂ‘ectus.
2925 762 3031 817 Sed
3077 763 3202 833 quis
3247 764 3411 834 hujus
3460 767 3654 819 modus
3710 776 3793 819 est

2224 851 2524 907 libertatis?

2286 930 2627 1013 Retorquebit
2677 943 2929 999 sacerdos
2984 954 3144 1014 caput
3206 945 3322 1015 ejus
3386 948 3457 999 ad
3514 945 3791 1014 pannulos,

2215 1034 2291 1087 ita
2328 1043 2385 1086 ut
2413 1034 2542 1088 collo
2564 1035 2781 1097 luerent,
2806 1044 2979 1087 etnon
3003 1037 3212 1103 penitus
3260 1036 3637 1105 abrumpatur.
3693 1033 3793 1089 Per

2215 1122 2437 1185 collum,
2468 1123 2611 1193 quod
2657 1110 2796 1177 LXX
2847 1124 3197 1193 sphondylum
3244 1125 3580 1194 interpretati
3644 1133 3788 1184 sunt.

2217 1224 2389 1269 totum
2421 1218 2619 1286 corpus
2644 1215 2984 1286 intelligitur,
3021 1218 3145 1286 quia
3174 1218 3296 1271 colli
3346 1216 3594 1281 lirmitas,
3647 1218 3792 1270 sani-

2217 1316 2321 1371 tas,
2344 1316 2400 1362 et
2426 1306 2781 1361 subsistentia
2810 1307 2978 1361 totius
3024 1308 3272 1378 corporis
3312 1317 3420 1363 est.
3476 1307 3612 1374 Quia
3663 1325 3791 1380 ergo

2216 1394 2355 1449 solet
2383 1404 2544 1465 caput
2579 1412 2676 1465 pro
2691 1395 2875 1449 mente
2897 1395 3067 1466 accipi
3092 1397 3144 1449 in
3168 1397 3351 1450 divina
3376 1396 3677 1466 Scriptura,
3696 1410 3792 1467 pro

2214 1501 2281 1540 eo
2320 1487 2464 1556 quod
2497 1502 2653 1540 mens
2687 1486 3054 1556 principatum
3091 1496 3239 1541 tenet
3280 1487 3332 1540 in
3365 1478 3613 1551 homine,
3650 1489 3790 1542 unde

2216 1587 2271 1633 et
2300 1576 2465 1632 David
2502 1577 2609 1632 Deo
2640 1572 2853 1633 dicebat
2886 1595 2897 1629 :
2934 1577 3006 1631 Tu
3046 1578 3415 1632 coutribulasti
3464 1580 3641 1647 capita
3665 1580 3791 1633 dra-

2218 1685 2402 1722 conum
2435 1677 2611 1722 subter
2640 1670 2806 1738 aquas
2835 1661 2877 1735 ⁸,
2905 1666 3144 1723 mentem
3198 1668 3475 1737 videlicet,
3497 1671 3626 1725 dum
3654 1687 3792 1741 aqua

536 1764 718 1819 omnis
739 1764 932 1818 modus
955 1763 1293 1834 poenitentia:
1322 1763 1378 1817 in
1411 1763 1559 1818 omni
1589 1773 1813 1831 peccato
1836 1765 2111 1819 convenit.
2152 1750 2189 1803 Β
2222 1748 2564 1830 baptismatis
2606 1750 3005 1815 remissionem
3042 1763 3341 1831 praetente,
3392 1766 3550 1817 mens
3597 1763 3793 1818 diaboli

533 1850 772 1920 Quando
799 1854 947 1908 enim
974 1853 1314 1924 poenitentia,
1337 1868 1576 1918 saccum,
1623 1862 1679 1907 et
1722 1853 2011 1922 jejunium,
2063 1864 2118 1910 et

541 1944 822 2014 Iacrymas,
856 1952 909 1997 et
933 1943 1236 1998 orationem
1267 1943 1604 2008 continuam,
1630 1955 1685 1999 et
1707 1943 2113 2017 vigiliasexigit,

537 2037 751 2107 aliaque
779 2037 976 2092 similia
1011 2037 1348 2107 :quomodo,
1391 2038 1540 2092 verbi
1574 2037 1767 2108 gratia,
1801 2047 2113 2105 senectute,

533 2138 634 2182 aut
663 2122 820 2183 aliter
850 2143 1080 2199 corpore
1120 2127 1391 2191 inﬁrmus,
1450 2128 1612 2182 talem
1656 2142 1819 2200 agere
1841 2130 2117 2199 paeniten-

536 2220 669 2273 tiam
697 2218 1057 2289 praevalebit?
1085 2217 1340 2288 Nunquid
1392 2234 1522 2290 ergo
1576 2219 1665 2275 hic
1711 2228 1934 2290 propter
1974 2220 2119 2274 inﬁr-

536 2312 782 2367 mitatem
808 2320 903 2365 aut
932 2310 1166 2366 similem
1192 2320 1409 2366 atatem
1475 2311 1757 2382 repellitur
1787 2328 1816 2365 a
1848 2314 2118 2382 pmniten—

540 2402 653 2457 tia?
672 2403 831 2457 Nullo
858 2402 1040 2480 modo,
1065 2402 1231 2456 habet
1264 2402 1410 2456 enim
1458 2402 1629 2465 alium
1658 2403 1879 2459 modum
1909 2404 1976 2458 ad
2014 2403 2117 2458 im-

544 2492 862 2563 petrandam
886 2492 1270 2548 remissionem
1309 2502 1680 2562 peccatorum.
1739 2493 1845 2549 Sed
1872 2495 1996 2564 quis
2028 2495 2119 2549 hic

538 2583 632 2649 sit,
655 2583 938 2652 sequentia
963 2584 1358 2649 demonstrant;
1384 2583 1462 2637 ait
1490 2584 1637 2638 enim
1676 2600 1691 2637 :

610 2673 669 2730 Si
697 2684 874 2729 autem
900 2691 1003 2729 non
1039 2677 1269 2745 potuerit
1295 2675 1478 2745 oﬂ'erre
1539 2692 1715 2746 pecus.
1783 2674 1939 2745 Quod
1976 2675 2113 2733 LXX

541 2765 891 2838 interpretati
920 2778 1046 2823 sunt
1071 2783 1084 2819 :
1123 2766 1182 2821 Si
1204 2776 1382 2821 autem
1403 2783 1507 2821 non
1530 2767 1757 2821 valuerit
1783 2784 1972 2823 manus
2003 2768 2117 2838 ejus

536 2857 613 2913 ad
641 2874 809 2922 ouem,
840 2858 1088 2914 volentes
1105 2873 1203 2929 per
1226 2873 1383 2933 ovem
1406 2874 1629 2929 caprum
1665 2860 1747 2914 vel
1788 2875 2005 2929 capram
2033 2861 2118 2912 in-

537 2949 729 3021 telligi,
774 2949 926 3020 quasi
966 2965 1263 3005 commune
1316 2958 1460 3005 esset
1511 2965 1683 3020 genus
1722 2964 2007 3020 caprarum
2064 2957 2120 3003 et

2217 1850 2518 1909 conteritur
2551 1869 2566 1910 :
2599 1867 2696 1922 per
2754 1852 2859 1909 hoc
2897 1868 3027 1924 ergo
3075 1853 3217 1923 quod
3247 1853 3448 1909 dicitur
3497 1854 3674 1909 LXX:
3730 1855 3793 1909 Et

2219 1952 2457 2014 erumpet
2486 1944 2732 1997 sacerdos
2761 1947 2919 2012 caput
2940 1930 3054 2013 ejus
3083 1944 3100 1997 ἔ
3132 1944 3377 2015 praesens
3404 1946 3537 2000 vero
3564 1947 3799 2001 transla-

2221 2034 2343 2089 tio:
2376 2030 2710 2105 Retorquebit
2734 2040 2893 2100 caput
2950 2026 3065 2103 ejus
3103 2042 3151 2087 et
3213 2034 3493 2100 petinulas,
3530 2035 3644 2090 vult
3694 2052 3799 2090 nos

2218 2143 2328 2181 non
2354 2125 2560 2181 servire
2583 2141 2760 2195 neque
2790 2125 3026 2196 compati
3057 2126 3303 2196 corpori,
3363 2127 3457 2182 sed
3521 2126 3797 2197 abrumpi.

2218 2217 2303 2272 vel
2334 2217 2655 2287 retorqueri,
2680 2224 2739 2270 ut
2764 2231 2873 2269 non
2905 2231 2975 2270 ex
3000 2215 3158 2286 aquo
3181 2227 3446 2287 repugnet
3467 2217 3568 2288 legi
3594 2218 3804 2273 mentis

2217 2310 2302 2365 lex
2336 2309 2563 2381 peccati,
2592 2324 2715 2378 qua:
2741 2308 3139 2363 consuetudine
3166 2310 3429 2379 peccandi
3456 2310 3508 2363 in
3535 2312 3803 2363 membris

2219 2401 2426 2456 habitat
2451 2401 2713 2471 corporis,
2740 2414 2918 2469 neque
2943 2400 3219 2469 captivum
3268 2393 3435 2456 ducat
3493 2401 3799 2460 hominem.

2219 2492 2363 2546 sicut
2392 2491 2592 2546 Paulus
2623 2490 2700 2544 ait
2721 2490 2763 2544 '.
2789 2490 2926 2556 Quia
2948 2500 3128 2545 autem
3158 2503 3269 2544 non
3299 2490 3566 2547 debemus
3596 2502 3659 2546 es
3682 2498 3804 2547 toto

2217 2595 2417 2650 corpus
2445 2577 2740 2643 adversari,
2766 2595 2869 2634 nec
2892 2588 3195 2635 creaturam
3251 2575 3384 2633 illud
3412 2580 3613 2634 diaboli
3647 2580 3805 2634 aesti-

2219 2685 2388 2734 mare,
2422 2670 2563 2724 sicut
2591 2669 2808 2738 quidam
2841 2676 3054 2739 putant.
3084 2668 3179 2723 sed
3200 2670 3433 2725 subdere
3450 2669 3581 2724 illud
3596 2673 3801 2724 menti:

2218 2769 2507 2831 pr0pterea
2529 2776 2634 2814 uon
2661 2760 2919 2829 praecepit
2938 2769 3101 2831 caput
3130 2776 3159 2814 a
3200 2761 3339 2816 collo
3362 2762 3629 2832 separari,
3658 2776 3810 2816 unus

2218 2853 2422 2924 quippe
2479 2853 2836 2923 ejusdemque
2862 2861 2991 2907 sunt
3043 2861 3285 2922 utraeque
3339 2863 3626 2908 creaturae.
3693 2853 3807 2910 Sed

2218 2945 2501 3016 sequentia
2524 2944 2805 3000 videamus
2842 2963 2857 2998 :

541 3042 744 3106 ovium,
775 3041 918 3096 sicut
944 3042 1202 3105 diximus,
1228 3042 1332 3096 hoc
1360 3041 1452 3095 hic
1512 3041 1730 3112 planius
1769 3040 1970 3106 edidit,
2023 3042 2114 3111 qui

2288 3058 2358 3113 Et
2388 3069 2629 3129 aspergat
2659 3059 2723 3113 de
2750 3059 3012 3128 sanguine
3069 3057 3217 3114 illius
3267 3060 3528 3129 parietem
3582 3041 3803 3114 nitaris.

542 3140 604 3187 ut
618 3133 800 3187 omnia
834 3134 951 3187 haec
982 3133 1500 3203 comprehenderet,
1536 3148 1702 3203 pecus
1733 3134 1934 3204 posuit.
1959 3132 2116 3188 Unde

540 3232 598 3279 et
625 3224 714 3278 alii
742 3225 1104 3295 interpretum
1138 3225 1193 3279 in
1224 3226 1329 3281 hoc
1367 3226 1486 3280 loco
1524 3241 1625 3296 pro
1673 3242 1786 3292 ove,
1811 3226 1865 3279 hi
1890 3226 2113 3295 quidem

542 3316 819 3385 pascualia
844 3353 862 3382 ,
886 3311 976 3370 alii
1001 3326 1182 3371 autem
1215 3334 1279 3371 ex
1310 3334 1483 3390 grege,
1530 3316 1774 3372 volentes
1809 3334 1907 3388 per
1936 3317 2041 3373 hoc
2060 3326 2117 3373 et

540 3423 736 3478 capras
772 3404 1104 3478 signiﬁcare,
1136 3408 1448 3463 ediderunt.
1497 3409 1552 3463 Si
1582 3424 1710 3480 ergo
1741 3409 1830 3464 hic
1855 3426 1966 3464 non
2023 3425 2117 3480 po-

546 3502 710 3555 tuerit
743 3498 943 3554 oﬂ'erre
971 3514 1162 3569 pecus,
1189 3500 1387 3555 oll'eret
1410 3516 1510 3572 pro
1546 3512 1774 3573 peccato
1823 3518 1923 3557 suo
1968 3503 2114 3575 quod

514 3589 815 3660 ,peccavit,
849 3590 989 3644 duos
1021 3599 1283 3655 turtures,
1318 3600 1413 3646 aut
1436 3592 1573 3646 duos
1609 3593 1787 3662 pullos
1834 3593 2117 3648 columba-

546 3696 665 3736 rum
694 3681 948 3737 Domino.
981 3680 1346 3749 Quamobrem
1398 3684 1773 3739 necessarium
1815 3685 1980 3739 nimis
2033 3695 2118 3740 est

543 3771 824 3827 reminisci
860 3787 985 3840 nos,
1011 3773 1140 3843 quia
1191 3776 1669 3845 contemplativam
1724 3777 1890 3832 vitam
1945 3788 2001 3834 et
2061 3781 2113 3834 in

543 3861 897 3917 meditatione
923 3872 1362 3929 eonversantem,
1391 3873 1446 3919 et
1489 3866 1747 3920 mundam
1770 3876 1934 3937 atque
1979 3869 2114 3922 sim-

544 3954 736 4023 plicem
771 3954 1084 4026 signiﬁcari,
1121 3969 1216 4027 per
1251 3956 1426 4025 pullos
1451 3957 1829 4013 columbarum
1849 3969 1905 4014 et
1936 3969 2114 4014 turtu-

545 4060 665 4099 rum
690 4046 947 4116 superius
978 4047 1234 4104 diximus.
1266 4047 1407 4119 Ergo
1456 4052 1549 4118 qui
1581 4065 1691 4105 non
1722 4060 1901 4122 potest
1921 4066 2116 4111 vacare

544 4138 599 4193 in
628 4140 887 4194 continua
915 4134 1207 4196 atllictione
1234 4148 1293 4195 et
1323 4156 1590 4204 aerumna,
1623 4151 1680 4196 ut
1703 4158 1897 4212 panem
1955 4160 2115 4199 suum

541 4242 667 4282 cum
697 4229 883 4283 cinere
928 4229 1198 4291 comedat,
1251 4237 1307 4284 et
1368 4239 1556 4300 potum
1609 4247 1767 4287 suum
1806 4248 1929 4288 cum
1986 4233 2115 4288 ﬂetu

546 4328 835 4389 temperet,
859 4319 1071 4389 aliaque
1097 4321 1182 4375 his
1210 4321 1409 4376 similia
1458 4324 1737 4393 pumileas
1756 4334 1898 4396 agat,
1961 4327 2116 4382 verbi

2221 3150 2487 3222 Quidquid
2508 3162 2687 3205 autem
2709 3152 2968 3222 reliquum
2995 3152 3179 3222 fuerit,
3219 3152 3376 3222 [aciet
3398 3152 3665 3206 distillare
3733 3147 3811 3207 ad

2221 3244 2568 3313 fundamenta
2599 3242 2734 3311 ejus,
2769 3243 2893 3313 quia
2920 3256 3016 3310 pro
3047 3252 3259 3312 peccato
3284 3242 3600 3315 est.‘Paries
3614 3243 3811 3297 altaris

2221 3344 2420 3399 corpus
2440 3329 2643 3384 Christi
2671 3329 3013 3399 intelligitur,
3047 3329 3115 3383 de
3140 3345 3248 3398 quo
3280 3330 3395 3399 ipse
3428 3326 3686 3413 Christus
3717 3331 3806 3384 di;

2220 3420 2411 3474 cebat:
2435 3417 2626 3474 Solvite
2654 3417 2903 3481 templum
2923 3419 3038 3482 hoc,
3057 3428 3104 3473 et
3131 3414 3297 3473 tribus
3315 3418 3496 3474 diebus
3528 3419 3813 3488 (adiﬁcatas

2221 3511 2354 3566 illud
2375 3513 2415 3565 ³.
2446 3512 2879 3568 Fundamentum
2910 3521 3091 3567 autem
3106 3511 3245 3581 ejus,
3282 3513 3396 3566 sive
3424 3550 3439 3577 ,
3496 3512 3810 3567 secundum

2220 3604 2365 3675 quod
2397 3603 2541 3661 LXX
2562 3605 2905 3674 interpretati
2927 3594 3277 3669 sunt,basim.
3300 3593 3609 3659 Basiscuim
3635 3621 3816 3660 evan-

2221 3695 2418 3766 gelium
2452 3705 2535 3749 est
2581 3696 2739 3766 Ergo,
2812 3695 3112 3751 secundum
3153 3696 3513 3751 intentionem
3547 3698 3810 3751 sacriﬁcii

2221 3784 2422 3840 Christi
2450 3795 2505 3841 et
2524 3787 2852 3858 evangelica:
2882 3788 3166 3852 doctrinm,
3190 3787 3348 3857 jubet
3369 3789 3531 3842 ctiam
3567 3788 3672 3843 hoc
3706 3794 3815 3859 pro

2223 3878 2459 3947 peccatis
2490 3878 2816 3934 sacriﬁcium
2844 3879 3031 3935 otl'erri
3058 3897 3071 3932 :
3095 3891 3385 3950 propterea
3416 3881 3644 3943 addidit,
3674 3885 3808 3952 quia

2222 3985 2317 4031 pro
2353 3980 2566 4038 peccato
2586 3981 2681 4026 est.
2714 3972 2862 4027 Nihil
2891 3973 3096 4044 quippe
3137 3973 3215 4029 sic
3249 3990 3278 4027 a
3308 3973 3542 4044 peccatis
3564 3975 3809 4045 eripere.

2221 4062 2675 4130 quemadmodum
2708 4062 2910 4120 Christi
2937 4065 3166 4123 imitatio
3196 4076 3251 4122 et
3293 4067 3603 4121 obedientia
3629 4082 3812 4121 evan-

2222 4150 2406 4222 gelica:
2429 4152 2850 4222 przedicationis,
2870 4165 3066 4225 potest.
3090 4156 3181 4212 cui
3205 4155 3248 4210 si
3267 4155 3390 4224 quis
3420 4156 3487 4210 sit
3512 4156 3813 4219 ohediens,

2221 4243 2455 4299 alterum
2484 4245 2725 4301 adolebit
2752 4247 3152 4315 holocaustum,
3191 4258 3250 4302 ut
3285 4248 3399 4303 ﬁeri
3422 4249 3582 4313 solet,
3639 4249 3691 4304 id
3716 4261 3815 4303 est

2220 4337 2676 4406 quemadmodum
2698 4348 2911 4409 oportet
2936 4340 3311 4396 holocaustum
3331 4332 3467 4396 ﬁeri.
3487 4341 3641 4407 Quod
3660 4342 3812 4396 LXX

544 4409 737 4476 gratia,
772 4410 1091 4466 inﬁrmitate
1115 4420 1211 4467 aut
1246 4413 1351 4467 alia
1413 4396 1740 4484 quacunque
1788 4419 2117 4475 necessitate

2222 4396 2382 4498 plane
2397 4431 2678 4485 secundum
2704 4396 2798 4486 hoc
2835 4432 3025 4493 edunt,
3064 4434 3116 4487 id
3138 4443 3240 4499 est,
3275 4432 3436 4489 faciet
3464 4396 3646 4488 autem
3663 4451 3813 4505 quo-

545 4499 883 4568 prohibetur,
912 4502 999 4555 hic
1016 4502 1120 4556 alio
1131 4502 1293 4557 modo
1317 4518 1478 4574 agere
1499 4514 1678 4573 potest
1718 4506 2118 4575 pmnitentiam,

546 4591 713 4648 veluti
773 4593 1015 4649 oﬁ‘erens
1068 4596 1445 4666 semetipsum,
1506 4597 1574 4652 ad
1639 4601 2121 4668 contemplandum

545 4681 739 4746 Deum,
772 4691 828 4736 et
851 4683 919 4737 ad
947 4686 1438 4753 perscrutationem
1488 4686 1622 4759 legis
1653 4688 1795 4757 ejus,
1843 4697 2122 4759 totamque

545 4784 786 4829 mentem
819 4790 973 4829 suam
1001 4790 1332 4833 consecrans
1360 4779 1567 4834 caelesti
1621 4779 2045 4844 conversationi,
2089 4797 2120 4837 a

541 4866 773 4922 terrenis
803 4866 967 4921 rebus
997 4868 1310 4936 plenissime
1337 4871 1600 4925 cohibens
1626 4886 1704 4938 se,
1728 4887 1824 4942 per
1855 4872 1958 4927 hoc
1976 4873 2120 4929 enim

540 4953 614 5018 ei,
648 4962 705 5009 et
744 4964 1099 5025 peccatorum
1142 4957 1419 5022 remissio,
1447 4968 1501 5013 et
1528 4959 1849 5027 justiﬁcatio
1865 4978 2125 5031 procura-

543 5056 653 5103 tur.
683 5048 838 5103 Unde
867 5063 1058 5102 eorum
1094 5048 1424 5116 oﬁ‘eruntur,
1449 5066 1617 5106 unum
1646 5053 1865 5123 quidem
1891 5071 2125 5125 propee-

540 5148 683 5203 cato,
716 5139 771 5195 id
801 5150 884 5195 est
908 5141 977 5197 ad
1011 5142 1456 5197 emundationem
1484 5146 1714 5215 peccati,
1744 5147 1974 5202 alterum
1994 5164 2124 5203 vero

543 5227 599 5280 in
632 5227 1035 5294 holocaustum,
1062 5229 1217 5299 quasi
1241 5229 1293 5282 in
1312 5232 1720 5303 cruciﬁgentem
1743 5238 2118 5306 semetipsum,

541 5322 1015 5377 conversationem
1042 5322 1128 5377 vel
1150 5323 1339 5390 vitam,
1365 5335 1421 5380 et
1469 5326 1789 5397 plenissime
1840 5326 1951 5383 Deo
2007 5338 2117 5383 tra-

539 5410 761 5466 dentem
794 5413 1126 5469 immolatur.
1159 5411 1367 5471 Oﬁeret
1414 5425 1600 5471 autem
1655 5417 1773 5473 haec
1824 5419 2119 5486 sacerdoti,

541 5501 760 5557 Christo
789 5506 995 5575 utique.
1028 5505 1183 5561 Tunc
1212 5507 1359 5562 enim
1397 5509 1731 5578 acccptabile
1765 5517 1849 5564 est
1900 5519 2118 5566 utrum-

607 5679 626 5714 ³
663 5679 810 5736 Psal.
864 5697 1050 5750 Lxxtu,
1086 5684 1168 5738 15.
1247 5688 1267 5717 ¹
1293 5687 1448 5740 Rom.
1490 5702 1584 5753 νει,
1614 5687 1704 5740 25.
1783 5688 1803 5719 ³
1836 5686 1992 5742 Joan.
2026 5702 2086 5754 ιι,
2124 5688 2207 5747 l9.

2225 4521 2388 4576 modo
2446 4521 2628 4579 debet.
2675 4521 2904 4593 Oportet
2953 4524 3158 4595 quippe
3198 4540 3322 4579 eum
3382 4526 3471 4596 qui
3505 4535 3712 4595 patrem
3756 4537 3816 4580 ct

2224 4619 2479 4679 matrem,
2510 4623 2565 4668 et
2591 4613 2805 4680 fratres,
2835 4624 2896 4671 et
2939 4618 3131 4671 omnia.
3158 4617 3441 4693 saecularia
3465 4619 3667 4680 renuit.
3699 4618 3814 4672 hos

2226 4705 2529 4760 locaustum
2563 4707 2702 4772 ﬁeri,
2733 4709 2775 4762 si
2808 4710 2970 4765 modo
3016 4710 3132 4764 vult
3186 4726 3309 4765 esse
3371 4708 3702 4781 act-eptabile
3751 4721 3810 4765 et

2226 4793 2563 4866 intelligibile
2600 4795 3000 4853 holocaustum.
3032 4799 3159 4854 Haec
3210 4799 3254 4853 si
3288 4800 3525 4865 faciatis,
3565 4801 3659 4871 qui
3686 4816 3812 4854 non

2228 4894 2411 4954 potest
2439 4886 2712 4954 prazdictis
2763 4889 2939 4943 modis
2980 4884 3355 4959 ptenitentiam
3402 4905 3583 4961 agere,
3606 4891 3658 4944 id
3723 4902 3819 4944 est

2228 4974 2450 5044 vigiliis,
2472 4987 2529 5028 et
2553 4990 2732 5041 sacco,
2763 4985 2814 5030 et
2850 4978 2970 5031 aliis
3001 4978 3273 5033 similibus
3287 4978 3818 5039 aliiictionibus.ro-

2222 5067 2487 5137 gabitpro
2517 5082 2585 5122 eo
2612 5067 2959 5139 intelliglbilis
3004 5052 3276 5137 sacerdos,
3334 5080 3390 5125 et
3435 5087 3533 5141 pro
3579 5081 3820 5142 peccato

2221 5152 2360 5226 ejus,
2393 5163 2448 5209 et
2468 5156 2777 5210 dimittetur
2799 5157 2871 5211 ei.
2922 5158 3271 5215 Admirabilis
3291 5161 3447 5216 valde
3474 5176 3606 5234 ergo
3658 5160 3822 5218 Deus

2221 5255 2307 5303 est
2341 5247 2505 5316 hujus
2540 5247 2677 5302 lator
2706 5248 2862 5319 legis,
2893 5250 2985 5319 qui
3029 5251 3263 5315 veniam,
3313 5260 3498 5322 utpote
3561 5254 3822 5307 clemens

2223 5330 2599 5393 imbecillitate
2622 5339 2839 5410 generis
2863 5340 3085 5395 humani
3117 5343 3327 5407 tribuit,
3357 5353 3412 5399 et
3439 5345 3661 5399 modum
3716 5359 3822 5398 re-

2223 5427 2369 5500 perit
2397 5443 2495 5500 per
2525 5446 2687 5501 quem
2714 5446 2827 5487 non
2889 5435 3099 5487 minora
3151 5435 3412 5506 consequi
3462 5434 3828 5489 inﬁrmantr-s

2226 5521 2458 5592 possint.
2491 5520 2630 5587 Quia
2649 5532 2829 5579 autem
2864 5536 2981 5578 non
3004 5540 3165 5579 omne
3184 5525 3339 5579 facile
3393 5536 3477 5581 est
3503 5525 3570 5582 ad
3627 5531 3827 5596 poeul-
