4076 6188
350 258 450 327 837

1516 261 1596 326 ΙΝ
1638 267 2073 327 LEVITICUM.
2105 294 2173 302 —
2211 270 2355 331 LIB.
2388 271 2437 331 Ι.

3496 281 3602 345 898

352 375 572 429 tendum
605 381 841 446 tempus,
876 375 984 430 imo
1036 374 1329 445 aliquando
1349 386 1399 430 et
1436 376 1669 438 diﬁieile.
1732 377 1783 432 id
1839 387 1922 431 est
1954 384 1997 438 Α
2026 378 2236 433 modios
2283 382 2526 450 capiens.
2578 381 2719 453 Ergo
2757 385 3007 442 Christus
3036 398 3121 442 est
3151 388 3242 457 qui
3277 390 3603 446 sacriﬁcium

351 464 569 536 quando
606 467 759 529 abusi
794 483 983 522 sumus
1030 470 1142 537 ipsa
1176 467 1517 537 pmnitentia,
1564 469 1925 538 virtutemque

351 561 470 629 ejus
498 560 899 630 quodammodo
927 561 1267 615 abolevimus
1296 577 1308 613 :
1333 560 1477 630 quod
1508 562 1712 625 evenit,
1741 560 1784 615 si
1802 561 1926 629 quis

355 652 491 707 forte
518 668 752 724 peccans
777 662 833 707 et
861 653 1124 722 paenitere
1158 668 1216 707 se
1233 652 1497 708 simulans
1527 652 1592 708 ad
1614 653 1717 707 hoc
1738 666 1927 706 rursus

353 742 559 809 redeat,
586 743 803 812 quando
823 754 874 797 et
896 742 1085 798 Petrus
1136 741 1544 812 reprehendens
1596 741 1707 795 ait:
1742 740 1926 794 Evenit

353 836 428 891 eis
458 852 539 889 res
568 835 676 889 veri
710 834 1007 904 proverbii:
1034 832 1192 889 Canis
1212 848 1446 886 reversus
1475 830 1545 885 ad
1577 847 1730 884 suum
1759 829 1927 882 vomi-

355 936 487 990 tum,
509 934 557 978 et
585 941 674 979 sus
702 923 809 977 lota
840 924 893 975 in
923 922 1196 976 volutabra
1246 923 1375 976 caeni
1408 922 1448 974 ⁵.
1494 920 1597 975 Sed
1622 929 1677 974 et
1706 920 1927 973 Paulus.

353 1012 434 1070 Ne
455 1016 591 1087 quis,
624 1014 701 1068 ait
728 1014 1039 1085 fornicator,
1091 1023 1184 1067 aut
1218 1014 1492 1083 profanus,
1526 1021 1583 1064 ut
1614 1010 1778 1075 Esau,
1841 1010 1929 1074 qui

352 1116 563 1176 propter
586 1122 747 1159 unam
781 1120 952 1159 escam
979 1104 1208 1158 vendidit
1255 1104 1576 1174 primitivum
1607 1119 1780 1155 suam.
1810 1100 1931 1155 Sri-

356 1208 461 1252 tote
492 1199 631 1252 enim
653 1197 778 1266 quia
801 1207 849 1250 et
883 1208 1061 1266 postea
1081 1196 1389 1249 hereditate
1422 1193 1825 1247 benedictionem
1848 1208 1939 1258 re:

355 1288 606 1357 probatus
668 1298 762 1343 est.
795 1287 915 1341 Non
942 1287 1080 1341 enim
1121 1286 1315 1339 invenit
1356 1286 1673 1355 pauitantia:
1737 1282 1930 1349 locum,

355 1394 657 1450 quanquam
675 1377 1058 1446 cumlacrymis
1093 1377 1399 1446 eaquisisset
1421 1393 1537 1429 eam
1563 1377 1603 1429 '.
1628 1374 1767 1445 Ergo
1803 1374 1931 1444 quia

357 1472 553 1526 talibus
585 1486 696 1524 non
722 1469 897 1524 facilis
927 1469 1200 1538 praebetur
1222 1467 1555 1537 poenitentiae
1579 1466 1778 1531 aditus,
1804 1480 1933 1521 ecce

355 1575 501 1633 nunc
527 1558 803 1627 legislator
828 1558 1037 1623 innuit;
1068 1557 1144 1609 ait
1168 1556 1313 1610 enim
1353 1571 1368 1608 :

422 1645 574 1714 Quod
600 1648 645 1702 si
671 1663 774 1700 non
806 1646 1028 1718 quiverit
1058 1662 1246 1700 manus
1296 1645 1410 1714 ejus
1446 1646 1628 1715 offerre
1660 1643 1791 1698 duos
1817 1654 1933 1697 tur-

2027 470 2206 533 oll‘ert,
2250 482 2305 526 et
2350 473 2468 542 ipse
2518 485 2599 529 est
2647 476 2971 532 sacrificium
2998 479 3142 548 quod
3184 480 3431 536 oﬂ‘ertur.
3466 481 3604 552 Ephi

2027 565 2171 616 enim
2204 578 2327 617 cum
2361 565 2433 620 sit
2470 581 2721 621 mensura
2755 569 2919 622 trium
2961 570 3289 634 modiorum,
3323 572 3596 629 evidenter

2028 649 2352 708 Trinitatem
2403 655 2601 717 innuit,
2631 673 2752 727 qua:
2786 674 2888 712 una
2934 659 3155 730 quidem
3196 677 3451 716 mensura
3499 675 3604 722 est.

2026 743 2153 812 quia
2184 759 2288 797 una
2331 744 2383 798 in
2416 760 2476 798 ea
2513 754 2596 801 est
2633 746 2831 800 Deitas.
2866 747 3000 801 Tres
3029 757 3212 802 autem
3248 749 3413 805 habet
3450 766 3604 805 men-

2027 847 2206 896 suras,
2240 833 2289 886 id
2320 842 2424 896 est,
2468 844 2577 888 tres
2620 851 2883 903 personas
2934 836 3220 906 periectas.
3254 848 3308 893 et
3349 849 3430 894 tot
3475 843 3606 896 sub-

2028 924 2328 988 sistentias,
2358 935 2418 979 ut
2447 926 2794 981 manifestum
2829 928 2901 982 sit
2932 944 3043 983 non
3078 945 3180 984 nos
3209 946 3457 1001 peccare,
3488 934 3608 1003 ejus

2027 1025 2238 1085 partem
2269 1030 2489 1070 carnem
2526 1014 2741 1071 Domini
2771 1017 3044 1085 dicentes,
3067 1030 3293 1090 propter
3322 1022 3606 1093 insepara-

2030 1107 2192 1161 bilem
2239 1122 2365 1162 eum
2412 1122 2476 1160 ea
2529 1106 2794 1162 incarnati
2839 1106 3002 1163 Verbi
3055 1110 3377 1165 nnitionem.
3428 1112 3606 1178 Quare

2030 1207 2212 1253 autem
2246 1196 2524 1253 Trinitatis
2551 1214 2677 1267 pars
2702 1197 2821 1253 est?
2851 1198 2976 1267 quia
3010 1199 3355 1255 indivisibilis
3380 1202 3499 1271 ejus
3525 1212 3609 1257 est

2030 1289 2201 1359 gloria
2234 1297 2290 1343 et
2316 1288 2512 1353 virtus,
2549 1289 2619 1343 ita
2660 1297 2719 1344 ut
2760 1290 2960 1344 Paulus
3000 1290 3067 1345 de
3105 1290 3323 1345 Christo
3351 1293 3560 1349 diceret
3592 1311 3606 1346 :

2033 1379 2101 1434 In
2133 1382 2245 1450 ipso
2288 1380 2489 1433 habitat
2531 1381 2698 1433 omnis
2728 1380 2998 1451 plenitudo
3032 1382 3323 1435 divinitatis
3356 1400 3607 1450 corpora-

2033 1473 2154 1527 liter
2183 1473 2226 1525 ⁷.
2261 1469 2368 1526 Sed
2397 1481 2452 1527 et
2479 1471 2718 1526 Joannes
2752 1490 2763 1524 :
2794 1469 2896 1536 Qui
2931 1481 3110 1541 negat,
3148 1472 3341 1541 inquit,
3385 1472 3607 1529 Filium.

2031 1578 2126 1617 nec
2152 1562 2366 1617 Patrem
2410 1563 2563 1617 habet
2592 1578 2610 1615 :
2642 1560 2740 1626 Qui
2755 1549 3048 1633 'conﬁjetur
3079 1560 3281 1627 Iesum,
3316 1572 3364 1616 et
3396 1562 3609 1616 Patrem

2036 1653 2192 1707 habet
2219 1654 2265 1707 ⁸.
2308 1653 2451 1724 Ergo
2500 1654 2632 1723 epbi
2680 1652 2902 1726 quidem
2949 1650 3040 1706 hic
3085 1652 3399 1709 incarnatus
3443 1653 3608 1720 Deus,

353 1751 497 1794 tures
525 1738 608 1793 vel
649 1737 779 1793 duos
819 1737 991 1808 pullos
1022 1736 1291 1791 columba!-
1333 1736 1473 1803 QIIia
1504 1750 1633 1791 vero
1664 1735 1783 1791 hac
1820 1750 1930 1791 ῐιοιι
1963 1725 2006 1781 Β
2040 1743 2275 1801 Verbum
2308 1754 2496 1816 utpote
2535 1743 2759 1817 habens
2792 1744 2847 1798 in
2890 1758 2950 1799 se
2995 1742 3277 1800 Trinitatis
3309 1746 3610 1815 plenitudi-

351 1839 534 1903 potest
579 1831 921 1896 omnimodo,
968 1845 1071 1884 nec
1116 1828 1332 1884 haedum
1385 1839 1478 1883 aut
1517 1843 1674 1883 ovem
1719 1836 1931 1897 potest;

351 1939 522 1996 quare
549 1933 730 1979 autem
749 1938 858 1979 non
897 1931 1077 1993 potest
1103 1941 1117 1976 :
1154 1937 1274 1987 seu,
1327 1931 1386 1975 ut
1416 1919 1557 1997 LXX
1589 1920 1796 1987 dicunt,
1830 1936 1933 1974 non

353 2016 596 2072 invenit!
636 2014 764 2086 quia
810 2013 1016 2070 divitiis
1056 2012 1393 2084 paenitentia:
1441 2012 1582 2067 male
1630 2027 1783 2076 usus,
1822 2026 1935 2065 non

352 2123 450 2161 eas
477 2106 940 2178 quemadmodum
972 2105 1280 2176 oportebat,
1322 2104 1600 2175 expendit.
1633 2102 1777 2169 Quid
1806 2118 1935 2174 ergo

354 2197 540 2259 faciet,
580 2206 640 2251 ut
676 2212 787 2251 non
829 2195 1139 2265 desperatio
1165 2194 1213 2250 ei
1252 2210 1415 2249 causa
1458 2193 1780 2264 perditionis
1808 2191 1936 2247 ﬁat?

426 2288 608 2359 ()ﬂ'eret
635 2304 730 2358 pro
758 2296 970 2359 peccato
996 2303 1091 2340 suo
1122 2285 1377 2350 similam,
1406 2294 1614 2356 partem
1644 2285 1762 2354 ephi
1795 2282 1935 2337 deci-

357 2396 502 2433 mam
528 2395 548 2434 :
578 2395 682 2434 non
718 2380 888 2433 mittet
933 2380 988 2432 in
1032 2394 1150 2432 eam
1184 2376 1380 2442 oleum,
1416 2393 1507 2430 nec
1534 2376 1700 2430 thuris
1731 2374 1937 2445 aliquid

353 2478 536 2539 ponet,
585 2469 712 2540 quia
759 2485 856 2539 pro
897 2477 1108 2536 peccato
1143 2475 1240 2521 est.
1278 2464 1403 2522 Haec
1446 2481 1574 2537 ergo
1626 2466 1838 2535 species
1884 2465 1932 2520 ei

357 2561 695 2632 poenitentia:
743 2575 1002 2615 concessa
1048 2568 1132 2615 est
1171 2574 1333 2629 quam
1364 2556 1522 2613 dixit.
1562 2556 1785 2611 Anxiari
1835 2552 1934 2610 at"

359 2663 467 2708 tem
497 2661 552 2708 et
582 2653 775 2707 timere
803 2652 986 2715 debet,
1017 2666 1086 2705 ne
1128 2650 1266 2705 forte
1297 2665 1405 2704 non
1437 2647 1766 2719 suscipiatur
1792 2647 1930 2717 ejus,

358 2754 544 2815 utpote
594 2744 913 2814 frequenter
940 2742 1214 2812 injuriata,
1241 2741 1602 2813 poenitentia;
1640 2750 1931 2811 propterea

355 2849 460 2890 nec
505 2835 686 2889 oleum
732 2831 1098 2904 superfundit,
1134 2840 1319 2901 utpote
1366 2831 1622 2886 dubitans
1660 2820 1731 2885 an
1771 2830 1934 2897 mise-

357 2925 591 2981 ricordia
620 2933 675 2979 et
702 2923 1082 2995 compassione
1108 2922 1305 2991 dignus
1344 2924 1433 2975 sit.
1478 2921 1584 2976 Sed
1620 2936 1724 2976 nec
1759 2920 1933 2975 thuris

2034 1852 2184 1893 nem.
2220 1835 2440 1892 Decima
2476 1844 2660 1891 autem
2697 1835 2817 1906 ejus
2857 1844 2943 1893 est
2985 1850 3113 1890 caro
3149 1853 3165 1889 :
3196 1835 3437 1906 primum
3482 1837 3608 1907 qui-

2034 1928 2159 1983 dem
2214 1934 2273 1980 ut
2325 1925 2705 1982 ostenderetur
2759 1925 3066 1981 sublimitas
3120 1926 3422 1982 divinitatis
3468 1928 3608 1997 ejus.

2033 2023 2303 2087 quantum
2348 2017 2416 2070 ad
2466 2016 2880 2082 humanitatem,
2921 2025 3146 2086 propter
3196 2016 3342 2085 quod
3386 2025 3442 2071 et
3487 2034 3613 2087 pars

2034 2107 2265 2171 dicitur;
2306 2107 2505 2162 deinde
2536 2122 2636 2177 pro
2664 2123 2729 2160 eo
2762 2108 2906 2176 quod
2937 2106 3147 2178 integro
3177 2108 3400 2163 homine
3435 2108 3614 2163 incarc

2034 2206 2199 2251 natus
2248 2205 2333 2251 est
2379 2196 2523 2250 Deus
2567 2193 2827 2257 Verbum,
2866 2203 2921 2250 et
2967 2195 3062 2264 qui
3115 2196 3289 2266 legem
3340 2197 3609 2267 impleret.

2034 2283 2339 2354 Utrumque
2367 2285 2513 2339 enim
2542 2283 2754 2339 decima
2783 2282 3071 2353 signiﬁcat,
3096 2285 3222 2354 quia
3250 2294 3307 2339 et
3338 2284 3615 2355 perlectus

2035 2386 2117 2433 est
2143 2376 2402 2432 denarius
2432 2391 2717 2430 numerus.
2758 2376 2952 2431 Decem
2984 2386 3167 2432 autem
3196 2379 3452 2433 mandata
3481 2379 3615 2450 legis

2036 2476 2187 2534 sunt,
2210 2467 2355 2521 unde
2384 2475 2439 2520 et
2468 2464 2692 2520 decimae
2720 2464 3021 2519 :decimam
3046 2474 3255 2537 partem
3282 2468 3613 2538 praecipuam

2035 2558 2327 2623 sacerdoti,
2364 2555 2588 2612 Christo
2631 2554 2900 2622 videlicet,
2947 2556 3032 2611 lex
3073 2558 3376 2628 deputavit,
3427 2566 3616 2629 utpote

2036 2668 2229 2707 massa:
2280 2660 2482 2706 nostrae
2522 2649 2794 2721 primitias
2835 2650 3080 2707 habenti.
3117 2651 3440 2722 Quicunque
3487 2666 3616 2723 ergo

2035 2742 2416 2813 paenitentiam
2451 2757 2596 2811 sape
2631 2742 2997 2809 praevaricans
3028 2743 3270 2809 violabit,
3312 2758 3615 2813 rursusque

2036 2832 2152 2886 vult
2177 2846 2338 2902 agere
2368 2830 2770 2900 paenitentiam,
2796 2833 2851 2884 in
2885 2847 2982 2902 spe
3002 2831 3201 2887 Christi
3234 2843 3377 2903 agat,
3404 2834 3496 2904 qui
3529 2834 3613 2887 in-

2034 2924 2274 2994 quisitus
2302 2938 2332 2977 a
2363 2923 2524 2977 Petro
2553 2940 2567 2976 :
2596 2921 2654 2977 Si
2695 2924 2982 2993 peccaverit
3026 2923 3081 2976 in
3125 2940 3208 2977 me
3243 2926 3409 2994 frater
3449 2940 3612 2990 meus,

355 3016 559 3087 aliquid
600 3014 854 3085 imponit,
882 3022 1071 3084 utpote
1101 3013 1194 3082 qui
1226 3011 1404 3067 nescit
1429 3021 1607 3066 utrum
1637 3011 1760 3065 boni
1794 3011 1934 3065 odo-
1961 3053 2005 3113 Β
2036 3016 2237 3088 quoties
2282 3014 2489 3068 dimitto
2539 3015 2608 3079 ei,
2645 3030 2809 3084 usque
2840 3014 3068 3086 septies?
3116 3014 3255 3069 dixit
3288 3033 3305 3068 :
3333 3015 3453 3069 Non
3499 3017 3616 3070 dico

356 3109 434 3163 ris
483 3108 556 3162 sit
600 3108 719 3178 ejus
762 3106 959 3167 oratio,
982 3121 1145 3175 quam
1191 3103 1508 3174 frequenter
1548 3102 1933 3173 pmvaricatus

354 3211 457 3257 est.
489 3199 645 3256 Unde
673 3199 792 3255 Joel
818 3198 1083 3270 propheta
1114 3198 1182 3252 ad
1212 3197 1426 3268 plebem
1451 3196 1764 3252 Judaiorum
1788 3195 1936 3251 diee-

354 3294 449 3349 bat
484 3310 499 3348 :
537 3291 922 3348 Convertimini
982 3292 1053 3344 ad
1120 3290 1402 3344 Dominum
1459 3288 1627 3343 Deum
1684 3300 1934 3354 vestrum,

354 3388 480 3456 quia
528 3385 780 3455 benignus
830 3392 878 3435 et
924 3383 1221 3435 misericors
1251 3390 1348 3446 est,
1379 3378 1587 3449 patiens
1625 3388 1671 3433 et
1715 3378 1937 3433 multum

358 3479 675 3541 misericors,
703 3486 753 3530 et
782 3473 1099 3544 prrrstabilis
1139 3490 1299 3541 super
1337 3472 1569 3527 malitia.
1613 3471 1740 3536 Quis
1770 3473 1862 3526 scit
1893 3472 1938 3525 si

357 3577 697 3624 convertatur
724 3576 775 3621 et
815 3567 1069 3637 ignoscat,
1101 3574 1150 3618 et
1190 3564 1453 3633 relinquat
1494 3574 1611 3633 post
1639 3580 1693 3617 se
1724 3564 1937 3618 benedi-

357 3659 623 3716 ctionem?
674 3656 1009 3727 Sacriﬁcium
1058 3665 1107 3710 et
1156 3655 1386 3709 libamen
1430 3655 1654 3708 Domino
1697 3654 1802 3708 Deo
1844 3671 1939 3709 no-

355 3761 468 3809 ctro
498 3750 539 3804 ‘.
596 3749 662 3804 Et
713 3747 990 3819 quomodo
1047 3746 1329 3801 dubitatur
1376 3745 1445 3801 de
1494 3744 1846 3800 misericorde
1883 3755 1940 3801 et

359 3844 623 3916 patiente,
668 3851 724 3897 et
766 3841 953 3896 multm
996 3837 1387 3904 miserationis,
1424 3837 1467 3892 si
1501 3847 1853 3911 convertatur
1884 3847 1941 3894 et

362 3937 650 4010 paeniteat,
676 3944 732 3991 et
759 3936 804 3990 si
833 3932 1160 3990 sacriﬁcium
1184 3939 1278 3985 aut
1308 3931 1544 3985 libamen
1578 3945 1675 4000 pro
1704 3931 1940 4000 peccatis

358 4029 614 4101 accipiat,
649 4027 757 4084 nisi
785 4026 912 4096 quia
948 4024 1151 4097 populo
1182 4023 1419 4093 maligno
1448 4030 1505 4076 et
1534 4020 1780 4092 diligenti
1810 4036 1938 4092 pec-

361 4132 479 4177 cata
506 4119 784 4193 loquitur?
813 4116 918 4184 Qui
954 4131 1078 4171 cum
1111 4129 1258 4185 saepe
1282 4113 1474 4185 egerit,
1505 4128 1784 4182 nunquam
1816 4129 1940 4183 per-

361 4214 500 4269 stitit
544 4214 599 4268 in
643 4228 778 4283 pura
803 4208 1124 4281 pomitentia
1156 4224 1169 4259 :
1200 4221 1327 4279 ergo
1361 4220 1463 4260 nec
1503 4206 1942 4277 desperationem

363 4306 469 4361 illis
515 4303 695 4359 facere
728 4305 864 4365 vult,
904 4315 1007 4355 nec
1045 4312 1236 4353 rursus
1278 4312 1373 4353 eos
1425 4298 1755 4368 paenitentes
1786 4298 1943 4352 valde

2038 3109 2132 3163 tibi
2162 3124 2322 3179 usque
2346 3107 2556 3176 septies,
2590 3108 2680 3162 sed
2712 3124 2875 3177 usque
2904 3108 3203 3179 septuagies
3230 3108 3422 3176 septies
3443 3110 3486 3161 ο.
3516 3109 3625 3164 llic.

2036 3218 2166 3273 ergo
2208 3216 2390 3255 sermo
2449 3214 2603 3270 spem
2645 3200 2979 3270 pmnitentia:
3015 3199 3095 3254 eis
3132 3201 3330 3270 quibus
3362 3202 3616 3272 impossi-

2034 3294 2161 3349 bilis
2191 3292 2404 3348 videtur
2424 3292 2652 3361 praebet.
2678 3291 2908 3361 Propter
2926 3290 3070 3360 quod
3094 3288 3353 3347 hauriens
3379 3294 3447 3347 de
3471 3293 3617 3347 obla—

2038 3386 2187 3441 tione
2236 3384 2424 3455 implet
2474 3383 2737 3455 pugillum
2785 3383 2840 3437 in
2889 3393 3305 3439 monumentum
3354 3384 3474 3454 ejus
3521 3387 3613 3454 qui

2037 3477 2254 3542 obtulit,
2286 3486 2343 3530 et
2374 3485 2583 3530 cremat
2627 3490 2795 3544 super
2828 3475 3017 3539 altare,
3054 3476 3107 3530 id
3146 3486 3253 3540 est,
3281 3491 3490 3530 memor
3530 3479 3612 3530 sui

2038 3566 2212 3632 verbi,
2246 3564 2391 3636 quod
2419 3579 2519 3633 pro
2553 3562 2637 3617 bis
2676 3562 2971 3625 salvandis,
3001 3562 3092 3632 qui
3134 3562 3200 3616 ad
3233 3576 3293 3616 se
3325 3561 3615 3615 veniebant

2038 3659 2298 3729 apostolis
2339 3656 2477 3711 dixit
2511 3673 2524 3709 :
2555 3654 2676 3710 Non
2706 3654 2948 3725 peribunt
2980 3655 3038 3708 in
3082 3663 3356 3717 ceternum,
3385 3665 3432 3707 et
3468 3670 3617 3707 nemo

2038 3769 2129 3807 eas
2159 3753 2328 3820 rapiet
2359 3750 2421 3804 de
2451 3764 2610 3803 manu
2641 3764 2756 3802 mea
2793 3747 2858 3799 ".
2894 3744 3217 3800 Venientem
3251 3746 3316 3799 ad
3354 3759 3413 3798 se
3447 3744 3618 3799 salvat

2038 3859 2165 3899 eum
2230 3842 2320 3912 qui
2369 3854 2512 3911 saepe
2555 3835 2784 3908 deliquit
2822 3837 2877 3891 in
2916 3835 3314 3907 penitentiam.
3351 3834 3491 3901 Quid
3522 3850 3619 3903 pro

2038 3952 2105 3993 eo
2135 3934 2377 3989 oﬂerens
2406 3930 2667 4002 pugillum
2701 3930 2757 3984 in
2790 3937 3229 3992 monumentum,
3272 3928 3324 3981 id
3358 3936 3461 3988 est.
3496 3942 3617 3979 ver-

2040 4028 2170 4082 bum
2215 4013 2515 4079 seeundum
2556 4021 2703 4093 quod
2748 4019 3002 4095 promisit
3038 4035 3135 4075 eos
3169 4020 3262 4091 qui
3302 4020 3471 4075 semel
3516 4022 3620 4074 sub

2041 4134 2205 4174 manu
2250 4117 2373 4188 ejus
2418 4116 2549 4170 facti
2600 4115 2804 4170 fuerint
2852 4129 2961 4168 non
3002 4114 3201 4184 perire.
3237 4113 3308 4168 De
3344 4114 3446 4168 hoc
3487 4127 3620 4182 ergo

2036 4210 2249 4281 pugillo
2297 4208 2584 4262 mulierem
2632 4221 2753 4276 qua:
2801 4204 3029 4277 ﬁgurant
3077 4205 3298 4277 gerebat
3343 4205 3619 4266 Ecclesiae,

2044 4304 2161 4373 ipse
2206 4301 2508 4358 introduxit
2536 4300 2815 4355 dicentem
2850 4315 2865 4353 :
2898 4296 3231 4367 Cougaudrte
3270 4297 3416 4360 mihi,
3449 4297 3621 4349 invcui

364 4409 716 4466 pratsumet'e.
750 4400 914 4461 atque
957 4390 1079 4445 ideo
1120 4389 1304 4445 verbis
1347 4397 1430 4443 εει
1469 4389 1652 4443 dubiis
1683 4404 1814 4443 usus
1841 4405 1856 4441 ἓ
1888 4398 1942 4445 el
1975 4408 2020 4462 ι)
2045 4410 2162 4449 eam
2188 4394 2499 4447 drachmam
2526 4406 2687 4461 quam
2716 4387 3142 4458 perdiderant".
3181 4389 3222 4439 Α
3253 4385 3440 4440 multis
3473 4386 3619 4439 enim

364 4486 722 4556 quamobrem
755 4499 865 4538 non
902 4481 1188 4552 oportebat
1220 4479 1703 4550 praesumptionem
1750 4479 1831 4533 eis
1862 4477 1942 4534 la-

365 4577 470 4631 cile
499 4575 639 4641 dari,
671 4590 740 4630 ne
763 4578 884 4630 data
929 4571 1306 4644 praesumptio,
1348 4567 1413 4623 ad
1450 4569 1553 4622 alia
1590 4583 1780 4624 rursus
1810 4583 1940 4639 pec-

364 4676 484 4721 cata
538 4681 635 4720 eos
689 4663 1111 4735 negligentiores
1164 4660 1437 4723 ediceret,
1489 4659 1637 4713 velut
1684 4658 1941 4714 relaxatis

364 4758 661 4830 prioribus,
696 4758 942 4810 inlirtnos
981 4756 1183 4824 quippe
1219 4753 1481 4822 quosdam
1537 4761 1593 4806 et
1627 4752 1942 4806 inconstan-

367 4861 447 4904 tcs
475 4851 530 4905 iu
565 4848 863 4904 virtutibus
892 4846 1168 4918 lcgislator
1201 4843 1399 4900 innuit.

434 4940 626 4995 Tradet
673 4949 854 4994 autem
895 4953 1014 4991 eam
1057 4936 1337 4990 sacerdoti.
1384 4933 1474 4989 Ille
1521 4943 1724 4996 autem,
1763 4940 1948 5001 utpote

365 5033 491 5100 pius
512 5022 766 5086 Christus
797 5047 811 5085 :
838 5030 1044 5099 quippe
1072 5036 1154 5083 est
1183 5027 1275 5097 qui
1300 5026 1631 5080 etiamnunc
1663 5039 1759 5093 per
1783 5023 1949 5095 signi-

364 5123 674 5177 ﬁcationem
706 5121 1027 5191 intelligitur
1054 5119 1375 5174 sacerdotis.

438 5211 540 5278 Qui
585 5213 798 5281 plenum
838 5229 902 5266 ea:
950 5220 1058 5265 toto
1096 5210 1355 5282 pugillum
1393 5211 1661 5267 hauriens.
1694 5209 1946 5264 cremabit

366 5322 524 5374 super
551 5304 725 5359 altare
756 5305 810 5358 in
841 5312 1239 5358 monumentum
1273 5302 1406 5371 ejus.
1443 5301 1547 5367 Qui
1590 5301 1785 5356 obtulit
1822 5317 1950 5372 spc-

365 5399 480 5451 cfes
518 5396 833 5461 oblationis,
866 5394 1218 5464 acceptabilis
1264 5404 1346 5449 est
1395 5393 1524 5465 cphi
1570 5394 1766 5451 simile.
1810 5396 1950 5466 Ephi

370 5500 549 5541 autem
581 5501 836 5539 mensura
866 5495 949 5539 est
978 5484 1143 5539 trium
1183 5500 1590 5553 mensurarum,
1622 5485 1673 5540 id
1704 5495 1811 5552 est,
1841 5494 1951 5541 tres

438 5618 523 5671 ‘Il
562 5617 704 5673 l‘etr.
739 5635 800 5680 ιι,
833 5620 923 5673 22.

363 5702 521 5751 sviti,
566 5690 655 5752 2|,
684 5689 772 5742 2i.
855 5691 895 5719 “’
926 5690 1083 5745 Joan.
1124 5707 1175 5754 χ,
1200 5690 1291 5746 28.
1371 5689 1408 5719 “
1443 5688 1573 5744 Luc.
1597 5706 1685 5755 xv,
1708 5691 1763 5743 9.

999 5619 1023 5651 ³
1052 5619 1217 5675 Hebr.
1246 5636 1339 5683 xu,
1375 5618 1460 5683 l6,
1500 5621 1582 5673 l7.
1660 5620 1695 5652 ⁸
1719 5621 1856 5677 Joel.
1894 5639 1952 5688 ιι,
1987 5624 2072 5685 l3.
2128 5624 2208 5678 ιι.
2288 5622 2537 5677 'Colass.
2570 5636 2605 5673 ιι
2667 5619 2719 5673 9.

2050 4486 2191 4540 male.
2222 4482 2545 4555 paenitentia
2577 4481 2858 4537 utentibus
2883 4478 3093 4550 perdita
3128 4476 3303 4531 fuerat
3333 4475 3472 4529 ratio
3496 4491 3620 4545 spe-

2052 4576 2236 4631 randaa
2286 4574 2639 4645 pmnitenlia‘,
2688 4573 2781 4628 sed
2802 4571 3103 4628 secundum
3150 4567 3464 4639 praediolum
3506 4582 3625 4619 mo—

2048 4666 2181 4721 dum
2227 4665 2448 4720 inventa
2494 4674 2596 4718 est.
2645 4663 2760 4718 Hoc
2805 4677 2936 4732 ergo
2978 4668 3392 4715 monumentum
3435 4655 3625 4709 παρη-ι

2049 4773 2217 4826 super
2262 4755 2433 4810 altare
2481 4770 2681 4824 corpus
2728 4769 2908 4817 suum,
2943 4754 3087 4822 quod
3132 4764 3294 4803 omne
3342 4754 3620 4815 peccatum

2050 4849 2317 4917 suscepit,
2358 4846 2521 4900 etiam
2573 4845 2704 4899 illud
2759 4844 2904 4914 quod
2959 4841 3243 4909 videbatur
3294 4832 3632 4902 impossibile

2050 4954 2210 5010 posse
2240 4937 2464 4992 salvari.
2494 4935 2722 5005 Propter
2754 4935 2898 5004 quod
2929 4930 3134 4986 addidit
3164 4946 3179 4983 :

2120 5028 2255 5093 Quia
2287 5044 2382 5098 pro
2408 5037 2620 5095 peccato
2648 5036 2741 5080 est.
2770 5024 3079 5079 Osteiidcns
3104 5018 3227 5088 quia
3258 5017 3323 5072 ad
3347 5012 3628 5070 Christum

2051 5122 2226 5177 solum
2275 5121 2517 5190 pertinet
2570 5118 2817 5171 omnium
2866 5120 3089 5183 peccata
3135 5107 3439 5176 suscipere.
3485 5102 3629 5174 Ergo

2048 5213 2108 5268 hi
2164 5212 2257 5282 qui
2317 5210 2695 5281 paenitentiam
2755 5220 2899 5275 saepe
2957 5201 3232 5272 peccando
3289 5195 3630 5269 praevarirati

2049 5315 2200 5368 sunt,
2239 5315 2516 5375 postremo
2553 5310 2735 5354 autem
2773 5297 3165 5367 pmnituerunt,
3195 5307 3261 5345 ex
3301 5304 3368 5344 eo
3403 5288 3631 5359 quidem

2048 5400 2192 5466 quod
2236 5398 2554 5464 frequenter
2597 5388 2933 5461 praevaricati
2977 5392 3129 5449 sunt,
3161 5398 3313 5454 spem
3352 5379 3629 5452 paeniten-

2049 5490 2137 5542 tia:
2170 5502 2280 5541 non
2315 5486 2521 5540 trahent
2553 5501 2568 5537 :
2599 5467 2848 5539 Christus
2892 5488 3077 5534 tamen
3122 5474 3285 5531 etiam
3326 5474 3403 5528 sic
3444 5486 3629 5533 orare,

2808 5617 2829 5647 "
2865 5617 2883 5670 l
2915 5615 3071 5671 Joan.
3096 5629 3163 5679 ιι,
3192 5610 3286 5667 25.
3382 5609 3402 5642 ⁹
3432 5606 3631 5662 Matth.
