4076 6188
464 308 588 373 τως)

1676 300 2037 366 HESYCHH
2076 304 2545 365 PRESBYTER!

3550 257 3559 263 ’
3621 296 3729 361 8:0

480 421 533 476 id
575 426 660 475 est
702 418 982 488 suscipere
1028 416 1428 487 penitentiam,
1461 426 1682 485 prop:er
1720 430 1878 470 suum
1916 416 2055 485 pati-
2087 426 2127 477 Α
2159 415 2346 476 semel.
2389 415 2493 475 bis,
2524 414 2607 467 vel
2647 423 2745 474 ter,
2799 409 2892 467 sed
2942 426 3083 483 sa‘pe
3116 408 3172 465 in
3216 412 3405 466 iisdem
3444 411 3497 466 in
3528 413 3729 483 quibus

483 520 573 565 tur
602 512 850 573 verbum,
879 508 1022 577 quod
1046 506 1715 575 manifestantsequentia,
1739 522 1861 560 cum
1889 506 2054 559 dicit:

551 600 764 671 Rogons
791 614 887 668 pro
903 598 998 651 illo
1031 607 1080 651 et
1113 598 1352 667 capiens.
1387 596 1507 662 Vel,
1539 597 1682 651 sicut
1702 595 1839 651 LXX
1865 596 2057 650 edide-

486 699 612 744 runt
653 707 665 743 ε
697 688 764 743 Et
794 688 968 741 orabit
994 703 1093 757 pro
1127 704 1187 741 eo
1217 688 1479 748 sacerdos.
1508 698 1557 741 et
1586 705 1681 754 pro
1707 697 1918 757 peccata
1946 687 2061 756 ejus

482 791 620 853 quod
649 783 903 852 peccavit,
933 791 984 835 et
1013 782 1309 836 dimittetur
1337 784 1403 837 ei.
1453 782 1521 838 Ut
1552 797 1617 837 ex
1651 781 1754 837 hoc
1811 782 2061 835 intend-as

485 875 612 944 quia
642 874 1053 929 multitudinem
1082 883 1429 944 peccatorum
1469 876 1813 929 commissam
1853 872 2060 944 signiti-

386 1022 393 1025 ,
483 972 590 1017 cat.
623 962 991 1028 Quamobrem
1020 963 1188 1017 etiam
1215 962 1284 1016 ab
1304 978 1414 1017 uno
1453 963 1669 1027 borum,
1703 972 1890 1033 utpote
1918 978 2061 1032 scepe

485 1053 677 1106 eadem
706 1059 987 1121 peccante.
1016 1067 1270 1123 saepeque
1313 1053 1381 1107 de
1419 1053 1610 1108 eadem
1645 1068 1702 1108 re
1737 1054 2059 1123 ptenitente,

486 1153 653 1214 atque
687 1144 1048 1199 nihilominus
1076 1144 1307 1199 iterante
1337 1155 1641 1215 peccatum,
1674 1161 1737 1200 ea
1778 1145 1831 1198 in
1864 1146 2062 1214 quibus

488 1236 875 1305 praevaricatus
891 1237 1388 1307 est,.po-.nitentiam
1408 1247 1552 1293 recte
1568 1238 1823 1292 sacerdos
1839 1237 2064 1292 dimittit

491 1338 546 1381 ct
567 1328 910 1397 deprecatur.
934 1328 1248 1383 Misericors
1278 1337 1363 1383 est
1378 1330 1523 1382 enim
1542 1338 1598 1384 ct
1614 1328 1787 1383 ﬁdelis
1808 1330 2063 1383 sacerdos

487 1420 555 1474 ad
585 1420 752 1474 Deum
774 1420 866 1489 qui
892 1429 1081 1475 exorat
1120 1436 1217 1490 pro
1244 1420 1484 1488 peccatis
1525 1421 1726 1491 populi.
1760 1420 1865 1475 Sed
1898 1422 2061 1475 etiam

476 1512 577 1581 qui
601 1511 725 1564 linis
745 1511 815 1564 sit
834 1510 1334 1579 hujussauctionis,
1349 1525 1760 1581 cognoscamus,
1779 1512 2061 1580 sequitur:

560 1592 836 1669 Reliquam
862 1614 982 1653 vero
995 1609 1202 1668 portent
1219 1600 1329 1667 ipse
1350 1599 1557 1653 habebit
1579 1600 1634 1653 in
1654 1614 1884 1654 munere.
1911 1597 2065 1665 Quod

491 1689 779 1743 ediderunt
815 1706 831 1744 :
861 1688 1011 1753 Quod
1042 1697 1219 1741 autem
1262 1687 1517 1758 reliquum
1556 1672 1735 1760 fuerit,
1777 1689 1846 1741 sit
1889 1704 2065 1741 sacer-

494 1782 648 1845 dotis,
694 1781 1135 1851 quemadmodum
1160 1750 1493 1848 sacriﬁcium
1539 1750 1749 1843 similar,
1788 1779 1934 1849 atqui
1972 1778 2066 1831 hoc
2098 1750 2139 1809 Β

492 1873 813 1926 sacrificium
840 1873 1031 1927 simin
1057 1882 1151 1925 est.
1189 1871 1460 1925 Decimum
1491 1875 1693 1940 quippe
1720 1870 1847 1939 ephi
1880 1870 2068 1925 simila:

495 1961 754 2030 praecepit
782 1959 989 2016 uﬂert‘i.
1022 1958 1133 2015 Sed
1160 1960 1287 2028 quia
1321 1957 1552 2013 similam
1585 1957 1915 2029 theologiam
1946 1973 2069 2013 esse

494 2054 694 2117 novit,
724 2053 850 2107 inec
884 2059 1076 2107 autem
1120 2051 1326 2107 oblatio
1362 2066 1471 2105 non
1515 2059 1723 2105 tantum
1765 2050 2067 2121 theologite,

494 2148 765 2216 lpiantum
792 2145 1132 2215 pmnitentiaa
1156 2153 1260 2209 est,
1285 2157 1382 2214 per
1403 2143 2075 2213 comparationctn'osten-

488 2237 579 2289 dit
637 2238 764 2305 quia
808 2235 927 2289 ltrec
976 2236 1079 2289 alia
1120 2234 1367 2305 quaedam
1398 2243 1483 2289 est
1514 2242 1664 2288 extra
1704 2234 1848 2289 illam
1882 2250 1896 2287 :
1929 2234 2073 2287 unde

498 2328 571 2383 ibi
602 2327 824 2398 quidem
855 2328 1001 2397 quod
1034 2328 1301 2397 reliquum
1339 2326 1463 2394 fuit,
1496 2328 1677 2381 Aaron
1707 2335 1762 2382 et
1793 2325 1913 2380 ﬁliis
1955 2325 2075 2395 ejus

488 2418 799 2488 deputavit.
836 2416 971 2472 Esse
998 2426 1177 2472 autem
1210 2417 1453 2472 diximus
1482 2417 1602 2487 ejus
1634 2417 1792 2481 illius,
1827 2417 1947 2471 iilos
1982 2417 2075 2486 qui

499 2510 758 2565 sublimia
784 2520 839 2565 et
868 2509 1053 2564 divina
1092 2509 1393 2579 intelligere
1417 2518 1674 2579 possunt.
1710 2507 1817 2579 lpsi
1855 2507 2075 2578 quidem

492 2610 795 2670 pascuntur
837 2602 904 2655 de
934 2602 1177 2655 scientiae
1210 2599 1481 2670 reliquiis,
1519 2601 1675 2671 cujus
1715 2608 1885 2654 totum
1914 2609 2077 2670 atque

502 2712 773 2749 summam
822 2694 889 2771 iu
916 2693 1071 2747 ewlis
1100 2691 1349 2747 Christus
1392 2691 1578 2760 habet,
1607 2692 1749 2761 apud
1790 2706 1950 2762 quem
1990 2708 2078 2746 sa-

504 2787 724 2858 pientite
755 2785 997 2840 thesauri
1044 2794 1098 2839 et
1126 2784 1389 2850 Scientlte,
1418 2785 1557 2839 sicut
1594 2783 1671 2837 ait
1701 2784 1989 2854 Apostolus
2011 2783 2076 2844 ",

496 2880 811 2935 absconditi
867 2884 1014 2931 sunt.
1067 2875 1222 2931 Nunc
1260 2884 1442 2932 autem
1493 2892 1601 2930 non
1641 2877 1817 2929 Aaron
1863 2884 1919 2929 et
1956 2874 2080 2929 ﬁliis

494 2974 644 3041 ejus,
675 2972 771 3028 sed
805 2969 1072 3025 sacerdoti
1104 2969 1247 3038 quod
1283 2968 1548 3039 reliquum
1595 2976 1701 3032 est,
1740 2966 1958 3023 Christo
1995 2966 2077 3021 vi-

2160 504 2491 575 poauituerat
2519 504 2982 576 prasvarirantetn,
3017 504 3393 574 paenitentiam
3422 520 3575 559 suam
3608 519 3731 560 esse

2163 596 2452 650 maledicto
2500 595 2794 666 proximam
2846 607 2903 649 et
2952 596 3257 665 reprobam,
3293 594 3522 664 ejusque
3566 595 3730 650 linem

2161 685 2215 738 in
2249 685 2628 739 cotnbustione
2658 699 2779 737 esse
2812 683 2920 737 nisi
2959 682 3268 753 resipuerit.
3308 681 3513 738 Nolens
3547 694 3731 740 autem

2163 774 2600 843 desperationem
2679 771 2861 826 facere
2932 770 3274 825 auditoribus
3348 771 3465 823 suis
3513 788 3526 824 :
3574 781 3734 825 erant

2163 868 2366 937 quippe
2411 866 2531 920 sine
2584 865 2752 919 dubio
2799 864 3018 934 quidam
3075 864 3128 916 in
3166 862 3247 916 eis
3291 861 3641 934 negligrntes,
3675 873 3733 916 et

2164 957 2439 1013 luxuriose
2463 955 2785 1027 paenitentia
2817 959 3033 1008 utentes
3068 969 3083 1006 :
3114 953 3467 1023 quamobrem
3507 968 3618 1005 nun
3662 952 3730 1005 ad

2162 1037 2300 1103 alios
2346 1048 2482 1110 haec,
2512 1047 2606 1100 sed
2650 1045 2717 1100 ad
2756 1058 2850 1099 eos
2898 1043 3187 1099 scribebat.
3233 1042 3374 1109 Quia
3412 1056 3539 1113 ergo
3577 1053 3735 1097 erant

2163 1140 2383 1210 quidam
2411 1139 2564 1203 tales,
2594 1136 2845 1206 adjunxit
2880 1152 2895 1190 :
2936 1135 3259 1204 Canﬁdiuus
3278 1142 3455 1187 autem
3492 1134 3555 1187 de
3569 1133 3729 1195 vobis,

2164 1229 2376 1299 fratres,
2398 1224 2635 1286 meliora,
2660 1234 2708 1278 et
2728 1225 2984 1278 viciniora
3013 1222 3196 1287 saluti,
3228 1224 3436 1276 tametsi
3468 1223 3543 1275 ita
3562 1223 3734 1293 loqui-

2165 1332 2285 1369 mur
2317 1315 2362 1348 “
2396 1333 2410 1371 :
2440 1315 2602 1370 simul
2631 1324 2688 1369 et
2723 1327 2927 1369 terrere
2955 1328 3050 1369 eos
3078 1314 3170 1383 qui
3206 1312 3481 1367 luxuriose
3512 1314 3739 1367 uteban~

2166 1415 2255 1461 tur
2285 1406 2627 1476 paenitentia,
2656 1415 2712 1461 et
2741 1407 2937 1461 bonum
2978 1421 3129 1474 spem
3171 1418 3362 1459 rursus
3395 1407 3734 1475 promittere,

2165 1495 2211 1549 si
2259 1496 2560 1566 migrarent
2595 1510 2627 1549 a
2660 1493 2873 1548 luxuria
2916 1502 3164 1563 cupiens.
3198 1492 3428 1564 PrOpter
3464 1495 3607 1563 quod
3654 1495 3738 1547 le-

2168 1589 2412 1661 gislator,
2442 1605 2545 1644 nec
2569 1590 2752 1644 oleum
2772 1589 3041 1644 oblationi
3073 1588 3195 1659 ipsi,
3225 1604 3331 1644 nec
3354 1589 3486 1643 thus
3511 1589 3736 1651 addidit

2169 1680 2420 1737 timorem
2468 1681 2744 1738 incutiens
2794 1681 3172 1749 (beientibus,
3224 1689 3283 1737 et
3333 1692 3513 1741 tamen
3560 1682 3736 1739 susci~

2172 1774 2412 1844 pientcm
2445 1775 2586 1829 hanc
2613 1775 2950 1830 sacerdotem
2984 1773 3143 1829 dixit.
3397 1786 3441 1818 4-

2238 1863 2405 1920 Vsns.
2440 1864 2620 1919 M-lli.
2657 1884 2675 1917 ι
2711 1865 2950 1920 Locutus
2979 1874 3064 1920 est
3093 1864 3355 1920 Dominus
3385 1868 3459 1921 :td
3497 1863 3740 1938 Moysen,

2171 1957 2414 2013 dicens:
2457 1956 2655 2012 Anima
2709 1956 2754 2012 si
2814 1957 3177 2028 praevaricans
3226 1958 3585 2013 caeremonias
3641 1974 3746 2027 per

2174 2064 2441 2114 errorem,
2478 2050 2533 2103 in
2566 2049 2650 2103 bis
2675 2065 2797 2120 qua:
2836 2051 3064 2104 Domino
3092 2060 3220 2104 sunt
3247 2049 3578 2107 sanctiﬁcata
3607 2065 3747 2119 pec-

2173 2142 2399 2208 caverit,
2427 2141 2619 2197 oll‘erct
2651 2157 2753 2212 pro
2781 2142 2982 2197 delicto
3023 2158 3123 2196 suo
3156 2142 3379 2197 arietem
3420 2142 3747 2196 immacula~

2177 2242 2293 2293 tum
2320 2234 2388 2288 de
2410 2233 2683 2304 gregibus,
2707 2233 2799 2303 qui
2824 2234 2928 2291 emi
2955 2242 3133 2303 potest
3158 2232 3370 2289 duobus
3396 2234 3566 2293 siclis,
3590 2232 3745 2301 juxta

2175 2325 2392 2396 pondus
2441 2324 2759 2389 sanctuarii,
2802 2324 3088 2395 ipsumque
3138 2325 3283 2395 quod
3332 2323 3516 2379 intulit
3557 2324 3747 2378 damni

2148 2414 2452 2479 restituet,
2486 2422 2543 2469 et
2578 2415 2825 2484 quintam
2875 2422 3083 2485 partem
3117 2425 3283 2486 ponet
3320 2430 3484 2484 supra
3525 2418 3749 2467 tradens

2176 2505 2471 2569 sacerdoti,
2500 2506 2594 2575 qui
2640 2504 2849 2575 rogabit
2889 2521 2989 2575 pro
3023 2520 3089 2560 eo
3132 2504 3370 2559 offerens
3408 2503 3656 2563 arietem,
3691 2514 3751 2558 es

2176 2596 2480 2650 dimittetur
2516 2596 2588 2650 ei.
2624 2614 2641 2646 ι

2249 2684 2462 2740 Bonum
2510 2686 2728 2755 quidem
2779 2696 2863 2741 est
2886 2686 3143 2741 ab.omni
3184 2696 3410 2756 peccato
3449 2687 3747 2750 abstinere,

2180 2779 2411 2834 maxime
2434 2790 2614 2834 tamen
2637 2780 2786 2833 abeo
2803 2779 2943 2849 quod
2959 2789 3143 2834 contra
3166 2787 3350 2834 sancta
3369 2780 3749 2846 committitur,

2183 2870 2312 2941 quia
2342 2871 2487 2926 Deus
2515 2869 2760 2940 perillud
2785 2870 3383 2947 injuriatur.Quantum
3413 2879 3596 2924 autem
3621 2871 3748 2932 hoc.

2181 2971 2237 3017 et
2273 2977 2436 3031 quam
2464 2960 2709 3017 terribile
2737 2960 2828 3026 sit,
2857 2977 3117 3031 praesens,
3148 2979 3309 3033 quam
3346 2961 3624 3035 legislator
3651 2979 3753 3017 ex-

498 3066 723 3129 dcliect,
760 3063 903 3117 sicut
930 3070 985 3115 et
1017 3061 1345 3115 sacriﬁcium
1393 3061 1583 3116 simin
1613 3068 1699 3117 est
1740 3061 1795 3116 in
1830 3076 2077 3115 munere.
2107 3079 2150 3137 ο
2184 3054 2395 3125 posuit.
2452 3053 2794 3109 dCIIIODSlrat
2836 3055 3059 3109 οὺΙειῐῖοο
3098 3054 3290 3110 Cernis
3342 3054 3543 3126 quippe
3590 3057 3751 3125 quia.

509 3159 648 3227 l-ngo
676 3156 802 3226 quia
833 3154 1064 3211 similam
1096 3169 1218 3208 esse
1240 3153 1574 3224 theologiam
1602 3154 1857 3219 diximus,
1889 3152 1943 3206 in
1973 3153 2081 3208 duo

506 3248 700 3299 eadem
750 3257 991 3313 prwsens
1020 3241 1348 3296 sacriﬁcium
1382 3241 1659 3308 dividitur,
1691 3240 1742 3296 id
1772 3251 1883 3306 est,
1913 3242 1966 3295 in
1998 3257 2081 3297 re-

511 3337 826 3391 missionem
882 3344 1227 3405 peccatorum
1271 3333 1648 3402 peeniteutiam
1694 3333 1898 3405 agenti,
1930 3341 1986 3388 et
2026 3333 2080 3386 in

504 3427 838 3497 theologiam
871 3424 1116 3479 Christo.
1154 3422 1337 3477 Solius
1373 3423 1517 3477 enim
1552 3422 1645 3477 Dei
1674 3431 1757 3478 est
1781 3424 2078 3494 ignoscere,

511 3520 674 3575 etiam
710 3532 774 3572 ea
807 3530 1040 3587 quorum
1075 3514 1427 3583 impossibilis
1463 3513 1677 3569 videtur
1715 3515 1983 3569 remissio.
2015 3514 2085 3568 Et

510 3621 660 3665 recte
692 3611 746 3664 in
777 3625 902 3663 eum
926 3606 1309 3676 multipliciter
1335 3604 1439 3660 hoc
1469 3604 1794 3659 sacriﬁcium
1823 3606 1891 3660 ad
1918 3605 2083 3659 ~tbeo~

506 3696 710 3771 logiam
753 3698 1049 3752 invenitur.
1084 3696 1220 3750 illud
1250 3704 1432 3749 autem
1470 3708 1581 3749 non
1621 3694 1925 3758 admireris,
1956 3694 2084 3764 quia

510 3789 569 3841 in
616 3787 941 3858 quibusdam
989 3785 1263 3857 personis,
1303 3785 1387 3840 vel
1427 3786 1482 3838 in
1517 3785 1777 3856 pet-catis,
1811 3783 2119 3845 diﬂlcilem,

514 3894 638 3934 esse
671 3880 879 3933 aditum
918 3877 1259 3947 pmnitentize
1296 3875 1569 3940 diximus;
1600 3875 1676 3929 ait
1699 3878 1902 3946 quippe
1943 3872 2086 3930 Pau-

511 3974 601 4026 lus
636 3990 649 4025 :
692 3969 997 4024 Voluntaria
1040 3971 1177 4022 etaim
1216 3967 1547 4036 peccantibus
1586 3969 1762 4033 nobis,
1804 3977 1917 4037 post
1964 3983 2087 4039 pcr-

516 4071 720 4130 rrptam
754 4058 1000 4112 notitiam
1027 4057 1289 4119 ueritatis,
1324 4071 1424 4109 non
1449 4055 1568 4125 jam
1586 4070 1680 4125 pro
1696 4067 1906 4125 peccato
1931 4056 2088 4110 relin-

506 4152 697 4221 quitur
742 4147 921 4204 hostia
946 4148 1028 4211 ¹³;
1079 4148 1181 4201 hoc
1237 4147 1383 4216 quod
1434 4146 1672 4200 diximus
1717 4146 1953 4215 difﬁcile,
1992 4162 2089 4217 pro

512 4235 864 4310 iurpmsibile
891 4246 1177 4306 ponentes,
1210 4250 1335 4290 nam
1367 4236 1507 4290 idem
1542 4236 1597 4290 in
1631 4238 2089 4307 subsequentibus

512 4332 596 4385 ait
630 4347 643 4383 :
677 4327 1005 4398 [inpossibile
1040 4336 1114 4381 est
1147 4329 1394 4382 enimeos
1421 4329 1510 4400 qui
1533 4329 1692 4383 semet
1725 4339 1845 4383 sum
1887 4329 2089 4383 illumi-

2182 3145 2311 3200 dum
2350 3152 2431 3199 tot
2461 3145 2816 3215 praecepisset
2854 3145 3117 3201 sacriﬁcia
3157 3146 3443 3209 celebrari,
3485 3162 3754 3215 nusquam

2181 3236 2250 3291 de
2282 3235 2478 3289 arietis
2516 3234 2787 3291 sacriﬁcio
2819 3237 2874 3291 in
2898 3236 3168 3307 principio
3193 3237 3317 3291 libri
3346 3237 3511 3307 hujus
3541 3237 3753 3291 Domini

2178 3326 2248 3380 ad
2275 3326 2493 3398 Moysen
2524 3326 2821 3396 loquentis,
2846 3327 2953 3382 nisi
2983 3336 3189 3383 tantum
3217 3328 3272 3382 in
3309 3328 3413 3382 hoc
3442 3327 3560 3382 loco
3594 3344 3756 3381 men-

2185 3418 2389 3472 tionem
2426 3418 2575 3481 fecit,
2605 3420 2794 3474 volens
2827 3421 3207 3476 necessitatem
3241 3428 3296 3475 et
3333 3421 3621 3475 utilitatem
3667 3437 3758 3474 sa-

2182 3511 2368 3567 criticii
2403 3511 2567 3581 hujus
2595 3513 2905 3569 ostendere.
2937 3510 3129 3569 Cernis
3154 3513 3319 3568 etiam
3346 3514 3472 3583 quia
3500 3529 3609 3568 non
3635 3513 3756 3567 hir-

2178 3620 2332 3668 cum,
2360 3619 2537 3673 neque
2571 3620 2822 3675 capram,
2857 3614 2961 3659 aut
2995 3620 3177 3670 ovem,
3205 3613 3300 3660 aut
3340 3620 3439 3675 par
3472 3604 3756 3660 columba-

2186 3708 2332 3756 rum,
2379 3694 2474 3748 sed
2528 3694 2753 3748 arietem
2811 3694 3071 3764 prazcepit
3114 3693 3319 3757 offerri,
3364 3710 3430 3750 ex
3480 3695 3757 3750 oblatione

2186 3785 2394 3840 docens
2438 3786 2597 3855 quale
2673 3787 2741 3842 sit
2792 3787 2896 3841 hoc
2946 3797 3250 3855 peccatum.
3295 3788 3351 3840 In
3400 3786 3567 3857 ﬁgura
3604 3789 3752 3841 enim

2187 3876 2486 3932 Salvatoris
2536 3878 2679 3932 aries
2731 3878 3015 3949 accipitur.
3071 3879 3368 3949 Cognoscis
3419 3886 3601 3934 autem
3651 3879 3758 3933 hoc

2189 3970 2374 4023 modo.
2409 3970 2627 4039 quando
2670 3968 2814 4025 Deus
2842 3970 3114 4024 Abraham
3155 3971 3224 4025 ab
3256 3970 3532 4041 unigenito
3562 3969 3759 4024 immo-

2189 4059 2352 4115 lando
2398 4060 2690 4115 cohibuit:
2727 4061 2984 4131 quoniam
3022 4070 3076 4115 et
3115 4061 3264 4117 Isaac
3309 4063 3493 4117 vivere
3538 4072 3762 4133 propter

2192 4151 2516 4223 promissam
2556 4166 2620 4205 es
2668 4166 2735 4205 eo
2772 4153 3200 4216 successionem,
3233 4163 3287 4207 rt
3314 4153 3545 4223 ﬁguram
3588 4153 3761 4206 sacri-

2193 4239 2300 4295 ﬁcii
2354 4238 2654 4294 Salvatoris
2705 4240 2916 4310 'unpleri
2971 4242 3291 4311 Oportebat,
3343 4252 3567 4311 ιιι-ορατ
3620 4243 3764 4295 hanc

2190 4330 2345 4387 Isaac
2397 4330 2453 4386 in
2504 4332 2832 4388 sacriﬁcium
2878 4344 3191 4403 assmupto,
3243 4333 3378 4388 vidit
3425 4334 3647 4387 arietem
3704 4334 3762 4386 in

521 4419 662 4479 rati,
697 4427 1144 4489 gustaueruntque
1189 4419 1383 4472 donum
1439 4422 1658 4486 caleslc,
1698 4429 1750 4475 et
1808 4422 2089 4491 participes
2121 4407 2165 4463 Ι)
2196 4422 2452 4493 vepribus
2497 4422 2795 4479 merentem
2848 4425 3129 4489 cornibus,
3170 4425 3277 4491 vel,
3305 4426 3447 4481 sicut
3500 4421 3657 4488 LXX,
3702 4426 3762 4479 in

514 4511 649 4581 [acti
683 4520 804 4565 sunt
848 4508 1077 4578 Spiritus
1110 4511 1299 4575 sancti,
1332 4522 1774 4583 gustaverttntque
1811 4513 1969 4566 etiam
2006 4512 2094 4565 bo-

514 4617 646 4653 num
690 4600 785 4653 Dei
813 4599 1045 4666 verbum,
1079 4601 1402 4671 virtutesque
1429 4601 1607 4655 seaculi
1635 4602 1862 4666 petituri,
1894 4611 1942 4656 et
1969 4618 2127 4671 pro--

511 4693 659 4763 «Ιιῳδί
694 4700 837 4756 sunt,
866 4694 1112 4745 renovari
1144 4706 1324 4745 rursus
1361 4693 1432 4746 ad
1455 4694 1846 4761 panitentiam,
1874 4696 2094 4764 cruciﬁ-

508 4796 693 4857 gentes
715 4783 1051 4853 sibimetipsis
1070 4781 1271 4837 Filium
1303 4782 1419 4848 Dei,
1443 4793 1492 4837 et
1517 4785 1742 4837 ostentui
1759 4785 2003 4841 habentes
2027 4787 2092 4854 ",

509 4892 614 4931 eos
645 4875 737 4945 qui
770 4874 1092 4944 frequenter
1115 4882 1346 4944 egerunt
1371 4873 1773 4943 paenitentiam,
1801 4884 1857 4931 et
1883 4891 2095 4947 praeva-

509 4966 677 5022 ricati
720 4975 852 5020 sunt
891 4962 1168 5019 Christum
1205 4965 1489 5035 injuriarc,
1518 4966 1611 5035 qui
1640 4981 1762 5020 eam
1796 4969 2091 5036 concessit,

506 5058 864 5131 signiﬁcans,
934 5058 1079 5127 quod
1139 5057 1492 5111 manili-stant
1567 5061 1849 5129 sequentia
1888 5058 2092 5115 :Terra

505 5151 673 5217 atim,
709 5150 903 5220 inquit,
942 5160 1079 5220 swpe
1113 5164 1277 5217 super
1322 5164 1379 5202 se
1419 5149 1707 5204 venientem
1753 5151 1968 5205 imbrem
2010 5150 2094 5205 bi-

513 5243 655 5304 bens,
684 5254 732 5297 et
765 5258 1019 5313 generous
1056 5242 1272 5296 herbam
1311 5251 1658 5311 opportunam
1696 5242 1802 5297 illis
1840 5260 1873 5297 a
1910 5243 2093 5314 quibus

513 5334 724 5399 colitur,
776 5335 981 5403 accepit
1020 5333 1427 5387 benedictionem
1459 5350 1491 5386 α
1541 5331 1784 5386 Domino.
1820 5332 2094 5402 Profercns

512 5431 691 5475 autent
735 5421 923 5491 spinas
959 5433 1008 5475 et
1055 5420 1292 5485 tribulos,
1324 5420 1545 5490 reprobo
1593 5428 1688 5486 est,
1721 5428 1773 5473 et
1816 5404 2094 5474 maledicto

511 5512 778 5581 proxima,
826 5514 978 5580 cujus
1026 5511 1147 5581 ﬁnis
1189 5513 1249 5565 in
1298 5511 1651 5566 combustione
1683 5512 1746 5564 ⁸⁵.
1798 5512 1918 5566 Non
1959 5511 2097 5567 dixit

2190 4513 2388 4567 arbore
2448 4511 2668 4568 Sabech
2718 4513 3028 4585 patriarcha
3081 4514 3279 4569 teneri.
3338 4515 3516 4568 Arbor
3576 4524 3764 4568 autem

2194 4602 2407 4660 Sabech
2443 4620 2575 4660 crus
2606 4616 2711 4670 est,
2744 4607 2951 4678 lignum
2993 4607 3352 4672 remissionis,
3395 4608 3448 4661 in
3478 4624 3586 4678 quo
3614 4607 3766 4662 aries

2189 4710 2259 4752 ex
2314 4697 2574 4751 cornibus
2625 4697 2849 4769 ﬁguram
2898 4713 3113 4768 gerens,
3158 4698 3353 4753 Conlisi
3400 4700 3648 4754 manibus
3701 4699 3763 4753 in

2195 4803 2360 4844 cruce
2392 4789 2595 4844 Christi
2639 4790 2945 4846 tenebatur.
2977 4790 3093 4846 Non
3125 4792 3298 4847 solum
3338 4801 3518 4847 autem
3566 4794 3758 4847 imma-

2194 4879 2436 4934 culatum
2477 4896 2601 4935 eum
2646 4895 2767 4936 esse
2804 4884 3082 4953 praecepit,
3115 4883 3211 4938 sed
3249 4894 3305 4938 et
3337 4884 3431 4953 qui
3473 4884 3628 4954 pretii
3666 4882 3762 4949 sit,

2195 4967 2313 5022 sive
2350 4967 2460 5023 emi
2498 4969 2668 5039 possit
2705 4969 2918 5024 duobus
2949 4969 3116 5036 siclis,
3148 4971 3256 5037 vel,
3277 4966 3763 5037 secundumLXX,

2196 5058 2410 5130 argenti
2449 5058 2840 5132 quinquaginta
2871 5060 3040 5128 siclis,
3076 5060 3210 5116 siclo
3245 5060 3562 5116 sanctuarii.
3591 5057 3766 5115 Nemo

2194 5150 2400 5220 quippe
2458 5150 2562 5204 sibi
2621 5150 2942 5220 conquirere
2993 5148 3208 5206 Domini
3266 5149 3590 5205 sacriﬁcium
3651 5148 3761 5203 nisi

2192 5256 2293 5311 per
2324 5240 2587 5311 Spiritum
2613 5251 2863 5295 sanctum
2890 5249 3093 5312 potest.
3129 5242 3186 5296 Si
3217 5242 3363 5296 enim
3393 5256 3556 5295 nemo
3583 5247 3762 5310 potest

2195 5333 2381 5387 dicere
2435 5332 2701 5387 Dominus
2750 5330 2913 5387 Jesus
2958 5330 3251 5398 Christus,
3305 5330 3410 5386 nisi
3458 5332 3513 5386 in
3552 5330 3762 5401 Spiritu

2194 5431 2385 5478 sancto
2415 5424 2481 5487 ⁸⁷,
2508 5423 2684 5479 multo
2714 5423 2888 5492 magis
2916 5438 3018 5479 nec
3047 5422 3374 5479 sacriﬁcium
3400 5423 3518 5492 ejus
3543 5425 3767 5491 assequi

2197 5522 2396 5583 potest,
2431 5513 2550 5569 sine
2575 5516 2893 5586 operatione
2937 5514 3194 5585 Spiritus.
3233 5513 3388 5569 Unde
3416 5527 3526 5570 non
3558 5512 3771 5582 simpli-

585 5708 855 5766 "Coloss.
887 5726 951 5780 tl,
979 5711 1032 5766 5.
1113 5713 1156 5745 ¹³
1183 5712 1349 5767 llcbr.
1386 5711 1542 5779 x,?.6.
1622 5710 1851 5766 “Hebr.
1885 5727 1959 5777 vr,
2001 5710 2054 5777 ι,
2082 5709 2133 5765 5.
2158 5711 2201 5743 ⁸⁸
2225 5710 2353 5766 ibid.
2388 5712 2439 5776 7,
2462 5716 2513 5766 8.
2593 5715 2633 5745 ’⁸
2667 5715 2796 5769 ibid.
2828 5715 2881 5769 9.
2963 5714 3002 5747 ⁸⁷
3034 5713 3052 5767 l
3080 5712 3207 5768 Cor.
3228 5727 3328 5779 xu,
3358 5708 3413 5765 ὃ.
