4076 6188
368 284 464 351 Sil

1515 280 1595 341 IN
1637 279 2072 342 LEVITICUM.
2113 302 2175 310 —
2216 278 2361 336 LIB.
2405 273 2454 336 Ι.

3501 270 3604 337 ΜΞ

366 395 502 450 citer
537 392 739 448 dictum
777 399 880 458 est,
915 391 1307 463 quinquaginta
1348 390 1629 447 siclorum.
1674 390 1932 459 Ostendit
1960 398 2001 454 Α
2035 387 2188 455 Quod
2207 389 2250 443 si
2277 385 2581 458 peccaverit
2602 384 2667 440 de
2694 386 2892 455 populo
2909 396 3067 442 terra
3099 402 3193 457 per
3215 387 3600 459 ignorantiam.

367 483 568 554 quippe
614 483 702 538 hic
749 498 1008 538 numerus
1041 483 1214 538 sancti
1250 483 1485 552 Spiritus
1517 483 1836 548 adventum,
1869 498 1934 536 ex

367 591 433 630 eo
469 576 611 644 quod
646 575 732 630 die
763 575 1106 640 Pentecoste,
1139 575 1192 629 id
1229 583 1312 629 est
1358 574 1826 644 quinquagesima,
1869 571 1936 626 ad

367 667 638 734 apostolos
687 667 858 720 venit.
901 667 1008 720 Sed
1056 674 1114 721 et
1165 669 1405 735 pondere
1452 666 1770 729 sanctuarii,
1821 665 1936 718 sive

369 757 666 810 secundum
696 755 838 808 LXX
874 756 1006 808 siclo
1035 765 1246 821 sancto,
1278 765 1337 808 ut
1369 771 1464 824 per
1492 756 1594 809 hoc
1620 754 1766 823 quod
1799 753 1937 807 dixit

369 856 578 910 Sancto,
635 847 952 900 ostenderet
1016 847 1190 900 sancti
1262 846 1498 915 Spiritus
1564 845 1819 899 virtutem
1883 852 1939 897 ct

370 939 766 1006 operationem.
805 935 950 990 Siclo
995 945 1177 989 autem
1217 937 1420 1005 quare?
1460 935 1595 1001 Quia
1643 935 1809 990 sielus
1851 934 1938 987 vi-

372 1030 504 1098 ginti
537 1029 822 1082 obolorum
857 1037 960 1092 est,
997 1027 1088 1082 hic
1127 1037 1308 1080 autem
1345 1026 1647 1079 vieenarius
1681 1039 1938 1079 numerus

371 1136 480 1173 non
509 1130 592 1173 est
629 1119 865 1188 peccatis
892 1117 1182 1171 obnoxius.
1225 1116 1379 1171 Unde
1406 1117 1458 1169 hi
1484 1117 1573 1186 qui
1607 1116 1672 1170 de
1707 1115 1938 1186 IEgypto

372 1211 640 1272 exierunt,
683 1225 804 1262 cum
842 1209 1029 1278 viginti
1060 1223 1325 1262 annorum
1357 1217 1563 1270 essent,
1594 1207 1802 1276 peccati
1839 1222 1936 1274 po-

373 1301 484 1369 puli
521 1316 735 1369 poenam
782 1315 888 1353 non
932 1307 1290 1368 susceperunt
1320 1315 1334 1351 :
1368 1299 1601 1352 mundus
1637 1298 1834 1367 quippe
1869 1298 1937 1351 ab

320 1440 326 1461 ἑ
372 1391 522 1444 omni
548 1402 769 1460 peccato
798 1400 879 1443 est
905 1392 1163 1460 spiritalis
1193 1391 1375 1443 homo.
1405 1389 1521 1442 Non
1555 1389 1727 1442 solum
1756 1397 1934 1442 autem

371 1483 601 1562 arietem
633 1483 841 1545 oﬂerri,
875 1483 969 1535 sed
997 1491 1049 1535 et
1079 1483 1318 1550 quintam
1347 1481 1546 1535 addere
1573 1479 1845 1550 przecepit.
1881 1477 1938 1531 Si

370 1575 494 1642 quis
541 1575 679 1626 forte
717 1583 906 1627 sancto
935 1587 1084 1634 vase,
1117 1573 1200 1626 vel
1231 1573 1372 1633 cibo,
1401 1580 1496 1624 aut
1530 1579 1806 1640 unguento
1845 1570 1936 1622 tali

371 1661 560 1714 illicite
590 1662 792 1714 abusus
821 1671 925 1726 est,
950 1661 1052 1714 hoc
1082 1661 1374 1730 appellavit
1413 1661 1761 1714 commissum
1804 1674 1936 1728 pec-

2043 490 2099 532 ut
2117 478 2280 532 faciat
2295 477 2588 547 quidquam
2610 493 2674 529 ex
2695 475 2780 529 his
2799 492 2918 545 qua:
2935 477 3146 532 Domini
3176 479 3288 548 lege
3310 479 3572 548 prohibeu
3587 508 3601 528 ν

2040 578 2126 623 tur
2151 578 2314 638 atque
2347 568 2648 637 delinquat,
2685 576 2739 622 et
2769 568 3082 638 cognoverit
3107 579 3387 638 peccatum
3418 587 3598 632 suum.

2038 657 2230 713 oﬁ'eret
2271 675 2487 729 capram
2530 659 2949 713 immaculatam.
2989 660 3144 715 Nunc
3173 668 3425 731 tanquam
3460 666 3600 721 obliv

2041 759 2125 804 tus
2159 766 2221 805 ea
2261 767 2381 820 quae
2426 761 2757 821 praeceperat
2789 769 2802 804 :
2840 750 2896 804 Si
2935 751 3136 814 anima,
3171 751 3266 810 ait,
3301 755 3604 820 peccaverit

2038 857 2137 911 per
2181 842 2563 913 ignorantiam,
2594 843 2890 911 feceritque
2929 858 3095 896 unum
3130 858 3194 896 ex
3227 842 3310 895 his
3346 859 3466 910 qua:
3500 845 3604 896 De.

2038 933 2168 986 mini
2203 933 2320 1004 lege
2358 935 2722 1004 prohibentur
2755 953 2768 989 :
2800 944 2854 988 et
2890 935 3097 1005 peccati
3145 949 3234 988 rea
3280 935 3602 992 intellexerit

2037 1021 2375 1090 iniquitatem
2413 1037 2588 1088 suam,
2621 1024 2814 1078 oti‘eret
2842 1025 3068 1079 arietem
3108 1024 3508 1078 immaculatum
3539 1026 3605 1079 de

2038 1112 2292 1180 gregibus
2332 1115 2619 1168 sacerdoti.
2661 1117 2726 1170 Et
2764 1117 2994 1170 multum
3028 1116 3242 1170 videtur
3269 1115 3486 1170 dilIerrc
3517 1116 3604 1169 in-

2037 1213 2120 1257 ter
2149 1205 2250 1257 hoc
2278 1206 2625 1269 sacriﬁcium,
2659 1216 2713 1260 et
2746 1207 2875 1261 illud
2906 1208 3048 1276 quod
3077 1207 3278 1261 dudum
3302 1207 3559 1277 praecepit
3589 1227 3600 1265 :

2038 1295 2131 1349 sed
2175 1311 2352 1364 neque
2391 1297 2590 1350 oblitus
2639 1307 2722 1352 est
2765 1300 3033 1353 anteriora
3079 1315 3180 1354 nec
3226 1299 3493 1354 contraria
3527 1301 3606 1356 eis

2039 1385 2317 1452 prmccpit.
2354 1385 2491 1449 Quia
2534 1386 2677 1439 enim
2714 1389 2935 1441 nomine
2964 1389 3159 1442 animae
3186 1389 3440 1458 gentilem
3469 1390 3606 1444 dixi~

2039 1488 2162 1526 mus
2195 1474 2506 1543 signiﬁcari,
2547 1475 2636 1529 hic
2677 1486 2855 1530 autem
2899 1478 3124 1532 forsitan
3163 1478 3414 1549 ignorans
3447 1495 3604 1533 man-

2038 1562 2160 1616 data
2199 1563 2330 1634 legis
2367 1565 2669 1635 transgredi
2720 1576 2932 1636 poterat
2981 1569 3222 1637 (propter
3254 1569 3397 1639 quod
3445 1569 3600 1630 dixit.

2036 1669 2130 1721 per
2167 1655 2522 1723 ignorantiam
2565 1655 2750 1725 recte),
2785 1658 3139 1728 intelligibilis
3173 1660 3331 1724 aries,
3356 1660 3603 1716 Christus

371 1761 550 1804 catum
579 1751 630 1803 in
660 1760 844 1804 sancta
878 1767 891 1808 ς
921 1752 1006 1804 hic
1035 1768 1162 1820 ergo
1194 1752 1368 1821 ipsum
1402 1751 1611 1814 reddet,
1637 1761 1692 1804 et
1716 1752 1938 1819 insuper
1969 1750 2010 1803 Β
2040 1746 2309 1810 videlicet.
2341 1748 2504 1816 huius
2534 1758 2813 1817 peccatum
2845 1751 2898 1804 in
2937 1751 3201 1806 sacriﬁcio
3233 1768 3330 1820 pro
3360 1767 3424 1807 eo
3449 1753 3601 1808 0bla~

369 1841 636 1910 quintam,
669 1842 719 1895 id
748 1851 831 1895 est
858 1844 1099 1912 quintam
1139 1843 1256 1912 ejus
1296 1851 1503 1912 partem
1538 1843 1712 1895 tradet
1752 1857 1934 1895 sacer-

371 1933 501 1986 doti.
551 1933 662 1987 lloe
705 1943 888 1987 autem
939 1933 1204 2004 signiﬁcat
1245 1944 1322 1999 ut,
1383 1935 1637 2004 quoniam
1695 1933 1935 2003 quinque

370 2042 564 2080 sensus
609 2027 890 2092 habemus,
922 2027 966 2080 si
1012 2043 1108 2096 per
1153 2042 1320 2080 unum
1364 2042 1585 2082 sensum
1631 2027 1934 2096 peccaveri-

370 2133 510 2182 mus,
545 2117 708 2171 veluti
738 2117 783 2170 si
813 2117 1028 2170 oculum
1060 2116 1127 2170 ad
1155 2116 1478 2171 adulterium
1508 2117 1564 2170 in
1611 2123 1853 2186 tempore
1881 2126 1936 2171 et

373 2209 493 2262 loco
526 2221 718 2262 sancto
750 2208 1217 2277 occupaverimus,
1249 2217 1344 2262 aut
1391 2207 1626 2278 linguam
1665 2207 1719 2261 in
1758 2207 1935 2262 detra-

373 2298 574 2362 hendo,
609 2298 694 2352 vel
728 2313 888 2352 aures
915 2297 983 2352 ad
1019 2298 1213 2352 malam
1249 2298 1598 2364 locutionem,
1625 2307 1720 2352 aut
1748 2298 1936 2352 odora-

373 2397 489 2442 tum
535 2388 600 2441 ad
643 2388 1049 2458 perceptionem
1087 2388 1558 2442 odoramentorum
1599 2386 1935 2442 meretricio-

375 2493 516 2543 rnm,
546 2488 638 2531 aut
667 2494 887 2532 manum
915 2479 980 2533 ad
1011 2485 1212 2532 tactum
1241 2477 1525 2548 profanum
1554 2487 1610 2534 et
1635 2477 1934 2546 injustum:

373 2570 608 2638 primum
641 2571 860 2639 quidem
905 2571 971 2624 ab
1006 2570 1098 2624 illo
1133 2578 1354 2639 peccato
1397 2570 1618 2625 omnino
1659 2571 1934 2629 abstinea-

372 2675 514 2726 mus,
547 2669 601 2715 et
632 2662 1005 2730 ptenitentiam
1037 2662 1104 2715 de
1131 2677 1197 2716 eo
1219 2677 1314 2730 per
1350 2662 1572 2716 arietem
1601 2662 1932 2731 offeramus;

373 2751 426 2808 id
453 2762 556 2816 est,
589 2753 864 2808 Christum
896 2769 1146 2824 rogemus
1178 2764 1234 2808 ut
1265 2755 1468 2824 peccati
1499 2755 1551 2808 in
1575 2769 1632 2808 se
1661 2756 1935 2811 commissi

371 2843 485 2914 ipse
538 2843 630 2897 tiat
677 2844 881 2914 ercptio
916 2859 929 2895 :
969 2845 1162 2899 deinde
1209 2845 1482 2914 quintam,
1532 2846 1582 2900 id
1636 2855 1718 2901 est
1765 2863 1932 2902 unum

371 2935 751 3004 praedictorum
801 2950 1079 2998 sensuum,
1121 2951 1218 3004 per
1261 2936 1404 3004 quod
1453 2945 1732 3005 peccatum
1782 2953 1931 2992 com-

371 3025 594 3080 tnissum
625 3033 725 3089 est,
757 3025 1046 3080 offeramus
1081 3027 1362 3092 sacerdoti,
1393 3026 1607 3081 Christo
1637 3027 1886 3082 videlicet
1917 3047 1928 3080 :

372 3123 432 3169 ut
483 3130 824 3184 nequaquam
884 3117 1019 3170 ultra
1074 3116 1139 3170 ad
1198 3117 1465 3171 actionem
1514 3133 1733 3187 pravam
1783 3118 1932 3172 illum

371 3221 699 3276 occupemus
754 3223 996 3271 sensum,
1032 3209 1126 3262 sed
1177 3223 1559 3263 consecremus
1606 3209 1754 3263 illum
1804 3209 1930 3266 Deo.

373 3297 464 3352 Sic
487 3297 632 3350 enim
660 3313 758 3367 pro
779 3307 1002 3366 peccato
1025 3307 1210 3352 nostro
1235 3299 1628 3367 deprecabitur.
1653 3297 1934 3364 Quomodo

369 3394 549 3440 autem
588 3387 790 3456 peccati
835 3387 976 3440 aries
1021 3401 1118 3455 per
1165 3388 1500 3440 sacerdotem
1541 3386 1818 3459 offeratur,
1880 3389 1933 3442 in

369 3476 474 3530 alia
524 3483 675 3544 parte
728 3474 849 3528 libri
901 3475 1268 3544 conscriptum
1322 3483 1423 3539 est,
1466 3475 1559 3529 ubi
1612 3477 1933 3532 sacriﬁcium

370 3580 470 3636 pro
499 3573 722 3634 peccato
751 3566 956 3634 aequale
995 3580 1117 3618 esse
1146 3565 1414 3619 sacriﬁcio
1441 3566 1584 3634 quod
1617 3581 1715 3635 pro
1742 3566 1935 3622 delicto

371 3655 448 3718 ﬁt,
491 3653 819 3722 praedicavit.
864 3653 976 3706 Hoc
1017 3662 1198 3707 autem
1247 3669 1391 3708 nunc
1435 3655 1798 3724 adjiciendum
1829 3666 1931 3722 est,

368 3745 494 3815 quia
554 3744 808 3798 delictum
866 3743 1136 3814 legislator
1187 3744 1398 3800 duobus
1451 3746 1622 3801 modis
1676 3746 1787 3808 uti,
1838 3762 1933 3801 seu

367 3848 573 3906 ponere
601 3834 802 3899 solens,
828 3842 881 3888 ct
908 3834 1164 3889 delictum
1195 3836 1467 3905 appellare
1520 3850 1666 3891 nunc
1713 3837 1930 3907 quidem

366 3934 650 3997 peccatum
700 3927 841 3995 quod
887 3927 954 3980 ad
999 3927 1278 3982 scientiam
1326 3929 1592 3998 pervenit,
1628 3939 1682 3984 et
1731 3946 1932 4002 nequa-

363 4033 527 4089 quam
556 4019 665 4089 jam
702 4017 941 4088 ignotum
978 4029 1063 4074 est
1096 4021 1362 4090 peccanti,
1395 4037 1539 4075 nunc
1575 4029 1756 4077 autem
1786 4024 1929 4094 quod

363 4110 420 4164 in
471 4109 581 4164 Deo
631 4112 749 4180 ipso
798 4112 1146 4166 commissum
1189 4121 1288 4176 est,
1337 4113 1499 4167 veluti
1551 4114 1925 4184 jurejurando,

361 4211 456 4257 aut
485 4203 647 4256 etiam
698 4203 752 4256 in
796 4204 1017 4268 sanctis,
1048 4219 1156 4256 non
1201 4204 1320 4258 sine
1359 4219 1521 4258 causa
1565 4205 1665 4260 hoc
1696 4207 1929 4276 appellat

359 4295 638 4360 delictum,
673 4295 769 4350 sed
819 4303 877 4348 ut
922 4304 978 4348 tu
1021 4310 1312 4365 cognoscas
1358 4295 1610 4351 similiter
1653 4297 1709 4352 in
1758 4298 1924 4354 Deum

2037 1847 2125 1891 tus
2169 1838 2346 1894 diluit.
2397 1840 2502 1895 Sed
2557 1849 2611 1894 et
2658 1842 2789 1894 illud
2829 1843 3152 1909 ostenditur,
3201 1852 3360 1912 atque
3410 1844 3464 1897 in
3515 1843 3601 1899 his

2035 1927 2319 1982 evidenter
2345 1928 2771 1993 demonstratur,
2793 1930 2916 1998 quia
2945 1931 3000 1985 in
3030 1947 3354 2001 unoquoque
3383 1931 3598 2001 quidem

2036 2028 2281 2087 peccato,
2317 2034 2416 2089 pro
2463 2021 2791 2076 remittendo
2837 2037 2902 2076 eo
2946 2023 3154 2092 egimus
3203 2023 3597 2092 paenitentiam,

2036 2125 2160 2164 cum
2182 2127 2290 2165 non
2319 2111 2489 2167 simus
2520 2112 2699 2167 idonei
2727 2129 2823 2183 per
2847 2113 3230 2184 nosmetipsos,
3255 2115 3373 2168 sine
3401 2113 3598 2173 Christi

2037 2203 2308 2259 sacriﬁcio
2335 2206 2597 2275 consequi
2622 2205 2857 2261 veniam.
2890 2206 3029 2277 Ergo
3057 2205 3102 2259 si
3120 2205 3240 2275 quis
3263 2213 3410 2260 extra
3439 2205 3598 2264 fidem

2036 2293 2238 2349 Christi
2275 2296 2602 2351 constitutus
2641 2305 2742 2370 est,
2772 2295 2995 2352 Judaeus
3033 2296 3172 2351 forte
3207 2307 3299 2350 aut
3340 2311 3599 2366 paganus,

2037 2384 2164 2439 licet
2199 2386 2467 2455 poenitere
2521 2402 2579 2442 se
2618 2371 2960 2458 de'peccatis
3007 2389 3120 2442 suis
3167 2403 3263 2458 per
3309 2402 3601 2442 conversa-

2037 2478 2238 2532 tionem
2294 2487 2349 2533 et
2402 2479 2567 2534 vitam
2629 2479 3000 2544 demonstret,
3057 2480 3430 2535 remissionem
3491 2494 3600 2537 non

2037 2566 2353 2632 merebitur,
2382 2569 2508 2638 quia
2552 2569 2772 2623 arietem
2802 2570 3017 2635 oﬂerre,
3057 2571 3110 2624 id
3147 2580 3246 2635 est,
3279 2569 3480 2624 Christi
3512 2584 3603 2623 sa-

2037 2657 2470 2723 criﬁcium,'non
2515 2669 2712 2729 potest.
2753 2661 3115 2725 Quamobrem
3165 2660 3489 2732 generaliter
3533 2660 3602 2718 de

2035 2749 2290 2803 omnibus
2319 2750 2718 2818 quodammodo
2756 2751 2966 2806 sancire
3005 2751 3248 2821 cupiens,
3282 2765 3390 2805 non
3425 2750 3598 2808 dixit:

2037 2836 2093 2891 Si
2122 2839 2302 2894 anima
2331 2841 2398 2895 de
2427 2842 2648 2911 populo,
2675 2841 2789 2908 sed,
2825 2841 2884 2896 Si
2919 2843 3102 2897 anima
3134 2841 3450 2913 simpliciter
3485 2857 3604 2908 pec-

2035 2929 2249 2994 caverit,
2293 2938 2340 2982 et
2395 2933 2572 3002 fecerit
2631 2949 2791 2985 unum
2847 2949 2908 2986 ea:
2955 2934 3033 2986 Itis
3085 2949 3200 3003 qua:
3241 2932 3450 2986 Domini
3496 2932 3602 3004 lege

2035 3022 2392 3089 prohibentur.
2430 3026 2570 3095 Ergo
2615 3034 2670 3080 et
2719 3026 2784 3080 de
2832 3025 3068 3090 indocto,
3112 3036 3166 3082 et
3206 3027 3273 3082 de
3317 3026 3600 3083 scientiam

2041 3113 2294 3177 habente,
2328 3129 2429 3168 nec
2470 3130 2576 3169 non
2609 3116 2675 3170 de
2709 3117 2855 3170 omni
2897 3126 3118 3186 peccato
3153 3125 3298 3173 recte
3327 3117 3430 3172 hoc
3460 3115 3601 3186 qmd

2035 3202 2239 3256 dictum
2302 3213 2420 3267 est,
2471 3205 2752 3274 accipitur.
2807 3205 2942 3272 Quia
2995 3216 3174 3262 autem
3230 3208 3456 3266 arietem
3505 3221 3604 3278 pro

2036 3294 2230 3348 delicto
2273 3296 2431 3364 jubet
2475 3296 2678 3362 offerri,
2711 3299 3110 3367 apertissimum
3154 3314 3238 3355 est
3290 3301 3415 3370 quia
3465 3299 3602 3354 deli.

2035 3394 2182 3439 ctum
2235 3385 2322 3439 hic
2373 3387 2647 3458 legislator
2690 3388 3021 3444 intellectum
3069 3401 3350 3460 peccatum
3398 3391 3600 3462 posuit.

2032 3472 2262 3544 Pr0pter
2279 3475 2422 3543 quod
2454 3476 2641 3530 dicens
2667 3492 2765 3546 per
2795 3478 3179 3546 ignorantiam,
3214 3480 3455 3534 subdidit
3481 3497 3493 3532 :

2099 3568 2165 3619 Et
2193 3568 2392 3636 peccati
2444 3585 2532 3620 rea
2567 3569 2876 3622 intellexerit
2927 3571 3258 3642 iniquitatem
3293 3587 3463 3623 suam.
3498 3568 3601 3634 Qui

2033 3665 2213 3711 autem
2243 3657 2570 3712 intellexerit
2605 3668 2905 3728 peccatum,
2939 3659 3029 3713 hic
3055 3660 3186 3712 illud
3222 3660 3276 3712 in
3310 3674 3369 3712 se
3400 3659 3598 3723 relidit,

2033 3753 2085 3798 et
2112 3747 2418 3802 sordidatur
2445 3747 2513 3803 ab
2534 3763 2618 3813 eo,
2641 3749 2753 3803 sive
2776 3759 3052 3814 oneratur,
3081 3749 3319 3818 quandiu
3345 3766 3439 3820 per
3467 3766 3599 3819 prte~

2033 3836 2234 3890 dictum
2263 3837 2588 3892 sacriﬁcium
2623 3839 2798 3893 oratio
2845 3855 2942 3908 pro
2991 3854 3058 3894 eo
3120 3839 3232 3894 fiat.
3290 3838 3600 3898 Intellectus

2032 3933 2212 3980 autem
2242 3927 2468 3996 peccati,
2532 3927 2585 3983 in
2636 3929 2964 3984 habentibus
3024 3930 3239 4000 quidem
3294 3929 3595 4000 scientiam,

2029 4018 2434 4073 contenebratis
2466 4034 2594 4074 vero
2619 4035 2801 4074 amore
2826 4020 3136 4084 libidinum,
3169 4035 3392 4075 necesse
3413 4029 3496 4076 est
3519 4030 3597 4079 ut.

2031 4124 2152 4162 cum
2187 4108 2242 4163 in
2268 4111 2593 4181 cogitatione
2619 4127 2717 4167 sua
2769 4113 3116 4183 resipiscunt,
3153 4115 3439 4186 proveniat
3465 4127 3478 4166 :
3504 4130 3594 4170 ca~

2030 4200 2274 4255 rentibus
2295 4217 2420 4257 vero
2451 4203 2698 4270 scientia,
2729 4219 2826 4275 per
2847 4216 3242 4277 competentcm
3273 4206 3593 4273 doctrinam,

2028 4290 2120 4361 qui
2176 4291 2482 4347 intellectus
2547 4306 2670 4347 cum
2751 4295 3013 4350 alterutro
3074 4295 3266 4351 horum
3323 4297 3594 4368 provenit,

357 4387 574 4440 extendi
629 4395 934 4456 peccatum,
981 4387 1126 4456 quod
1182 4387 1238 4440 in
1301 4388 1547 4454 scientia,
1583 4397 1638 4442 et
1684 4390 1828 4458 quod
1867 4391 1920 4445 in
1956 4415 2000 4470 Β
2030 4382 2191 4436 modo
2229 4381 2296 4436 ad
2327 4381 2430 4437 hoc
2458 4395 2640 4439 movet
2671 4385 2968 4452 hominem,
3003 4396 3062 4442 ut
3088 4397 3240 4458 egeat
3261 4389 3524 4446 sacriﬁcio
3544 4402 3599 4451 ct

353 4477 728 4546 jurejurando,
761 4488 817 4531 et
849 4478 990 4546 quod
1023 4479 1076 4530 in
1109 4479 1308 4532 sanctis
1336 4479 1713 4534 committitur.

428 4563 591 4618 Vsus.
630 4567 816 4621 17-19.
858 4585 876 4618 ι
921 4568 1114 4621 Anima
1161 4568 1205 4621 si
1265 4568 1569 4636 peccaverit
1619 4583 1717 4638 per
1772 4569 1926 4640 igno-

357 4657 614 4718 rantiam,
641 4657 935 4728 feceritque
983 4675 1149 4712 unum
1185 4675 1251 4714 ex
1295 4659 1380 4714 his
1407 4676 1527 4729 qua:
1557 4661 1767 4716 Domini
1811 4663 1925 4734 lege

355 4745 736 4814 prohibentur,
770 4753 823 4799 et
848 4746 1050 4814 precati
1091 4760 1182 4799 rea
1218 4745 1548 4801 intellexerit
1582 4747 1920 4818 iniquitatem

352 4850 526 4900 suam,
561 4844 615 4889 et
641 4836 834 4890 oll'eret
871 4836 1090 4891 arietem
1139 4837 1540 4891 immaculatum
1567 4837 1634 4892 de
1667 4839 1918 4910 gregibus

349 4926 643 4992 sacerdoti,
673 4927 828 4995 juxta
874 4943 1179 4982 mensuram
1224 4929 1745 5000 testintationemqtte
1787 4946 1917 5004 pec-

350 5019 476 5084 cati,
508 5020 599 5088 qui
642 5019 821 5074 orabit
866 5036 964 5088 pro
1012 5021 1103 5074 illo
1145 5021 1288 5089 quod
1335 5021 1588 5076 nesciens
1625 5021 1833 5085 fecerit,
1865 5033 1919 5076 et

349 5104 652 5164 dimittetur
699 5111 769 5175 ei,
810 5109 935 5180 quia
989 5126 1086 5180 per
1141 5125 1380 5165 errorem
1432 5110 1657 5182 deliquit
1713 5111 1766 5167 in
1809 5111 1916 5166 Do-

345 5201 512 5254 mino.
553 5219 573 5251 ι

417 5287 592 5342 Habet
613 5305 852 5357 praesens
874 5291 1022 5345 locus
1041 5290 1394 5360 qua:stionem
1416 5307 1524 5345 non
1547 5292 1754 5347 modica
1781 5308 1913 5347 con-

343 5380 673 5434 sideratione
695 5382 934 5450 dignam,
955 5383 1080 5451 quia
1106 5398 1204 5452 pro
1225 5383 1458 5452 peccatis
1489 5397 1586 5452 pro
1607 5383 1805 5452 quibus
1829 5399 1914 5438 ca-

345 5492 494 5544 pram
529 5474 738 5543 pridem
769 5475 973 5540 offerri,
1006 5485 1098 5531 aut
1123 5490 1280 5530 ovem
1313 5474 1589 5545 praecepit;
1617 5473 1692 5530 ait
1720 5474 1864 5529 enim
1893 5491 1909 5528 :

414 5672 460 5706 “
499 5673 657 5730 Joan.
694 5691 780 5736 xv,
829 5676 921 5729 Ἠ.

543 5768 813 5828 ΡΑΤιὶοῐι.
867 5769 982 5828 Gn.
1020 5767 1224 5829 XCIII.

2027 4473 2370 4542 poenitentia.
2403 4472 2504 4545 Qui
2528 4475 2671 4532 enim
2703 4476 2952 4549 intelligit
2975 4480 3351 4549 pollutionem,
3394 4491 3450 4536 et
3487 4499 3595 4541 non

2025 4581 2084 4620 se
2114 4575 2306 4638 purgat
2349 4583 2445 4636 per
2475 4568 2871 4638 paenitentiam,
2913 4571 3261 4626 manifestum
3311 4583 3394 4628 est
3454 4575 3597 4644 quod

2024 4654 2411 4711 abominabilis
2443 4656 2513 4710 sit
2541 4663 2596 4710 et
2655 4657 2923 4712 sordidus.
2956 4658 3090 4713 Nam
3127 4660 3290 4729 hujus
3313 4660 3391 4714 rei
3426 4665 3598 4732 gratia

2022 4746 2090 4800 de
2122 4746 2323 4802 Judaeis
2380 4747 2646 4802 Dominus
2697 4749 2911 4804 dicebat
2966 4769 2978 4804 :
3029 4751 3088 4805 Si
3127 4769 3228 4806 non
3274 4753 3522 4806 venissem
3558 4768 3603 4808 et

2026 4838 2224 4896 locutus
2272 4839 2346 4892 eis
2397 4839 2635 4910 fuissem,
2668 4851 2937 4911 peccatum
2980 4859 3081 4896 non
3125 4845 3376 4900 haberent
3411 4859 3429 4896 :
3463 4859 3603 4900 nunc

2025 4939 2201 4983 autem
2248 4933 2636 4985 excusationem
2687 4949 2787 4985 non
2816 4935 3004 4988 habent
3046 4935 3110 4991 dc
3153 4945 3362 5006 peccato
3407 4951 3502 4988 suo
3534 4937 3594 4984 ”.

2028 5021 2140 5074 Hoc
2187 5031 2367 5075 autem
2419 5022 2632 5093 planius
2687 5038 2749 5078 ex
2813 5023 3208 5094 posterioribus
3239 5024 3592 5095 approbatur.

2024 5110 2162 5178 Quid
2186 5111 2330 5166 enim
2355 5113 2486 5167 dicit
2520 5133 2531 5168 :

2091 5199 2270 5255 Orubit
2288 5217 2383 5271 pro
2412 5200 2502 5254 illo
2545 5204 2806 5267 sacerdos,
2857 5204 2992 5271 quod
3026 5205 3254 5258 nesciens
3301 5205 3504 5273 fecerit,
3542 5213 3589 5260 et

2019 5293 2310 5348 dimittetur
2333 5295 2400 5356 ei,
2432 5295 2555 5365 quia
2578 5311 2669 5362 per
2693 5311 2920 5348 errorem
2953 5295 3169 5362 deliquit
3200 5296 3253 5348 in
3285 5296 3586 5360 Dominum,

2019 5383 2172 5447 Quod
2206 5382 2343 5436 LXX
2373 5383 2558 5437 dienttt
2591 5399 2604 5434 :
2643 5382 2706 5435 Et
2764 5383 3058 5437 dimittetur
3101 5386 3167 5448 ei,
3199 5386 3416 5456 deliquit
3450 5389 3585 5451 enim

2019 5474 2261 5529 delictum
2287 5486 2408 5528 ante
2439 5476 2738 5528 Dominum.
2769 5475 2835 5530 Et
2865 5477 3138 5546 quomodo
3167 5477 3305 5542 idem
3339 5478 3456 5557 ipse
3492 5495 3588 5543 tta.
