  <div class='ocr_page' id='page_1' title='image "/cluster/home/n/w/nwhite01/storage/ocr_20150623/93/hvd.32044054128533/435.png"; bbox 0 0 4076 6188; ppageno 0'>
   <div class='ocr_carea' id='block_1_1' title="bbox 450 219 565 285">
    <p class='ocr_par' dir='ltr' id='par_1_1' title="bbox 450 219 565 285">
     <span class='ocr_line' id='line_1_1' title="bbox 450 219 565 285; baseline -0.035 -1"><span class='ocrx_word' id='word_1_1' title='bbox 450 219 565 285; x_wconf 62' lang='lat'><strong>813</strong></span> 
     </span>
    </p>
   </div>
   <div class='ocr_carea' id='block_1_2' title="bbox 1648 211 2519 275">
    <p class='ocr_par' dir='ltr' id='par_1_2' title="bbox 1648 211 2519 275">
     <span class='ocr_line' id='line_1_2' title="bbox 1648 211 2519 275; baseline 0.001 -1"><span class='ocrx_word' id='word_1_2' title='bbox 1648 211 2010 274; x_wconf 78' lang='lat' dir='ltr'><strong>HESYCHII</strong></span> <span class='ocrx_word' id='word_1_3' title='bbox 2047 212 2519 275; x_wconf 79' lang='lat' dir='ltr'><strong>PRESBYTERI</strong></span> 
     </span>
    </p>
   </div>
   <div class='ocr_carea' id='block_1_3' title="bbox 3623 216 3732 280">
    <p class='ocr_par' dir='ltr' id='par_1_3' title="bbox 3623 216 3732 280">
     <span class='ocr_line' id='line_1_3' title="bbox 3623 216 3732 280; baseline 0 0"><span class='ocrx_word' id='word_1_4' title='bbox 3623 216 3732 280; x_wconf 64' lang='lat' dir='ltr'><strong>8H</strong></span> 
     </span>
    </p>
   </div>
   <div class='ocr_carea' id='block_1_4' title="bbox 462 325 3730 402">
    <p class='ocr_par' dir='ltr' id='par_1_4' title="bbox 462 325 3730 402">
     <span class='ocr_line' id='line_1_4' title="bbox 462 325 3730 402; baseline -0.002 -11"><span class='ocrx_word' id='word_1_5' title='bbox 462 336 654 398; x_wconf 83' lang='lat' dir='ltr'><strong>scisse,</strong></span> <span class='ocrx_word' id='word_1_6' title='bbox 684 339 741 386; x_wconf 88' lang='lat' dir='ltr'><strong>et</strong></span> <span class='ocrx_word' id='word_1_7' title='bbox 768 330 1087 400; x_wconf 78' lang='lat' dir='ltr'><strong>delinquere</strong></span> <span class='ocrx_word' id='word_1_8' title='bbox 1132 326 1390 382; x_wconf 78' lang='lat' dir='ltr'><strong>delictum</strong></span> <span class='ocrx_word' id='word_1_9' title='bbox 1443 340 1627 381; x_wconf 90' lang='lat' dir='ltr'><strong>coram</strong></span> <span class='ocrx_word' id='word_1_10' title='bbox 1685 325 1917 381; x_wconf 89' lang='lat' dir='ltr'><strong>Domino</strong></span> <span class='ocrx_word' id='word_1_11' title='bbox 1948 325 2038 381; x_wconf 81' lang='lat' dir='ltr'><strong>di-</strong></span> <span class='ocrx_word' id='word_1_12' title='bbox 2069 333 2113 389; x_wconf 77' lang='grc' dir='ltr'>Α</span> <span class='ocrx_word' id='word_1_13' title='bbox 2142 327 2256 397; x_wconf 90' lang='lat' dir='ltr'><strong>ipsa</strong></span> <span class='ocrx_word' id='word_1_14' title='bbox 2291 329 2455 384; x_wconf 90' lang='lat' dir='ltr'><strong>verba</strong></span> <span class='ocrx_word' id='word_1_15' title='bbox 2485 328 2729 384; x_wconf 87' lang='lat' dir='ltr'><strong>discussa</strong></span> <span class='ocrx_word' id='word_1_16' title='bbox 2782 339 3030 399; x_wconf 87' lang='lat' dir='ltr'><strong>possunt.</strong></span> <span class='ocrx_word' id='word_1_17' title='bbox 3082 328 3377 387; x_wconf 75' lang='lat' dir='ltr'><strong>Videamus</strong></span> <span class='ocrx_word' id='word_1_18' title='bbox 3420 345 3551 386; x_wconf 79' lang='lat' dir='ltr'><strong>vero</strong></span> <span class='ocrx_word' id='word_1_19' title='bbox 3589 347 3730 402; x_wconf 86' lang='lat' dir='ltr'><strong>quo-</strong></span> 
     </span>
    </p>
   </div>
   <div class='ocr_carea' id='block_1_5' title="bbox 462 417 2045 495">
    <p class='ocr_par' dir='ltr' id='par_1_5' title="bbox 462 417 2045 495">
     <span class='ocr_line' id='line_1_5' title="bbox 462 417 2045 495; baseline -0.001 -23"><span class='ocrx_word' id='word_1_20' title='bbox 462 428 637 491; x_wconf 72' lang='lat' dir='ltr'><strong>cimr,</strong></span> <span class='ocrx_word' id='word_1_21' title='bbox 679 424 772 495; x_wconf 86' lang='lat' dir='ltr'><strong>qui</strong></span> <span class='ocrx_word' id='word_1_22' title='bbox 825 422 993 492; x_wconf 80' lang='lat' dir='ltr'><strong>judex</strong></span> <span class='ocrx_word' id='word_1_23' title='bbox 1050 419 1232 489; x_wconf 86' lang='lat' dir='ltr'><strong>justus</strong></span> <span class='ocrx_word' id='word_1_24' title='bbox 1280 427 1382 483; x_wconf 90' lang='lat' dir='ltr'><strong>est,</strong></span> <span class='ocrx_word' id='word_1_25' title='bbox 1430 428 1485 473; x_wconf 90' lang='lat' dir='ltr'><strong>et</strong></span> <span class='ocrx_word' id='word_1_26' title='bbox 1542 417 1681 472; x_wconf 91' lang='lat' dir='ltr'><strong>nihil</strong></span> <span class='ocrx_word' id='word_1_27' title='bbox 1713 417 1825 489; x_wconf 84' lang='lat' dir='ltr'><strong>agit</strong></span> <span class='ocrx_word' id='word_1_28' title='bbox 1856 426 2045 472; x_wconf 87' lang='lat' dir='ltr'><strong>contra</strong></span> 
     </span>
    </p>
   </div>
   <div class='ocr_carea' id='block_1_6' title="bbox 460 510 2043 593">
    <p class='ocr_par' dir='ltr' id='par_1_6' title="bbox 460 510 2043 593">
     <span class='ocr_line' id='line_1_6' title="bbox 460 510 2043 593; baseline -0.008 -17"><span class='ocrx_word' id='word_1_29' title='bbox 460 515 766 593; x_wconf 78' lang='lat' dir='ltr'><strong>justitiam?</strong></span> <span class='ocrx_word' id='word_1_30' title='bbox 806 530 908 570; x_wconf 91' lang='lat' dir='ltr'><strong>nec</strong></span> <span class='ocrx_word' id='word_1_31' title='bbox 938 514 1084 568; x_wconf 87' lang='lat' dir='ltr'><strong>enim</strong></span> <span class='ocrx_word' id='word_1_32' title='bbox 1115 512 1183 567; x_wconf 86' lang='lat' dir='ltr'><strong>de</strong></span> <span class='ocrx_word' id='word_1_33' title='bbox 1236 512 1349 566; x_wconf 82' lang='lat' dir='ltr'><strong>sola</strong></span> <span class='ocrx_word' id='word_1_34' title='bbox 1404 511 1621 566; x_wconf 80' lang='lat' dir='ltr'><strong>actione</strong></span> <span class='ocrx_word' id='word_1_35' title='bbox 1666 526 1771 566; x_wconf 85' lang='lat' dir='ltr'><strong>nos</strong></span> <span class='ocrx_word' id='word_1_36' title='bbox 1815 510 2043 580; x_wconf 86' lang='lat' dir='ltr'><strong>judicat,</strong></span> 
     </span>
    </p>
   </div>
   <div class='ocr_carea' id='block_1_7' title="bbox 463 602 2043 680">
    <p class='ocr_par' dir='ltr' id='par_1_7' title="bbox 463 602 2043 680">
     <span class='ocr_line' id='line_1_7' title="bbox 463 602 2043 680; baseline -0.008 -12"><span class='ocrx_word' id='word_1_37' title='bbox 463 612 609 667; x_wconf 86' lang='lat' dir='ltr'><strong>sicut</strong></span> <span class='ocrx_word' id='word_1_38' title='bbox 632 608 852 680; x_wconf 84' lang='lat' dir='ltr'><strong>quando</strong></span> <span class='ocrx_word' id='word_1_39' title='bbox 890 607 955 659; x_wconf 91' lang='lat' dir='ltr'><strong>ad</strong></span> <span class='ocrx_word' id='word_1_40' title='bbox 981 612 1291 675; x_wconf 90' lang='lat' dir='ltr'><strong>peccatum,</strong></span> <span class='ocrx_word' id='word_1_41' title='bbox 1339 611 1436 658; x_wconf 89' lang='lat' dir='ltr'><strong>aut</strong></span> <span class='ocrx_word' id='word_1_42' title='bbox 1478 612 1704 674; x_wconf 75' lang='lat' dir='ltr'><strong>propter</strong></span> <span class='ocrx_word' id='word_1_43' title='bbox 1740 602 2043 669; x_wconf 84' lang='lat' dir='ltr'><strong>libidinem,</strong></span> 
     </span>
    </p>
   </div>
   <div class='ocr_carea' id='block_1_8' title="bbox 462 695 2048 774">
    <p class='ocr_par' dir='ltr' id='par_1_8' title="bbox 462 695 2048 774">
     <span class='ocr_line' id='line_1_8' title="bbox 462 695 2048 774; baseline -0.009 -13"><span class='ocrx_word' id='word_1_44' title='bbox 462 713 557 761; x_wconf 90' lang='lat' dir='ltr'><strong>aut</strong></span> <span class='ocrx_word' id='word_1_45' title='bbox 594 710 819 774; x_wconf 86' lang='lat' dir='ltr'><strong>propter</strong></span> <span class='ocrx_word' id='word_1_46' title='bbox 853 699 1137 754; x_wconf 82' lang='lat' dir='ltr'><strong>avaritiam</strong></span> <span class='ocrx_word' id='word_1_47' title='bbox 1163 739 1178 763; x_wconf 93' lang='lat'><strong>,</strong></span> <span class='ocrx_word' id='word_1_48' title='bbox 1211 706 1305 752; x_wconf 91' lang='lat' dir='ltr'><strong>aut</strong></span> <span class='ocrx_word' id='word_1_49' title='bbox 1332 696 1785 767; x_wconf 80' lang='lat' dir='ltr'><strong>proptergloriam</strong></span> <span class='ocrx_word' id='word_1_50' title='bbox 1803 695 2048 750; x_wconf 89' lang='lat' dir='ltr'><strong>declina-</strong></span> 
     </span>
    </p>
   </div>
   <div class='ocr_carea' id='block_1_9' title="bbox 460 786 2048 865">
    <p class='ocr_par' dir='ltr' id='par_1_9' title="bbox 460 786 2048 865">
     <span class='ocr_line' id='line_1_9' title="bbox 460 786 2048 865; baseline -0.009 -12"><span class='ocrx_word' id='word_1_51' title='bbox 460 811 605 862; x_wconf 86' lang='lat' dir='ltr'><strong>mus,</strong></span> <span class='ocrx_word' id='word_1_52' title='bbox 646 794 792 865; x_wconf 91' lang='lat' dir='ltr'><strong>quod</strong></span> <span class='ocrx_word' id='word_1_53' title='bbox 843 792 1148 864; x_wconf 79' lang='lat' dir='ltr'><strong>ignorantia</strong></span> <span class='ocrx_word' id='word_1_54' title='bbox 1206 788 1352 843; x_wconf 88' lang='lat' dir='ltr'><strong>illius</strong></span> <span class='ocrx_word' id='word_1_55' title='bbox 1406 804 1552 843; x_wconf 70' lang='lat' dir='ltr'><strong>vera:</strong></span> <span class='ocrx_word' id='word_1_56' title='bbox 1603 786 1938 857; x_wconf 80' lang='lat' dir='ltr'><strong>voluptatis,</strong></span> <span class='ocrx_word' id='word_1_57' title='bbox 1991 791 2048 839; x_wconf 85' lang='lat' dir='ltr'><strong>et</strong></span> 
     </span>
    </p>
   </div>
   <div class='ocr_carea' id='block_1_10' title="bbox 462 877 2043 951">
    <p class='ocr_par' dir='ltr' id='par_1_10' title="bbox 462 877 2043 951">
     <span class='ocr_line' id='line_1_10' title="bbox 462 877 2043 951; baseline -0.008 -8"><span class='ocrx_word' id='word_1_58' title='bbox 462 885 660 944; x_wconf 89' lang='lat' dir='ltr'><strong>summi</strong></span> <span class='ocrx_word' id='word_1_59' title='bbox 707 885 867 951; x_wconf 89' lang='lat' dir='ltr'><strong>lucri,</strong></span> <span class='ocrx_word' id='word_1_60' title='bbox 929 891 985 937; x_wconf 91' lang='lat' dir='ltr'><strong>et</strong></span> <span class='ocrx_word' id='word_1_61' title='bbox 1025 882 1173 935; x_wconf 91' lang='lat' dir='ltr'><strong>illius</strong></span> <span class='ocrx_word' id='word_1_62' title='bbox 1228 896 1339 934; x_wconf 91' lang='lat' dir='ltr'><strong>non</strong></span> <span class='ocrx_word' id='word_1_63' title='bbox 1392 879 1542 933; x_wconf 66' lang='lat' dir='ltr'><strong>falsae</strong></span> <span class='ocrx_word' id='word_1_64' title='bbox 1571 877 1751 948; x_wconf 80' lang='lat' dir='ltr'><strong>gloriae</strong></span> <span class='ocrx_word' id='word_1_65' title='bbox 1785 877 2043 947; x_wconf 82' lang='lat' dir='ltr'><strong>patimur.</strong></span> 
     </span>
    </p>
   </div>
   <div class='ocr_carea' id='block_1_11' title="bbox 462 968 2044 1044">
    <p class='ocr_par' dir='ltr' id='par_1_11' title="bbox 462 968 2044 1044">
     <span class='ocr_line' id='line_1_11' title="bbox 462 968 2044 1044; baseline -0.009 -9"><span class='ocrx_word' id='word_1_66' title='bbox 462 978 615 1035; x_wconf 85' lang='lat' dir='ltr'><strong>Facit</strong></span> <span class='ocrx_word' id='word_1_67' title='bbox 644 988 826 1033; x_wconf 88' lang='lat' dir='ltr'><strong>autem</strong></span> <span class='ocrx_word' id='word_1_68' title='bbox 878 977 1022 1031; x_wconf 87' lang='lat' dir='ltr'><strong>hanc</strong></span> <span class='ocrx_word' id='word_1_69' title='bbox 1069 973 1430 1044; x_wconf 78' lang='lat' dir='ltr'><strong>ignorantiam</strong></span> <span class='ocrx_word' id='word_1_70' title='bbox 1479 970 1702 1026; x_wconf 85' lang='lat' dir='ltr'><strong>dilectio</strong></span> <span class='ocrx_word' id='word_1_71' title='bbox 1754 968 2044 1023; x_wconf 86' lang='lat' dir='ltr'><strong>mendacii.</strong></span> 
     </span>
    </p>
   </div>
   <div class='ocr_carea' id='block_1_12' title="bbox 464 1059 2047 1140">
    <p class='ocr_par' dir='ltr' id='par_1_12' title="bbox 464 1059 2047 1140">
     <span class='ocr_line' id='line_1_12' title="bbox 464 1059 2047 1140; baseline -0.009 -13"><span class='ocrx_word' id='word_1_72' title='bbox 464 1072 543 1126; x_wconf 81' lang='lat' dir='ltr'><strong>Ex</strong></span> <span class='ocrx_word' id='word_1_73' title='bbox 565 1086 675 1140; x_wconf 91' lang='lat' dir='ltr'><strong>quo</strong></span> <span class='ocrx_word' id='word_1_74' title='bbox 699 1067 966 1138; x_wconf 79' lang='lat' dir='ltr'><strong>quispiam</strong></span> <span class='ocrx_word' id='word_1_75' title='bbox 996 1074 1233 1120; x_wconf 70' lang='lat' dir='ltr'><strong>caecatus</strong></span> <span class='ocrx_word' id='word_1_76' title='bbox 1255 1072 1458 1127; x_wconf 89' lang='lat' dir='ltr'><strong>mente,</strong></span> <span class='ocrx_word' id='word_1_77' title='bbox 1502 1069 1739 1116; x_wconf 69' lang='lat' dir='ltr'><strong>caecatur</strong></span> <span class='ocrx_word' id='word_1_78' title='bbox 1776 1059 1938 1114; x_wconf 86' lang='lat' dir='ltr'><strong>etiam</strong></span> <span class='ocrx_word' id='word_1_79' title='bbox 1992 1066 2047 1112; x_wconf 89' lang='lat' dir='ltr'><strong>et</strong></span> 
     </span>
    </p>
   </div>
   <div class='ocr_carea' id='block_1_13' title="bbox 463 1152 2048 1226">
    <p class='ocr_par' dir='ltr' id='par_1_13' title="bbox 463 1152 2048 1226">
     <span class='ocr_line' id='line_1_13' title="bbox 463 1152 2048 1226; baseline -0.008 -10"><span class='ocrx_word' id='word_1_80' title='bbox 463 1164 791 1217; x_wconf 85' lang='lat' dir='ltr'><strong>obscuratur</strong></span> <span class='ocrx_word' id='word_1_81' title='bbox 830 1158 1084 1223; x_wconf 89' lang='lat' dir='ltr'><strong>scientia,</strong></span> <span class='ocrx_word' id='word_1_82' title='bbox 1125 1172 1246 1226; x_wconf 72' lang='lat' dir='ltr'><strong>qua:</strong></span> <span class='ocrx_word' id='word_1_83' title='bbox 1298 1164 1520 1220; x_wconf 81' lang='lat' dir='ltr'><strong>caecata,</strong></span> <span class='ocrx_word' id='word_1_84' title='bbox 1570 1153 1708 1207; x_wconf 86' lang='lat' dir='ltr'><strong>nihil</strong></span> <span class='ocrx_word' id='word_1_85' title='bbox 1742 1152 2048 1206; x_wconf 49' lang='lat' dir='ltr'><strong>&#39;invenitur</strong></span> 
     </span>
    </p>
   </div>
   <div class='ocr_carea' id='block_1_14' title="bbox 462 1242 2046 1322">
    <p class='ocr_par' dir='ltr' id='par_1_14' title="bbox 462 1242 2046 1322">
     <span class='ocr_line' id='line_1_14' title="bbox 462 1242 2046 1322; baseline -0.01 -12"><span class='ocrx_word' id='word_1_86' title='bbox 462 1255 667 1309; x_wconf 88' lang='lat' dir='ltr'><strong>distare</strong></span> <span class='ocrx_word' id='word_1_87' title='bbox 708 1252 777 1306; x_wconf 91' lang='lat' dir='ltr'><strong>ab</strong></span> <span class='ocrx_word' id='word_1_88' title='bbox 802 1248 1129 1322; x_wconf 77' lang='lat' dir='ltr'><strong>ignorantia.</strong></span> <span class='ocrx_word' id='word_1_89' title='bbox 1160 1247 1316 1302; x_wconf 83' lang='lat' dir='ltr'><strong>Unde</strong></span> <span class='ocrx_word' id='word_1_90' title='bbox 1342 1254 1395 1300; x_wconf 91' lang='lat' dir='ltr'><strong>et</strong></span> <span class='ocrx_word' id='word_1_91' title='bbox 1432 1245 1600 1299; x_wconf 84' lang='lat' dir='ltr'><strong>David</strong></span> <span class='ocrx_word' id='word_1_92' title='bbox 1631 1244 1848 1298; x_wconf 88' lang='lat' dir='ltr'><strong>dicebat</strong></span> <span class='ocrx_word' id='word_1_93' title='bbox 1883 1261 1895 1294; x_wconf 89' lang='lat'><strong>:</strong></span> <span class='ocrx_word' id='word_1_94' title='bbox 1937 1242 2046 1295; x_wconf 85' lang='lat' dir='ltr'><strong>Ne-</strong></span> 
     </span>
    </p>
   </div>
   <div class='ocr_carea' id='block_1_15' title="bbox 460 1334 2041 1412">
    <p class='ocr_par' dir='ltr' id='par_1_15' title="bbox 460 1334 2041 1412">
     <span class='ocr_line' id='line_1_15' title="bbox 460 1334 2041 1412; baseline -0.007 -13"><span class='ocrx_word' id='word_1_95' title='bbox 460 1346 708 1408; x_wconf 89' lang='lat' dir='ltr'><strong>scierunt,</strong></span> <span class='ocrx_word' id='word_1_96' title='bbox 752 1359 918 1412; x_wconf 87' lang='lat' dir='ltr'><strong>neque</strong></span> <span class='ocrx_word' id='word_1_97' title='bbox 940 1340 1331 1403; x_wconf 70' lang='lat' dir='ltr'><strong>intellexerunt,</strong></span> <span class='ocrx_word' id='word_1_98' title='bbox 1358 1339 1411 1391; x_wconf 90' lang='lat' dir='ltr'><strong>in</strong></span> <span class='ocrx_word' id='word_1_99' title='bbox 1437 1338 1658 1391; x_wconf 77' lang='lat' dir='ltr'><strong>tenebris</strong></span> <span class='ocrx_word' id='word_1_100' title='bbox 1680 1334 1951 1389; x_wconf 88' lang='lat' dir='ltr'><strong>ambulant</strong></span> <span class='ocrx_word' id='word_1_101' title='bbox 1979 1336 2041 1388; x_wconf 81' lang='lat'><strong>&quot;.</strong></span> 
     </span>
    </p>
   </div>
   <div class='ocr_carea' id='block_1_16' title="bbox 463 1426 2043 1503">
    <p class='ocr_par' dir='ltr' id='par_1_16' title="bbox 463 1426 2043 1503">
     <span class='ocr_line' id='line_1_16' title="bbox 463 1426 2043 1503; baseline -0.008 -11"><span class='ocrx_word' id='word_1_102' title='bbox 463 1438 603 1492; x_wconf 87' lang='lat' dir='ltr'><strong>Dum</strong></span> <span class='ocrx_word' id='word_1_103' title='bbox 631 1446 814 1489; x_wconf 89' lang='lat' dir='ltr'><strong>autem</strong></span> <span class='ocrx_word' id='word_1_104' title='bbox 853 1433 1207 1503; x_wconf 88' lang='lat' dir='ltr'><strong>resipuerint,</strong></span> <span class='ocrx_word' id='word_1_105' title='bbox 1234 1438 1291 1486; x_wconf 90' lang='lat' dir='ltr'><strong>et</strong></span> <span class='ocrx_word' id='word_1_106' title='bbox 1321 1437 1624 1485; x_wconf 84' lang='lat' dir='ltr'><strong>restaurata</strong></span> <span class='ocrx_word' id='word_1_107' title='bbox 1659 1426 1822 1481; x_wconf 89' lang='lat' dir='ltr'><strong>fuerit</strong></span> <span class='ocrx_word' id='word_1_108' title='bbox 1845 1427 2043 1481; x_wconf 80' lang='lat' dir='ltr'><strong>obscu-</strong></span> 
     </span>
    </p>
   </div>
   <div class='ocr_carea' id='block_1_17' title="bbox 461 1520 2047 1591">
    <p class='ocr_par' dir='ltr' id='par_1_17' title="bbox 461 1520 2047 1591">
     <span class='ocr_line' id='line_1_17' title="bbox 461 1520 2047 1591; baseline -0.008 -11"><span class='ocrx_word' id='word_1_109' title='bbox 461 1536 579 1580; x_wconf 87' lang='lat' dir='ltr'><strong>rata</strong></span> <span class='ocrx_word' id='word_1_110' title='bbox 613 1538 794 1587; x_wconf 90' lang='lat' dir='ltr'><strong>mens,</strong></span> <span class='ocrx_word' id='word_1_111' title='bbox 826 1531 959 1577; x_wconf 90' lang='lat' dir='ltr'><strong>tunc</strong></span> <span class='ocrx_word' id='word_1_112' title='bbox 976 1529 1257 1591; x_wconf 89' lang='lat' dir='ltr'><strong>peccatum</strong></span> <span class='ocrx_word' id='word_1_113' title='bbox 1288 1520 1577 1580; x_wconf 87' lang='lat' dir='ltr'><strong>sentimus,</strong></span> <span class='ocrx_word' id='word_1_114' title='bbox 1610 1524 1667 1570; x_wconf 90' lang='lat' dir='ltr'><strong>et</strong></span> <span class='ocrx_word' id='word_1_115' title='bbox 1687 1530 1912 1570; x_wconf 82' lang='lat' dir='ltr'><strong>necesse</strong></span> <span class='ocrx_word' id='word_1_116' title='bbox 1964 1522 2047 1568; x_wconf 76' lang='lat' dir='ltr'><strong>est</strong></span> 
     </span>
    </p>
   </div>
   <div class='ocr_carea' id='block_1_18' title="bbox 463 1606 2044 1681">
    <p class='ocr_par' dir='ltr' id='par_1_18' title="bbox 463 1606 2044 1681">
     <span class='ocr_line' id='line_1_18' title="bbox 463 1606 2044 1681; baseline -0.009 -9"><span class='ocrx_word' id='word_1_117' title='bbox 463 1627 523 1672; x_wconf 93' lang='lat' dir='ltr'><strong>ut</strong></span> <span class='ocrx_word' id='word_1_118' title='bbox 549 1617 603 1670; x_wconf 91' lang='lat' dir='ltr'><strong>in</strong></span> <span class='ocrx_word' id='word_1_119' title='bbox 631 1615 891 1670; x_wconf 88' lang='lat' dir='ltr'><strong>delictum</strong></span> <span class='ocrx_word' id='word_1_120' title='bbox 938 1614 1121 1677; x_wconf 90' lang='lat' dir='ltr'><strong>nobis,</strong></span> <span class='ocrx_word' id='word_1_121' title='bbox 1150 1626 1325 1681; x_wconf 86' lang='lat' dir='ltr'><strong>usque</strong></span> <span class='ocrx_word' id='word_1_122' title='bbox 1354 1611 1483 1665; x_wconf 91' lang='lat' dir='ltr'><strong>dum</strong></span> <span class='ocrx_word' id='word_1_123' title='bbox 1517 1624 1616 1679; x_wconf 91' lang='lat' dir='ltr'><strong>per</strong></span> <span class='ocrx_word' id='word_1_124' title='bbox 1666 1606 2044 1678; x_wconf 70' lang='lat' dir='ltr'><strong>paenitentiam</strong></span> 
     </span>
    </p>
   </div>
   <div class='ocr_carea' id='block_1_19' title="bbox 462 1698 2048 1778">
    <p class='ocr_par' dir='ltr' id='par_1_19' title="bbox 462 1698 2048 1778">
     <span class='ocr_line' id='line_1_19' title="bbox 462 1698 2048 1778; baseline -0.008 -15"><span class='ocrx_word' id='word_1_125' title='bbox 462 1723 781 1778; x_wconf 89' lang='lat' dir='ltr'><strong>purgemur,</strong></span> <span class='ocrx_word' id='word_1_126' title='bbox 829 1713 1138 1775; x_wconf 87' lang='lat' dir='ltr'><strong>reputetur,</strong></span> <span class='ocrx_word' id='word_1_127' title='bbox 1170 1703 1426 1759; x_wconf 88' lang='lat' dir='ltr'><strong>delictum</strong></span> <span class='ocrx_word' id='word_1_128' title='bbox 1461 1707 1645 1756; x_wconf 89' lang='lat' dir='ltr'><strong>autem</strong></span> <span class='ocrx_word' id='word_1_129' title='bbox 1671 1699 1724 1753; x_wconf 91' lang='lat' dir='ltr'><strong>id</strong></span> <span class='ocrx_word' id='word_1_130' title='bbox 1763 1698 1909 1768; x_wconf 90' lang='lat' dir='ltr'><strong>quod</strong></span> <span class='ocrx_word' id='word_1_131' title='bbox 1966 1704 2048 1752; x_wconf 90' lang='lat' dir='ltr'><strong>est</strong></span> 
     </span>
    </p>
   </div>
   <div class='ocr_carea' id='block_1_20' title="bbox 461 1792 2049 1866">
    <p class='ocr_par' dir='ltr' id='par_1_20' title="bbox 461 1792 2049 1866">
     <span class='ocr_line' id='line_1_20' title="bbox 461 1792 2049 1866; baseline -0.008 -10"><span class='ocrx_word' id='word_1_132' title='bbox 461 1812 655 1856; x_wconf 87' lang='lat' dir='ltr'><strong>contra</strong></span> <span class='ocrx_word' id='word_1_133' title='bbox 710 1799 1025 1864; x_wconf 90' lang='lat' dir='ltr'><strong>Dominum,</strong></span> <span class='ocrx_word' id='word_1_134' title='bbox 1072 1798 1316 1866; x_wconf 88' lang='lat' dir='ltr'><strong>duplicat</strong></span> <span class='ocrx_word' id='word_1_135' title='bbox 1364 1794 1510 1850; x_wconf 91' lang='lat' dir='ltr'><strong>enim</strong></span> <span class='ocrx_word' id='word_1_136' title='bbox 1560 1792 1823 1848; x_wconf 89' lang='lat' dir='ltr'><strong>delictum</strong></span> <span class='ocrx_word' id='word_1_137' title='bbox 1849 1805 2049 1846; x_wconf 88' lang='lat' dir='ltr'><strong>secun-</strong></span> 
     </span>
    </p>
   </div>
   <div class='ocr_carea' id='block_1_21' title="bbox 462 1880 2050 1955">
    <p class='ocr_par' dir='ltr' id='par_1_21' title="bbox 462 1880 2050 1955">
     <span class='ocr_line' id='line_1_21' title="bbox 462 1880 2050 1955; baseline -0.007 -11"><span class='ocrx_word' id='word_1_138' title='bbox 462 1891 593 1945; x_wconf 87' lang='lat' dir='ltr'><strong>dum</strong></span> <span class='ocrx_word' id='word_1_139' title='bbox 625 1887 767 1943; x_wconf 77' lang='lat' dir='ltr'><strong>LXX</strong></span> <span class='ocrx_word' id='word_1_140' title='bbox 797 1889 986 1942; x_wconf 78' lang='lat' dir='ltr'><strong>dicens</strong></span> <span class='ocrx_word' id='word_1_141' title='bbox 1031 1905 1043 1941; x_wconf 89' lang='lat'><strong>:</strong></span> <span class='ocrx_word' id='word_1_142' title='bbox 1085 1885 1317 1955; x_wconf 83' lang='lat' dir='ltr'><strong>Deliquit</strong></span> <span class='ocrx_word' id='word_1_143' title='bbox 1342 1884 1482 1939; x_wconf 86' lang='lat' dir='ltr'><strong>enim</strong></span> <span class='ocrx_word' id='word_1_144' title='bbox 1503 1883 1748 1937; x_wconf 83' lang='lat' dir='ltr'><strong>delictum</strong></span> <span class='ocrx_word' id='word_1_145' title='bbox 1777 1890 1901 1935; x_wconf 86' lang='lat' dir='ltr'><strong>ante</strong></span> <span class='ocrx_word' id='word_1_146' title='bbox 1941 1880 2050 1933; x_wconf 90' lang='lat' dir='ltr'><strong>Do-</strong></span> 
     </span>
    </p>
   </div>
   <div class='ocr_carea' id='block_1_22' title="bbox 463 1972 2048 2048">
    <p class='ocr_par' dir='ltr' id='par_1_22' title="bbox 463 1972 2048 2048">
     <span class='ocr_line' id='line_1_22' title="bbox 463 1972 2048 2048; baseline -0.006 -12"><span class='ocrx_word' id='word_1_147' title='bbox 463 1984 687 2036; x_wconf 86' lang='lat' dir='ltr'><strong>minum.</strong></span> <span class='ocrx_word' id='word_1_148' title='bbox 725 1980 791 2033; x_wconf 88' lang='lat' dir='ltr'><strong>Et</strong></span> <span class='ocrx_word' id='word_1_149' title='bbox 822 1981 927 2033; x_wconf 90' lang='lat' dir='ltr'><strong>hoc</strong></span> <span class='ocrx_word' id='word_1_150' title='bbox 970 1980 1128 2048; x_wconf 90' lang='lat' dir='ltr'><strong>cujus</strong></span> <span class='ocrx_word' id='word_1_151' title='bbox 1158 1976 1235 2031; x_wconf 88' lang='lat' dir='ltr'><strong>rei</strong></span> <span class='ocrx_word' id='word_1_152' title='bbox 1260 1976 1471 2048; x_wconf 85' lang='lat' dir='ltr'><strong>gratia?</strong></span> <span class='ocrx_word' id='word_1_153' title='bbox 1497 1975 1766 2041; x_wconf 80' lang='lat' dir='ltr'><strong>Quoniam</strong></span> <span class='ocrx_word' id='word_1_154' title='bbox 1793 1972 2048 2028; x_wconf 87' lang='lat' dir='ltr'><strong>delictum</strong></span> 
     </span>
    </p>
   </div>
   <div class='ocr_carea' id='block_1_23' title="bbox 464 2063 2045 2138">
    <p class='ocr_par' dir='ltr' id='par_1_23' title="bbox 464 2063 2045 2138">
     <span class='ocr_line' id='line_1_23' title="bbox 464 2063 2045 2138; baseline -0.006 -12"><span class='ocrx_word' id='word_1_155' title='bbox 464 2087 584 2126; x_wconf 89' lang='lat' dir='ltr'><strong>esse</strong></span> <span class='ocrx_word' id='word_1_156' title='bbox 616 2070 950 2126; x_wconf 88' lang='lat' dir='ltr'><strong>intellectum</strong></span> <span class='ocrx_word' id='word_1_157' title='bbox 985 2066 1100 2121; x_wconf 87' lang='lat' dir='ltr'><strong>sive</strong></span> <span class='ocrx_word' id='word_1_158' title='bbox 1151 2066 1514 2138; x_wconf 84' lang='lat' dir='ltr'><strong>cegnitionem</strong></span> <span class='ocrx_word' id='word_1_159' title='bbox 1554 2063 1762 2135; x_wconf 81' lang='lat' dir='ltr'><strong>peccati</strong></span> <span class='ocrx_word' id='word_1_160' title='bbox 1791 2063 2045 2128; x_wconf 78' lang='lat' dir='ltr'><strong>diximus,</strong></span> 
     </span>
    </p>
   </div>
   <div class='ocr_carea' id='block_1_24' title="bbox 461 2154 2048 2233">
    <p class='ocr_par' dir='ltr' id='par_1_24' title="bbox 461 2154 2048 2233">
     <span class='ocr_line' id='line_1_24' title="bbox 461 2154 2048 2233; baseline -0.006 -16"><span class='ocrx_word' id='word_1_161' title='bbox 461 2172 521 2217; x_wconf 89' lang='lat' dir='ltr'><strong>et</strong></span> <span class='ocrx_word' id='word_1_162' title='bbox 566 2160 745 2215; x_wconf 88' lang='lat' dir='ltr'><strong>omnis</strong></span> <span class='ocrx_word' id='word_1_163' title='bbox 800 2160 964 2213; x_wconf 89' lang='lat' dir='ltr'><strong>homo</strong></span> <span class='ocrx_word' id='word_1_164' title='bbox 1021 2157 1242 2227; x_wconf 86' lang='lat' dir='ltr'><strong>quidem</strong></span> <span class='ocrx_word' id='word_1_165' title='bbox 1288 2156 1524 2211; x_wconf 88' lang='lat' dir='ltr'><strong>naturali</strong></span> <span class='ocrx_word' id='word_1_166' title='bbox 1585 2156 1712 2226; x_wconf 89' lang='lat' dir='ltr'><strong>jure</strong></span> <span class='ocrx_word' id='word_1_167' title='bbox 1760 2154 2048 2233; x_wconf 84' lang='lat' dir='ltr'><strong>scientiam</strong></span> 
     </span>
    </p>
   </div>
   <div class='ocr_carea' id='block_1_25' title="bbox 463 2247 2049 2324">
    <p class='ocr_par' dir='ltr' id='par_1_25' title="bbox 463 2247 2049 2324">
     <span class='ocr_line' id='line_1_25' title="bbox 463 2247 2049 2324; baseline -0.006 -16"><span class='ocrx_word' id='word_1_168' title='bbox 463 2254 673 2324; x_wconf 83' lang='lat' dir='ltr'><strong>peccati</strong></span> <span class='ocrx_word' id='word_1_169' title='bbox 709 2251 895 2315; x_wconf 84' lang='lat' dir='ltr'><strong>habet,</strong></span> <span class='ocrx_word' id='word_1_170' title='bbox 930 2250 1025 2304; x_wconf 90' lang='lat' dir='ltr'><strong>sed</strong></span> <span class='ocrx_word' id='word_1_171' title='bbox 1061 2249 1170 2312; x_wconf 77' lang='lat' dir='ltr'><strong>hic,</strong></span> <span class='ocrx_word' id='word_1_172' title='bbox 1205 2248 1348 2302; x_wconf 86' lang='lat' dir='ltr'><strong>sicut</strong></span> <span class='ocrx_word' id='word_1_173' title='bbox 1398 2247 1657 2311; x_wconf 79' lang='lat' dir='ltr'><strong>diximus,</strong></span> <span class='ocrx_word' id='word_1_174' title='bbox 1687 2261 1809 2300; x_wconf 89' lang='lat' dir='ltr'><strong>eam</strong></span> <span class='ocrx_word' id='word_1_175' title='bbox 1862 2259 2049 2299; x_wconf 86' lang='lat' dir='ltr'><strong>amore</strong></span> 
     </span>
    </p>
   </div>
   <div class='ocr_carea' id='block_1_26' title="bbox 464 2340 2051 2399">
    <p class='ocr_par' dir='ltr' id='par_1_26' title="bbox 464 2340 2051 2399">
     <span class='ocr_line' id='line_1_26' title="bbox 464 2340 2051 2399; baseline -0.004 0"><span class='ocrx_word' id='word_1_176' title='bbox 464 2345 756 2399; x_wconf 85' lang='lat' dir='ltr'><strong>libidinum</strong></span> <span class='ocrx_word' id='word_1_177' title='bbox 790 2342 1115 2397; x_wconf 90' lang='lat' dir='ltr'><strong>tenebravit.</strong></span> <span class='ocrx_word' id='word_1_178' title='bbox 1146 2342 1299 2396; x_wconf 87' lang='lat' dir='ltr'><strong>Alius</strong></span> <span class='ocrx_word' id='word_1_179' title='bbox 1361 2350 1542 2395; x_wconf 86' lang='lat' dir='ltr'><strong>autem</strong></span> <span class='ocrx_word' id='word_1_180' title='bbox 1588 2340 1794 2394; x_wconf 85' lang='lat' dir='ltr'><strong>tardior</strong></span> <span class='ocrx_word' id='word_1_181' title='bbox 1833 2348 2051 2393; x_wconf 87' lang='lat' dir='ltr'><strong>natura-</strong></span> 
     </span>
    </p>
   </div>
   <div class='ocr_carea' id='block_1_27' title="bbox 459 2436 2043 2505">
    <p class='ocr_par' dir='ltr' id='par_1_27' title="bbox 459 2436 2043 2505">
     <span class='ocr_line' id='line_1_27' title="bbox 459 2436 2043 2505; baseline -0.003 -11"><span class='ocrx_word' id='word_1_182' title='bbox 459 2440 590 2495; x_wconf 80' lang='lat' dir='ltr'><strong>liter</strong></span> <span class='ocrx_word' id='word_1_183' title='bbox 618 2446 720 2505; x_wconf 90' lang='lat' dir='ltr'><strong>cst,</strong></span> <span class='ocrx_word' id='word_1_184' title='bbox 751 2448 806 2493; x_wconf 91' lang='lat' dir='ltr'><strong>ct</strong></span> <span class='ocrx_word' id='word_1_185' title='bbox 836 2438 1061 2492; x_wconf 87' lang='lat' dir='ltr'><strong>alterius</strong></span> <span class='ocrx_word' id='word_1_186' title='bbox 1090 2438 1396 2492; x_wconf 85' lang='lat' dir='ltr'><strong>doctrinam</strong></span> <span class='ocrx_word' id='word_1_187' title='bbox 1422 2437 1636 2492; x_wconf 87' lang='lat' dir='ltr'><strong>habens</strong></span> <span class='ocrx_word' id='word_1_188' title='bbox 1662 2436 2043 2491; x_wconf 87' lang='lat' dir='ltr'><strong>necessariam.</strong></span> 
     </span>
    </p>
   </div>
   <div class='ocr_carea' id='block_1_28' title="bbox 465 2527 2048 2601">
    <p class='ocr_par' dir='ltr' id='par_1_28' title="bbox 465 2527 2048 2601">
     <span class='ocr_line' id='line_1_28' title="bbox 465 2527 2048 2601; baseline -0.003 -16"><span class='ocrx_word' id='word_1_189' title='bbox 465 2531 557 2585; x_wconf 87' lang='lat' dir='ltr'><strong>Sic</strong></span> <span class='ocrx_word' id='word_1_190' title='bbox 577 2546 706 2601; x_wconf 88' lang='lat' dir='ltr'><strong>ergo</strong></span> <span class='ocrx_word' id='word_1_191' title='bbox 728 2539 823 2585; x_wconf 89' lang='lat' dir='ltr'><strong>aut</strong></span> <span class='ocrx_word' id='word_1_192' title='bbox 849 2529 1192 2600; x_wconf 89' lang='lat' dir='ltr'><strong>resipiscenti</strong></span> <span class='ocrx_word' id='word_1_193' title='bbox 1223 2530 1296 2595; x_wconf 92' lang='lat' dir='ltr'><strong>ei,</strong></span> <span class='ocrx_word' id='word_1_194' title='bbox 1330 2539 1424 2583; x_wconf 91' lang='lat' dir='ltr'><strong>aut</strong></span> <span class='ocrx_word' id='word_1_195' title='bbox 1457 2529 1526 2583; x_wconf 88' lang='lat' dir='ltr'><strong>ab</strong></span> <span class='ocrx_word' id='word_1_196' title='bbox 1556 2529 1663 2582; x_wconf 92' lang='lat' dir='ltr'><strong>alio</strong></span> <span class='ocrx_word' id='word_1_197' title='bbox 1688 2528 1919 2583; x_wconf 89' lang='lat' dir='ltr'><strong>discenti</strong></span> <span class='ocrx_word' id='word_1_198' title='bbox 1948 2527 2048 2582; x_wconf 86' lang='lat' dir='ltr'><strong>dc-</strong></span> 
     </span>
    </p>
   </div>
   <div class='ocr_carea' id='block_1_29' title="bbox 465 2620 2047 2690">
    <p class='ocr_par' dir='ltr' id='par_1_29' title="bbox 465 2620 2047 2690">
     <span class='ocr_line' id='line_1_29' title="bbox 465 2620 2047 2690; baseline -0.002 -15"><span class='ocrx_word' id='word_1_199' title='bbox 465 2620 675 2685; x_wconf 91' lang='lat' dir='ltr'><strong>lictum,</strong></span> <span class='ocrx_word' id='word_1_200' title='bbox 706 2620 759 2675; x_wconf 90' lang='lat' dir='ltr'><strong>id</strong></span> <span class='ocrx_word' id='word_1_201' title='bbox 789 2628 874 2675; x_wconf 85' lang='lat' dir='ltr'><strong>est</strong></span> <span class='ocrx_word' id='word_1_202' title='bbox 925 2620 1137 2690; x_wconf 89' lang='lat' dir='ltr'><strong>peccati</strong></span> <span class='ocrx_word' id='word_1_203' title='bbox 1168 2620 1483 2683; x_wconf 87' lang='lat' dir='ltr'><strong>scientiam,</strong></span> <span class='ocrx_word' id='word_1_204' title='bbox 1517 2620 1699 2675; x_wconf 81' lang='lat' dir='ltr'><strong>delicti</strong></span> <span class='ocrx_word' id='word_1_205' title='bbox 1756 2628 2047 2690; x_wconf 83' lang='lat' dir='ltr'><strong>perpetra-</strong></span> 
     </span>
    </p>
   </div>
   <div class='ocr_carea' id='block_1_30' title="bbox 468 2710 2047 2781">
    <p class='ocr_par' dir='ltr' id='par_1_30' title="bbox 468 2710 2047 2781">
     <span class='ocr_line' id='line_1_30' title="bbox 468 2710 2047 2781; baseline -0.002 -14"><span class='ocrx_word' id='word_1_206' title='bbox 468 2713 545 2768; x_wconf 93' lang='lat' dir='ltr'><strong>tio</strong></span> <span class='ocrx_word' id='word_1_207' title='bbox 597 2721 725 2768; x_wconf 89' lang='lat' dir='ltr'><strong>ante</strong></span> <span class='ocrx_word' id='word_1_208' title='bbox 758 2712 1067 2774; x_wconf 87' lang='lat' dir='ltr'><strong>Dominum,</strong></span> <span class='ocrx_word' id='word_1_209' title='bbox 1098 2711 1295 2781; x_wconf 84' lang='lat' dir='ltr'><strong>duplex</strong></span> <span class='ocrx_word' id='word_1_210' title='bbox 1351 2728 1439 2781; x_wconf 78' lang='lat' dir='ltr'><strong>per</strong></span> <span class='ocrx_word' id='word_1_211' title='bbox 1488 2710 1783 2766; x_wconf 88' lang='lat' dir='ltr'><strong>scientiam</strong></span> <span class='ocrx_word' id='word_1_212' title='bbox 1823 2718 2047 2779; x_wconf 88' lang='lat' dir='ltr'><strong>reputa-</strong></span> 
     </span>
    </p>
   </div>
   <div class='ocr_carea' id='block_1_31' title="bbox 468 2802 2044 2874">
    <p class='ocr_par' dir='ltr' id='par_1_31' title="bbox 468 2802 2044 2874">
     <span class='ocr_line' id='line_1_31' title="bbox 468 2802 2044 2874; baseline -0.003 -15"><span class='ocrx_word' id='word_1_213' title='bbox 468 2814 578 2869; x_wconf 89' lang='lat' dir='ltr'><strong>tur,</strong></span> <span class='ocrx_word' id='word_1_214' title='bbox 608 2814 737 2859; x_wconf 92' lang='lat' dir='ltr'><strong>tunc</strong></span> <span class='ocrx_word' id='word_1_215' title='bbox 769 2805 915 2859; x_wconf 90' lang='lat' dir='ltr'><strong>enim</strong></span> <span class='ocrx_word' id='word_1_216' title='bbox 951 2806 1090 2858; x_wconf 84' lang='lat' dir='ltr'><strong>Deus</strong></span> <span class='ocrx_word' id='word_1_217' title='bbox 1114 2805 1233 2874; x_wconf 85' lang='lat' dir='ltr'><strong>ejus</strong></span> <span class='ocrx_word' id='word_1_218' title='bbox 1267 2804 1548 2858; x_wconf 83' lang='lat' dir='ltr'><strong>scientiam</strong></span> <span class='ocrx_word' id='word_1_219' title='bbox 1580 2804 1867 2858; x_wconf 75' lang='lat' dir='ltr'><strong>obnoxiam</strong></span> <span class='ocrx_word' id='word_1_220' title='bbox 1897 2802 2044 2871; x_wconf 87' lang='lat' dir='ltr'><strong>facit,</strong></span> 
     </span>
    </p>
   </div>
   <div class='ocr_carea' id='block_1_32' title="bbox 466 2895 2047 2968">
    <p class='ocr_par' dir='ltr' id='par_1_32' title="bbox 466 2895 2047 2968">
     <span class='ocr_line' id='line_1_32' title="bbox 466 2895 2047 2968; baseline -0.003 -15"><span class='ocrx_word' id='word_1_221' title='bbox 466 2907 523 2953; x_wconf 85' lang='lat' dir='ltr'><strong>et</strong></span> <span class='ocrx_word' id='word_1_222' title='bbox 555 2897 886 2958; x_wconf 85' lang='lat' dir='ltr'><strong>sacrificium</strong></span> <span class='ocrx_word' id='word_1_223' title='bbox 920 2913 1018 2968; x_wconf 89' lang='lat' dir='ltr'><strong>per</strong></span> <span class='ocrx_word' id='word_1_224' title='bbox 1059 2896 1422 2967; x_wconf 85' lang='lat' dir='ltr'><strong>ignorantiam</strong></span> <span class='ocrx_word' id='word_1_225' title='bbox 1451 2912 1480 2951; x_wconf 88' lang='lat' dir='ltr'><strong>e</strong></span> <span class='ocrx_word' id='word_1_226' title='bbox 1512 2907 1735 2967; x_wconf 87' lang='lat' dir='ltr'><strong>peccato</strong></span> <span class='ocrx_word' id='word_1_227' title='bbox 1777 2895 1957 2966; x_wconf 78' lang='lat' dir='ltr'><strong>exigit,</strong></span> <span class='ocrx_word' id='word_1_228' title='bbox 1991 2903 2047 2949; x_wconf 92' lang='lat' dir='ltr'><strong>et</strong></span> 
     </span>
    </p>
   </div>
   <div class='ocr_carea' id='block_1_33' title="bbox 466 2990 869 3062">
    <p class='ocr_par' dir='ltr' id='par_1_33' title="bbox 466 2990 869 3062">
     <span class='ocr_line' id='line_1_33' title="bbox 466 2990 869 3062; baseline -0.002 -14"><span class='ocrx_word' id='word_1_229' title='bbox 466 2990 869 3062; x_wconf 74' lang='lat' dir='ltr'><strong>ptenitcntiam.</strong></span> 
     </span>
    </p>
   </div>
   <div class='ocr_carea' id='block_1_34' title="bbox 1064 3077 1410 3135">
    <p class='ocr_par' dir='ltr' id='par_1_34' title="bbox 1064 3077 1410 3135">
     <span class='ocr_line' id='line_1_34' title="bbox 1064 3077 1410 3135; baseline -0.009 0"><span class='ocrx_word' id='word_1_230' title='bbox 1064 3078 1292 3135; x_wconf 80' lang='lat' dir='ltr'><strong>CAPUT</strong></span> <span class='ocrx_word' id='word_1_231' title='bbox 1325 3077 1410 3133; x_wconf 71' lang='lat' dir='ltr'><strong>Vl.</strong></span> 
     </span>
    </p>
   </div>
   <div class='ocr_carea' id='block_1_35' title="bbox 535 3169 2046 3239">
    <p class='ocr_par' dir='ltr' id='par_1_35' title="bbox 535 3169 2046 3239">
     <span class='ocr_line' id='line_1_35' title="bbox 535 3169 2046 3239; baseline -0.001 -14"><span class='ocrx_word' id='word_1_232' title='bbox 535 3172 704 3228; x_wconf 71' lang='lat' dir='ltr'><strong>Vens.</strong></span> <span class='ocrx_word' id='word_1_233' title='bbox 758 3172 876 3226; x_wconf 78' lang='lat'><strong>1-7.</strong></span> <span class='ocrx_word' id='word_1_234' title='bbox 936 3170 1223 3226; x_wconf 64' lang='lat' dir='ltr'><strong>«Locutus</strong></span> <span class='ocrx_word' id='word_1_235' title='bbox 1283 3180 1367 3225; x_wconf 90' lang='lat' dir='ltr'><strong>est</strong></span> <span class='ocrx_word' id='word_1_236' title='bbox 1423 3169 1685 3225; x_wconf 91' lang='lat' dir='ltr'><strong>Dominus</strong></span> <span class='ocrx_word' id='word_1_237' title='bbox 1733 3170 1799 3225; x_wconf 91' lang='lat' dir='ltr'><strong>ad</strong></span> <span class='ocrx_word' id='word_1_238' title='bbox 1827 3169 2046 3239; x_wconf 80' lang='lat' dir='ltr'><strong>Moysen</strong></span> 
     </span>
    </p>
   </div>
   <div class='ocr_carea' id='block_1_36' title="bbox 468 3261 2046 3332">
    <p class='ocr_par' dir='ltr' id='par_1_36' title="bbox 468 3261 2046 3332">
     <span class='ocr_line' id='line_1_36' title="bbox 468 3261 2046 3332; baseline -0.001 -14"><span class='ocrx_word' id='word_1_239' title='bbox 468 3263 691 3319; x_wconf 89' lang='lat' dir='ltr'><strong>dicens:</strong></span> <span class='ocrx_word' id='word_1_240' title='bbox 728 3262 922 3316; x_wconf 73' lang='lat' dir='ltr'><strong>Anima</strong></span> <span class='ocrx_word' id='word_1_241' title='bbox 966 3278 1087 3332; x_wconf 80' lang='lat' dir='ltr'><strong>quae</strong></span> <span class='ocrx_word' id='word_1_242' title='bbox 1130 3261 1460 3332; x_wconf 82' lang='lat' dir='ltr'><strong>peccaverit,</strong></span> <span class='ocrx_word' id='word_1_243' title='bbox 1494 3268 1549 3315; x_wconf 90' lang='lat' dir='ltr'><strong>et</strong></span> <span class='ocrx_word' id='word_1_244' title='bbox 1577 3268 1892 3331; x_wconf 90' lang='lat' dir='ltr'><strong>contempto</strong></span> <span class='ocrx_word' id='word_1_245' title='bbox 1939 3262 2046 3316; x_wconf 76' lang='lat' dir='ltr'><strong>lteo</strong></span> 
     </span>
    </p>
   </div>
   <div class='ocr_carea' id='block_1_37' title="bbox 470 3352 2046 3426">
    <p class='ocr_par' dir='ltr' id='par_1_37' title="bbox 470 3352 2046 3426">
     <span class='ocr_line' id='line_1_37' title="bbox 470 3352 2046 3426; baseline -0.001 -17"><span class='ocrx_word' id='word_1_246' title='bbox 470 3354 751 3426; x_wconf 86' lang='lat' dir='ltr'><strong>negaverit</strong></span> <span class='ocrx_word' id='word_1_247' title='bbox 770 3354 1078 3424; x_wconf 87' lang='lat' dir='ltr'><strong>depositum</strong></span> <span class='ocrx_word' id='word_1_248' title='bbox 1117 3353 1369 3424; x_wconf 81' lang='lat' dir='ltr'><strong>proximo</strong></span> <span class='ocrx_word' id='word_1_249' title='bbox 1404 3368 1523 3420; x_wconf 91' lang='lat' dir='ltr'><strong>suo,</strong></span> <span class='ocrx_word' id='word_1_250' title='bbox 1569 3352 1713 3423; x_wconf 91' lang='lat' dir='ltr'><strong>quod</strong></span> <span class='ocrx_word' id='word_1_251' title='bbox 1759 3352 1881 3407; x_wconf 82' lang='lat' dir='ltr'><strong>fidei</strong></span> <span class='ocrx_word' id='word_1_252' title='bbox 1927 3353 2046 3423; x_wconf 90' lang='lat' dir='ltr'><strong>ejus</strong></span> 
     </span>
    </p>
   </div>
   <div class='ocr_carea' id='block_1_38' title="bbox 468 3444 2045 3515">
    <p class='ocr_par' dir='ltr' id='par_1_38' title="bbox 468 3444 2045 3515">
     <span class='ocr_line' id='line_1_38' title="bbox 468 3444 2045 3515; baseline -0.002 -13"><span class='ocrx_word' id='word_1_253' title='bbox 468 3447 734 3502; x_wconf 89' lang='lat' dir='ltr'><strong>creditum</strong></span> <span class='ocrx_word' id='word_1_254' title='bbox 777 3445 961 3512; x_wconf 89' lang='lat' dir='ltr'><strong>fuerit,</strong></span> <span class='ocrx_word' id='word_1_255' title='bbox 987 3445 1072 3500; x_wconf 90' lang='lat' dir='ltr'><strong>vel</strong></span> <span class='ocrx_word' id='word_1_256' title='bbox 1099 3446 1148 3498; x_wconf 89' lang='lat' dir='ltr'><strong>vi</strong></span> <span class='ocrx_word' id='word_1_257' title='bbox 1169 3444 1369 3515; x_wconf 89' lang='lat' dir='ltr'><strong>aliquid</strong></span> <span class='ocrx_word' id='word_1_258' title='bbox 1387 3446 1693 3512; x_wconf 80' lang='lat' dir='ltr'><strong>extorserit,</strong></span> <span class='ocrx_word' id='word_1_259' title='bbox 1721 3455 1814 3499; x_wconf 87' lang='lat' dir='ltr'><strong>aut</strong></span> <span class='ocrx_word' id='word_1_260' title='bbox 1835 3447 2045 3500; x_wconf 91' lang='lat' dir='ltr'><strong>calum-</strong></span> 
     </span>
    </p>
   </div>
   <div class='ocr_carea' id='block_1_39' title="bbox 404 3535 2043 3607">
    <p class='ocr_par' dir='ltr' id='par_1_39' title="bbox 404 3535 2043 3607">
     <span class='ocr_line' id='line_1_39' title="bbox 404 3535 2043 3607; baseline 0 -16"><span class='ocrx_word' id='word_1_261' title='bbox 404 3552 411 3556; x_wconf 92' lang='grc'>·</span> <span class='ocrx_word' id='word_1_262' title='bbox 466 3537 615 3591; x_wconf 90' lang='lat' dir='ltr'><strong>niam</strong></span> <span class='ocrx_word' id='word_1_263' title='bbox 650 3537 844 3591; x_wconf 78' lang='lat' dir='ltr'><strong>fecerit</strong></span> <span class='ocrx_word' id='word_1_264' title='bbox 880 3553 893 3588; x_wconf 90' lang='lat'><strong>:</strong></span> <span class='ocrx_word' id='word_1_265' title='bbox 927 3536 1041 3589; x_wconf 83' lang='lat' dir='ltr'><strong>sive</strong></span> <span class='ocrx_word' id='word_1_266' title='bbox 1082 3551 1197 3591; x_wconf 88' lang='lat' dir='ltr'><strong>rem</strong></span> <span class='ocrx_word' id='word_1_267' title='bbox 1229 3535 1499 3607; x_wconf 88' lang='lat' dir='ltr'><strong>perditam</strong></span> <span class='ocrx_word' id='word_1_268' title='bbox 1530 3536 1816 3601; x_wconf 79' lang='lat' dir='ltr'><strong>invenerit,</strong></span> <span class='ocrx_word' id='word_1_269' title='bbox 1844 3547 1900 3591; x_wconf 90' lang='lat' dir='ltr'><strong>et</strong></span> <span class='ocrx_word' id='word_1_270' title='bbox 1956 3536 2043 3591; x_wconf 88' lang='lat' dir='ltr'><strong>in-</strong></span> 
     </span>
    </p>
   </div>
   <div class='ocr_carea' id='block_1_40' title="bbox 468 3628 2043 3699">
    <p class='ocr_par' dir='ltr' id='par_1_40' title="bbox 468 3628 2043 3699">
     <span class='ocr_line' id='line_1_40' title="bbox 468 3628 2043 3699; baseline 0.001 -15"><span class='ocrx_word' id='word_1_271' title='bbox 468 3628 656 3684; x_wconf 85' lang='lat' dir='ltr'><strong>ﬁcians</strong></span> <span class='ocrx_word' id='word_1_272' title='bbox 699 3629 924 3699; x_wconf 91' lang='lat' dir='ltr'><strong>insuper</strong></span> <span class='ocrx_word' id='word_1_273' title='bbox 976 3628 1263 3698; x_wconf 89' lang='lat' dir='ltr'><strong>juraverit,</strong></span> <span class='ocrx_word' id='word_1_274' title='bbox 1329 3637 1385 3684; x_wconf 90' lang='lat' dir='ltr'><strong>et</strong></span> <span class='ocrx_word' id='word_1_275' title='bbox 1441 3629 1722 3699; x_wconf 88' lang='lat' dir='ltr'><strong>quodlibet</strong></span> <span class='ocrx_word' id='word_1_276' title='bbox 1775 3630 1918 3685; x_wconf 88' lang='lat' dir='ltr'><strong>aliud</strong></span> <span class='ocrx_word' id='word_1_277' title='bbox 1973 3646 2043 3686; x_wconf 81' lang='lat' dir='ltr'><strong>cx</strong></span> 
     </span>
    </p>
   </div>
   <div class='ocr_carea' id='block_1_41' title="bbox 468 3719 2043 3791">
    <p class='ocr_par' dir='ltr' id='par_1_41' title="bbox 468 3719 2043 3791">
     <span class='ocr_line' id='line_1_41' title="bbox 468 3719 2043 3791; baseline 0.001 -17"><span class='ocrx_word' id='word_1_278' title='bbox 468 3721 716 3791; x_wconf 90' lang='lat' dir='ltr'><strong>pluribus</strong></span> <span class='ocrx_word' id='word_1_279' title='bbox 747 3720 958 3783; x_wconf 85' lang='lat' dir='ltr'><strong>fecerit,</strong></span> <span class='ocrx_word' id='word_1_280' title='bbox 981 3719 1035 3773; x_wconf 90' lang='lat' dir='ltr'><strong>in</strong></span> <span class='ocrx_word' id='word_1_281' title='bbox 1066 3720 1262 3790; x_wconf 87' lang='lat' dir='ltr'><strong>quibus</strong></span> <span class='ocrx_word' id='word_1_282' title='bbox 1291 3735 1519 3790; x_wconf 87' lang='lat' dir='ltr'><strong>peccare</strong></span> <span class='ocrx_word' id='word_1_283' title='bbox 1566 3722 1745 3789; x_wconf 85' lang='lat' dir='ltr'><strong>solent</strong></span> <span class='ocrx_word' id='word_1_284' title='bbox 1792 3722 2043 3777; x_wconf 86' lang='lat' dir='ltr'><strong>homines</strong></span> 
     </span>
    </p>
   </div>
   <div class='ocr_carea' id='block_1_42' title="bbox 467 3809 2045 3885">
    <p class='ocr_par' dir='ltr' id='par_1_42' title="bbox 467 3809 2045 3885">
     <span class='ocr_line' id='line_1_42' title="bbox 467 3809 2045 3885; baseline 0.002 -21"><span class='ocrx_word' id='word_1_285' title='bbox 467 3809 711 3865; x_wconf 85' lang='lat' dir='ltr'><strong>convicti</strong></span> <span class='ocrx_word' id='word_1_286' title='bbox 755 3809 958 3873; x_wconf 86' lang='lat' dir='ltr'><strong>delicti,</strong></span> <span class='ocrx_word' id='word_1_287' title='bbox 1008 3810 1200 3864; x_wconf 87' lang='lat' dir='ltr'><strong>reddet</strong></span> <span class='ocrx_word' id='word_1_288' title='bbox 1240 3810 1430 3865; x_wconf 90' lang='lat' dir='ltr'><strong>omnia</strong></span> <span class='ocrx_word' id='word_1_289' title='bbox 1470 3825 1592 3885; x_wconf 65' lang='lat' dir='ltr'><strong>quae</strong></span> <span class='ocrx_word' id='word_1_290' title='bbox 1634 3810 1825 3865; x_wconf 84' lang='lat' dir='ltr'><strong>fraude</strong></span> <span class='ocrx_word' id='word_1_291' title='bbox 1871 3810 2045 3867; x_wconf 91' lang='lat' dir='ltr'><strong>voluit</strong></span> 
     </span>
    </p>
   </div>
   <div class='ocr_carea' id='block_1_43' title="bbox 466 3899 2043 3975">
    <p class='ocr_par' dir='ltr' id='par_1_43' title="bbox 466 3899 2043 3975">
     <span class='ocr_line' id='line_1_43' title="bbox 466 3899 2043 3975; baseline 0 -20"><span class='ocrx_word' id='word_1_292' title='bbox 466 3900 714 3955; x_wconf 89' lang='lat' dir='ltr'><strong>obtinere</strong></span> <span class='ocrx_word' id='word_1_293' title='bbox 731 3899 959 3972; x_wconf 84' lang='lat' dir='ltr'><strong>integra,</strong></span> <span class='ocrx_word' id='word_1_294' title='bbox 992 3908 1047 3954; x_wconf 87' lang='lat' dir='ltr'><strong>et</strong></span> <span class='ocrx_word' id='word_1_295' title='bbox 1063 3899 1309 3975; x_wconf 87' lang='lat' dir='ltr'><strong>quintam</strong></span> <span class='ocrx_word' id='word_1_296' title='bbox 1335 3900 1560 3971; x_wconf 87' lang='lat' dir='ltr'><strong>insuper</strong></span> <span class='ocrx_word' id='word_1_297' title='bbox 1576 3910 1786 3972; x_wconf 88' lang='lat' dir='ltr'><strong>partem</strong></span> <span class='ocrx_word' id='word_1_298' title='bbox 1810 3900 2043 3969; x_wconf 80' lang='lat' dir='ltr'><strong>Domino</strong></span> 
     </span>
    </p>
   </div>
   <div class='ocr_carea' id='block_1_44' title="bbox 467 3986 2042 4061">
    <p class='ocr_par' dir='ltr' id='par_1_44' title="bbox 467 3986 2042 4061">
     <span class='ocr_line' id='line_1_44' title="bbox 467 3986 2042 4061; baseline 0.001 -17"><span class='ocrx_word' id='word_1_299' title='bbox 467 3990 554 4045; x_wconf 92' lang='lat' dir='ltr'><strong>cui</strong></span> <span class='ocrx_word' id='word_1_300' title='bbox 593 3991 851 4045; x_wconf 87' lang='lat' dir='ltr'><strong>damnum</strong></span> <span class='ocrx_word' id='word_1_301' title='bbox 897 3990 1177 4055; x_wconf 84' lang='lat' dir='ltr'><strong>intulerat,</strong></span> <span class='ocrx_word' id='word_1_302' title='bbox 1211 4006 1309 4061; x_wconf 93' lang='lat' dir='ltr'><strong>pro</strong></span> <span class='ocrx_word' id='word_1_303' title='bbox 1337 4000 1563 4061; x_wconf 89' lang='lat' dir='ltr'><strong>peccato</strong></span> <span class='ocrx_word' id='word_1_304' title='bbox 1590 4000 1771 4048; x_wconf 82' lang='lat' dir='ltr'><strong>autem</strong></span> <span class='ocrx_word' id='word_1_305' title='bbox 1818 4006 1916 4046; x_wconf 92' lang='lat' dir='ltr'><strong>suo</strong></span> <span class='ocrx_word' id='word_1_306' title='bbox 1958 3986 2042 4059; x_wconf 50' lang='lat' dir='ltr'><strong>of:</strong></span> 
     </span>
    </p>
   </div>
   <div class='ocr_carea' id='block_1_45' title="bbox 467 4074 2040 4155">
    <p class='ocr_par' dir='ltr' id='par_1_45' title="bbox 467 4074 2040 4155">
     <span class='ocr_line' id='line_1_45' title="bbox 467 4074 2040 4155; baseline 0.001 -22"><span class='ocrx_word' id='word_1_307' title='bbox 467 4079 604 4135; x_wconf 87' lang='lat' dir='ltr'><strong>feret</strong></span> <span class='ocrx_word' id='word_1_308' title='bbox 643 4079 869 4134; x_wconf 85' lang='lat' dir='ltr'><strong>arietem</strong></span> <span class='ocrx_word' id='word_1_309' title='bbox 888 4080 1302 4133; x_wconf 85' lang='lat' dir='ltr'><strong>immaculatum</strong></span> <span class='ocrx_word' id='word_1_310' title='bbox 1332 4079 1400 4134; x_wconf 89' lang='lat' dir='ltr'><strong>de</strong></span> <span class='ocrx_word' id='word_1_311' title='bbox 1440 4095 1622 4151; x_wconf 83' lang='lat' dir='ltr'><strong>grege,</strong></span> <span class='ocrx_word' id='word_1_312' title='bbox 1652 4088 1707 4155; x_wconf 84' lang='lat' dir='ltr'><strong>et</strong></span> <span class='ocrx_word' id='word_1_313' title='bbox 1736 4079 1887 4134; x_wconf 90' lang='lat' dir='ltr'><strong>dabit</strong></span> <span class='ocrx_word' id='word_1_314' title='bbox 1915 4074 2040 4134; x_wconf 87' lang='lat' dir='ltr'><strong>eum</strong></span> 
     </span>
    </p>
   </div>
   <div class='ocr_carea' id='block_1_46' title="bbox 467 4168 2039 4240">
    <p class='ocr_par' dir='ltr' id='par_1_46' title="bbox 467 4168 2039 4240">
     <span class='ocr_line' id='line_1_46' title="bbox 467 4168 2039 4240; baseline 0.001 -18"><span class='ocrx_word' id='word_1_315' title='bbox 467 4169 732 4223; x_wconf 88' lang='lat' dir='ltr'><strong>sacerdoti</strong></span> <span class='ocrx_word' id='word_1_316' title='bbox 761 4168 914 4238; x_wconf 81' lang='lat' dir='ltr'><strong>juxta</strong></span> <span class='ocrx_word' id='word_1_317' title='bbox 937 4169 1359 4224; x_wconf 67' lang='lat' dir='ltr'><strong>aestimationem</strong></span> <span class='ocrx_word' id='word_1_318' title='bbox 1389 4184 1811 4240; x_wconf 89' lang='lat' dir='ltr'><strong>mensuramque</strong></span> <span class='ocrx_word' id='word_1_319' title='bbox 1835 4170 2039 4237; x_wconf 90' lang='lat' dir='ltr'><strong>delicti,</strong></span> 
     </span>
    </p>
   </div>
   <div class='ocr_carea' id='block_1_47' title="bbox 465 4258 2038 4330">
    <p class='ocr_par' dir='ltr' id='par_1_47' title="bbox 465 4258 2038 4330">
     <span class='ocr_line' id='line_1_47' title="bbox 465 4258 2038 4330; baseline 0.001 -17"><span class='ocrx_word' id='word_1_320' title='bbox 465 4261 557 4329; x_wconf 93' lang='lat' dir='ltr'><strong>qui</strong></span> <span class='ocrx_word' id='word_1_321' title='bbox 580 4260 788 4330; x_wconf 80' lang='lat' dir='ltr'><strong>rogabit</strong></span> <span class='ocrx_word' id='word_1_322' title='bbox 817 4274 916 4328; x_wconf 91' lang='lat' dir='ltr'><strong>pro</strong></span> <span class='ocrx_word' id='word_1_323' title='bbox 941 4274 1008 4313; x_wconf 91' lang='lat' dir='ltr'><strong>co</strong></span> <span class='ocrx_word' id='word_1_324' title='bbox 1036 4275 1218 4314; x_wconf 91' lang='lat' dir='ltr'><strong>coram</strong></span> <span class='ocrx_word' id='word_1_325' title='bbox 1251 4258 1506 4325; x_wconf 91' lang='lat' dir='ltr'><strong>Domino,</strong></span> <span class='ocrx_word' id='word_1_326' title='bbox 1552 4269 1607 4316; x_wconf 87' lang='lat' dir='ltr'><strong>et</strong></span> <span class='ocrx_word' id='word_1_327' title='bbox 1635 4261 1942 4317; x_wconf 88' lang='lat' dir='ltr'><strong>dimittetur</strong></span> <span class='ocrx_word' id='word_1_328' title='bbox 1966 4261 2038 4316; x_wconf 92' lang='lat' dir='ltr'><strong>illi</strong></span> 
     </span>
    </p>
   </div>
   <div class='ocr_carea' id='block_1_48' title="bbox 465 4345 1660 4416">
    <p class='ocr_par' dir='ltr' id='par_1_48' title="bbox 465 4345 1660 4416">
     <span class='ocr_line' id='line_1_48' title="bbox 465 4345 1660 4416; baseline 0.001 -18"><span class='ocrx_word' id='word_1_329' title='bbox 465 4349 564 4415; x_wconf 89' lang='lat' dir='ltr'><strong>pro</strong></span> <span class='ocrx_word' id='word_1_330' title='bbox 602 4345 829 4415; x_wconf 84' lang='lat' dir='ltr'><strong>singulis</strong></span> <span class='ocrx_word' id='word_1_331' title='bbox 858 4361 978 4415; x_wconf 68' lang='lat' dir='ltr'><strong>qua:</strong></span> <span class='ocrx_word' id='word_1_332' title='bbox 1004 4346 1251 4401; x_wconf 85' lang='lat' dir='ltr'><strong>faciendo</strong></span> <span class='ocrx_word' id='word_1_333' title='bbox 1275 4346 1600 4416; x_wconf 88' lang='lat' dir='ltr'><strong>peccaverit.</strong></span> <span class='ocrx_word' id='word_1_334' title='bbox 1640 4366 1660 4399; x_wconf 73' lang='grc' dir='ltr'><strong><em>ι</em></strong></span> 
     </span>
    </p>
   </div>
   <div class='ocr_carea' id='block_1_49' title="bbox 537 4436 2037 4510">
    <p class='ocr_par' dir='ltr' id='par_1_49' title="bbox 537 4436 2037 4510">
     <span class='ocr_line' id='line_1_49' title="bbox 537 4436 2037 4510; baseline 0.001 -18"><span class='ocrx_word' id='word_1_335' title='bbox 537 4436 729 4492; x_wconf 88' lang='lat' dir='ltr'><strong>Cernis</strong></span> <span class='ocrx_word' id='word_1_336' title='bbox 768 4437 914 4507; x_wconf 88' lang='lat' dir='ltr'><strong>quod</strong></span> <span class='ocrx_word' id='word_1_337' title='bbox 961 4437 1017 4492; x_wconf 93' lang='lat' dir='ltr'><strong>in</strong></span> <span class='ocrx_word' id='word_1_338' title='bbox 1062 4438 1256 4492; x_wconf 89' lang='lat' dir='ltr'><strong>eodem</strong></span> <span class='ocrx_word' id='word_1_339' title='bbox 1305 4439 1496 4494; x_wconf 89' lang='lat' dir='ltr'><strong>ordine</strong></span> <span class='ocrx_word' id='word_1_340' title='bbox 1558 4455 1700 4506; x_wconf 84' lang='lat' dir='ltr'><strong>esse,</strong></span> <span class='ocrx_word' id='word_1_341' title='bbox 1755 4448 2037 4510; x_wconf 84' lang='lat' dir='ltr'><strong>peccatum</strong></span> 
     </span>
    </p>
   </div>
   <div class='ocr_carea' id='block_1_50' title="bbox 465 4527 2036 4601">
    <p class='ocr_par' dir='ltr' id='par_1_50' title="bbox 465 4527 2036 4601">
     <span class='ocr_line' id='line_1_50' title="bbox 465 4527 2036 4601; baseline 0.004 -21"><span class='ocrx_word' id='word_1_342' title='bbox 465 4527 612 4597; x_wconf 91' lang='lat' dir='ltr'><strong>quod</strong></span> <span class='ocrx_word' id='word_1_343' title='bbox 644 4527 698 4581; x_wconf 92' lang='lat' dir='ltr'><strong>in</strong></span> <span class='ocrx_word' id='word_1_344' title='bbox 730 4535 936 4593; x_wconf 88' lang='lat' dir='ltr'><strong>sancta,</strong></span> <span class='ocrx_word' id='word_1_345' title='bbox 970 4537 1025 4582; x_wconf 90' lang='lat' dir='ltr'><strong>et</strong></span> <span class='ocrx_word' id='word_1_346' title='bbox 1049 4529 1101 4584; x_wconf 90' lang='lat' dir='ltr'><strong>id</strong></span> <span class='ocrx_word' id='word_1_347' title='bbox 1124 4530 1633 4601; x_wconf 84' lang='lat' dir='ltr'><strong>quodjurejurando</strong></span> <span class='ocrx_word' id='word_1_348' title='bbox 1659 4532 2036 4600; x_wconf 88' lang='lat' dir='ltr'><strong>committitur,</strong></span> 
     </span>
    </p>
   </div>
   <div class='ocr_carea' id='block_1_51' title="bbox 466 4618 2040 4693">
    <p class='ocr_par' dir='ltr' id='par_1_51' title="bbox 466 4618 2040 4693">
     <span class='ocr_line' id='line_1_51' title="bbox 466 4618 2040 4693; baseline 0.003 -20"><span class='ocrx_word' id='word_1_349' title='bbox 466 4618 690 4689; x_wconf 86' lang='lat' dir='ltr'><strong>spiritus</strong></span> <span class='ocrx_word' id='word_1_350' title='bbox 719 4618 814 4673; x_wconf 87' lang='lat' dir='ltr'><strong>Dei</strong></span> <span class='ocrx_word' id='word_1_351' title='bbox 849 4620 1043 4685; x_wconf 87' lang='lat' dir='ltr'><strong>tradit;</strong></span> <span class='ocrx_word' id='word_1_352' title='bbox 1069 4629 1220 4690; x_wconf 86' lang='lat' dir='ltr'><strong>patet</strong></span> <span class='ocrx_word' id='word_1_353' title='bbox 1248 4630 1427 4676; x_wconf 89' lang='lat' dir='ltr'><strong>autem</strong></span> <span class='ocrx_word' id='word_1_354' title='bbox 1457 4638 1520 4675; x_wconf 80' lang='lat' dir='ltr'><strong>ex</strong></span> <span class='ocrx_word' id='word_1_355' title='bbox 1538 4638 1604 4677; x_wconf 90' lang='lat' dir='ltr'><strong>eo</strong></span> <span class='ocrx_word' id='word_1_356' title='bbox 1629 4623 1773 4693; x_wconf 90' lang='lat' dir='ltr'><strong>quod</strong></span> <span class='ocrx_word' id='word_1_357' title='bbox 1803 4623 1857 4677; x_wconf 90' lang='lat' dir='ltr'><strong>in</strong></span> <span class='ocrx_word' id='word_1_358' title='bbox 1887 4631 2040 4681; x_wconf 87' lang='lat' dir='ltr'><strong>utro-</strong></span> 
     </span>
    </p>
   </div>
   <div class='ocr_carea' id='block_1_52' title="bbox 464 4710 2035 4785">
    <p class='ocr_par' dir='ltr' id='par_1_52' title="bbox 464 4710 2035 4785">
     <span class='ocr_line' id='line_1_52' title="bbox 464 4710 2035 4785; baseline 0.004 -21"><span class='ocrx_word' id='word_1_359' title='bbox 464 4726 570 4782; x_wconf 88' lang='lat' dir='ltr'><strong>que</strong></span> <span class='ocrx_word' id='word_1_360' title='bbox 596 4711 738 4765; x_wconf 89' lang='lat' dir='ltr'><strong>idem</strong></span> <span class='ocrx_word' id='word_1_361' title='bbox 756 4710 944 4766; x_wconf 86' lang='lat' dir='ltr'><strong>arietis</strong></span> <span class='ocrx_word' id='word_1_362' title='bbox 973 4712 1304 4767; x_wconf 85' lang='lat' dir='ltr'><strong>sacrificium</strong></span> <span class='ocrx_word' id='word_1_363' title='bbox 1328 4713 1510 4769; x_wconf 75' lang='lat' dir='ltr'><strong>olierri</strong></span> <span class='ocrx_word' id='word_1_364' title='bbox 1540 4716 1819 4785; x_wconf 65' lang='lat' dir='ltr'><strong>praecepit.</strong></span> <span class='ocrx_word' id='word_1_365' title='bbox 1860 4714 2035 4781; x_wconf 88' lang='lat' dir='ltr'><strong>Quam</strong></span> 
     </span>
    </p>
   </div>
   <div class='ocr_carea' id='block_1_53' title="bbox 464 4802 2036 4874">
    <p class='ocr_par' dir='ltr' id='par_1_53' title="bbox 464 4802 2036 4874">
     <span class='ocr_line' id='line_1_53' title="bbox 464 4802 2036 4874; baseline 0.001 -15"><span class='ocrx_word' id='word_1_366' title='bbox 464 4804 535 4859; x_wconf 91' lang='lat' dir='ltr'><strong>ob</strong></span> <span class='ocrx_word' id='word_1_367' title='bbox 562 4819 677 4857; x_wconf 89' lang='lat' dir='ltr'><strong>rem</strong></span> <span class='ocrx_word' id='word_1_368' title='bbox 729 4803 877 4857; x_wconf 90' lang='lat' dir='ltr'><strong>enim</strong></span> <span class='ocrx_word' id='word_1_369' title='bbox 919 4802 1080 4874; x_wconf 91' lang='lat' dir='ltr'><strong>paulo</strong></span> <span class='ocrx_word' id='word_1_370' title='bbox 1119 4812 1247 4858; x_wconf 89' lang='lat' dir='ltr'><strong>ante</strong></span> <span class='ocrx_word' id='word_1_371' title='bbox 1279 4804 1334 4857; x_wconf 92' lang='lat' dir='ltr'><strong>in</strong></span> <span class='ocrx_word' id='word_1_372' title='bbox 1365 4804 1513 4858; x_wconf 92' lang='lat' dir='ltr'><strong>omni</strong></span> <span class='ocrx_word' id='word_1_373' title='bbox 1550 4813 1776 4874; x_wconf 90' lang='lat' dir='ltr'><strong>peccato</strong></span> <span class='ocrx_word' id='word_1_374' title='bbox 1812 4805 2036 4861; x_wconf 89' lang='lat' dir='ltr'><strong>arietem</strong></span> 
     </span>
    </p>
   </div>
   <div class='ocr_carea' id='block_1_54' title="bbox 459 4893 2039 4965">
    <p class='ocr_par' dir='ltr' id='par_1_54' title="bbox 459 4893 2039 4965">
     <span class='ocr_line' id='line_1_54' title="bbox 459 4893 2039 4965; baseline 0.002 -16"><span class='ocrx_word' id='word_1_375' title='bbox 459 4893 623 4965; x_wconf 90' lang='lat' dir='ltr'><strong>jussit</strong></span> <span class='ocrx_word' id='word_1_376' title='bbox 651 4893 857 4960; x_wconf 72' lang='lat' dir='ltr'><strong>olferri,</strong></span> <span class='ocrx_word' id='word_1_377' title='bbox 888 4911 999 4950; x_wconf 89' lang='lat' dir='ltr'><strong>non</strong></span> <span class='ocrx_word' id='word_1_378' title='bbox 1042 4911 1072 4950; x_wconf 91' lang='lat' dir='ltr'><strong>a</strong></span> <span class='ocrx_word' id='word_1_379' title='bbox 1124 4896 1284 4950; x_wconf 91' lang='lat' dir='ltr'><strong>nobis</strong></span> <span class='ocrx_word' id='word_1_380' title='bbox 1312 4895 1688 4965; x_wconf 88' lang='lat' dir='ltr'><strong>conjicientes,</strong></span> <span class='ocrx_word' id='word_1_381' title='bbox 1726 4896 1820 4951; x_wconf 90' lang='lat' dir='ltr'><strong>sed</strong></span> <span class='ocrx_word' id='word_1_382' title='bbox 1856 4897 2039 4952; x_wconf 89' lang='lat' dir='ltr'><strong>inten-</strong></span> 
     </span>
    </p>
   </div>
   <div class='ocr_carea' id='block_1_55' title="bbox 467 4986 2039 5059">
    <p class='ocr_par' dir='ltr' id='par_1_55' title="bbox 467 4986 2039 5059">
     <span class='ocr_line' id='line_1_55' title="bbox 467 4986 2039 5059; baseline 0.001 -17"><span class='ocrx_word' id='word_1_383' title='bbox 467 4987 667 5043; x_wconf 88' lang='lat' dir='ltr'><strong>tionem</strong></span> <span class='ocrx_word' id='word_1_384' title='bbox 708 4987 1036 5059; x_wconf 87' lang='lat' dir='ltr'><strong>legislatoris</strong></span> <span class='ocrx_word' id='word_1_385' title='bbox 1071 4998 1385 5058; x_wconf 88' lang='lat' dir='ltr'><strong>sequentes,</strong></span> <span class='ocrx_word' id='word_1_386' title='bbox 1430 4986 1687 5042; x_wconf 78' lang='lat' dir='ltr'><strong>diximus.</strong></span> <span class='ocrx_word' id='word_1_387' title='bbox 1712 4987 1825 5043; x_wconf 91' lang='lat' dir='ltr'><strong>Cur</strong></span> <span class='ocrx_word' id='word_1_388' title='bbox 1857 4998 2039 5044; x_wconf 89' lang='lat' dir='ltr'><strong>autem</strong></span> 
     </span>
    </p>
   </div>
   <div class='ocr_carea' id='block_1_56' title="bbox 467 5079 2039 5151">
    <p class='ocr_par' dir='ltr' id='par_1_56' title="bbox 467 5079 2039 5151">
     <span class='ocr_line' id='line_1_56' title="bbox 467 5079 2039 5151; baseline 0.001 -17"><span class='ocrx_word' id='word_1_389' title='bbox 467 5091 745 5148; x_wconf 84' lang='lat' dir='ltr'><strong>peccatum</strong></span> <span class='ocrx_word' id='word_1_390' title='bbox 772 5080 917 5150; x_wconf 88' lang='lat' dir='ltr'><strong>quod</strong></span> <span class='ocrx_word' id='word_1_391' title='bbox 942 5079 1301 5151; x_wconf 87' lang='lat' dir='ltr'><strong>jurejurando</strong></span> <span class='ocrx_word' id='word_1_392' title='bbox 1331 5085 1434 5143; x_wconf 89' lang='lat' dir='ltr'><strong>est,</strong></span> <span class='ocrx_word' id='word_1_393' title='bbox 1494 5088 1550 5133; x_wconf 91' lang='lat' dir='ltr'><strong>et</strong></span> <span class='ocrx_word' id='word_1_394' title='bbox 1577 5080 1721 5149; x_wconf 89' lang='lat' dir='ltr'><strong>quod</strong></span> <span class='ocrx_word' id='word_1_395' title='bbox 1755 5080 1811 5134; x_wconf 90' lang='lat' dir='ltr'><strong>in</strong></span> <span class='ocrx_word' id='word_1_396' title='bbox 1838 5081 2039 5135; x_wconf 88' lang='lat' dir='ltr'><strong>sanctis</strong></span> 
     </span>
    </p>
   </div>
   <div class='ocr_carea' id='block_1_57' title="bbox 464 5168 2037 5242">
    <p class='ocr_par' dir='ltr' id='par_1_57' title="bbox 464 5168 2037 5242">
     <span class='ocr_line' id='line_1_57' title="bbox 464 5168 2037 5242; baseline 0.002 -19"><span class='ocrx_word' id='word_1_397' title='bbox 464 5169 819 5239; x_wconf 89' lang='lat' dir='ltr'><strong>conjunctum</strong></span> <span class='ocrx_word' id='word_1_398' title='bbox 861 5171 1110 5242; x_wconf 85' lang='lat' dir='ltr'><strong>putavit?</strong></span> <span class='ocrx_word' id='word_1_399' title='bbox 1148 5168 1281 5237; x_wconf 87' lang='lat' dir='ltr'><strong>Quia</strong></span> <span class='ocrx_word' id='word_1_400' title='bbox 1309 5170 1622 5226; x_wconf 87' lang='lat' dir='ltr'><strong>omnimodo</strong></span> <span class='ocrx_word' id='word_1_401' title='bbox 1649 5182 1942 5242; x_wconf 90' lang='lat' dir='ltr'><strong>utrumque</strong></span> <span class='ocrx_word' id='word_1_402' title='bbox 1971 5170 2037 5226; x_wconf 90' lang='lat' dir='ltr'><strong>ad</strong></span> 
     </span>
    </p>
   </div>
   <div class='ocr_carea' id='block_1_58' title="bbox 463 5258 2036 5336">
    <p class='ocr_par' dir='ltr' id='par_1_58' title="bbox 463 5258 2036 5336">
     <span class='ocr_line' id='line_1_58' title="bbox 463 5258 2036 5336; baseline 0.004 -25"><span class='ocrx_word' id='word_1_403' title='bbox 463 5258 632 5313; x_wconf 88' lang='lat' dir='ltr'><strong>Deum</strong></span> <span class='ocrx_word' id='word_1_404' title='bbox 661 5264 897 5331; x_wconf 89' lang='lat' dir='ltr'><strong>pertinet</strong></span> <span class='ocrx_word' id='word_1_405' title='bbox 926 5281 938 5317; x_wconf 91' lang='lat'><strong>:</strong></span> <span class='ocrx_word' id='word_1_406' title='bbox 973 5272 1030 5319; x_wconf 89' lang='lat' dir='ltr'><strong>et</strong></span> <span class='ocrx_word' id='word_1_407' title='bbox 1069 5262 1163 5332; x_wconf 88' lang='lat' dir='ltr'><strong>qui</strong></span> <span class='ocrx_word' id='word_1_408' title='bbox 1197 5261 1585 5334; x_wconf 88' lang='lat' dir='ltr'><strong>jusjurandum</strong></span> <span class='ocrx_word' id='word_1_409' title='bbox 1612 5264 2036 5336; x_wconf 85' lang='lat' dir='ltr'><strong>transgreditur,</strong></span> 
     </span>
    </p>
   </div>
   <div class='ocr_carea' id='block_1_59' title="bbox 464 5355 2036 5428">
    <p class='ocr_par' dir='ltr' id='par_1_59' title="bbox 464 5355 2036 5428">
     <span class='ocr_line' id='line_1_59' title="bbox 464 5355 2036 5428; baseline 0.005 -23"><span class='ocrx_word' id='word_1_410' title='bbox 464 5366 574 5407; x_wconf 92' lang='lat' dir='ltr'><strong>non</strong></span> <span class='ocrx_word' id='word_1_411' title='bbox 611 5355 787 5410; x_wconf 86' lang='lat' dir='ltr'><strong>solum</strong></span> <span class='ocrx_word' id='word_1_412' title='bbox 829 5357 1078 5427; x_wconf 85' lang='lat' dir='ltr'><strong>proximo</strong></span> <span class='ocrx_word' id='word_1_413' title='bbox 1126 5364 1308 5424; x_wconf 87' lang='lat' dir='ltr'><strong>nocet,</strong></span> <span class='ocrx_word' id='word_1_414' title='bbox 1352 5356 1448 5412; x_wconf 85' lang='lat' dir='ltr'><strong>sed</strong></span> <span class='ocrx_word' id='word_1_415' title='bbox 1489 5365 1543 5412; x_wconf 90' lang='lat' dir='ltr'><strong>et</strong></span> <span class='ocrx_word' id='word_1_416' title='bbox 1584 5356 1685 5427; x_wconf 90' lang='lat' dir='ltr'><strong>ipsi</strong></span> <span class='ocrx_word' id='word_1_417' title='bbox 1719 5355 1847 5422; x_wconf 89' lang='lat' dir='ltr'><strong>Deo,</strong></span> <span class='ocrx_word' id='word_1_418' title='bbox 1873 5373 2036 5428; x_wconf 90' lang='lat' dir='ltr'><strong>quem</strong></span> 
     </span>
    </p>
   </div>
   <div class='ocr_carea' id='block_1_60' title="bbox 464 5442 2035 5517">
    <p class='ocr_par' dir='ltr' id='par_1_60' title="bbox 464 5442 2035 5517">
     <span class='ocr_line' id='line_1_60' title="bbox 464 5442 2035 5517; baseline 0.005 -21"><span class='ocrx_word' id='word_1_419' title='bbox 464 5442 821 5499; x_wconf 82' lang='lat' dir='ltr'><strong>mediatorcm</strong></span> <span class='ocrx_word' id='word_1_420' title='bbox 847 5445 997 5513; x_wconf 89' lang='lat' dir='ltr'><strong>fecit,</strong></span> <span class='ocrx_word' id='word_1_421' title='bbox 1021 5446 1278 5517; x_wconf 87' lang='lat' dir='ltr'><strong>injuriam</strong></span> <span class='ocrx_word' id='word_1_422' title='bbox 1323 5446 1490 5517; x_wconf 86' lang='lat' dir='ltr'><strong>facit;</strong></span> <span class='ocrx_word' id='word_1_423' title='bbox 1527 5447 1726 5503; x_wconf 88' lang='lat' dir='ltr'><strong>docere</strong></span> <span class='ocrx_word' id='word_1_424' title='bbox 1756 5457 1939 5503; x_wconf 88' lang='lat' dir='ltr'><strong>autem</strong></span> <span class='ocrx_word' id='word_1_425' title='bbox 1985 5458 2035 5505; x_wconf 90' lang='lat' dir='ltr'><strong>te</strong></span> 
     </span>
    </p>
   </div>
   <div class='ocr_carea' id='block_1_61' title="bbox 565 5636 1114 5706">
    <p class='ocr_par' dir='ltr' id='par_1_61' title="bbox 565 5636 1114 5706">
     <span class='ocr_line' id='line_1_61' title="bbox 565 5636 1114 5706; baseline 0.004 -13"><span class='ocrx_word' id='word_1_426' title='bbox 565 5639 609 5670; x_wconf 78' lang='lat'><strong>&quot;</strong></span> <span class='ocrx_word' id='word_1_427' title='bbox 644 5636 786 5693; x_wconf 81' lang='lat' dir='ltr'><strong>Psal.</strong></span> <span class='ocrx_word' id='word_1_428' title='bbox 836 5656 1015 5706; x_wconf 68' lang='lat' dir='ltr'><strong>tum,</strong></span> <span class='ocrx_word' id='word_1_429' title='bbox 1063 5642 1114 5695; x_wconf 85' lang='lat'><strong>5.</strong></span> 
     </span>
    </p>
   </div>
   <div class='ocr_carea' id='block_1_62' title="bbox 2148 419 3161 490">
    <p class='ocr_par' dir='ltr' id='par_1_62' title="bbox 2148 419 3161 490">
     <span class='ocr_line' id='line_1_62' title="bbox 2148 419 3161 490; baseline 0.004 -19"><span class='ocrx_word' id='word_1_430' title='bbox 2148 419 2311 474; x_wconf 90' lang='lat' dir='ltr'><strong>modo</strong></span> <span class='ocrx_word' id='word_1_431' title='bbox 2331 420 2495 474; x_wconf 86' lang='lat' dir='ltr'><strong>etiam</strong></span> <span class='ocrx_word' id='word_1_432' title='bbox 2517 420 2634 490; x_wconf 89' lang='lat' dir='ltr'><strong>ipsa</strong></span> <span class='ocrx_word' id='word_1_433' title='bbox 2660 435 2810 474; x_wconf 90' lang='lat' dir='ltr'><strong>nunc</strong></span> <span class='ocrx_word' id='word_1_434' title='bbox 2835 421 2919 475; x_wconf 79' lang='lat' dir='ltr'><strong>lex</strong></span> <span class='ocrx_word' id='word_1_435' title='bbox 2951 420 3161 490; x_wconf 86' lang='lat' dir='ltr'><strong>incipit.</strong></span> 
     </span>
    </p>
   </div>
   <div class='ocr_carea' id='block_1_63' title="bbox 2221 509 3733 583">
    <p class='ocr_par' dir='ltr' id='par_1_63' title="bbox 2221 509 3733 583">
     <span class='ocr_line' id='line_1_63' title="bbox 2221 509 3733 583; baseline 0.003 -20"><span class='ocrx_word' id='word_1_436' title='bbox 2221 509 2291 563; x_wconf 82' lang='lat' dir='ltr'><strong>Et</strong></span> <span class='ocrx_word' id='word_1_437' title='bbox 2317 510 2518 564; x_wconf 89' lang='lat' dir='ltr'><strong>locutus</strong></span> <span class='ocrx_word' id='word_1_438' title='bbox 2557 519 2633 564; x_wconf 83' lang='lat' dir='ltr'><strong>est</strong></span> <span class='ocrx_word' id='word_1_439' title='bbox 2668 510 2920 564; x_wconf 77' lang='lat' dir='ltr'><strong>Dominus</strong></span> <span class='ocrx_word' id='word_1_440' title='bbox 2956 516 3027 564; x_wconf 87' lang='lat' dir='ltr'><strong>ad</strong></span> <span class='ocrx_word' id='word_1_441' title='bbox 3057 511 3292 583; x_wconf 77' lang='lat' dir='ltr'><strong>Moysen,</strong></span> <span class='ocrx_word' id='word_1_442' title='bbox 3330 513 3526 567; x_wconf 83' lang='lat' dir='ltr'><strong>dicens.</strong></span> <span class='ocrx_word' id='word_1_443' title='bbox 3582 511 3733 568; x_wconf 67' lang='lat' dir='ltr'><strong>Prae-</strong></span> 
     </span>
    </p>
   </div>
   <div class='ocr_carea' id='block_1_64' title="bbox 2148 601 3731 674">
    <p class='ocr_par' dir='ltr' id='par_1_64' title="bbox 2148 601 3731 674">
     <span class='ocr_line' id='line_1_64' title="bbox 2148 601 3731 674; baseline 0.002 -18"><span class='ocrx_word' id='word_1_444' title='bbox 2148 602 2368 672; x_wconf 88' lang='lat' dir='ltr'><strong>cipuum</strong></span> <span class='ocrx_word' id='word_1_445' title='bbox 2390 601 2631 656; x_wconf 77' lang='lat' dir='ltr'><strong>osfendit</strong></span> <span class='ocrx_word' id='word_1_446' title='bbox 2656 603 2997 666; x_wconf 87' lang='lat' dir='ltr'><strong>mandatum,</strong></span> <span class='ocrx_word' id='word_1_447' title='bbox 3033 618 3098 657; x_wconf 83' lang='lat' dir='ltr'><strong>ex</strong></span> <span class='ocrx_word' id='word_1_448' title='bbox 3125 619 3192 657; x_wconf 90' lang='lat' dir='ltr'><strong>eo</strong></span> <span class='ocrx_word' id='word_1_449' title='bbox 3220 604 3367 672; x_wconf 90' lang='lat' dir='ltr'><strong>quod</strong></span> <span class='ocrx_word' id='word_1_450' title='bbox 3396 614 3452 658; x_wconf 86' lang='lat' dir='ltr'><strong>et</strong></span> <span class='ocrx_word' id='word_1_451' title='bbox 3499 604 3553 657; x_wconf 88' lang='lat' dir='ltr'><strong>in</strong></span> <span class='ocrx_word' id='word_1_452' title='bbox 3591 605 3731 674; x_wconf 90' lang='lat' dir='ltr'><strong>ipso,</strong></span> 
     </span>
    </p>
   </div>
   <div class='ocr_carea' id='block_1_65' title="bbox 2146 691 3732 765">
    <p class='ocr_par' dir='ltr' id='par_1_65' title="bbox 2146 691 3732 765">
     <span class='ocr_line' id='line_1_65' title="bbox 2146 691 3732 765; baseline 0.003 -20"><span class='ocrx_word' id='word_1_453' title='bbox 2146 691 2609 761; x_wconf 79' lang='lat' dir='ltr'><strong>quemadmodum</strong></span> <span class='ocrx_word' id='word_1_454' title='bbox 2636 700 2693 745; x_wconf 89' lang='lat' dir='ltr'><strong>et</strong></span> <span class='ocrx_word' id='word_1_455' title='bbox 2720 691 2774 744; x_wconf 89' lang='lat' dir='ltr'><strong>in</strong></span> <span class='ocrx_word' id='word_1_456' title='bbox 2804 702 3027 761; x_wconf 89' lang='lat' dir='ltr'><strong>peccato</strong></span> <span class='ocrx_word' id='word_1_457' title='bbox 3057 692 3126 748; x_wconf 88' lang='lat' dir='ltr'><strong>de</strong></span> <span class='ocrx_word' id='word_1_458' title='bbox 3156 694 3364 749; x_wconf 89' lang='lat' dir='ltr'><strong>sanctis</strong></span> <span class='ocrx_word' id='word_1_459' title='bbox 3389 693 3559 748; x_wconf 85' lang='lat' dir='ltr'><strong>Deum</strong></span> <span class='ocrx_word' id='word_1_460' title='bbox 3577 694 3732 765; x_wconf 90' lang='lat' dir='ltr'><strong>loqui</strong></span> 
     </span>
    </p>
   </div>
   <div class='ocr_carea' id='block_1_66' title="bbox 2147 782 2937 854">
    <p class='ocr_par' dir='ltr' id='par_1_66' title="bbox 2147 782 2937 854">
     <span class='ocr_line' id='line_1_66' title="bbox 2147 782 2937 854; baseline 0.003 -18"><span class='ocrx_word' id='word_1_461' title='bbox 2147 782 2315 853; x_wconf 78' lang='lat' dir='ltr'><strong>Moysi</strong></span> <span class='ocrx_word' id='word_1_462' title='bbox 2348 784 2660 852; x_wconf 91' lang='lat' dir='ltr'><strong>specialiter</strong></span> <span class='ocrx_word' id='word_1_463' title='bbox 2693 785 2937 854; x_wconf 79' lang='lat' dir='ltr'><strong>exponit.</strong></span> 
     </span>
    </p>
   </div>
   <div class='ocr_carea' id='block_1_67' title="bbox 2222 872 3733 946">
    <p class='ocr_par' dir='ltr' id='par_1_67' title="bbox 2222 872 3733 946">
     <span class='ocr_line' id='line_1_67' title="bbox 2222 872 3733 946; baseline 0.002 -19"><span class='ocrx_word' id='word_1_464' title='bbox 2222 872 2448 928; x_wconf 82' lang='lat' dir='ltr'><strong>Locutus</strong></span> <span class='ocrx_word' id='word_1_465' title='bbox 2477 884 2552 929; x_wconf 88' lang='lat' dir='ltr'><strong>est</strong></span> <span class='ocrx_word' id='word_1_466' title='bbox 2576 891 2718 945; x_wconf 84' lang='lat' dir='ltr'><strong>ergo.</strong></span> <span class='ocrx_word' id='word_1_467' title='bbox 2745 875 2939 929; x_wconf 80' lang='lat' dir='ltr'><strong>Anima</strong></span> <span class='ocrx_word' id='word_1_468' title='bbox 2984 891 3101 945; x_wconf 77' lang='lat' dir='ltr'><strong>qua:</strong></span> <span class='ocrx_word' id='word_1_469' title='bbox 3144 877 3461 946; x_wconf 84' lang='lat' dir='ltr'><strong>peccaverit,</strong></span> <span class='ocrx_word' id='word_1_470' title='bbox 3518 885 3566 929; x_wconf 84' lang='lat' dir='ltr'><strong>et</strong></span> <span class='ocrx_word' id='word_1_471' title='bbox 3605 892 3733 930; x_wconf 89' lang='lat' dir='ltr'><strong>con-</strong></span> 
     </span>
    </p>
   </div>
   <div class='ocr_carea' id='block_1_68' title="bbox 2149 967 3732 1039">
    <p class='ocr_par' dir='ltr' id='par_1_68' title="bbox 2149 967 3732 1039">
     <span class='ocr_line' id='line_1_68' title="bbox 2149 967 3732 1039; baseline 0.001 -19"><span class='ocrx_word' id='word_1_472' title='bbox 2149 974 2342 1036; x_wconf 85' lang='lat' dir='ltr'><strong>tempto</strong></span> <span class='ocrx_word' id='word_1_473' title='bbox 2376 967 2487 1021; x_wconf 84' lang='lat' dir='ltr'><strong>Dee</strong></span> <span class='ocrx_word' id='word_1_474' title='bbox 2525 968 2793 1037; x_wconf 74' lang='lat' dir='ltr'><strong>negaverit</strong></span> <span class='ocrx_word' id='word_1_475' title='bbox 2817 968 3109 1036; x_wconf 86' lang='lat' dir='ltr'><strong>depositum</strong></span> <span class='ocrx_word' id='word_1_476' title='bbox 3149 970 3387 1037; x_wconf 73' lang='lat' dir='ltr'><strong>proximo</strong></span> <span class='ocrx_word' id='word_1_477' title='bbox 3425 985 3540 1035; x_wconf 86' lang='lat' dir='ltr'><strong>suo,</strong></span> <span class='ocrx_word' id='word_1_478' title='bbox 3591 972 3732 1039; x_wconf 83' lang='lat' dir='ltr'><strong>quod</strong></span> 
     </span>
    </p>
   </div>
   <div class='ocr_carea' id='block_1_69' title="bbox 2146 1063 3749 1138">
    <p class='ocr_par' dir='ltr' id='par_1_69' title="bbox 2146 1063 3749 1138">
     <span class='ocr_line' id='line_1_69' title="bbox 2146 1063 3749 1138; baseline 0.001 -21"><span class='ocrx_word' id='word_1_479' title='bbox 2146 1063 2270 1132; x_wconf 81' lang='lat' dir='ltr'><strong>ﬁdei</strong></span> <span class='ocrx_word' id='word_1_480' title='bbox 2309 1066 2423 1134; x_wconf 82' lang='lat' dir='ltr'><strong>ejus</strong></span> <span class='ocrx_word' id='word_1_481' title='bbox 2453 1068 2709 1121; x_wconf 88' lang='lat' dir='ltr'><strong>creditum</strong></span> <span class='ocrx_word' id='word_1_482' title='bbox 2757 1068 2939 1138; x_wconf 81' lang='lat' dir='ltr'><strong>fuerit,</strong></span> <span class='ocrx_word' id='word_1_483' title='bbox 2980 1066 3060 1119; x_wconf 80' lang='lat' dir='ltr'><strong>uel</strong></span> <span class='ocrx_word' id='word_1_484' title='bbox 3099 1066 3150 1119; x_wconf 85' lang='lat' dir='ltr'><strong>vi</strong></span> <span class='ocrx_word' id='word_1_485' title='bbox 3182 1066 3390 1136; x_wconf 85' lang='lat' dir='ltr'><strong>aliquid</strong></span> <span class='ocrx_word' id='word_1_486' title='bbox 3430 1066 3749 1132; x_wconf 43' lang='lat' dir='ltr'><strong>extarserit,’</strong></span> 
     </span>
    </p>
   </div>
   <div class='ocr_carea' id='block_1_70' title="bbox 2147 1156 3726 1227">
    <p class='ocr_par' dir='ltr' id='par_1_70' title="bbox 2147 1156 3726 1227">
     <span class='ocr_line' id='line_1_70' title="bbox 2147 1156 3726 1227; baseline 0.002 -18"><span class='ocrx_word' id='word_1_487' title='bbox 2147 1165 2241 1210; x_wconf 88' lang='lat' dir='ltr'><strong>aut</strong></span> <span class='ocrx_word' id='word_1_488' title='bbox 2270 1156 2593 1211; x_wconf 83' lang='lat' dir='ltr'><strong>calumniam</strong></span> <span class='ocrx_word' id='word_1_489' title='bbox 2624 1159 2823 1227; x_wconf 84' lang='lat' dir='ltr'><strong>fecerit,</strong></span> <span class='ocrx_word' id='word_1_490' title='bbox 2858 1159 2964 1213; x_wconf 84' lang='lat' dir='ltr'><strong>sive</strong></span> <span class='ocrx_word' id='word_1_491' title='bbox 2994 1176 3103 1213; x_wconf 83' lang='lat' dir='ltr'><strong>rem</strong></span> <span class='ocrx_word' id='word_1_492' title='bbox 3143 1160 3406 1227; x_wconf 80' lang='lat' dir='ltr'><strong>perditam</strong></span> <span class='ocrx_word' id='word_1_493' title='bbox 3449 1160 3726 1225; x_wconf 85' lang='lat' dir='ltr'><strong>invenerit,</strong></span> 
     </span>
    </p>
   </div>
   <div class='ocr_carea' id='block_1_71' title="bbox 2148 1248 3731 1319">
    <p class='ocr_par' dir='ltr' id='par_1_71' title="bbox 2148 1248 3731 1319">
     <span class='ocr_line' id='line_1_71' title="bbox 2148 1248 3731 1319; baseline 0.003 -17"><span class='ocrx_word' id='word_1_494' title='bbox 2148 1258 2195 1302; x_wconf 89' lang='lat' dir='ltr'><strong>et</strong></span> <span class='ocrx_word' id='word_1_495' title='bbox 2244 1248 2485 1316; x_wconf 75' lang='lat' dir='ltr'><strong>inliciatis</strong></span> <span class='ocrx_word' id='word_1_496' title='bbox 2523 1250 2736 1319; x_wconf 80' lang='lat' dir='ltr'><strong>insuper</strong></span> <span class='ocrx_word' id='word_1_497' title='bbox 2762 1250 3046 1319; x_wconf 80' lang='lat' dir='ltr'><strong>juraverit.</strong></span> <span class='ocrx_word' id='word_1_498' title='bbox 3090 1250 3221 1316; x_wconf 71' lang='lat' dir='ltr'><strong>Quae</strong></span> <span class='ocrx_word' id='word_1_499' title='bbox 3268 1251 3433 1305; x_wconf 84' lang='lat' dir='ltr'><strong>verba</strong></span> <span class='ocrx_word' id='word_1_500' title='bbox 3475 1249 3613 1304; x_wconf 76' lang='lat' dir='ltr'><strong>LXX</strong></span> <span class='ocrx_word' id='word_1_501' title='bbox 3650 1251 3731 1306; x_wconf 83' lang='lat' dir='ltr'><strong>sic</strong></span> 
     </span>
    </p>
   </div>
   <div class='ocr_carea' id='block_1_72' title="bbox 2147 1333 3729 1408">
    <p class='ocr_par' dir='ltr' id='par_1_72' title="bbox 2147 1333 3729 1408">
     <span class='ocr_line' id='line_1_72' title="bbox 2147 1333 3729 1408; baseline 0.002 -21"><span class='ocrx_word' id='word_1_502' title='bbox 2147 1333 2318 1388; x_wconf 87' lang='lat' dir='ltr'><strong>edunt</strong></span> <span class='ocrx_word' id='word_1_503' title='bbox 2346 1351 2358 1387; x_wconf 94' lang='lat'><strong>:</strong></span> <span class='ocrx_word' id='word_1_504' title='bbox 2393 1335 2587 1389; x_wconf 80' lang='lat' dir='ltr'><strong>Anima</strong></span> <span class='ocrx_word' id='word_1_505' title='bbox 2611 1353 2930 1407; x_wconf 69' lang='lat' dir='ltr'><strong>qurecunque</strong></span> <span class='ocrx_word' id='word_1_506' title='bbox 2976 1340 3287 1405; x_wconf 81' lang='lat' dir='ltr'><strong>peccaverit,</strong></span> <span class='ocrx_word' id='word_1_507' title='bbox 3338 1350 3387 1392; x_wconf 88' lang='lat' dir='ltr'><strong>et</strong></span> <span class='ocrx_word' id='word_1_508' title='bbox 3416 1338 3729 1408; x_wconf 61' lang='lat' dir='ltr'><strong>praeterierit</strong></span> 
     </span>
    </p>
   </div>
   <div class='ocr_carea' id='block_1_73' title="bbox 2147 1427 3733 1500">
    <p class='ocr_par' dir='ltr' id='par_1_73' title="bbox 2147 1427 3733 1500">
     <span class='ocr_line' id='line_1_73' title="bbox 2147 1427 3733 1500; baseline 0.005 -23"><span class='ocrx_word' id='word_1_509' title='bbox 2147 1434 2407 1494; x_wconf 77' lang='lat' dir='ltr'><strong>pra&#39;cepta</strong></span> <span class='ocrx_word' id='word_1_510' title='bbox 2435 1427 2667 1493; x_wconf 85' lang='lat' dir='ltr'><strong>Domini,</strong></span> <span class='ocrx_word' id='word_1_511' title='bbox 2700 1440 2747 1482; x_wconf 86' lang='lat' dir='ltr'><strong>ct</strong></span> <span class='ocrx_word' id='word_1_512' title='bbox 2775 1431 3061 1483; x_wconf 83' lang='lat' dir='ltr'><strong>mentiatur</strong></span> <span class='ocrx_word' id='word_1_513' title='bbox 3104 1431 3158 1483; x_wconf 93' lang='lat' dir='ltr'><strong>in</strong></span> <span class='ocrx_word' id='word_1_514' title='bbox 3196 1432 3518 1500; x_wconf 78' lang='lat' dir='ltr'><strong>proximum,</strong></span> <span class='ocrx_word' id='word_1_515' title='bbox 3552 1433 3608 1484; x_wconf 88' lang='lat' dir='ltr'><strong>in</strong></span> <span class='ocrx_word' id='word_1_516' title='bbox 3638 1433 3733 1485; x_wconf 85' lang='lat' dir='ltr'><strong>de-</strong></span> 
     </span>
    </p>
   </div>
   <div class='ocr_carea' id='block_1_74' title="bbox 2146 1518 3729 1592">
    <p class='ocr_par' dir='ltr' id='par_1_74' title="bbox 2146 1518 3729 1592">
     <span class='ocr_line' id='line_1_74' title="bbox 2146 1518 3729 1592; baseline 0.004 -22"><span class='ocrx_word' id='word_1_517' title='bbox 2146 1518 2432 1592; x_wconf 83' lang='lat' dir='ltr'><strong>posito_aut</strong></span> <span class='ocrx_word' id='word_1_518' title='bbox 2458 1518 2523 1572; x_wconf 83' lang='lat' dir='ltr'><strong>de</strong></span> <span class='ocrx_word' id='word_1_519' title='bbox 2563 1520 2834 1588; x_wconf 87' lang='lat' dir='ltr'><strong>societate,</strong></span> <span class='ocrx_word' id='word_1_520' title='bbox 2866 1532 2958 1575; x_wconf 90' lang='lat' dir='ltr'><strong>aut</strong></span> <span class='ocrx_word' id='word_1_521' title='bbox 3004 1526 3067 1576; x_wconf 87' lang='lat' dir='ltr'><strong>de</strong></span> <span class='ocrx_word' id='word_1_522' title='bbox 3105 1523 3295 1590; x_wconf 83' lang='lat' dir='ltr'><strong>rapina</strong></span> <span class='ocrx_word' id='word_1_523' title='bbox 3346 1524 3515 1576; x_wconf 88' lang='lat' dir='ltr'><strong>nocuit</strong></span> <span class='ocrx_word' id='word_1_524' title='bbox 3544 1526 3729 1591; x_wconf 78' lang='lat' dir='ltr'><strong>proxi-</strong></span> 
     </span>
    </p>
   </div>
   <div class='ocr_carea' id='block_1_75' title="bbox 2147 1610 3729 1681">
    <p class='ocr_par' dir='ltr' id='par_1_75' title="bbox 2147 1610 3729 1681">
     <span class='ocr_line' id='line_1_75' title="bbox 2147 1610 3729 1681; baseline 0.005 -20"><span class='ocrx_word' id='word_1_525' title='bbox 2147 1625 2312 1673; x_wconf 88' lang='lat' dir='ltr'><strong>mum,</strong></span> <span class='ocrx_word' id='word_1_526' title='bbox 2350 1619 2397 1662; x_wconf 91' lang='lat' dir='ltr'><strong>et</strong></span> <span class='ocrx_word' id='word_1_527' title='bbox 2421 1610 2676 1665; x_wconf 88' lang='lat' dir='ltr'><strong>invenerit</strong></span> <span class='ocrx_word' id='word_1_528' title='bbox 2700 1613 3066 1681; x_wconf 85' lang='lat' dir='ltr'><strong>perditionem,</strong></span> <span class='ocrx_word' id='word_1_529' title='bbox 3099 1622 3145 1666; x_wconf 89' lang='lat' dir='ltr'><strong>et</strong></span> <span class='ocrx_word' id='word_1_530' title='bbox 3168 1616 3450 1667; x_wconf 78' lang='lat' dir='ltr'><strong>mentietur</strong></span> <span class='ocrx_word' id='word_1_531' title='bbox 3487 1615 3540 1667; x_wconf 88' lang='lat' dir='ltr'><strong>in</strong></span> <span class='ocrx_word' id='word_1_532' title='bbox 3571 1631 3654 1678; x_wconf 84' lang='lat' dir='ltr'><strong>ea,</strong></span> <span class='ocrx_word' id='word_1_533' title='bbox 3678 1626 3729 1669; x_wconf 86' lang='lat' dir='ltr'><strong>et</strong></span> 
     </span>
    </p>
   </div>
   <div class='ocr_carea' id='block_1_76' title="bbox 2077 1678 3731 1769">
    <p class='ocr_par' dir='ltr' id='par_1_76' title="bbox 2077 1678 3731 1769">
     <span class='ocr_line' id='line_1_76' title="bbox 2077 1678 3731 1769; baseline 0.007 -20"><span class='ocrx_word' id='word_1_534' title='bbox 2077 1678 2119 1734; x_wconf 77' lang='grc' dir='ltr'>Β</span> <span class='ocrx_word' id='word_1_535' title='bbox 2142 1697 2408 1767; x_wconf 82' lang='lat' dir='ltr'><strong>juraverit</strong></span> <span class='ocrx_word' id='word_1_536' title='bbox 2448 1700 2661 1769; x_wconf 84' lang='lat' dir='ltr'><strong>injuste.</strong></span> <span class='ocrx_word' id='word_1_537' title='bbox 2700 1678 2822 1756; x_wconf 66' lang='lat' dir='ltr'><strong>Non</strong></span> <span class='ocrx_word' id='word_1_538' title='bbox 2854 1678 3058 1756; x_wconf 86' lang='lat' dir='ltr'><strong>autem</strong></span> <span class='ocrx_word' id='word_1_539' title='bbox 3085 1701 3285 1757; x_wconf 86' lang='lat' dir='ltr'><strong>frustra</strong></span> <span class='ocrx_word' id='word_1_540' title='bbox 3318 1704 3403 1759; x_wconf 85' lang='lat' dir='ltr'><strong>bis</strong></span> <span class='ocrx_word' id='word_1_541' title='bbox 3450 1704 3587 1760; x_wconf 77' lang='lat' dir='ltr'><strong>dixit</strong></span> <span class='ocrx_word' id='word_1_542' title='bbox 3618 1722 3633 1759; x_wconf 89' lang='lat'><strong>:</strong></span> <span class='ocrx_word' id='word_1_543' title='bbox 3668 1705 3731 1760; x_wconf 87' lang='lat' dir='ltr'><strong>Si</strong></span> 
     </span>
    </p>
   </div>
   <div class='ocr_carea' id='block_1_77' title="bbox 2151 1789 3729 1865">
    <p class='ocr_par' dir='ltr' id='par_1_77' title="bbox 2151 1789 3729 1865">
     <span class='ocr_line' id='line_1_77' title="bbox 2151 1789 3729 1865; baseline 0.006 -24"><span class='ocrx_word' id='word_1_544' title='bbox 2151 1789 2449 1843; x_wconf 80' lang='lat' dir='ltr'><strong>mentietur.</strong></span> <span class='ocrx_word' id='word_1_545' title='bbox 2498 1791 2687 1860; x_wconf 86' lang='lat' dir='ltr'><strong>Neque</strong></span> <span class='ocrx_word' id='word_1_546' title='bbox 2710 1792 2857 1846; x_wconf 89' lang='lat' dir='ltr'><strong>enim</strong></span> <span class='ocrx_word' id='word_1_547' title='bbox 2886 1794 3025 1848; x_wconf 91' lang='lat' dir='ltr'><strong>solet</strong></span> <span class='ocrx_word' id='word_1_548' title='bbox 3045 1793 3224 1849; x_wconf 87' lang='lat' dir='ltr'><strong>divina</strong></span> <span class='ocrx_word' id='word_1_549' title='bbox 3242 1793 3522 1865; x_wconf 86' lang='lat' dir='ltr'><strong>Scriptura</strong></span> <span class='ocrx_word' id='word_1_550' title='bbox 3536 1797 3729 1851; x_wconf 62' lang='lat' dir='ltr'><strong>eadem</strong></span> 
     </span>
    </p>
   </div>
   <div class='ocr_carea' id='block_1_78' title="bbox 2149 1872 3730 1951">
    <p class='ocr_par' dir='ltr' id='par_1_78' title="bbox 2149 1872 3730 1951">
     <span class='ocr_line' id='line_1_78' title="bbox 2149 1872 3730 1951; baseline 0.008 -20"><span class='ocrx_word' id='word_1_551' title='bbox 2149 1877 2313 1932; x_wconf 89' lang='lat' dir='ltr'><strong>verba</strong></span> <span class='ocrx_word' id='word_1_552' title='bbox 2348 1885 2619 1949; x_wconf 88' lang='lat' dir='ltr'><strong>repetere,</strong></span> <span class='ocrx_word' id='word_1_553' title='bbox 2662 1872 2784 1951; x_wconf 72' lang='lat' dir='ltr'><strong>quae</strong></span> <span class='ocrx_word' id='word_1_554' title='bbox 2831 1894 2887 1938; x_wconf 90' lang='lat' dir='ltr'><strong>et</strong></span> <span class='ocrx_word' id='word_1_555' title='bbox 2936 1884 3106 1939; x_wconf 90' lang='lat' dir='ltr'><strong>multa</strong></span> <span class='ocrx_word' id='word_1_556' title='bbox 3149 1887 3401 1942; x_wconf 79' lang='lat' dir='ltr'><strong>omittere</strong></span> <span class='ocrx_word' id='word_1_557' title='bbox 3442 1887 3730 1943; x_wconf 82' lang='lat' dir='ltr'><strong>brevitatis</strong></span> 
     </span>
    </p>
   </div>
   <div class='ocr_carea' id='block_1_79' title="bbox 2149 1971 3729 2052">
    <p class='ocr_par' dir='ltr' id='par_1_79' title="bbox 2149 1971 3729 2052">
     <span class='ocr_line' id='line_1_79' title="bbox 2149 1971 3729 2052; baseline 0.008 -28"><span class='ocrx_word' id='word_1_558' title='bbox 2149 1984 2313 2024; x_wconf 86' lang='lat' dir='ltr'><strong>causa</strong></span> <span class='ocrx_word' id='word_1_559' title='bbox 2351 1971 2585 2027; x_wconf 90' lang='lat' dir='ltr'><strong>videtur.</strong></span> <span class='ocrx_word' id='word_1_560' title='bbox 2625 1972 2724 2029; x_wconf 90' lang='lat' dir='ltr'><strong>llic</strong></span> <span class='ocrx_word' id='word_1_561' title='bbox 2755 1990 2884 2047; x_wconf 90' lang='lat' dir='ltr'><strong>ergo</strong></span> <span class='ocrx_word' id='word_1_562' title='bbox 2914 1977 3271 2048; x_wconf 86' lang='lat' dir='ltr'><strong>jurisjurandi</strong></span> <span class='ocrx_word' id='word_1_563' title='bbox 3302 1982 3729 2052; x_wconf 85' lang='lat' dir='ltr'><strong>transgressioni</strong></span> 
     </span>
    </p>
   </div>
   <div class='ocr_carea' id='block_1_80' title="bbox 2149 2059 3731 2141">
    <p class='ocr_par' dir='ltr' id='par_1_80' title="bbox 2149 2059 3731 2141">
     <span class='ocr_line' id='line_1_80' title="bbox 2149 2059 3731 2141; baseline 0.011 -29"><span class='ocrx_word' id='word_1_564' title='bbox 2149 2059 2494 2115; x_wconf 87' lang='lat' dir='ltr'><strong>mendacium</strong></span> <span class='ocrx_word' id='word_1_565' title='bbox 2528 2073 2842 2135; x_wconf 89' lang='lat' dir='ltr'><strong>comparat:</strong></span> <span class='ocrx_word' id='word_1_566' title='bbox 2863 2076 2919 2121; x_wconf 88' lang='lat' dir='ltr'><strong>et</strong></span> <span class='ocrx_word' id='word_1_567' title='bbox 2942 2067 3063 2124; x_wconf 91' lang='lat' dir='ltr'><strong>ideo</strong></span> <span class='ocrx_word' id='word_1_568' title='bbox 3086 2070 3338 2140; x_wconf 88' lang='lat' dir='ltr'><strong>superius</strong></span> <span class='ocrx_word' id='word_1_569' title='bbox 3358 2073 3571 2141; x_wconf 87' lang='lat' dir='ltr'><strong>quidem</strong></span> <span class='ocrx_word' id='word_1_570' title='bbox 3601 2074 3731 2130; x_wconf 87' lang='lat' dir='ltr'><strong>sine</strong></span> 
     </span>
    </p>
   </div>
   <div class='ocr_carea' id='block_1_81' title="bbox 2145 2149 3731 2225">
    <p class='ocr_par' dir='ltr' id='par_1_81' title="bbox 2145 2149 3731 2225">
     <span class='ocr_line' id='line_1_81' title="bbox 2145 2149 3731 2225; baseline 0.011 -21"><span class='ocrx_word' id='word_1_571' title='bbox 2145 2149 2507 2220; x_wconf 89' lang='lat' dir='ltr'><strong>jurejurando</strong></span> <span class='ocrx_word' id='word_1_572' title='bbox 2564 2159 3038 2225; x_wconf 89' lang='lat' dir='ltr'><strong>commemoravit,</strong></span> <span class='ocrx_word' id='word_1_573' title='bbox 3072 2160 3162 2217; x_wconf 91' lang='lat' dir='ltr'><strong>hic</strong></span> <span class='ocrx_word' id='word_1_574' title='bbox 3212 2166 3392 2217; x_wconf 87' lang='lat' dir='ltr'><strong>autem</strong></span> <span class='ocrx_word' id='word_1_575' title='bbox 3436 2166 3731 2221; x_wconf 90' lang='lat' dir='ltr'><strong>mendacio</strong></span> 
     </span>
    </p>
   </div>
   <div class='ocr_carea' id='block_1_82' title="bbox 2143 2239 3729 2322">
    <p class='ocr_par' dir='ltr' id='par_1_82' title="bbox 2143 2239 3729 2322">
     <span class='ocr_line' id='line_1_82' title="bbox 2143 2239 3729 2322; baseline 0.009 -30"><span class='ocrx_word' id='word_1_576' title='bbox 2143 2239 2529 2310; x_wconf 90' lang='lat' dir='ltr'><strong>jusjurandum</strong></span> <span class='ocrx_word' id='word_1_577' title='bbox 2564 2244 2882 2313; x_wconf 78' lang='lat' dir='ltr'><strong>conjunxit;</strong></span> <span class='ocrx_word' id='word_1_578' title='bbox 2918 2247 2994 2301; x_wconf 88' lang='lat' dir='ltr'><strong>ait</strong></span> <span class='ocrx_word' id='word_1_579' title='bbox 3023 2248 3170 2302; x_wconf 90' lang='lat' dir='ltr'><strong>enim</strong></span> <span class='ocrx_word' id='word_1_580' title='bbox 3204 2267 3218 2302; x_wconf 93' lang='lat'><strong>:</strong></span> <span class='ocrx_word' id='word_1_581' title='bbox 3246 2249 3316 2304; x_wconf 85' lang='lat' dir='ltr'><strong>Et</strong></span> <span class='ocrx_word' id='word_1_582' title='bbox 3357 2253 3605 2306; x_wconf 84' lang='lat' dir='ltr'><strong>mentitur</strong></span> <span class='ocrx_word' id='word_1_583' title='bbox 3628 2268 3729 2322; x_wconf 82' lang='lat' dir='ltr'><strong>pro</strong></span> 
     </span>
    </p>
   </div>
   <div class='ocr_carea' id='block_1_83' title="bbox 2148 2334 3731 2415">
    <p class='ocr_par' dir='ltr' id='par_1_83' title="bbox 2148 2334 3731 2415">
     <span class='ocr_line' id='line_1_83' title="bbox 2148 2334 3731 2415; baseline 0.009 -28"><span class='ocrx_word' id='word_1_584' title='bbox 2148 2348 2230 2401; x_wconf 87' lang='lat' dir='ltr'><strong>ea,</strong></span> <span class='ocrx_word' id='word_1_585' title='bbox 2258 2344 2307 2388; x_wconf 90' lang='lat' dir='ltr'><strong>et</strong></span> <span class='ocrx_word' id='word_1_586' title='bbox 2320 2334 2587 2405; x_wconf 85' lang='lat' dir='ltr'><strong>juraverit</strong></span> <span class='ocrx_word' id='word_1_587' title='bbox 2632 2337 2847 2407; x_wconf 87' lang='lat' dir='ltr'><strong>injuste.</strong></span> <span class='ocrx_word' id='word_1_588' title='bbox 2887 2338 3021 2395; x_wconf 85' lang='lat' dir='ltr'><strong>Nam</strong></span> <span class='ocrx_word' id='word_1_589' title='bbox 3065 2350 3121 2396; x_wconf 88' lang='lat' dir='ltr'><strong>et</strong></span> <span class='ocrx_word' id='word_1_590' title='bbox 3172 2343 3356 2398; x_wconf 64' lang='lat' dir='ltr'><strong>caeteri</strong></span> <span class='ocrx_word' id='word_1_591' title='bbox 3398 2343 3731 2415; x_wconf 86' lang='lat' dir='ltr'><strong>interpretes</strong></span> 
     </span>
    </p>
   </div>
   <div class='ocr_carea' id='block_1_84' title="bbox 2148 2427 3731 2506">
    <p class='ocr_par' dir='ltr' id='par_1_84' title="bbox 2148 2427 3731 2506">
     <span class='ocr_line' id='line_1_84' title="bbox 2148 2427 3731 2506; baseline 0.008 -25"><span class='ocrx_word' id='word_1_592' title='bbox 2148 2427 2342 2499; x_wconf 82' lang='lat' dir='ltr'><strong>Aquila</strong></span> <span class='ocrx_word' id='word_1_593' title='bbox 2390 2439 2446 2485; x_wconf 92' lang='lat' dir='ltr'><strong>et</strong></span> <span class='ocrx_word' id='word_1_594' title='bbox 2492 2430 2869 2498; x_wconf 87' lang='lat' dir='ltr'><strong>Theodotion,</strong></span> <span class='ocrx_word' id='word_1_595' title='bbox 2923 2443 2978 2489; x_wconf 88' lang='lat' dir='ltr'><strong>et</strong></span> <span class='ocrx_word' id='word_1_596' title='bbox 3020 2434 3380 2506; x_wconf 81' lang='lat' dir='ltr'><strong>Symmachus</strong></span> <span class='ocrx_word' id='word_1_597' title='bbox 3429 2437 3521 2493; x_wconf 83' lang='lat' dir='ltr'><strong>ubi</strong></span> <span class='ocrx_word' id='word_1_598' title='bbox 3571 2439 3731 2494; x_wconf 79' lang='lat' dir='ltr'><strong>dixe-</strong></span> 
     </span>
    </p>
   </div>
   <div class='ocr_carea' id='block_1_85' title="bbox 2148 2518 3728 2598">
    <p class='ocr_par' dir='ltr' id='par_1_85' title="bbox 2148 2518 3728 2598">
     <span class='ocr_line' id='line_1_85' title="bbox 2148 2518 3728 2598; baseline 0.007 -24"><span class='ocrx_word' id='word_1_599' title='bbox 2148 2530 2278 2575; x_wconf 85' lang='lat' dir='ltr'><strong>runt</strong></span> <span class='ocrx_word' id='word_1_600' title='bbox 2312 2518 2454 2575; x_wconf 81' lang='lat' dir='ltr'><strong>LXX</strong></span> <span class='ocrx_word' id='word_1_601' title='bbox 2487 2540 2502 2577; x_wconf 88' lang='lat'><strong>:</strong></span> <span class='ocrx_word' id='word_1_602' title='bbox 2539 2521 2598 2578; x_wconf 89' lang='lat' dir='ltr'><strong>Si</strong></span> <span class='ocrx_word' id='word_1_603' title='bbox 2623 2525 2799 2578; x_wconf 86' lang='lat' dir='ltr'><strong>nocuit</strong></span> <span class='ocrx_word' id='word_1_604' title='bbox 2840 2526 3043 2598; x_wconf 85' lang='lat' dir='ltr'><strong>aliquid</strong></span> <span class='ocrx_word' id='word_1_605' title='bbox 3097 2530 3394 2597; x_wconf 75' lang='lat' dir='ltr'><strong>proximum</strong></span> <span class='ocrx_word' id='word_1_606' title='bbox 3419 2547 3572 2584; x_wconf 82' lang='lat' dir='ltr'><strong>suum</strong></span> <span class='ocrx_word' id='word_1_607' title='bbox 3592 2571 3606 2595; x_wconf 91' lang='lat'><strong>,</strong></span> <span class='ocrx_word' id='word_1_608' title='bbox 3637 2531 3728 2586; x_wconf 84' lang='lat' dir='ltr'><strong>isti</strong></span> 
     </span>
    </p>
   </div>
   <div class='ocr_carea' id='block_1_86' title="bbox 2146 2610 3727 2688">
    <p class='ocr_par' dir='ltr' id='par_1_86' title="bbox 2146 2610 3727 2688">
     <span class='ocr_line' id='line_1_86' title="bbox 2146 2610 3727 2688; baseline 0.006 -21"><span class='ocrx_word' id='word_1_609' title='bbox 2146 2610 2205 2667; x_wconf 89' lang='lat' dir='ltr'><strong>Si</strong></span> <span class='ocrx_word' id='word_1_610' title='bbox 2227 2612 2585 2669; x_wconf 84' lang='lat' dir='ltr'><strong>calumniatus</strong></span> <span class='ocrx_word' id='word_1_611' title='bbox 2609 2626 2683 2670; x_wconf 87' lang='lat' dir='ltr'><strong>est</strong></span> <span class='ocrx_word' id='word_1_612' title='bbox 2717 2616 2940 2687; x_wconf 86' lang='lat' dir='ltr'><strong>aliquid.</strong></span> <span class='ocrx_word' id='word_1_613' title='bbox 2993 2618 3149 2686; x_wconf 86' lang='lat' dir='ltr'><strong>Quod</strong></span> <span class='ocrx_word' id='word_1_614' title='bbox 3200 2620 3495 2688; x_wconf 85' lang='lat' dir='ltr'><strong>intuentes,</strong></span> <span class='ocrx_word' id='word_1_615' title='bbox 3551 2623 3727 2679; x_wconf 85' lang='lat' dir='ltr'><strong>absti-</strong></span> 
     </span>
    </p>
   </div>
   <div class='ocr_carea' id='block_1_87' title="bbox 2146 2707 3729 2784">
    <p class='ocr_par' dir='ltr' id='par_1_87' title="bbox 2146 2707 3729 2784">
     <span class='ocr_line' id='line_1_87' title="bbox 2146 2707 3729 2784; baseline 0.009 -29"><span class='ocrx_word' id='word_1_616' title='bbox 2146 2716 2376 2758; x_wconf 89' lang='lat' dir='ltr'><strong>neamus</strong></span> <span class='ocrx_word' id='word_1_617' title='bbox 2428 2719 2531 2760; x_wconf 91' lang='lat' dir='ltr'><strong>nos</strong></span> <span class='ocrx_word' id='word_1_618' title='bbox 2563 2710 2690 2761; x_wconf 90' lang='lat' dir='ltr'><strong>totis</strong></span> <span class='ocrx_word' id='word_1_619' title='bbox 2729 2707 2934 2764; x_wconf 86' lang='lat' dir='ltr'><strong>viribus</strong></span> <span class='ocrx_word' id='word_1_620' title='bbox 2971 2726 3001 2764; x_wconf 91' lang='lat' dir='ltr'><strong>a</strong></span> <span class='ocrx_word' id='word_1_621' title='bbox 3038 2711 3265 2779; x_wconf 87' lang='lat' dir='ltr'><strong>fallacia,</strong></span> <span class='ocrx_word' id='word_1_622' title='bbox 3299 2715 3554 2784; x_wconf 87' lang='lat' dir='ltr'><strong>quoniam</strong></span> <span class='ocrx_word' id='word_1_623' title='bbox 3580 2716 3729 2771; x_wconf 89' lang='lat' dir='ltr'><strong>Deus</strong></span> 
     </span>
    </p>
   </div>
   <div class='ocr_carea' id='block_1_88' title="bbox 2146 2792 3727 2869">
    <p class='ocr_par' dir='ltr' id='par_1_88' title="bbox 2146 2792 3727 2869">
     <span class='ocr_line' id='line_1_88' title="bbox 2146 2792 3727 2869; baseline 0.01 -24"><span class='ocrx_word' id='word_1_624' title='bbox 2146 2807 2248 2861; x_wconf 89' lang='lat' dir='ltr'><strong>per</strong></span> <span class='ocrx_word' id='word_1_625' title='bbox 2268 2792 2541 2849; x_wconf 87' lang='lat' dir='ltr'><strong>fallaciam</strong></span> <span class='ocrx_word' id='word_1_626' title='bbox 2573 2795 2885 2866; x_wconf 87' lang='lat' dir='ltr'><strong>injuriatur,</strong></span> <span class='ocrx_word' id='word_1_627' title='bbox 2915 2800 3008 2869; x_wconf 91' lang='lat' dir='ltr'><strong>qui</strong></span> <span class='ocrx_word' id='word_1_628' title='bbox 3031 2803 3233 2857; x_wconf 88' lang='lat' dir='ltr'><strong>veritas</strong></span> <span class='ocrx_word' id='word_1_629' title='bbox 3260 2814 3363 2859; x_wconf 82' lang='lat' dir='ltr'><strong>est.</strong></span> <span class='ocrx_word' id='word_1_630' title='bbox 3399 2806 3503 2860; x_wconf 85' lang='lat' dir='ltr'><strong>Sed</strong></span> <span class='ocrx_word' id='word_1_631' title='bbox 3526 2814 3581 2860; x_wconf 91' lang='lat' dir='ltr'><strong>et</strong></span> <span class='ocrx_word' id='word_1_632' title='bbox 3614 2806 3727 2862; x_wconf 90' lang='lat' dir='ltr'><strong>vim</strong></span> 
     </span>
    </p>
   </div>
   <div class='ocr_carea' id='block_1_89' title="bbox 2147 2886 3722 2962">
    <p class='ocr_par' dir='ltr' id='par_1_89' title="bbox 2147 2886 3722 2962">
     <span class='ocr_line' id='line_1_89' title="bbox 2147 2886 3722 2962; baseline 0.01 -24"><span class='ocrx_word' id='word_1_633' title='bbox 2147 2899 2244 2939; x_wconf 84' lang='lat' dir='ltr'><strong>seu</strong></span> <span class='ocrx_word' id='word_1_634' title='bbox 2273 2886 2516 2955; x_wconf 86' lang='lat' dir='ltr'><strong>rapinam</strong></span> <span class='ocrx_word' id='word_1_635' title='bbox 2544 2902 2669 2942; x_wconf 89' lang='lat' dir='ltr'><strong>cum</strong></span> <span class='ocrx_word' id='word_1_636' title='bbox 2696 2899 2895 2959; x_wconf 83' lang='lat' dir='ltr'><strong>negato</strong></span> <span class='ocrx_word' id='word_1_637' title='bbox 2922 2891 3192 2962; x_wconf 89' lang='lat' dir='ltr'><strong>deposito,</strong></span> <span class='ocrx_word' id='word_1_638' title='bbox 3242 2896 3327 2949; x_wconf 85' lang='lat' dir='ltr'><strong>vel</strong></span> <span class='ocrx_word' id='word_1_639' title='bbox 3372 2896 3513 2951; x_wconf 87' lang='lat' dir='ltr'><strong>sicut</strong></span> <span class='ocrx_word' id='word_1_640' title='bbox 3553 2898 3722 2953; x_wconf 89' lang='lat' dir='ltr'><strong>etiam</strong></span> 
     </span>
    </p>
   </div>
   <div class='ocr_carea' id='block_1_90' title="bbox 2070 2972 3726 3066">
    <p class='ocr_par' dir='ltr' id='par_1_90' title="bbox 2070 2972 3726 3066">
     <span class='ocr_line' id='line_1_90' title="bbox 2070 2972 3726 3066; baseline 0.011 -39"><span class='ocrx_word' id='word_1_641' title='bbox 2070 3006 2114 3066; x_wconf 64' lang='grc' dir='ltr'>ο</span> <span class='ocrx_word' id='word_1_642' title='bbox 2149 2972 2502 3047; x_wconf 85' lang='lat' dir='ltr'><strong>Septuaginta</strong></span> <span class='ocrx_word' id='word_1_643' title='bbox 2539 2979 2732 3033; x_wconf 90' lang='lat' dir='ltr'><strong>dicunt</strong></span> <span class='ocrx_word' id='word_1_644' title='bbox 2778 2998 2791 3036; x_wconf 90' lang='lat'><strong>:</strong></span> <span class='ocrx_word' id='word_1_645' title='bbox 2826 2996 2951 3036; x_wconf 92' lang='lat' dir='ltr'><strong>cum</strong></span> <span class='ocrx_word' id='word_1_646' title='bbox 3023 2984 3302 3049; x_wconf 87' lang='lat' dir='ltr'><strong>societate,</strong></span> <span class='ocrx_word' id='word_1_647' title='bbox 3356 2989 3726 3057; x_wconf 83' lang='lat' dir='ltr'><strong>commiscuit,</strong></span> 
     </span>
    </p>
   </div>
   <div class='ocr_carea' id='block_1_91' title="bbox 2148 3068 3725 3148">
    <p class='ocr_par' dir='ltr' id='par_1_91' title="bbox 2148 3068 3725 3148">
     <span class='ocr_line' id='line_1_91' title="bbox 2148 3068 3725 3148; baseline 0.01 -27"><span class='ocrx_word' id='word_1_648' title='bbox 2148 3083 2312 3122; x_wconf 90' lang='lat' dir='ltr'><strong>omne</strong></span> <span class='ocrx_word' id='word_1_649' title='bbox 2341 3068 2607 3138; x_wconf 88' lang='lat' dir='ltr'><strong>injustum</strong></span> <span class='ocrx_word' id='word_1_650' title='bbox 2638 3069 2850 3126; x_wconf 82' lang='lat' dir='ltr'><strong>lucrum</strong></span> <span class='ocrx_word' id='word_1_651' title='bbox 2880 3074 2988 3128; x_wconf 87' lang='lat' dir='ltr'><strong>vim</strong></span> <span class='ocrx_word' id='word_1_652' title='bbox 3020 3089 3118 3129; x_wconf 88' lang='lat' dir='ltr'><strong>seu</strong></span> <span class='ocrx_word' id='word_1_653' title='bbox 3166 3076 3406 3146; x_wconf 85' lang='lat' dir='ltr'><strong>rapinam</strong></span> <span class='ocrx_word' id='word_1_654' title='bbox 3447 3080 3725 3148; x_wconf 90' lang='lat' dir='ltr'><strong>judicans.</strong></span> 
     </span>
    </p>
   </div>
   <div class='ocr_carea' id='block_1_92' title="bbox 2149 3157 3726 3237">
    <p class='ocr_par' dir='ltr' id='par_1_92' title="bbox 2149 3157 3726 3237">
     <span class='ocr_line' id='line_1_92' title="bbox 2149 3157 3726 3237; baseline 0.011 -26"><span class='ocrx_word' id='word_1_655' title='bbox 2149 3157 2492 3213; x_wconf 83' lang='lat' dir='ltr'><strong>Manifestum</strong></span> <span class='ocrx_word' id='word_1_656' title='bbox 2525 3171 2609 3217; x_wconf 87' lang='lat' dir='ltr'><strong>est</strong></span> <span class='ocrx_word' id='word_1_657' title='bbox 2637 3173 2819 3221; x_wconf 88' lang='lat' dir='ltr'><strong>autem</strong></span> <span class='ocrx_word' id='word_1_658' title='bbox 2851 3180 2917 3219; x_wconf 89' lang='lat' dir='ltr'><strong>ex</strong></span> <span class='ocrx_word' id='word_1_659' title='bbox 2943 3165 3029 3221; x_wconf 89' lang='lat' dir='ltr'><strong>his</strong></span> <span class='ocrx_word' id='word_1_660' title='bbox 3051 3184 3171 3237; x_wconf 69' lang='lat' dir='ltr'><strong>qua:</strong></span> <span class='ocrx_word' id='word_1_661' title='bbox 3190 3169 3523 3225; x_wconf 86' lang='lat' dir='ltr'><strong>subnectunt</strong></span> <span class='ocrx_word' id='word_1_662' title='bbox 3544 3172 3687 3228; x_wconf 78' lang='lat' dir='ltr'><strong>LXX</strong></span> <span class='ocrx_word' id='word_1_663' title='bbox 3710 3193 3726 3228; x_wconf 90' lang='lat'><strong>:</strong></span> 
     </span>
    </p>
   </div>
   <div class='ocr_carea' id='block_1_93' title="bbox 2148 3246 3730 3336">
    <p class='ocr_par' dir='ltr' id='par_1_93' title="bbox 2148 3246 3730 3336">
     <span class='ocr_line' id='line_1_93' title="bbox 2148 3246 3730 3336; baseline 0.013 -35"><span class='ocrx_word' id='word_1_664' title='bbox 2148 3246 2267 3303; x_wconf 84' lang='lat' dir='ltr'><strong>Erit</strong></span> <span class='ocrx_word' id='word_1_665' title='bbox 2289 3266 2405 3304; x_wconf 88' lang='lat' dir='ltr'><strong>cum</strong></span> <span class='ocrx_word' id='word_1_666' title='bbox 2447 3257 2735 3322; x_wconf 83' lang='lat' dir='ltr'><strong>peccaverit</strong></span> <span class='ocrx_word' id='word_1_667' title='bbox 2760 3265 2808 3309; x_wconf 89' lang='lat' dir='ltr'><strong>et</strong></span> <span class='ocrx_word' id='word_1_668' title='bbox 2832 3259 3150 3327; x_wconf 75' lang='lat' dir='ltr'><strong>pmnituerit.</strong></span> <span class='ocrx_word' id='word_1_669' title='bbox 3194 3270 3242 3314; x_wconf 87' lang='lat' dir='ltr'><strong>et</strong></span> <span class='ocrx_word' id='word_1_670' title='bbox 3278 3264 3560 3320; x_wconf 84' lang='lat' dir='ltr'><strong>reddiderit</strong></span> <span class='ocrx_word' id='word_1_671' title='bbox 3587 3269 3730 3336; x_wconf 83' lang='lat' dir='ltr'><strong>rapi-</strong></span> 
     </span>
    </p>
   </div>
   <div class='ocr_carea' id='block_1_94' title="bbox 2148 3347 3727 3428">
    <p class='ocr_par' dir='ltr' id='par_1_94' title="bbox 2148 3347 3727 3428">
     <span class='ocr_line' id='line_1_94' title="bbox 2148 3347 3727 3428; baseline 0.013 -35"><span class='ocrx_word' id='word_1_672' title='bbox 2148 3356 2272 3394; x_wconf 88' lang='lat' dir='ltr'><strong>nam</strong></span> <span class='ocrx_word' id='word_1_673' title='bbox 2303 3360 2463 3413; x_wconf 85' lang='lat' dir='ltr'><strong>quam</strong></span> <span class='ocrx_word' id='word_1_674' title='bbox 2493 3347 2693 3413; x_wconf 86' lang='lat' dir='ltr'><strong>rapuit,</strong></span> <span class='ocrx_word' id='word_1_675' title='bbox 2725 3348 2807 3401; x_wconf 85' lang='lat' dir='ltr'><strong>vel</strong></span> <span class='ocrx_word' id='word_1_676' title='bbox 2835 3349 3157 3418; x_wconf 87' lang='lat' dir='ltr'><strong>injustitiam</strong></span> <span class='ocrx_word' id='word_1_677' title='bbox 3180 3370 3340 3423; x_wconf 88' lang='lat' dir='ltr'><strong>quam</strong></span> <span class='ocrx_word' id='word_1_678' title='bbox 3371 3356 3566 3425; x_wconf 85' lang='lat' dir='ltr'><strong>injuste</strong></span> <span class='ocrx_word' id='word_1_679' title='bbox 3597 3360 3727 3428; x_wconf 86' lang='lat' dir='ltr'><strong>egit,</strong></span> 
     </span>
    </p>
   </div>
   <div class='ocr_carea' id='block_1_95' title="bbox 2146 3434 3728 3518">
    <p class='ocr_par' dir='ltr' id='par_1_95' title="bbox 2146 3434 3728 3518">
     <span class='ocr_line' id='line_1_95' title="bbox 2146 3434 3728 3518; baseline 0.013 -33"><span class='ocrx_word' id='word_1_680' title='bbox 2146 3442 2241 3486; x_wconf 87' lang='lat' dir='ltr'><strong>aut</strong></span> <span class='ocrx_word' id='word_1_681' title='bbox 2265 3434 2553 3505; x_wconf 88' lang='lat' dir='ltr'><strong>depositum</strong></span> <span class='ocrx_word' id='word_1_682' title='bbox 2592 3438 2729 3502; x_wconf 84' lang='lat' dir='ltr'><strong>quod</strong></span> <span class='ocrx_word' id='word_1_683' title='bbox 2771 3440 3164 3509; x_wconf 84' lang='lat' dir='ltr'><strong>depositum-est</strong></span> <span class='ocrx_word' id='word_1_684' title='bbox 3201 3447 3271 3512; x_wconf 87' lang='lat' dir='ltr'><strong>ei,</strong></span> <span class='ocrx_word' id='word_1_685' title='bbox 3319 3448 3425 3501; x_wconf 83' lang='lat' dir='ltr'><strong>sive</strong></span> <span class='ocrx_word' id='word_1_686' title='bbox 3460 3451 3728 3518; x_wconf 86' lang='lat' dir='ltr'><strong>perditum</strong></span> 
     </span>
    </p>
   </div>
   <div class='ocr_carea' id='block_1_96' title="bbox 2144 3525 3730 3610">
    <p class='ocr_par' dir='ltr' id='par_1_96' title="bbox 2144 3525 3730 3610">
     <span class='ocr_line' id='line_1_96' title="bbox 2144 3525 3730 3610; baseline 0.013 -33"><span class='ocrx_word' id='word_1_687' title='bbox 2144 3525 2285 3595; x_wconf 87' lang='lat' dir='ltr'><strong>quod</strong></span> <span class='ocrx_word' id='word_1_688' title='bbox 2305 3526 2521 3593; x_wconf 81' lang='lat' dir='ltr'><strong>inuenit,</strong></span> <span class='ocrx_word' id='word_1_689' title='bbox 2545 3527 2686 3597; x_wconf 91' lang='lat' dir='ltr'><strong>quod</strong></span> <span class='ocrx_word' id='word_1_690' title='bbox 2721 3534 3145 3603; x_wconf 89' lang='lat' dir='ltr'><strong>unumquodque</strong></span> <span class='ocrx_word' id='word_1_691' title='bbox 3179 3537 3559 3605; x_wconf 59' lang='lat' dir='ltr'><strong>praedictorum</strong></span> <span class='ocrx_word' id='word_1_692' title='bbox 3593 3558 3730 3610; x_wconf 86' lang='lat' dir='ltr'><strong>pec-</strong></span> 
     </span>
    </p>
   </div>
   <div class='ocr_carea' id='block_1_97' title="bbox 2146 3619 3727 3691">
    <p class='ocr_par' dir='ltr' id='par_1_97' title="bbox 2146 3619 3727 3691">
     <span class='ocr_line' id='line_1_97' title="bbox 2146 3619 3727 3691; baseline 0.011 -21"><span class='ocrx_word' id='word_1_693' title='bbox 2146 3627 2393 3672; x_wconf 89' lang='lat' dir='ltr'><strong>catorum</strong></span> <span class='ocrx_word' id='word_1_694' title='bbox 2431 3619 2515 3674; x_wconf 91' lang='lat' dir='ltr'><strong>his</strong></span> <span class='ocrx_word' id='word_1_695' title='bbox 2548 3637 2669 3691; x_wconf 70' lang='lat' dir='ltr'><strong>qua:</strong></span> <span class='ocrx_word' id='word_1_696' title='bbox 2697 3633 3089 3679; x_wconf 88' lang='lat' dir='ltr'><strong>connumerata</strong></span> <span class='ocrx_word' id='word_1_697' title='bbox 3119 3636 3248 3681; x_wconf 91' lang='lat' dir='ltr'><strong>sunt</strong></span> <span class='ocrx_word' id='word_1_698' title='bbox 3276 3628 3453 3685; x_wconf 84' lang='lat' dir='ltr'><strong>simile</strong></span> <span class='ocrx_word' id='word_1_699' title='bbox 3474 3631 3561 3686; x_wconf 91' lang='lat' dir='ltr'><strong>sit.</strong></span> <span class='ocrx_word' id='word_1_700' title='bbox 3590 3632 3727 3688; x_wconf 83' lang='lat' dir='ltr'><strong>Pro-</strong></span> 
     </span>
    </p>
   </div>
   <div class='ocr_carea' id='block_1_98' title="bbox 2144 3710 3721 3792">
    <p class='ocr_par' dir='ltr' id='par_1_98' title="bbox 2144 3710 3721 3792">
     <span class='ocr_line' id='line_1_98' title="bbox 2144 3710 3721 3792; baseline 0.011 -32"><span class='ocrx_word' id='word_1_701' title='bbox 2144 3715 2267 3777; x_wconf 88' lang='lat' dir='ltr'><strong>pter</strong></span> <span class='ocrx_word' id='word_1_702' title='bbox 2296 3710 2440 3764; x_wconf 90' lang='lat' dir='ltr'><strong>enim</strong></span> <span class='ocrx_word' id='word_1_703' title='bbox 2463 3713 2747 3768; x_wconf 90' lang='lat' dir='ltr'><strong>avaritiam</strong></span> <span class='ocrx_word' id='word_1_704' title='bbox 2775 3716 3155 3776; x_wconf 88' lang='lat' dir='ltr'><strong>committitur.</strong></span> <span class='ocrx_word' id='word_1_705' title='bbox 3197 3718 3504 3792; x_wconf 86' lang='lat' dir='ltr'><strong>Unicuique</strong></span> <span class='ocrx_word' id='word_1_706' title='bbox 3534 3732 3721 3778; x_wconf 90' lang='lat' dir='ltr'><strong>autem</strong></span> 
     </span>
    </p>
   </div>
   <div class='ocr_carea' id='block_1_99' title="bbox 2145 3804 3723 3884">
    <p class='ocr_par' dir='ltr' id='par_1_99' title="bbox 2145 3804 3723 3884">
     <span class='ocr_line' id='line_1_99' title="bbox 2145 3804 3723 3884; baseline 0.012 -32"><span class='ocrx_word' id='word_1_707' title='bbox 2145 3812 2334 3853; x_wconf 89' lang='lat' dir='ltr'><strong>eorum</strong></span> <span class='ocrx_word' id='word_1_708' title='bbox 2370 3812 2533 3871; x_wconf 89' lang='lat' dir='ltr'><strong>caput</strong></span> <span class='ocrx_word' id='word_1_709' title='bbox 2564 3804 2766 3874; x_wconf 92' lang='lat' dir='ltr'><strong>ipsum,</strong></span> <span class='ocrx_word' id='word_1_710' title='bbox 2793 3816 2848 3861; x_wconf 89' lang='lat' dir='ltr'><strong>et</strong></span> <span class='ocrx_word' id='word_1_711' title='bbox 2879 3808 3124 3877; x_wconf 89' lang='lat' dir='ltr'><strong>quintam</strong></span> <span class='ocrx_word' id='word_1_712' title='bbox 3153 3811 3275 3865; x_wconf 89' lang='lat' dir='ltr'><strong>addi</strong></span> <span class='ocrx_word' id='word_1_713' title='bbox 3307 3814 3598 3884; x_wconf 70' lang='lat' dir='ltr'><strong>praecepit;</strong></span> <span class='ocrx_word' id='word_1_714' title='bbox 3625 3819 3723 3872; x_wconf 85' lang='lat' dir='ltr'><strong>sed</strong></span> 
     </span>
    </p>
   </div>
   <div class='ocr_carea' id='block_1_100' title="bbox 2142 3889 3725 3973">
    <p class='ocr_par' dir='ltr' id='par_1_100' title="bbox 2142 3889 3725 3973">
     <span class='ocr_line' id='line_1_100' title="bbox 2142 3889 3725 3973; baseline 0.013 -31"><span class='ocrx_word' id='word_1_715' title='bbox 2142 3889 2236 3957; x_wconf 83' lang='lat' dir='ltr'><strong>hic</strong></span> <span class='ocrx_word' id='word_1_716' title='bbox 2266 3905 2375 3945; x_wconf 91' lang='lat' dir='ltr'><strong>non</strong></span> <span class='ocrx_word' id='word_1_717' title='bbox 2409 3894 2698 3962; x_wconf 87' lang='lat' dir='ltr'><strong>sacerdoti,</strong></span> <span class='ocrx_word' id='word_1_718' title='bbox 2734 3897 2828 3951; x_wconf 88' lang='lat' dir='ltr'><strong>sed</strong></span> <span class='ocrx_word' id='word_1_719' title='bbox 2846 3897 2894 3951; x_wconf 89' lang='lat' dir='ltr'><strong>ei</strong></span> <span class='ocrx_word' id='word_1_720' title='bbox 2925 3899 3017 3968; x_wconf 92' lang='lat' dir='ltr'><strong>qui</strong></span> <span class='ocrx_word' id='word_1_721' title='bbox 3048 3899 3372 3969; x_wconf 69' lang='lat' dir='ltr'><strong>injustitiam</strong></span> <span class='ocrx_word' id='word_1_722' title='bbox 3407 3920 3602 3973; x_wconf 89' lang='lat' dir='ltr'><strong>passus</strong></span> <span class='ocrx_word' id='word_1_723' title='bbox 3636 3918 3725 3962; x_wconf 90' lang='lat' dir='ltr'><strong>est</strong></span> 
     </span>
    </p>
   </div>
   <div class='ocr_carea' id='block_1_101' title="bbox 2145 3980 3722 4054">
    <p class='ocr_par' dir='ltr' id='par_1_101' title="bbox 2145 3980 3722 4054">
     <span class='ocr_line' id='line_1_101' title="bbox 2145 3980 3722 4054; baseline 0.011 -19"><span class='ocrx_word' id='word_1_724' title='bbox 2145 3980 2263 4035; x_wconf 90' lang='lat' dir='ltr'><strong>dari-</strong></span> <span class='ocrx_word' id='word_1_725' title='bbox 2290 3984 2546 4052; x_wconf 65' lang='lat' dir='ltr'><strong>prtecepit</strong></span> <span class='ocrx_word' id='word_1_726' title='bbox 2569 3985 2834 4054; x_wconf 89' lang='lat' dir='ltr'><strong>quintam,</strong></span> <span class='ocrx_word' id='word_1_727' title='bbox 2858 3988 2912 4042; x_wconf 90' lang='lat' dir='ltr'><strong>in</strong></span> <span class='ocrx_word' id='word_1_728' title='bbox 2946 3989 3127 4045; x_wconf 87' lang='lat' dir='ltr'><strong>verbis</strong></span> <span class='ocrx_word' id='word_1_729' title='bbox 3155 3991 3534 4050; x_wconf 77' lang='lat' dir='ltr'><strong>dill‘crentibus</strong></span> <span class='ocrx_word' id='word_1_730' title='bbox 3563 3998 3722 4052; x_wconf 85' lang='lat' dir='ltr'><strong>simi-</strong></span> 
     </span>
    </p>
   </div>
   <div class='ocr_carea' id='block_1_102' title="bbox 2143 4068 3722 4156">
    <p class='ocr_par' dir='ltr' id='par_1_102' title="bbox 2143 4068 3722 4156">
     <span class='ocr_line' id='line_1_102' title="bbox 2143 4068 3722 4156; baseline 0.012 -32"><span class='ocrx_word' id='word_1_731' title='bbox 2143 4068 2214 4126; x_wconf 85' lang='lat' dir='ltr'><strong>lia</strong></span> <span class='ocrx_word' id='word_1_732' title='bbox 2244 4073 2505 4129; x_wconf 90' lang='lat' dir='ltr'><strong>sentiens.</strong></span> <span class='ocrx_word' id='word_1_733' title='bbox 2549 4073 2819 4141; x_wconf 87' lang='lat' dir='ltr'><strong>Quoniam</strong></span> <span class='ocrx_word' id='word_1_734' title='bbox 2857 4079 3003 4133; x_wconf 90' lang='lat' dir='ltr'><strong>enim</strong></span> <span class='ocrx_word' id='word_1_735' title='bbox 3044 4097 3167 4136; x_wconf 92' lang='lat' dir='ltr'><strong>cum</strong></span> <span class='ocrx_word' id='word_1_736' title='bbox 3200 4098 3266 4137; x_wconf 89' lang='lat' dir='ltr'><strong>eo</strong></span> <span class='ocrx_word' id='word_1_737' title='bbox 3308 4085 3402 4155; x_wconf 92' lang='lat' dir='ltr'><strong>qui</strong></span> <span class='ocrx_word' id='word_1_738' title='bbox 3457 4087 3722 4156; x_wconf 79' lang='lat' dir='ltr'><strong>prtejudi-</strong></span> 
     </span>
    </p>
   </div>
   <div class='ocr_carea' id='block_1_103' title="bbox 2144 4165 3721 4247">
    <p class='ocr_par' dir='ltr' id='par_1_103' title="bbox 2144 4165 3721 4247">
     <span class='ocr_line' id='line_1_103' title="bbox 2144 4165 3721 4247; baseline 0.01 -28"><span class='ocrx_word' id='word_1_739' title='bbox 2144 4165 2285 4219; x_wconf 89' lang='lat' dir='ltr'><strong>cium</strong></span> <span class='ocrx_word' id='word_1_740' title='bbox 2319 4182 2509 4235; x_wconf 90' lang='lat' dir='ltr'><strong>passus</strong></span> <span class='ocrx_word' id='word_1_741' title='bbox 2541 4176 2625 4224; x_wconf 90' lang='lat' dir='ltr'><strong>est</strong></span> <span class='ocrx_word' id='word_1_742' title='bbox 2658 4167 2709 4222; x_wconf 90' lang='lat' dir='ltr'><strong>in</strong></span> <span class='ocrx_word' id='word_1_743' title='bbox 2734 4171 2922 4240; x_wconf 89' lang='lat' dir='ltr'><strong>rapina</strong></span> <span class='ocrx_word' id='word_1_744' title='bbox 2945 4173 3028 4227; x_wconf 87' lang='lat' dir='ltr'><strong>vel</strong></span> <span class='ocrx_word' id='word_1_745' title='bbox 3063 4174 3116 4228; x_wconf 91' lang='lat' dir='ltr'><strong>in</strong></span> <span class='ocrx_word' id='word_1_746' title='bbox 3148 4175 3414 4247; x_wconf 89' lang='lat' dir='ltr'><strong>deposito,</strong></span> <span class='ocrx_word' id='word_1_747' title='bbox 3448 4188 3502 4233; x_wconf 92' lang='lat' dir='ltr'><strong>et</strong></span> <span class='ocrx_word' id='word_1_748' title='bbox 3529 4188 3721 4235; x_wconf 85' lang='lat' dir='ltr'><strong>contra</strong></span> 
     </span>
    </p>
   </div>
   <div class='ocr_carea' id='block_1_104' title="bbox 2145 4250 3720 4341">
    <p class='ocr_par' dir='ltr' id='par_1_104' title="bbox 2145 4250 3720 4341">
     <span class='ocr_line' id='line_1_104' title="bbox 2145 4250 3720 4341; baseline 0.013 -33"><span class='ocrx_word' id='word_1_749' title='bbox 2145 4250 2318 4326; x_wconf 82' lang='lat' dir='ltr'><strong>ipsum</strong></span> <span class='ocrx_word' id='word_1_750' title='bbox 2356 4273 2572 4328; x_wconf 89' lang='lat' dir='ltr'><strong>quoque</strong></span> <span class='ocrx_word' id='word_1_751' title='bbox 2613 4258 2782 4315; x_wconf 91' lang='lat' dir='ltr'><strong>Deum</strong></span> <span class='ocrx_word' id='word_1_752' title='bbox 2818 4262 3020 4332; x_wconf 87' lang='lat' dir='ltr'><strong>injuste</strong></span> <span class='ocrx_word' id='word_1_753' title='bbox 3055 4266 3231 4337; x_wconf 87' lang='lat' dir='ltr'><strong>agitur</strong></span> <span class='ocrx_word' id='word_1_754' title='bbox 3281 4284 3378 4337; x_wconf 90' lang='lat' dir='ltr'><strong>per</strong></span> <span class='ocrx_word' id='word_1_755' title='bbox 3416 4269 3720 4341; x_wconf 86' lang='lat' dir='ltr'><strong>fallaciam,</strong></span> 
     </span>
    </p>
   </div>
   <div class='ocr_carea' id='block_1_105' title="bbox 2072 4334 3721 4428">
    <p class='ocr_par' dir='ltr' id='par_1_105' title="bbox 2072 4334 3721 4428">
     <span class='ocr_line' id='line_1_105' title="bbox 2072 4334 3721 4428; baseline 0.013 -27"><span class='ocrx_word' id='word_1_756' title='bbox 2072 4334 2117 4390; x_wconf 76' lang='grc' dir='ltr'><strong>ι)</strong></span> <span class='ocrx_word' id='word_1_757' title='bbox 2148 4350 2228 4403; x_wconf 87' lang='lat' dir='ltr'><strong>vel</strong></span> <span class='ocrx_word' id='word_1_758' title='bbox 2290 4351 2612 4419; x_wconf 86' lang='lat' dir='ltr'><strong>pcrjurium,</strong></span> <span class='ocrx_word' id='word_1_759' title='bbox 2690 4363 2837 4409; x_wconf 90' lang='lat' dir='ltr'><strong>recte</strong></span> <span class='ocrx_word' id='word_1_760' title='bbox 2900 4334 3113 4411; x_wconf 31' lang='lat' dir='ltr'><strong>horumv</strong></span> <span class='ocrx_word' id='word_1_761' title='bbox 3144 4334 3388 4428; x_wconf 79' lang='lat' dir='ltr'><strong>quintam</strong></span> <span class='ocrx_word' id='word_1_762' title='bbox 3431 4363 3551 4419; x_wconf 82' lang='lat' dir='ltr'><strong>Deo</strong></span> <span class='ocrx_word' id='word_1_763' title='bbox 3602 4334 3721 4423; x_wconf 86' lang='lat' dir='ltr'><strong>dari</strong></span> 
     </span>
    </p>
   </div>
   <div class='ocr_carea' id='block_1_106' title="bbox 2142 4440 3720 4529">
    <p class='ocr_par' dir='ltr' id='par_1_106' title="bbox 2142 4440 3720 4529">
     <span class='ocr_line' id='line_1_106' title="bbox 2142 4440 3720 4529; baseline 0.014 -37"><span class='ocrx_word' id='word_1_764' title='bbox 2142 4440 2317 4511; x_wconf 89' lang='lat' dir='ltr'><strong>jubet,</strong></span> <span class='ocrx_word' id='word_1_765' title='bbox 2353 4442 2419 4496; x_wconf 90' lang='lat' dir='ltr'><strong>ad</strong></span> <span class='ocrx_word' id='word_1_766' title='bbox 2448 4458 2609 4512; x_wconf 90' lang='lat' dir='ltr'><strong>quem</strong></span> <span class='ocrx_word' id='word_1_767' title='bbox 2644 4446 2815 4499; x_wconf 89' lang='lat' dir='ltr'><strong>tendit</strong></span> <span class='ocrx_word' id='word_1_768' title='bbox 2844 4446 3060 4516; x_wconf 89' lang='lat' dir='ltr'><strong>injuria.</strong></span> <span class='ocrx_word' id='word_1_769' title='bbox 3084 4449 3285 4515; x_wconf 89' lang='lat' dir='ltr'><strong>Quinta</strong></span> <span class='ocrx_word' id='word_1_770' title='bbox 3316 4464 3497 4509; x_wconf 88' lang='lat' dir='ltr'><strong>autem</strong></span> <span class='ocrx_word' id='word_1_771' title='bbox 3536 4457 3720 4529; x_wconf 87' lang='lat' dir='ltr'><strong>lingua</strong></span> 
     </span>
    </p>
   </div>
   <div class='ocr_carea' id='block_1_107' title="bbox 2146 4532 3722 4611">
    <p class='ocr_par' dir='ltr' id='par_1_107' title="bbox 2146 4532 3722 4611">
     <span class='ocr_line' id='line_1_107' title="bbox 2146 4532 3722 4611; baseline 0.012 -25"><span class='ocrx_word' id='word_1_772' title='bbox 2146 4540 2248 4586; x_wconf 86' lang='lat' dir='ltr'><strong>est.</strong></span> <span class='ocrx_word' id='word_1_773' title='bbox 2283 4532 2410 4595; x_wconf 78' lang='lat' dir='ltr'><strong>Esse</strong></span> <span class='ocrx_word' id='word_1_774' title='bbox 2438 4534 2581 4589; x_wconf 88' lang='lat' dir='ltr'><strong>enim</strong></span> <span class='ocrx_word' id='word_1_775' title='bbox 2606 4536 2851 4605; x_wconf 88' lang='lat' dir='ltr'><strong>quintam</strong></span> <span class='ocrx_word' id='word_1_776' title='bbox 2883 4539 3046 4593; x_wconf 87' lang='lat' dir='ltr'><strong>etiam</strong></span> <span class='ocrx_word' id='word_1_777' title='bbox 3098 4542 3238 4598; x_wconf 91' lang='lat' dir='ltr'><strong>hanc</strong></span> <span class='ocrx_word' id='word_1_778' title='bbox 3296 4545 3551 4611; x_wconf 78' lang='lat' dir='ltr'><strong>diximus,</strong></span> <span class='ocrx_word' id='word_1_779' title='bbox 3594 4565 3722 4605; x_wconf 87' lang='lat' dir='ltr'><strong>cum</strong></span> 
     </span>
    </p>
   </div>
   <div class='ocr_carea' id='block_1_108' title="bbox 2145 4623 3719 4707">
    <p class='ocr_par' dir='ltr' id='par_1_108' title="bbox 2145 4623 3719 4707">
     <span class='ocr_line' id='line_1_108' title="bbox 2145 4623 3719 4707; baseline 0.013 -32"><span class='ocrx_word' id='word_1_780' title='bbox 2145 4623 2216 4677; x_wconf 91' lang='lat' dir='ltr'><strong>sit</strong></span> <span class='ocrx_word' id='word_1_781' title='bbox 2256 4639 2359 4677; x_wconf 91' lang='lat' dir='ltr'><strong>una</strong></span> <span class='ocrx_word' id='word_1_782' title='bbox 2383 4624 2449 4679; x_wconf 92' lang='lat' dir='ltr'><strong>de</strong></span> <span class='ocrx_word' id='word_1_783' title='bbox 2469 4626 2710 4697; x_wconf 87' lang='lat' dir='ltr'><strong>quinque</strong></span> <span class='ocrx_word' id='word_1_784' title='bbox 2740 4630 3011 4686; x_wconf 86' lang='lat' dir='ltr'><strong>sensibus.</strong></span> <span class='ocrx_word' id='word_1_785' title='bbox 3040 4630 3306 4705; x_wconf 62' lang='lat' dir='ltr'><strong>llaecergo</strong></span> <span class='ocrx_word' id='word_1_786' title='bbox 3327 4636 3553 4693; x_wconf 77' lang='lat' dir='ltr'><strong>offertur</strong></span> <span class='ocrx_word' id='word_1_787' title='bbox 3587 4639 3719 4707; x_wconf 85' lang='lat' dir='ltr'><strong>Deo,</strong></span> 
     </span>
    </p>
   </div>
   <div class='ocr_carea' id='block_1_109' title="bbox 2146 4716 3721 4800">
    <p class='ocr_par' dir='ltr' id='par_1_109' title="bbox 2146 4716 3721 4800">
     <span class='ocr_line' id='line_1_109' title="bbox 2146 4716 3721 4800; baseline 0.011 -31"><span class='ocrx_word' id='word_1_788' title='bbox 2146 4723 2206 4769; x_wconf 89' lang='lat' dir='ltr'><strong>ut</strong></span> <span class='ocrx_word' id='word_1_789' title='bbox 2236 4716 2496 4786; x_wconf 89' lang='lat' dir='ltr'><strong>deinceps</strong></span> <span class='ocrx_word' id='word_1_790' title='bbox 2527 4734 2639 4773; x_wconf 92' lang='lat' dir='ltr'><strong>non</strong></span> <span class='ocrx_word' id='word_1_791' title='bbox 2659 4730 2867 4789; x_wconf 83' lang='lat' dir='ltr'><strong>peccet,</strong></span> <span class='ocrx_word' id='word_1_792' title='bbox 2897 4722 3020 4792; x_wconf 91' lang='lat' dir='ltr'><strong>quia</strong></span> <span class='ocrx_word' id='word_1_793' title='bbox 3045 4740 3140 4794; x_wconf 89' lang='lat' dir='ltr'><strong>per</strong></span> <span class='ocrx_word' id='word_1_794' title='bbox 3170 4723 3343 4796; x_wconf 79' lang='lat' dir='ltr'><strong>ipsam</strong></span> <span class='ocrx_word' id='word_1_795' title='bbox 3372 4733 3721 4800; x_wconf 89' lang='lat' dir='ltr'><strong>unumquod-</strong></span> 
     </span>
    </p>
   </div>
   <div class='ocr_carea' id='block_1_110' title="bbox 2146 4802 3723 4886">
    <p class='ocr_par' dir='ltr' id='par_1_110' title="bbox 2146 4802 3723 4886">
     <span class='ocr_line' id='line_1_110' title="bbox 2146 4802 3723 4886; baseline 0.011 -25"><span class='ocrx_word' id='word_1_796' title='bbox 2146 4823 2252 4877; x_wconf 91' lang='lat' dir='ltr'><strong>que</strong></span> <span class='ocrx_word' id='word_1_797' title='bbox 2277 4808 2658 4877; x_wconf 70' lang='lat' dir='ltr'><strong>praadictorum</strong></span> <span class='ocrx_word' id='word_1_798' title='bbox 2681 4813 3059 4870; x_wconf 90' lang='lat' dir='ltr'><strong>committitur.</strong></span> <span class='ocrx_word' id='word_1_799' title='bbox 3100 4802 3243 4886; x_wconf 78' lang='lat' dir='ltr'><strong>Ergo</strong></span> <span class='ocrx_word' id='word_1_800' title='bbox 3300 4819 3491 4874; x_wconf 87' lang='lat' dir='ltr'><strong>eadem</strong></span> <span class='ocrx_word' id='word_1_801' title='bbox 3546 4824 3723 4879; x_wconf 89' lang='lat' dir='ltr'><strong>sancit</strong></span> 
     </span>
    </p>
   </div>
   <div class='ocr_carea' id='block_1_111' title="bbox 2147 4899 3721 4979">
    <p class='ocr_par' dir='ltr' id='par_1_111' title="bbox 2147 4899 3721 4979">
     <span class='ocr_line' id='line_1_111' title="bbox 2147 4899 3721 4979; baseline 0.01 -28"><span class='ocrx_word' id='word_1_802' title='bbox 2147 4899 2203 4952; x_wconf 92' lang='lat' dir='ltr'><strong>in</strong></span> <span class='ocrx_word' id='word_1_803' title='bbox 2253 4899 2637 4969; x_wconf 79' lang='lat' dir='ltr'><strong>ditl&#39;crentibus</strong></span> <span class='ocrx_word' id='word_1_804' title='bbox 2677 4903 2882 4970; x_wconf 89' lang='lat' dir='ltr'><strong>verbis,</strong></span> <span class='ocrx_word' id='word_1_805' title='bbox 2926 4914 2980 4959; x_wconf 91' lang='lat' dir='ltr'><strong>et</strong></span> <span class='ocrx_word' id='word_1_806' title='bbox 3028 4905 3323 4976; x_wconf 88' lang='lat' dir='ltr'><strong>aliquando</strong></span> <span class='ocrx_word' id='word_1_807' title='bbox 3385 4910 3606 4979; x_wconf 87' lang='lat' dir='ltr'><strong>quidem</strong></span> <span class='ocrx_word' id='word_1_808' title='bbox 3663 4913 3721 4967; x_wconf 92' lang='lat' dir='ltr'><strong>in</strong></span> 
     </span>
    </p>
   </div>
   <div class='ocr_carea' id='block_1_112' title="bbox 2145 4992 3724 5071">
    <p class='ocr_par' dir='ltr' id='par_1_112' title="bbox 2145 4992 3724 5071">
     <span class='ocr_line' id='line_1_112' title="bbox 2145 4992 3724 5071; baseline 0.009 -29"><span class='ocrx_word' id='word_1_809' title='bbox 2145 5003 2377 5059; x_wconf 89' lang='lat' dir='ltr'><strong>persona</strong></span> <span class='ocrx_word' id='word_1_810' title='bbox 2398 4992 2727 5060; x_wconf 66' lang='lat' dir='ltr'><strong>sacerdotis;</strong></span> <span class='ocrx_word' id='word_1_811' title='bbox 2746 4993 3039 5064; x_wconf 90' lang='lat' dir='ltr'><strong>aliquando</strong></span> <span class='ocrx_word' id='word_1_812' title='bbox 3059 5006 3241 5052; x_wconf 88' lang='lat' dir='ltr'><strong>autem</strong></span> <span class='ocrx_word' id='word_1_813' title='bbox 3266 4999 3319 5052; x_wconf 93' lang='lat' dir='ltr'><strong>in</strong></span> <span class='ocrx_word' id='word_1_814' title='bbox 3349 5001 3466 5069; x_wconf 87' lang='lat' dir='ltr'><strong>ejus</strong></span> <span class='ocrx_word' id='word_1_815' title='bbox 3497 5008 3589 5071; x_wconf 89' lang='lat' dir='ltr'><strong>qui</strong></span> <span class='ocrx_word' id='word_1_816' title='bbox 3632 5003 3724 5057; x_wconf 84' lang='lat' dir='ltr'><strong>in-</strong></span> 
     </span>
    </p>
   </div>
   <div class='ocr_carea' id='block_1_113' title="bbox 2139 5080 3723 5162">
    <p class='ocr_par' dir='ltr' id='par_1_113' title="bbox 2139 5080 3723 5162">
     <span class='ocr_line' id='line_1_113' title="bbox 2139 5080 3723 5162; baseline 0.009 -28"><span class='ocrx_word' id='word_1_817' title='bbox 2139 5080 2408 5151; x_wconf 88' lang='lat' dir='ltr'><strong>justitiam</strong></span> <span class='ocrx_word' id='word_1_818' title='bbox 2455 5098 2649 5153; x_wconf 92' lang='lat' dir='ltr'><strong>passus</strong></span> <span class='ocrx_word' id='word_1_819' title='bbox 2679 5096 2763 5139; x_wconf 90' lang='lat' dir='ltr'><strong>est</strong></span> <span class='ocrx_word' id='word_1_820' title='bbox 2806 5085 2977 5140; x_wconf 89' lang='lat' dir='ltr'><strong>Deum</strong></span> <span class='ocrx_word' id='word_1_821' title='bbox 3023 5086 3293 5158; x_wconf 83' lang='lat' dir='ltr'><strong>figuravit.</strong></span> <span class='ocrx_word' id='word_1_822' title='bbox 3338 5089 3447 5144; x_wconf 83' lang='lat' dir='ltr'><strong>Aut</strong></span> <span class='ocrx_word' id='word_1_823' title='bbox 3479 5093 3604 5162; x_wconf 91' lang='lat' dir='ltr'><strong>quia</strong></span> <span class='ocrx_word' id='word_1_824' title='bbox 3632 5109 3723 5148; x_wconf 83' lang='lat' dir='ltr'><strong>se-</strong></span> 
     </span>
    </p>
   </div>
   <div class='ocr_carea' id='block_1_114' title="bbox 2144 5174 3726 5240">
    <p class='ocr_par' dir='ltr' id='par_1_114' title="bbox 2144 5174 3726 5240">
     <span class='ocr_line' id='line_1_114' title="bbox 2144 5174 3726 5240; baseline 0.006 -11"><span class='ocrx_word' id='word_1_825' title='bbox 2144 5174 2387 5229; x_wconf 88' lang='lat' dir='ltr'><strong>cundum</strong></span> <span class='ocrx_word' id='word_1_826' title='bbox 2423 5177 2668 5231; x_wconf 87' lang='lat' dir='ltr'><strong>eamdem</strong></span> <span class='ocrx_word' id='word_1_827' title='bbox 2701 5178 2971 5233; x_wconf 89' lang='lat' dir='ltr'><strong>rationem</strong></span> <span class='ocrx_word' id='word_1_828' title='bbox 2999 5190 3053 5234; x_wconf 90' lang='lat' dir='ltr'><strong>et</strong></span> <span class='ocrx_word' id='word_1_829' title='bbox 3077 5182 3331 5237; x_wconf 87' lang='lat' dir='ltr'><strong>sacerdos</strong></span> <span class='ocrx_word' id='word_1_830' title='bbox 3354 5193 3540 5239; x_wconf 90' lang='lat' dir='ltr'><strong>noster</strong></span> <span class='ocrx_word' id='word_1_831' title='bbox 3563 5185 3726 5240; x_wconf 86' lang='lat' dir='ltr'><strong>Chri-</strong></span> 
     </span>
    </p>
   </div>
   <div class='ocr_carea' id='block_1_115' title="bbox 2144 5266 3722 5342">
    <p class='ocr_par' dir='ltr' id='par_1_115' title="bbox 2144 5266 3722 5342">
     <span class='ocr_line' id='line_1_115' title="bbox 2144 5266 3722 5342; baseline 0.006 -23"><span class='ocrx_word' id='word_1_832' title='bbox 2144 5273 2263 5319; x_wconf 90' lang='lat' dir='ltr'><strong>stus</strong></span> <span class='ocrx_word' id='word_1_833' title='bbox 2292 5280 2437 5332; x_wconf 87' lang='lat' dir='ltr'><strong>esse,</strong></span> <span class='ocrx_word' id='word_1_834' title='bbox 2462 5275 2517 5320; x_wconf 91' lang='lat' dir='ltr'><strong>ct</strong></span> <span class='ocrx_word' id='word_1_835' title='bbox 2546 5266 2833 5322; x_wconf 90' lang='lat' dir='ltr'><strong>nobiscum</strong></span> <span class='ocrx_word' id='word_1_836' title='bbox 2891 5283 2993 5338; x_wconf 92' lang='lat' dir='ltr'><strong>pro</strong></span> <span class='ocrx_word' id='word_1_837' title='bbox 3025 5269 3184 5325; x_wconf 88' lang='lat' dir='ltr'><strong>nobis</strong></span> <span class='ocrx_word' id='word_1_838' title='bbox 3234 5271 3558 5341; x_wconf 89' lang='lat' dir='ltr'><strong>injustitiam</strong></span> <span class='ocrx_word' id='word_1_839' title='bbox 3605 5274 3722 5342; x_wconf 84' lang='lat' dir='ltr'><strong>pati</strong></span> 
     </span>
    </p>
   </div>
   <div class='ocr_carea' id='block_1_116' title="bbox 2143 5356 3721 5435">
    <p class='ocr_par' dir='ltr' id='par_1_116' title="bbox 2143 5356 3721 5435">
     <span class='ocr_line' id='line_1_116' title="bbox 2143 5356 3721 5435; baseline 0.006 -24"><span class='ocrx_word' id='word_1_840' title='bbox 2143 5356 2407 5424; x_wconf 87' lang='lat' dir='ltr'><strong>creditur,</strong></span> <span class='ocrx_word' id='word_1_841' title='bbox 2452 5358 2754 5414; x_wconf 88' lang='lat' dir='ltr'><strong>secundum</strong></span> <span class='ocrx_word' id='word_1_842' title='bbox 2797 5359 2972 5431; x_wconf 84' lang='lat' dir='ltr'><strong>legem</strong></span> <span class='ocrx_word' id='word_1_843' title='bbox 3010 5361 3266 5418; x_wconf 87' lang='lat' dir='ltr'><strong>videlicet</strong></span> <span class='ocrx_word' id='word_1_844' title='bbox 3321 5367 3721 5435; x_wconf 79' lang='lat' dir='ltr'><strong>compassionis</strong></span> 
     </span>
    </p>
   </div>
   <div class='ocr_carea' id='block_1_117' title="bbox 2144 5448 3724 5524">
    <p class='ocr_par' dir='ltr' id='par_1_117' title="bbox 2144 5448 3724 5524">
     <span class='ocr_line' id='line_1_117' title="bbox 2144 5448 3724 5524; baseline 0.007 -24"><span class='ocrx_word' id='word_1_845' title='bbox 2144 5458 2367 5513; x_wconf 71' lang='lat' dir='ltr'><strong>nostrzc,</strong></span> <span class='ocrx_word' id='word_1_846' title='bbox 2398 5449 2452 5503; x_wconf 91' lang='lat' dir='ltr'><strong>in</strong></span> <span class='ocrx_word' id='word_1_847' title='bbox 2481 5448 2588 5504; x_wconf 82' lang='lat' dir='ltr'><strong>line</strong></span> <span class='ocrx_word' id='word_1_848' title='bbox 2620 5450 2920 5508; x_wconf 90' lang='lat' dir='ltr'><strong>sanctionis</strong></span> <span class='ocrx_word' id='word_1_849' title='bbox 2951 5452 3114 5523; x_wconf 86' lang='lat' dir='ltr'><strong>hujus</strong></span> <span class='ocrx_word' id='word_1_850' title='bbox 3148 5456 3374 5510; x_wconf 87' lang='lat' dir='ltr'><strong>arietem</strong></span> <span class='ocrx_word' id='word_1_851' title='bbox 3406 5455 3562 5524; x_wconf 90' lang='lat' dir='ltr'><strong>jubet</strong></span> <span class='ocrx_word' id='word_1_852' title='bbox 3613 5455 3724 5511; x_wconf 84' lang='lat' dir='ltr'><strong>im-</strong></span> 
     </span>
    </p>
   </div>
  </div>
