4076 6188
442 256 549 319 διεδ

1596 251 1679 313 ΙΝ
1704 251 2141 312 ΙᾸΞΥΙΤΙΕΗΜο
2178 278 2241 288 -
2276 252 2421 311 LIB.
2461 252 2541 313 Il.

3592 259 3696 327 846

439 366 767 423 maculatum
793 365 1059 423 sacerdoti
1087 364 1294 431 offerri,
1323 367 1415 436 qui
1468 375 1588 421 oret
1615 375 1671 420 et
1731 368 2013 422 remissio-
2042 375 2085 427 Α
2116 366 2223 437 pla,
2256 367 2458 436 quibus
2486 365 2569 419 uti
2596 364 2926 435 supplicanti
2950 365 3152 421 bonum
3179 366 3269 422 sit.
3301 365 3433 423 Hec
3459 370 3609 429 enim
3642 388 3695 429 tu

438 474 561 514 nem
602 459 867 514 obtineat.
924 457 1128 513 llorum
1171 467 1355 513 autem
1417 456 1694 515 sufficiens
1740 459 2014 528 expositio

435 559 536 612 est,
570 565 636 605 ex
665 549 751 604 his
787 566 909 619 qua:
945 550 999 603 in
1030 550 1244 605 delictis
1286 559 1598 605 sanctorum
1659 550 1801 606 dicta
1864 560 2012 605 sunt.

439 642 546 697 Sed
576 658 679 697 nos
700 642 768 696 ab
792 651 1023 711 utroque
1056 651 1299 709 peccato,
1350 642 1522 713 magis
1552 638 1734 696 alitem
1761 643 1829 696 ab
1864 641 2010 696 omni

440 732 824 803 resipiscentes
846 732 1222 787 custodiamus
1250 732 1635 801 nosmetipsos.
1668 733 1725 787 Si
1749 733 1897 787 enim
1929 732 2013 787 vel

439 824 492 879 in
521 840 633 879 uno
663 825 906 894 quolibet
933 839 1122 879 eorum
1150 825 1268 893 capi
1301 839 1424 888 nos,
1460 837 1554 879 aut
1589 825 1830 880 incidere
1877 840 2012 879 con-

439 915 643 986 tigerit,
680 916 945 971 habemus
975 914 1378 987 deprecationis
1403 923 1458 970 et
1495 916 1785 973 oblationis
1828 931 2012 971 exem-

2118 457 2289 528 Iigura
2314 458 2682 528 contingebant
2723 458 2830 512 illis
2871 474 2888 511 :
2932 458 3129 535 scripta
3182 467 3304 512 sunt
3368 470 3547 515 autem
3624 467 3696 520 ad

2119 559 2356 603 nostram
2387 549 2788 618 correptionem,
2829 548 2884 600 in
2916 564 3045 619 quos
3076 548 3205 621 ﬁnes
3247 550 3561 606 saeculorum
3601 554 3698 608 de-

2118 651 2366 696 venerunt
2397 643 2467 697 ³⁸.
2498 642 2559 696 in
2606 639 2829 696 Christo
2858 638 2991 694 .lesu
3045 640 3281 696 Domino
3325 654 3533 699 nostro.
3590 645 3699 716 Ipsi

2119 734 2287 805 gloria
2313 750 2438 789 cum
2466 732 2649 799 Patre,
2684 741 2741 788 et
2761 731 2969 802 Spiritu
2992 739 3205 798 sancto,
3237 747 3387 789 nunc
3416 742 3472 790 et
3499 735 3558 792 in
3596 750 3699 791 sa:-

2123 829 2244 883 cula
2279 827 2621 883 SiBCllIOl‘llm.
2660 825 2857 882 Amen.

455 1021 3652 1055 “ww—mm

1523 1210 1876 1299 LIBER
1954 1208 2603 1297 SECUNDUS.

807 1572 961 1636 CAP.
998 1578 1066 1633 Vl
1106 1576 1286 1633 PARS
1324 1576 1626 1633 ALTERA.

494 1667 668 1740 γωδ.
703 1670 854 1725 8-12.
890 1690 908 1723 ι
939 1670 1177 1724 Locutus
1212 1679 1299 1723 cst
1340 1668 1605 1722 Dominus
1636 1667 1702 1721 ad
1766 1666 2007 1738 Moysen,

2118 1575 2226 1630 Sed
2260 1574 2388 1645 quia
2418 1574 2793 1630 holocaustum
2822 1576 3097 1645 quomodo
3136 1574 3500 1644 particulatim
3554 1575 3696 1631 divi-

2116 1666 2295 1732 datur,
2340 1666 2616 1737 quomodo
2650 1664 2963 1721 effundatur
2994 1667 3115 1736 ejus
3145 1665 3387 1737 sanguis,
3421 1669 3696 1736 quomodo

433 1761 662 1817 dicens:
702 1761 944 1831 Praecipe
978 1761 1159 1816 Aaron
1202 1771 1259 1816 et
1298 1760 1421 1815 filiis
1460 1761 1600 1831 ejus.
1637 1759 1764 1814 llzec
1815 1769 1894 1815 est
1925 1759 2013 1813 lex
2047 1742 2088 1797 Β
2117 1758 2433 1830 imponatur
2457 1774 2621 1830 super
2652 1758 2844 1824 altare,
2903 1758 2959 1812 in
2990 1757 3149 1812 initio
3184 1757 3347 1827 hujus
3380 1757 3505 1813 libri
3535 1757 3697 1814 Levi-

435 1854 777 1909 holocausti:
823 1853 1161 1909 cremabitur
1191 1853 1246 1907 in
1291 1853 1451 1908 altari
1502 1860 1612 1907 tota
1642 1861 1804 1907 nocte
1843 1865 2013 1921 usque

432 1947 501 2001 ad
524 1962 683 2002 mane
711 1967 723 2001 :
756 1947 899 2017 ignis
923 1963 986 2002 ex
1021 1946 1214 2001 eodem
1244 1945 1398 2000 altari
1440 1945 1568 2001 erit.
1605 1943 1878 1999 Vestietur
1924 1958 2014 1998 sa—

432 2039 627 2094 cerdos
656 2040 863 2106 tunica,
895 2048 951 2094 et
976 2038 1324 2093 feminalibus
1346 2036 1508 2091 lineis
1538 2055 1550 2091 :
1583 2036 1842 2105 tolletquc
1866 2035 2015 2091 cine-

432 2146 523 2187 res
585 2147 724 2203 quos
794 2147 995 2187 vorans
1043 2131 1182 2203 ignis
1242 2129 1471 2192 exussit,
1532 2137 1589 2184 et
1636 2136 1803 2199 ponet
1860 2128 2013 2197 juxta

433 2223 630 2279 altare.
707 2222 1042 2293 Spoliabitur
1119 2222 1391 2294 prioribus
1433 2220 1791 2286 vestimentis,
1851 2220 2012 2275 indu-

434 2322 631 2385 tusque
672 2315 812 2378 aliis,
852 2314 1044 2370 efferet
1088 2329 1183 2369 eos
1213 2322 1366 2369 extra
1422 2321 1618 2377 castra,
1679 2321 1732 2367 et
1777 2311 1831 2365 in
1892 2311 2012 2367 loco

434 2402 815 2470 mundissimo,
871 2418 1043 2471 usque
1101 2404 1169 2458 ad
1217 2403 1455 2458 favillam
1513 2403 1763 2458 consumi
1825 2402 2007 2459 faciet.

435 2493 583 2566 Ignis
604 2502 790 2549 autem
811 2494 867 2548 in
898 2494 1054 2548 altari
1076 2509 1294 2564 semper
1319 2493 1553 2557 ardebit,
1587 2509 1750 2564 quem
1804 2495 2011 2549 nutriet

434 2588 692 2644 sacerdos
739 2586 1038 2657 subjiciens
1068 2585 1212 2655 ligna
1250 2600 1410 2639 mane
1436 2599 1531 2654 per
1582 2583 1821 2656 singulos
1868 2584 2008 2652 dies,

432 2686 486 2733 et
513 2676 771 2747 imposito
803 2678 1145 2742 holocausta,
1175 2676 1413 2746 desuper
1437 2675 1679 2730 adolebit
1710 2676 1897 2745 adipes
1919 2692 2009 2746 pa-

430 2770 731 2825 citicorum.
776 2768 918 2839 Ignis
968 2776 1053 2823 est
1101 2766 1206 2821 iste
1257 2775 1572 2837 perpetuus,
1601 2765 1692 2836 qui
1726 2781 2006 2837 nunquam

430 2861 649 2917 deficiet
672 2862 725 2915 in
763 2861 943 2916 altari.
978 2878 997 2911 ι

501 2952 636 3020 Quia
694 2952 1016 3024 legislatoris
1072 2950 1296 3007 modum
1352 2950 1682 3005 sufficienter
1747 2951 1801 3005 in
1867 2966 2007 3020 prae.

431 3045 756 3100 cedentibus
806 3044 1166 3108 ostendimus,
1221 3052 1277 3098 et
1334 3042 1692 3113 expositionis
1747 3042 2003 3115 legalium

2115 1852 2206 1907 tici
2239 1850 2515 1921 legislator
2553 1848 2828 1918 exposuit,
2863 1864 3008 1902 nunc
3037 1856 3225 1918 utpote
3243 1849 3348 1903 illis
3365 1848 3698 1907 suliicienter

2113 1944 2295 2010 dictis,
2332 1944 2399 1998 de
2432 1943 2548 1998 solo
2580 1941 2715 1997 dicit
2762 1941 3221 1996 holocaut‘omate.
3280 1942 3696 2013 Consequenter

2113 2052 2243 2109 ergo
2272 2037 2516 2092 subdidit
2550 2058 2563 2092 :

2183 2131 2326 2202 Ignis
2353 2130 2408 2183 in
2439 2128 2611 2184 altare
2634 2145 2841 2199 semper
2863 2128 3087 2192 ardebit,
3119 2143 3273 2199 quem
3301 2128 3495 2181 nutriet
3519 2143 3696 2182 sacer-

2111 2223 2223 2276 dos.
2260 2221 2486 2290 Oportet
2514 2220 2717 2291 quippe
2741 2235 2868 2274 eum
2916 2218 3011 2289 qui
3046 2219 3447 2284 holocaustum,
3510 2217 3562 2272 id
3608 2226 3695 2275 est

2110 2313 2366 2385 perfectas
2395 2311 2676 2382 sapientiae
2708 2312 3082 2382 operationem
3117 2310 3301 2374 debet,
3353 2324 3570 2379 semper
3597 2322 3694 2364 ac-

2110 2405 2345 2460 cendere
2403 2406 2582 2475 ignem
2616 2404 2790 2460 sancti
2821 2402 3078 2473 Spiritus,
3107 2411 3159 2458 et
3200 2417 3310 2457 non
3374 2402 3555 2457 sinere
3602 2416 3694 2457 ex-

2110 2496 2329 2564 stingui.
2372 2495 2746 2566 Exstinguitur
2771 2504 2954 2550 autem
2989 2510 3179 2549 eorum
3219 2494 3419 2564 quibus
3458 2494 3692 2550 donatus

2100 2600 2193 2645 est
2225 2589 2832 2659 negligentia;prop’er
2868 2586 3012 2656 quod
3046 2594 3102 2642 et
3136 2586 3336 2640 Paulus
3358 2586 3431 2641 ait
3467 2604 3481 2641 :
3515 2585 3689 2656 Spiri-

2110 2692 2220 2736 tum
2246 2669 2406 2736 nolite
2434 2682 2765 2751 exstinguere
2796 2679 2863 2743 “,
2902 2679 3053 2733 velut
3099 2679 3154 2733 in
3189 2688 3375 2733 nostra
3416 2685 3690 2749 potestate

2108 2772 2180 2827 sit
2208 2772 2445 2842 positum
2476 2771 2826 2840 exstinguere
2857 2770 3031 2835 illum,
3059 2768 3175 2824 sive
3203 2768 3526 2823 accendere.
3550 2768 3691 2824 Tata

2106 2873 2286 2919 autem
2317 2871 2479 2918 nocte
2511 2861 2729 2917 incendi
2768 2860 2948 2932 ignem
2978 2861 3162 2931 jussit,
3205 2876 3313 2914 non
3335 2860 3480 2930 quod
3512 2860 3567 2914 in
3596 2859 3689 2915 die

2105 2970 2214 3010 non
2248 2954 2651 3019 incenderetur,
2683 2953 2779 3008 sed
2816 2952 3088 3023 quomodo
3119 2951 3359 3007 secundo
3392 2950 3547 3007 ﬁeret
3572 2951 3691 3007 die-

2105 3047 2209 3101 bus
2236 3046 2461 3117 singulis
2492 3045 2870 3100 holocaustum
2921 3061 2935 3097 :

430 3136 725 3194 verborum
750 3135 1166 3190 fundamentum
1201 3134 1439 3205 positum
1498 3140 1602 3199 est,
1660 3140 1811 3187 extra
1859 3132 2001 3202 quod

2108 3149 2228 3194 erat
2258 3139 2400 3209 ignis
2434 3138 2682 3200 diurnas,
2721 3146 3050 3192 nocturnum
3099 3137 3324 3192 addidit.
3362 3136 3500 3202 Quia
3557 3151 3688 3206 ergo

428 3226 578 3285 aliud
635 3243 798 3284 nemo
839 3226 1220 3283 aediﬁcantium
1286 3225 1344 3281 in
1416 3224 1613 3295 spiritu
1668 3238 1872 3295 ponere
1904 3239 2004 3294 po-

429 3328 538 3375 test
569 3336 583 3374 :
614 3318 864 3374 Christus
902 3318 1047 3373 enim
1092 3326 1196 3381 est,
1220 3317 1312 3387 qui
1346 3316 1507 3371 nobis
1546 3316 1685 3370 sicut
1730 3314 2006 3385 angularis

428 3410 640 3466 aedilicii
679 3410 817 3481 lapis
847 3426 946 3480 per
995 3418 1162 3464 totam
1214 3409 1346 3480 legis
1395 3407 1791 3477 expositionem
1828 3406 2001 3475 jacet;

429 3501 549 3571 ejus
584 3516 711 3572 ergo
754 3501 926 3572 gratia
981 3508 1036 3554 et
1091 3499 1361 3565 doctrina,
1411 3498 1538 3568 quia
1581 3507 1637 3552 et
1673 3496 2004 3551 architectus

428 3602 534 3657 est,
559 3608 771 3658 aurum,
801 3601 1105 3663 argentum,
1150 3590 1357 3661 lapides
1398 3589 1662 3660 pretiosos
1706 3587 2005 3660 supersedi-

429 3684 673 3739 ficemus.

501 3775 727 3830 Locutus
748 3782 821 3828 est
849 3773 1105 3827 Dominus
1127 3774 1198 3827 ad
1233 3772 1463 3843 Moysen,
1510 3773 1726 3826 dicens:
1770 3769 2004 3839 Prwcipe

425 3868 605 3922 Aaron
640 3875 688 3921 et
709 3866 833 3937 ﬁliis
864 3865 998 3937 ejus.
1024 3863 1155 3919 Haec
1194 3873 1267 3919 est
1319 3863 1401 3918 (ea:
1435 3861 1744 3917 Itolocausti.
1793 3862 1893 3917 llic
1935 3861 2003 3917 de

422 3959 540 4031 jugi
573 3959 841 4014 sacriﬁcio
880 3959 969 4012 lex
1022 3958 1279 4025 loquitur,
1311 3955 1455 4026 quod
1480 3953 1721 4026 quotidie
1767 3955 1821 4009 in
1861 3954 2000 4009 libro

424 4051 594 4107 Exodi
620 4050 813 4107 ollcrre
836 4048 1093 4120 prwcepit
1114 4046 1447 4114 sacerdotes;
1475 4047 1552 4101 ait
1573 4046 1718 4101 enim
1750 4046 1859 4101 sic:
1885 4043 2001 4101 Hoc

424 4144 658 4215 estquod
683 4144 847 4214 [acies
890 4144 945 4195 in
974 4142 1137 4195 altari
1170 4157 1188 4195 :
1229 4156 1390 4211 agnos
1428 4138 1700 4192 anniculos
1743 4138 1874 4192 duos
1903 4154 1998 4207 per

420 4238 655 4308 singulos
707 4237 820 4291 dies
859 4235 1068 4306 jugiter
1090 4234 1174 4300 ⁸¹;
1219 4242 1272 4288 et
1311 4232 1474 4303 paulo
1538 4239 1680 4301 post.
1725 4230 1999 4285 Oblatione

418 4336 670 4398 perpetua
722 4328 778 4380 in
817 4325 1177 4396 generationes
1223 4332 1421 4376 vestras
1444 4310 1509 4377 "1
1572 4319 1711 4375 Dicit
1766 4329 1992 4376 autem:

420 4420 606 4475 Facies
638 4419 1019 4482 holocaustum,
1056 4432 1219 4470 unum
1267 4430 1461 4485 agnum
1520 4430 1696 4479 mane,
1745 4424 1793 4468 et
1824 4412 1991 4467 alium

420 4512 585 4583 facies
639 4525 845 4580 vespere
870 4509 937 4561 ’³.
978 4509 1081 4563 Per
1118 4508 1233 4562 haec
1275 4522 1403 4578 ergo
1437 4506 1808 4577 intelligimus,
1866 4506 1990 4576 quia

423 4598 480 4652 in
507 4611 690 4651 eorum
716 4596 933 4665 quidem
954 4596 1045 4665 qui
1070 4602 1198 4649 sunt
1217 4595 1284 4650 de
1314 4596 1490 4666 plebe,
1510 4595 1785 4650 voluntate
1804 4597 1992 4651 datum

421 4700 526 4752 est,
547 4688 591 4743 si
622 4688 811 4743 volunt
831 4689 1028 4744 otl‘erre
1061 4684 1460 4754 holocaustum,
1488 4698 1710 4760 propter
1730 4688 1874 4760 quod
1900 4704 1991 4744 sa-

419 4779 685 4835 crificium
745 4780 877 4835 illud
924 4795 1125 4836 munus
1189 4796 1400 4847 eorum,
1454 4789 1645 4852 utpote
1692 4788 1992 4851 spontanea

415 4871 637 4940 oblatio,
657 4872 992 4927 nominatur.
1013 4872 1203 4943 Neque
1230 4873 1375 4928 enim
1404 4874 1583 4928 omnis
1610 4873 1775 4927 homo
1802 4871 1988 4944 perfe-

415 4963 717 5019 ctissimam
751 4964 921 5035 exigit
966 4963 1308 5034 sapientiam,
1351 4963 1607 5019 sacerdos
1642 4971 1821 5017 tamen
1866 4977 1988 5017 om-

413 5056 640 5113 nimodo
677 5056 840 5112 debet
892 5056 1135 5130 perfecte
1192 5070 1401 5127 sapere.
1459 5055 1790 5125 Perpetuam
1839 5055 1985 5111 enim

418 5147 771 5213 sacrificium,
811 5148 865 5203 id
926 5155 1010 5203 est
1067 5147 1392 5203 continuum
1448 5146 1851 5210 holocaustum,
1902 5162 1990 5203 se-

415 5237 598 5293 cundo
628 5237 685 5293 in
718 5238 808 5294 die
836 5251 1000 5293 mane
1055 5247 1111 5292 et
1141 5250 1365 5306 vespere
1393 5236 1593 5291 offerre
1650 5235 1987 5306 praecipitur,

417 5339 530 5386 uta
571 5328 814 5400 perfecta
846 5328 1113 5401 sapientia
1152 5327 1440 5398 incipiens,
1482 5326 1538 5382 in
1564 5326 1754 5381 eadem
1813 5325 1985 5393 finiat,

414 5432 468 5477 et
511 5429 681 5480 totam
722 5436 875 5477 suam
929 5420 1098 5477 vitam
1138 5427 1429 5490 componat
1464 5418 1531 5474 ad
1572 5417 1985 5490 perfectionem.

483 5628 530 5660 ’°
563 5627 581 5682 I
612 5627 740 5684 Cor.
769 5644 823 5690 ι,
872 5627 956 5681 Il.

412 5696 619 5753 "I’sal.
642 5712 827 5762 cxvnt,
855 5696 979 5751 liti.
1058 5695 1105 5730 "
1149 5694 1352 5766 Ephes.
1380 5708 1454 5759 vi,
1480 5692 1565 5748 ιι.

1034 5626 1077 5657 ’⁸
1130 5623 1303 5679 Exod.
1351 5625 1503 5682 xxiii.
1548 5624 1639 5679 38.
1713 5624 1757 5655 ’⁸
1784 5623 1914 5680 ibid.
1945 5624 2031 5679 i'l.

2108 3248 2216 3286 nox
2244 3231 2415 3302 caligo
2454 3240 2538 3285 est
2570 3230 2694 3286 vita:
2722 3229 2909 3300 hujus,
2936 3229 2986 3285 id
3037 3239 3144 3295 est,
3190 3245 3253 3284 ea
3310 3245 3431 3299 quae
3485 3229 3689 3285 multo:

2107 3322 2317 3377 obtinet
2351 3320 2678 3392 ignorantia,
2741 3320 2810 3375 de
2851 3336 2953 3390 qua
2998 3320 3199 3375 Paulus
3249 3320 3469 3375 dicebat
3515 3338 3528 3373 ε
3570 3319 3689 3375 Nos

2104 3415 2387 3483 prwcessit,
2425 3413 2534 3467 dies
2560 3421 2737 3467 autem
2772 3412 3218 3483 appropinquabit
3243 3413 3312 3476 ",
3346 3427 3448 3468 nos
3477 3427 3686 3483 praece-

2106 3506 2187 3576 pit
2207 3505 2299 3576 qui
2328 3506 2704 3561 holocaustum
2729 3503 2822 3558 Dei
2850 3503 2976 3559 facti
3009 3519 3219 3567 sumus,
3244 3504 3406 3559 etiam
3442 3506 3498 3560 in
3525 3514 3687 3561 nocte

2105 3595 2404 3651 accendere
2437 3595 2639 3665 ignem,
2669 3602 2729 3648 ut
2761 3609 2886 3648 cum
2917 3594 3006 3649 alii
3070 3595 3244 3665 legem
3278 3596 3686 3666 transgredian-

2105 3696 2213 3752 tur,
2244 3695 2299 3742 et
2333 3687 2534 3741 terreni
2567 3685 2697 3754 sint,
2742 3702 2844 3741 nos
2879 3686 3051 3741 simus
3081 3685 3413 3755 spirituales,
3458 3686 3685 3741 remini-

2104 3786 2318 3832 scentes
2350 3776 2515 3833 David
2547 3777 2823 3836 dicentem
2857 3796 2870 3832 ε
2910 3777 3132 3846 Tempus
3156 3777 3409 3847 faciendi,
3435 3772 3680 3843 Domine,

2101 3868 2485 3938 dissipaverunt
2534 3870 2701 3934 iniqui
2741 3868 2906 3941 legem
2964 3870 3208 3934 tuam“;
3264 3869 3481 3938 quando
3535 3869 3680 3925 enim

2099 3958 2189 4012 alii
2224 3960 2699 4029 transgrediuntur
2728 3960 2923 4031 legem,
2955 3974 3057 4013 nus
3092 3967 3310 4030 oportet
3341 3959 3576 4015 maxime
3611 3960 3680 4017 ad

2099 4050 2462 4106 obedientiam
2490 4052 2623 4123 legis
2649 4052 2875 4123 subrigi.
2910 4050 3161 4107 Subdidit
3182 4062 3363 4107 autem
3402 4069 3416 4106 :

2178 4142 2429 4197 l’estietur
2482 4146 2727 4198 sacerdos
2778 4144 2957 4197 tunica
3019 4154 3067 4198 et
3121 4142 3456 4217 feminalibus
3504 4144 3675 4199 lineis.

2100 4234 2366 4292 Sacerdos
2395 4237 2485 4291 hic
2530 4238 2624 4308 qui
2661 4234 3039 4292 holocaustum
3070 4234 3248 4300 offert,
3303 4236 3677 4306 unusquisque

2096 4327 2338 4398 perfecte
2358 4328 2932 4400 sapiensintelligitur,
2950 4326 3075 4398 quia
3111 4326 3478 4382 sacerdotium
3506 4325 3679 4397 perfec

2096 4417 2294 4473 ctionis
2325 4418 2634 4489 exemplum
2665 4426 2767 4484 est,
2816 4426 3042 4488 propter
3101 4416 3247 4484 quod
3286 4427 3340 4471 et
3369 4405 3547 4487 regale
3586 4430 3676 4472 sa-

2095 4508 2397 4565 cerdotium
2427 4510 2659 4580 populus
2703 4508 2878 4564 fidelis
2917 4507 3241 4578 appellatur,
3273 4516 3462 4578 utpote
3500 4506 3676 4580 legem

2095 4600 2395 4670 perfectam
2427 4600 2708 4674 Evangelii
2751 4600 3075 4670 suscipiens.
3115 4597 3219 4665 Qui
3247 4614 3377 4671 ergo
3424 4598 3538 4653 vult
3590 4597 3677 4654 of-

2095 4694 2239 4751 ferre
2280 4694 2680 4759 holocaustum,
2710 4693 2919 4757 tunica,
2950 4691 3005 4748 id
3039 4700 3125 4746 est
3149 4690 3384 4763 justitia,
3417 4696 3473 4744 et
3508 4686 3673 4743 femi.

2094 4785 2332 4848 nalibus,
2381 4784 2435 4839 id
2494 4794 2581 4841 est
2650 4784 2900 4840 castitate
2956 4782 3236 4837 induatur.
3270 4779 3375 4835 Sed
3404 4777 3531 4848 quia
3573 4789 3675 4844 per

2094 4877 2370 4933 feminalia
2437 4877 2746 4933 castitatem
2810 4882 3029 4946 oportet
3087 4870 3351 4941 intelligi,
3426 4865 3670 4922 membra

2094 4969 2380 5041 probant,
2432 4983 2665 5039 quorum
2726 4968 2848 5040 ipsa
2912 4966 3276 5037 tegimentum
3331 4966 3463 5013 sunt
3510 4957 3672 5012 femi.

2095 5060 2263 5124 nalia.
3610 5056 3617 5065 ‘

2165 5151 2428 5207 Tunicam
2462 5162 2644 5208 autem
2669 5151 2936 5224 justitiam
2966 5148 3223 5212 diximus,
3259 5142 3388 5215 quia
3438 5138 3665 5213 perfecti

2094 5244 2359 5315 cujusque
2388 5244 2625 5300 maxime
2671 5243 2883 5316 justitia
2938 5240 3110 5298 vestis
3147 5247 3251 5300 est,
3295 5236 3439 5292 unde
3472 5233 3673 5297 Paulus

2095 5334 2274 5394 dixit:
2328 5330 2476 5389 State
2511 5335 2766 5391 succincti
2816 5333 3016 5388 lumbos
3080 5338 3275 5385 uestros
3319 5327 3375 5382 in
3427 5326 3671 5393 ueritate,

2096 5425 2266 5480 induti
2313 5425 2477 5480 lorica
2517 5424 2747 5495 justitite
2772 5423 2839 5477 ’⁷.
2882 5422 2958 5479 De
3023 5420 3137 5476 lino
3190 5425 3375 5475 autem
3435 5422 3492 5472 et
3525 5412 3677 5480 tuuis,

2094 5625 2139 5656 ’³
2170 5623 2307 5679 ibid.
2345 5623 2436 5679 39.
2510 5623 2560 5667 ﬁ‘
2605 5624 2623 5680 I
2666 5623 2863 5680 Thess.
2892 5642 2947 5693 v,
2983 5624 3066 5687 l9.
3103 5644 3109 5650 ’
3141 5625 3188 5659 ³⁸
3217 5623 3376 5680 Rom.
3420 5633 3545 5686 xm,
3581 5615 3666 5678 12.

2993 3060 3120 3098 nam
3177 3043 3304 3114 quia
3367 3042 3690 3100 manifestus
3785 3077 3787 3080 ‹
