4076 6188
405 245 505 308 8ίἾ

1585 243 1942 304 IlESYCIIll
1983 247 2444 332 PRESBYTER]

3558 245 3662 310 Eis

405 375 524 412 eam
555 363 609 411 et
642 353 916 410 femiualia
940 353 1054 411 vult
1091 369 1231 418 esse,
1271 368 1378 406 non
1415 369 1476 408 ex
1511 353 1651 418 lana,
1678 356 1804 426 quia
1840 357 1978 411 linea
2014 370 2049 420 Α
2077 357 2200 414 Non
2236 362 2411 416 solum
2445 361 2590 416 enim
2624 360 2782 416 nobis
2811 361 2865 415 in
2899 361 3006 426 die,
3037 359 3129 415 sed
3161 370 3218 415 et
3273 366 3454 419 nocte.
3501 359 3554 414 id
3585 371 3668 416 est

405 447 576 503 vestis
627 447 848 510 habilis,
907 447 1232 514 molliusque
1279 447 1564 500 adhzvreus
1617 458 1702 501 est
1743 449 1981 518 corpori,

407 555 599 610 aspera
629 549 810 594 autem
864 555 926 591 ca
958 552 1078 606 quae
1113 553 1180 590 ex
1217 537 1339 590 lana
1379 546 1481 591 est.
1534 537 1612 592 Ex
1673 554 1781 608 quo
1825 539 1987 594 docet

408 631 536 702 quia
572 631 806 685 humiles
835 629 1171 697 multumque
1204 629 1548 684 coluercutes
1593 641 1723 685 sunt
1769 631 1984 695 animae,

403 723 615 794 justitia
653 721 984 785 etcastitas;
1011 721 1401 788 simulqnehoc
1433 721 1612 786 docet,
1646 723 1769 792 quia
1791 738 1988 792 quem-

409 813 700 868 admodum
766 811 937 864 linum
982 810 1139 864 facile
1195 811 1391 880 cuique
1425 813 1492 866 ad
1543 813 1874 874 habendum,
1909 813 1988 868 sic

409 905 637 959 virtutes
665 902 971 958 volentibus
993 917 1086 956 eas
1117 904 1375 971 consequi
1407 902 1591 958 faciles
1619 913 1848 958 sunt:et
1869 919 1989 973 qua:

409 995 518 1050 cito
549 993 796 1062 conquiri
825 1001 1072 1064 possunt.
1099 993 1194 1046 llis
1223 1003 1404 1048 autem
1431 993 1702 1058 indutum,
1727 995 1882 1064 jubet
1903 993 1986 1048 of-

413 1087 556 1142 ferre
589 1087 804 1140 cineres
841 1083 1144 1138 holocausti
1190 1100 1328 1154 quos
1353 1085 1491 1155 ignis
1523 1086 1858 1154 consumpsit
1921 1087 1989 1140 de

410 1179 588 1234 altari.
623 1177 762 1243 Quid
799 1191 894 1246 per
919 1175 1034 1229 hrcc
1060 1176 1282 1232 docens.
1310 1176 1412 1230 nisi
1445 1185 1502 1230 ut
1531 1177 1989 1245 quemadmodum

413 1270 588 1326 hostia
610 1267 941 1329 aufertur,i.l
972 1277 1055 1320 est
1085 1266 1408 1319 saeriiieinm
1436 1267 1577 1335 quod
1598 1277 1876 1336 perat-tum
1908 1275 1991 1321 est

411 1362 888 1423 holocautomatis,
940 1367 997 1412 ut
1031 1357 1173 1412 aliud
1201 1358 1398 1412 iterum
1458 1357 1634 1416 simile
1704 1359 1986 1422 offeratur,

412 1454 488 1508 ita
519 1463 573 1509 et
593 1469 695 1508 nos
727 1453 1023 1516 faciamus;
1061 1451 1292 1504 virtutes
1338 1451 1540 1520 quippe
1595 1466 1732 1521 quas
1789 1467 1990 1520 coope-

413 1555 572 1601 rante
596 1544 802 1615 Spiritu
829 1543 1089 1614 gerimus,
1119 1541 1392 1612 sigillatim
1453 1541 1717 1596 debemus
1765 1557 1988 1611 ponere,

416 1646 478 1692 ut
507 1637 640 1692 alias
675 1651 865 1690 rursus
895 1649 1183 1705 operemur
1219 1651 1232 1686 :
1283 1641 1476 1688 etnon
1516 1643 1726 1688 tantum
1784 1649 1992 1703 praece-

2089 467 2198 504 uon
2227 453 2400 506 Solum
2426 453 2482 508 in
2517 462 2760 523 tempore
2792 453 3123 515 sobrietatis,
3156 453 3252 507 sed
3305 461 3360 506 et
3411 452 3668 524 intelligi-

2088 539 2180 594 bili
2209 549 2389 605 nocte,
2419 543 2488 598 de
2517 560 2622 613 qua
2663 543 2862 597 l"anlus
2909 545 3123 598 dicebat
3172 564 3185 598 :
3229 543 3344 597 Non
3384 561 3506 614 ergo
3541 545 3668 604 (lor,-

2090 633 2317 688 miumus
2346 639 2548 689 sicutct
2578 637 2756 690 αττεγὶ
2782 652 2882 688 non
2903 635 3146 688 [iubentes
3168 652 3330 704 spem,
3355 637 3444 688 scd
3485 635 3668 704 vigile-

2089 739 2204 777 mus
2234 735 2280 778 et
2309 726 2468 779 sobrii
2497 728 2659 780 simus
2695 745 2708 779 :
2743 727 2833 795 qui
2876 727 3009 778 enim
3053 726 3335 788 dormiunt,
3368 736 3514 777 nocte
3541 728 3668 777 dor.

2091 815 2259 868 miunt
2289 832 2307 870 :
2354 825 2402 869 ει
2435 818 2524 887 qui
2573 818 2702 870 ebrii.
2737 826 2878 878 sunt,
2913 826 3060 869 nocte
3098 816 3231 868 ebrii
3273 825 3394 869 sunt
3427 818 3491 870 τέ’.
3527 816 3670 884 Ignis

2089 907 2319 962 suﬁiciat
2344 908 2868 962 subministrationis
2901 907 3146 976 spiritus,
3181 907 3234 960 in
3273 923 3381 976 quo
3423 908 3666 962 ordinari

2090 1008 2301 1068 oportet
2347 999 2742 1067 iutclligibilem
2781 997 3036 1063 hostiam,
3073 1005 3128 1050 ct
3156 997 3368 1066 adipem
3415 998 3670 1066 pacifico-

2091 1104 2232 1155 rum,
2251 1104 2411 1156 quem
2433 1087 2572 1142 LXX
2593 1087 2832 1141 salutare
2850 1087 3156 1141 ediderunt.
3177 1086 3310 1151 Quia
3334 1102 3430 1156 per
3449 1088 3665 1156 adipem

2091 1181 2421 1234 desiderium
2457 1178 2747 1248 signiﬁcari
2779 1177 2834 1231 in
2857 1178 3224 1248 paciﬁcorum,
3251 1193 3346 1230 seu
3370 1177 3423 1230 in
3445 1177 3667 1232 salutari

2091 1271 2358 1325 SaCI‘iﬁt'iO
2391 1271 2646 1331 diximus,
2677 1279 2734 1324 ut
2766 1269 3096 1324 desiderium
3135 1268 3448 1322 salvationis
3477 1270 3670 1322 Μῖνι-ιιι

2091 1376 2186 1414 seu
2216 1361 2499 1422 devoveat,
2551 1362 2643 1428 qui
2683 1359 2896 1428 spiritui
2951 1368 3100 1414 totus
3146 1358 3322 1412 factus
3379 1359 3668 1428 spiritalis,

2090 1452 2226 1506 nihil
2266 1451 2543 1505 materiale
2580 1451 2807 1514 habens,
2840 1450 2977 1504 nihil
3025 1451 3286 1504 miserum
3327 1465 3506 1518 neque
3559 1459 3670 1504 ter-
3709 1451 3724 1465 ‘

2094 1557 2308 1604 renum,
2333 1557 2395 1596 ac
2423 1541 2569 1611 quod
2602 1557 2704 1596 uos
2733 1541 3008 1612 legislator
3033 1557 3236 1596 vocans
3285 1563 3296 1597 :
3345 1541 3514 1612 Ignis,
3565 1544 3666 1607 ait,

2093 1642 2176 1687 est
2205 1634 2298 1686 iste
2329 1643 2621 1703 perpetuus,
2653 1635 2742 1702 qui
2769 1649 3034 1704 nunquam
3067 1633 3264 1702 deﬁciet
3304 1635 3366 1686 de
3397 1633 3581 1689 altari.
3600 1663 3671 1675 —

414 1729 668 1786 dentibus
704 1727 944 1800 contenti
979 1727 1166 1791 simus,
1193 1726 1289 1781 sed
1323 1735 1377 1779 et
1431 1725 1564 1778 alias
1611 1725 1986 1794 adjuugamus,
2020 1727 2064 1784 Β
2093 1721 2322 1791 Spiritus
2344 1723 2490 1778 cuitu
2549 1734 2621 1778 est
2651 1723 2810 1790 Deus,
2837 1733 2886 1778 et
2903 1727 2992 1795 qui
3023 1725 3249 1778 adorant
3277 1741 3413 1789 eum,
3447 1727 3504 1777 in
3556 1725 3660 1793 spi-

413 1819 868 1892 quemadmodum
920 1819 965 1872 is
993 1817 1082 1888 qui
1108 1817 1276 1871 currit
1308 1816 1623 1885 relinquens
1655 1824 1984 1878 transcursa,

415 1911 483 1966 ad
519 1911 726 1979 reliqua
751 1907 1015 1964 curreuda
1051 1904 1368 1961 contendit:
1403 1905 1530 1974 quia
1557 1903 1807 1959 videlicet
1834 1904 1990 1957 aliter

362 2013 374 2027 '
415 2003 480 2056 ad
506 1999 750 2056 bravium
789 2013 900 2052 non
959 1996 1160 2068 poterit
1211 1995 1517 2066 pervenire.
1574 1993 1802 2064 Propter
1845 1993 1990 2063 quod

417 2107 541 2146 cum
587 2087 788 2144 auferri
831 2087 897 2142 de
954 2084 1108 2140 altari
1159 2085 1510 2156 prazcepisset
1551 2093 1993 2140 consummatum

416 2183 539 2256 igne
562 2181 964 2245 holocaustum,
994 2179 1119 2250 poni
1148 2179 1451 2248 illudjuxta
1500 2177 1670 2232 altare
1689 2176 1949 2248 praecepit
1973 2195 1988 2232 :

408 2288 538 2329 csse
593 2285 774 2328 autem
808 2271 1084 2327 Christum
1136 2269 1588 2325 holocautomatis
1638 2269 1807 2324 altare
1851 2268 1991 2323 dixi-

415 2381 554 2420 mus.
587 2363 909 2418 Anl‘eramus
943 2376 1072 2432 ergo
1097 2362 1145 2416 ei
1190 2361 1318 2416 olim
1367 2375 1534 2432 opere
1587 2368 1996 2415 consummatus

415 2459 666 2523 virtutes,
699 2455 917 2526 quando
965 2454 1228 2510 habemus
1260 2465 1503 2523 tempora
1553 2453 1656 2507 has
1710 2451 1992 2522 operaudi,

416 2549 570 2619 quasi
601 2564 710 2604 non
744 2547 903 2602 nobis
927 2546 1158 2616 imputet
1183 2545 1552 2615 prtecedentes
1578 2543 1992 2614 negligentibus,

416 2639 462 2694 si
490 2653 601 2692 non
633 2653 795 2706 super
824 2651 916 2690 eas
954 2636 1087 2690 alias
1106 2633 1523 2690 constituamus.
1565 2633 1766 2688 Probat
1816 2642 1995 2688 autem

419 2731 538 2785 hate
563 2729 815 2784 Ezechiel
839 2743 963 2782 cum
999 2726 1174 2781 dicit:
1207 2725 1266 2781 Si
1308 2727 1492 2779 dixero
1526 2725 1672 2794 justo
1714 2725 1852 2794 quod
1890 2727 1996 2778 vita

415 2821 577 2885 vivat,
600 2829 647 2874 et
665 2818 884 2888 conﬁsus
901 2818 954 2871 in
969 2817 1182 2887 justitia
1205 2833 1302 2871 sua
1315 2817 1493 2888 fecerit
1515 2817 1867 2888 iniquitatem,
1885 2833 1998 2870 om-

418 2909 866 2984 nes‘justititecjus
883 2909 1126 2963 oblivioni
1149 2911 1446 2972 tradentur,
1461 2917 1507 2963 et
1530 2911 1582 2962 in
1605 2911 1885 2979 iniquitate
1901 2928 1995 2965 sua

419 3019 578 3074 quam
598 3013 844 3071 operatus
867 3010 960 3067 est,
989 3001 1042 3054 in
1064 3001 1178 3069 ipsa
1203 3002 1453 3054 morietur
1476 3001 1544 3056 ³⁸.
1565 3001 1800 3071 Imputat
1817 3013 1995 3057 autem

2095 1811 2199 1862 ritu
2235 1819 2284 1864 et
2308 1812 2523 1865 veritate
2542 1821 2738 1881 oportet
2779 1813 3008 1867 adorare
3030 1815 3116 1866 ἐτ’.
3147 1813 3298 1868 Unde
3325 1823 3380 1868 et
3414 1814 3666 1884 intelligi-

2093 1900 2203 1955 bile
2229 1901 2419 1966 altare,
2443 1903 2587 1972 quod
2613 1912 2694 1958 est
2711 1904 2912 1958 Christi
2931 1919 3151 1976 corpus,
3174 1905 3671 1976 iuexstinguibilem

2097 1991 2259 2048 habet
2289 1993 2466 2064 ignem
2497 1995 3013 2052 subministratiouis
3042 1997 3284 2066 spiritus.

2169 2081 2332 2138 Vens.
2361 2085 2545 2140 M-iS.
2571 2083 2603 2137 ἰ
2639 2086 2764 2140 ilzec
2793 2095 2873 2142 est
2913 2087 2999 2141 lex
3023 2089 3271 2142 sacriﬁcii
3297 2099 3354 2144 et
3401 2089 3672 2144 libamen-

2097 2178 2442 2240 tornm,qu:e
2473 2171 2707 2228 offerent
2735 2173 2829 2228 ﬁlii
2853 2176 3033 2230 Aaron
3082 2192 3266 2232 coram
3322 2177 3571 2245 Domino,
3615 2187 3674 2234 et

2099 2279 2280 2318 coram
2311 2265 2486 2320 altari.
2525 2263 2700 2320 Tollet
2725 2268 2978 2322 sacerdos
3023 2267 3281 2336 pugillum
3312 2268 3520 2334 similia,
3550 2285 3676 2339 quae

2099 2370 2393 2424 conspersa
2413 2367 2496 2411 est
2524 2357 2666 2422 oleo,
2685 2367 2739 2412 et
2769 2367 2942 2412 totum
2970 2360 3097 2414 thus
3115 2361 3261 2428 quod
3319 2377 3485 2432 super
3510 2363 3670 2418 simi-

2101 2447 2206 2508 lam
2229 2447 2464 2516 positum
2485 2457 2589 2514 est,
2621 2449 2968 2520 adolebitque
3019 2451 3150 2506 illud
3181 2453 3233 2506 in
3256 2453 3410 2508 altari
3435 2455 3487 2508 in
3507 2455 3681 2510 moni-

2101 2547 2346 2592 meulmn
2373 2539 2556 2592 odoris
2591 2541 2900 2594 suavissimi
2939 2541 3169 2596 Domino
3206 2561 3220 2596 :
3265 2543 3528 2613 reliquam
3579 2561 3679 2599 au-

2103 2637 2212 2682 tem
2247 2637 2456 2698 partem
2492 2629 2680 2684 simila!
2709 2631 2959 2685 comedet
3007 2633 3184 2686 Aaron
3217 2649 3342 2688 cum
3393 2635 3520 2690 ﬁliis
3561 2637 3678 2692 suis

2102 2718 2307 2788 absque
2336 2719 2624 2782 fermento,
2661 2729 2716 2774 et
2741 2720 2990 2775 comedet
3041 2722 3094 2774 in
3131 2723 3248 2777 loco
3279 2727 3571 2778 sanctuarii
3596 2737 3679 2781 ta-

2102 2810 2399 2864 bernaculi.
2433 2811 2558 2865 ideo
2594 2818 2904 2864 autemnon
2937 2811 3375 2878 fermentabitur,
3407 2817 3530 2885 quia
3551 2832 3678 2886 pars

2104 2905 2224 2974 ejus
2251 2905 2304 2958 iu
2331 2905 2562 2959 Domino
2583 2905 2811 2959 offertur
2842 2905 3146 2960 incensum.
3177 2906 3436 2962 Sanctum
3466 2919 3682 2964 sancto-

2105 3011 2224 3050 rum
2248 2996 2369 3062 erit,
2395 2997 2533 3050 sicut
2564 3011 2662 3066 pro
2681 3006 2904 3066 peccato
2922 3007 3083 3067 atque
3113 2999 3332 3054 delicto.
3364 2999 3536 3056 Mares
3555 3009 3680 3056 tau-

418 3100 462 3148 si
503 3093 776 3165 praeterita
813 3091 1015 3147 futuris
1047 3108 1342 3164 augeamus
1380 3105 1542 3163 atque
1567 3095 1954 3150 couﬁrmemus
1983 3113 1996 3149 :
2027 3076 2069 3133 ο
2105 3097 2218 3142 lum
2249 3088 2436 3158 stirpis
2486 3091 2666 3142 Aaron
2725 3090 3016 3144 comedent
3056 3090 3208 3156 illud,
3255 3093 3558 3162 legitimum
3611 3109 3681 3150 ac

419 3187 564 3242 unde
588 3187 742 3257 juxta
789 3185 956 3240 altare
987 3185 1142 3256 jubet
1177 3186 1554 3242 holocaustum
1607 3188 1758 3258 poni,
1818 3199 2001 3244 servat

420 3278 562 3336 enim
597 3278 759 3332 nobis
789 3276 1241 3348 Christusjustus
1267 3277 1454 3348 judex,
1496 3293 1832 3350 quaecunque
1857 3280 2000 3335 bona

420 3369 712 3442 egerimus,
747 3368 792 3423 si
815 3383 926 3422 non
958 3369 1078 3424 haec
1109 3385 1206 3440 per
1229 3369 1446 3440 iniquas
1491 3371 1737 3427 actiones
1787 3388 1998 3443 praeva-

418 3458 570 3513 ricati
599 3457 892 3515 fuerimus.
924 3457 1152 3529 Pr0pter
1205 3459 1312 3515 hoc
1355 3461 1517 3516 etiam
1565 3463 1784 3532 spoliari
1834 3465 2000 3520 vesti-

419 3549 640 3615 mentis,
675 3556 730 3604 et
761 3549 916 3604 indui
944 3550 1082 3615 aliis,
1111 3558 1165 3606 et
1195 3550 1378 3606 efferri
1401 3551 1614 3608 cineres
1639 3562 1788 3608 extra
1821 3563 1998 3609 castra

419 3640 473 3696 in
507 3640 627 3696 loco
652 3641 1014 3698 mundissimo
1039 3642 1220 3713 jussit,
1259 3659 1368 3698 non
1407 3645 1632 3701 alterius
1659 3647 1873 3718 generis
1898 3661 2000 3702 nos

398 3733 782 3806 ‘vestimeutis,
827 3741 979 3790 extra
1035 3750 1098 3790 ea
1145 3751 1267 3806 quae
1311 3737 1466 3808 prius
1532 3738 1686 3804 dixit,
1740 3739 1995 3794 induens.

418 3824 604 3896 Neque
636 3825 782 3881 enim
819 3841 918 3896 pro
939 3825 1082 3880 linea
1111 3837 1262 3882 veste
1319 3827 1471 3883 indui
1509 3829 1674 3883 ‘lauea
1709 3845 1811 3884 nos
1859 3846 1998 3900 pra:-

417 3919 582 3990 eepit,
609 3919 704 3974 sed
739 3919 843 3974 hoc
863 3919 1007 3974 idem
1055 3921 1222 3974 multa
1276 3920 1578 3991 signiﬁcat;
1621 3922 1677 3976 id
1729 3932 1812 3978 est
1853 3924 1996 3993 quod

415 4023 538 4079 quin
562 4009 716 4080 prius
745 4018 864 4065 acta
895 4019 1056 4080 atque
1071 4021 1320 4080 correpta
1343 4022 1610 4076 sunt,non
1638 4013 1995 4083 imputantur,

415 4106 634 4174 quando
665 4114 881 4176 tempus
910 4114 994 4161 est
1022 4107 1127 4160 alia
1145 4106 1461 4178 peragendi.
1491 4107 1556 4161 Et
1583 4119 1872 4179 propterea
1896 4111 1994 4165 de-

414 4205 686 4266 ponentes
747 4196 1136 4251 vestimentum
1194 4197 1366 4269 prius,
1405 4197 1551 4252 aliud
1598 4199 1704 4254 tale
1747 4201 1866 4255 vult
1914 4201 1996 4254 in-

415 4287 531 4342 dui.
565 4287 728 4344 Extra
783 4300 960 4344 castra
1007 4299 1187 4344 autem
1255 4290 1308 4344 in
1358 4290 1535 4347 locum
1577 4293 1994 4350 mundissimum

2100 3181 2573 3249 sempiternumin
2619 3182 3061 3252 generationibus
3113 3185 3309 3240 vestris
3353 3186 3420 3240 de
3467 3186 3680 3240 sacriﬁ-

2099 3270 2198 3326 ciis
2236 3270 2472 3326 Domini.
2505 3270 2696 3326 Omnis
2753 3273 2845 3342 qui
2897 3273 3133 3344 tetigerit
3177 3276 3266 3330 illa
3311 3279 3680 3334 sanctiﬁcabi-

2101 3373 2208 3419 tur.
2239 3382 2259 3416 ι

2170 3473 2518 3530 Meminimus
2563 3475 2787 3532 beatum
2816 3475 3044 3534 Paulum
3074 3479 3310 3536 dixisse:
3362 3481 3562 3536 Eadem
3589 3485 3679 3538 di-

2099 3582 2212 3621 cere
2246 3567 2374 3619 mihi
2398 3583 2498 3620 non
2517 3568 2748 3638 pigrum,
2812 3569 2952 3624 vobis
3007 3579 3184 3624 autem
3232 3575 3676 3631 necessariam“.

2098 3655 2274 3722 Quam
2304 3655 2665 3711 intentionem
2689 3657 2744 3711 in
2776 3659 3030 3728 praesenti
3067 3659 3188 3714 loco
3221 3661 3424 3716 habere
3462 3663 3679 3734 legisla-

2099 3753 2186 3800 tor
2218 3745 2454 3811 videtur,
2496 3747 2764 3803 reiterans
2793 3765 2914 3818 qua:
2945 3750 3112 3805 semel
3141 3753 3413 3822 exposuit,
3445 3763 3504 3808 ut
3535 3755 3680 3808 mul—

2101 3836 2269 3906 tiplici
2301 3837 2628 3907 repetitione
2666 3839 2907 3894 mandati
2956 3839 3184 3912 legentis
3229 3843 3298 3896 ad
3355 3845 3674 3900 memoriam

2099 3931 2400 3975 revocaret.
2426 3921 2704 3986 Quatenus
2732 3933 2913 3979 autem
2957 3941 3056 3996 per
3106 3927 3486 3996 repetitionem
3540 3931 3679 4001 legis

2098 4013 2530 4067 necessariorem
2561 4014 2814 4069 redderet
2859 4015 3176 4082 lectionem,
3219 4018 3519 4090 interponit
3570 4021 3675 4076 ali-

2097 4103 2224 4172 quid
2256 4104 2508 4174 amplius,
2534 4105 2690 4175 cujus
2745 4107 2914 4176 gratia
2949 4109 3318 4164 necessarium
3349 4113 3454 4166 hoc
3514 4129 3671 4168 man-

2099 4195 2284 4252 datum
2317 4205 2372 4250 et
2397 4197 2764 4253 inexcusabile
2825 4200 2988 4256 nimis
3013 4203 3316 4257 exsisteret.
3341 4204 3494 4258 Sicut
3543 4223 3673 4278 ergo

2101 4289 2154 4342 in
2179 4289 2618 4366 prtecedentibus
2645 4291 2714 4345 de
2755 4291 3088 4349 holocaustis
3139 4296 3401 4353 sacriﬁcia
3433 4300 3674 4369 iteravit,

414 4379 619 4442 eli‘erri.
647 4381 702 4434 id
757 4392 841 4436 est
893 4383 1226 4452 prtemittere
1277 4384 1344 4437 ad
1392 4383 1634 4440 futurum
1683 4385 1988 4454 judicium;
2028 4412 2068 4466 ο
2100 4382 2438 4452 permiscens
2467 4379 3160 4458 eisassiduitatem,ipsius
3184 4400 3265 4445 est
3286 4392 3432 4446 enim
3453 4394 3674 4466 ntignis

416 4469 548 4525 illud
580 4472 727 4526 enim
766 4483 916 4526 extra
943 4483 1118 4529 castra
1149 4485 1228 4531 est
1253 4477 1540 4548 prmsentis
1558 4476 1762 4541 srcculi,
1793 4487 1849 4532 et
1913 4477 1995 4532 lo-

414 4575 512 4616 cus
541 4569 626 4616 est
688 4563 943 4630 mundus,
978 4565 1103 4634 quia
1147 4566 1215 4620 ab
1245 4568 1391 4621 omni
1441 4567 1794 4636 corruptione
1833 4581 1992 4621 mnu-

414 4650 543 4706 dum
570 4661 656 4708 est
690 4653 855 4708 futuri
885 4655 1062 4710 saeculi
1093 4655 1380 4727 judicium.
1416 4657 1522 4713 Sed
1552 4658 1684 4728 quid
1728 4665 1810 4713 est
1847 4659 1993 4728 quod

413 4742 661 4798 addidit?

483 4834 627 4906 Igz-is
655 4847 831 4890 autem
862 4837 916 4891 in
941 4837 1104 4892 altari
1132 4857 1333 4910 semper
1358 4841 1581 4906 ardebit,
1617 4858 1766 4913 quem
1797 4843 1992 4898 nutriet

411 4930 656 4983 sacerdos
715 4929 994 4999 subjiciens
1055 4931 1196 5001 ligna
1250 4949 1404 4986 mane
1451 4949 1544 5001 per
1582 4933 1816 5004 singulos
1862 4935 1992 4989 dies.

413 5019 884 5086 Quemadmodum
916 5035 1043 5090 ergo
1068 5021 1294 5074 materia
1327 5021 1466 5092 ignis
1493 5031 1618 5076 sunt
1644 5023 1810 5093 ligna,
1833 5040 1993 5080 mane

411 5120 591 5164 autem
623 5126 686 5164 ea
726 5110 882 5181 jubet
912 5111 1168 5180 componi
1204 5128 1218 5166 :
1257 5112 1336 5166 sic
1389 5113 1550 5168 nobis
1595 5125 1724 5170 sunt
1764 5117 1991 5172 materia

409 5201 936 5258 subministrationis
966 5201 1192 5274 spiritus
1235 5203 1436 5260 divinae
1484 5205 1619 5277 legis
1656 5208 1986 5275 testimonia,

409 5301 464 5348 et
495 5309 778 5350 sacrorum
819 5295 1162 5365 eloquiorum
1199 5295 1503 5363 meditatio,
1547 5313 1668 5368 qua:
1695 5297 1838 5370 ligna
1866 5313 1986 5353 esse

408 5400 572 5458 supra
607 5387 860 5443 diximus.
893 5389 1037 5460 Ergo
1069 5388 1188 5446 hinc
1222 5403 1383 5443 mane
1416 5388 1470 5443 in
1513 5390 1718 5445 lumine
1763 5407 1988 5460 compo-

408 5493 539 5534 nere
551 5479 832 5545 debemus,
849 5481 901 5535 id
915 5481 1064 5536 estin
1084 5480 1380 5552 vigilantia,
1393 5487 1448 5535 et
1459 5481 1750 5537 sobrietate
1771 5483 1986 5538 aninne.

511 5671 559 5708 9"
581 5669 777 5727 Ezech.
803 5689 993 5741 xxxut,
1028 5675 1112 5730 l3.
1189 5678 1235 5709 ’θ
1263 5675 1280 5728 Ι
1329 5675 1526 5732 Thess.
1547 5695 1602 5744 v,
1631 5677 1684 5745 6,
1732 5677 1806 5732 7.’

1873 5680 1942 5710 "'
1978 5677 2136 5735 Joan.
2169 5697 2243 5749 tv,
2279 5683 2369 5736 24.

2097 4473 2190 4544 qui
2234 4474 2289 4529 in
2320 4475 2475 4530 altari
2499 4485 2603 4543 est,
2641 4493 2856 4549 semper
2902 4481 3090 4536 ardeat
3121 4499 3512 4556 nunquamque
3537 4487 3675 4542 deﬁ-

2097 4565 2236 4620 ciat:
2263 4566 2340 4621 sic
2369 4577 2423 4622 et
2453 4584 2603 4625 nunc
2624 4585 2747 4624 cum
2787 4572 3112 4628 sacriﬁcium
3135 4576 3328 4632 simila:
3358 4580 3679 4636 deduxisset

2097 4659 2166 4713 ad
2196 4660 2461 4725 medium,
2496 4677 2767 4734 perquam
2801 4665 3090 4736 significari
3123 4669 3449 4740 theologiam
3486 4673 3537 4726 in
3573 4675 3678 4727 hu-

2093 4751 2184 4820 jus
2244 4751 2371 4807 libri
2427 4755 2654 4811 exordio
2699 4757 3216 4828 demonstravimus,
3271 4765 3500 4828 addidit,
3548 4766 3676 4836 quia

2098 4852 2315 4910 oportet
2340 4860 2460 4899 eam
2479 4845 2534 4899 in
2563 4847 2680 4903 loco
2707 4857 2915 4905 tantum
2961 4863 3168 4918 sancto,
3205 4870 3235 4908 a
3262 4858 3538 4924 masculis,
3561 4875 3675 4914 non

2097 4947 2281 4988 autem
2316 4936 2536 5006 ubique,
2577 4949 2672 4994 aut
2704 4941 2866 4995 etiam
2895 4943 2964 4998 ab
3003 4945 3262 5001 omnibus
3308 4950 3560 5004 comedi:
3605 4951 3676 5007 de

2095 5040 2202 5096 qua
2239 5025 2364 5082 vide
2391 5029 2572 5098 qualia
2599 5030 2761 5084 etiam
2817 5048 2964 5088 nunc
2992 5037 3272 5106 praecepit.
3309 5037 3431 5092 Ilarc
3467 5051 3540 5093 est
3591 5041 3678 5096 lea:

2093 5119 2346 5188 sacriﬁcii
2399 5130 2446 5174 et
2483 5121 2888 5180 libamentorum
2935 5143 3054 5196 qua:
3093 5128 3306 5198 oﬂercnt
3350 5130 3450 5199 ﬁlii
3497 5133 3675 5188 Aaron

2093 5227 2277 5266 coram
2305 5210 2549 5276 Domino,
2577 5225 2624 5268 et
2649 5231 2826 5269 coram
2881 5217 3066 5272 altari.
3117 5219 3228 5274 Iloc
3273 5235 3403 5292 ergo
3448 5223 3516 5278 de
3567 5240 3678 5293 quo

2093 5317 2242 5358 nunc
2269 5319 2452 5360 sermo
2481 5317 2586 5370 est,
2614 5307 2706 5361 ﬁlii
2745 5308 2947 5376 Aaron,
2973 5311 3026 5364 id
3060 5321 3145 5366 est
3197 5315 3458 5373 sublimes
3486 5315 3540 5369 in
3591 5331 3678 5374 sa-

2095 5393 2300 5463 pientia
2330 5396 2598 5463 homines,
2633 5401 2732 5454 soli
2761 5400 2963 5456 oﬁ‘crre
2993 5403 3188 5458 debent
3219 5421 3400 5462 coram
3422 5407 3675 5476 Domino,

2097 5485 2150 5541 id
2185 5496 2269 5542 est
2291 5489 2589 5544 secundum
2612 5491 2756 5561 quod
2792 5490 2886 5546 Dei
2935 5495 3186 5552 voluntas
3204 5506 3309 5564 est,
3349 5513 3461 5554 non
3482 5514 3678 5570 super-

2463 5683 2506 5716 ³ο
2535 5681 2768 5758 Philipp.
2803 5705 2883 5755 Ill,
2915 5689 2965 5744 1.
