4076 6188
439 369 546 434 813

1579 367 1663 427 IN
1703 365 2145 428 LEVITICUM.
2186 391 2252 402 -
2302 368 2448 426 LIB.
2491 366 2573 426 II.

3595 359 3700 423 8ἰο

442 485 550 538 111111
579 483 632 537 111
663 483 849 539 divino
880 480 1096 552 eloquio
1132 481 1497 551 disputantes,
1528 479 1625 534 sed
1676 494 2022 550 quaecunque
2050 484 2094 539 Α
2123 487 2339 548 oportet
2367 475 2681 532 omnimodo
2702 477 2768 532 de
2803 475 3088 531 divinitate
3129 474 3297 544 loqui,
3321 473 3438 530 sive
3487 474 3702 528 theolo-

443 579 600 634 nobis
621 577 870 633 Christus
890 577 1172 642 revelavit,
1197 577 1302 632 hoc
1327 576 1471 631 enim
1505 576 1748 646 intelligo
1779 576 1924 646 quod
1949 575 2024 630 ait

419 658 838 732 Vcoramattari;
860 668 986 736 quia
1021 668 1192 720 altare
1223 681 1344 720 esse
1393 665 1789 719 humanitatem
1823 663 2025 736 Unige-

371 773 376 776 '
444 761 542 815 niti
597 759 1030 814 demonstratum
1087 767 1212 812 est:
1266 772 1398 827 ergo
1450 757 1506 811 in
1560 757 1646 812 his
1697 756 2022 826 theologiam

445 852 858 916 constituamus,
883 851 938 904 in
969 865 1090 918 qua:
1152 849 1310 903 nobis
1340 849 1654 903 incarnatus
1679 849 2025 902 1101111111Βο-

446 937 646 1001 minus,
673 945 731 990 ut
760 939 972 992 Patrem
996 937 1050 990 in
1075 952 1160 1000 eo,
1197 945 1252 991 et
1305 937 1483 1006 ipsum
1525 939 1580 990 in
1615 937 1772 991 Patre
1821 937 2027 1007 cogite-

447 1043 590 1090 mus,
617 1038 673 1082 et
703 1029 770 1083 de
801 1036 992 1083 sancto
1015 1028 1224 1097 Spiritu
1274 1029 1534 1093 sciamus,
1590 1029 1713 1098 quia
1765 1039 1816 1082 et
1859 1027 2028 1097 ipsius

447 1131 530 1174 est
561 1119 698 1186 Filii,
733 1129 788 1174 et
813 1135 843 1173 a
869 1121 1031 1174 Patre
1055 1121 1320 1188 procedit.
1363 1119 1486 1174 11100
1515 1121 1662 1175 0111111
1686 1113 1852 1176 nobis
1881 1119 2030 1174 sutﬁ-

449 1212 602 1265 ciunt
651 1211 719 1264 ad
767 1211 1093 1282 theologiam
1129 1227 1251 1281 quae
1293 1212 1446 1282 juvat
1482 1221 1539 1267 ct
1589 1213 1778 1266 salvat.
1824 1211 2029 1265 Altiora

451 1313 628 1357 autem
660 1305 925 1372 quispiam
963 1320 1215 1373 quaerens
1266 1304 1350 1358 vel
1389 1303 1763 1374 profundiora,
1817 1303 2032 1358 excidet

452 1395 520 1447 ab
550 1395 852 1464 intentione
876 1394 1140 1462 veritatis,
1168 1404 1224 1448 et
1251 1404 1459 1464 peccat.
1484 1395 1641 1450 Unde
1666 1395 1830 1450 etiam
1883 1409 2032 1448 nunc

453 1462 726 1552 legislatm-
775 1485 1040 1538 subdidit.

527 1573 956 1627 Tollet'saccrdos
993 1574 1250 1644 pugillum
1290 1576 1484 1630 simila:
1504 1593 1624 1647 qua:
1662 1593 1938 1646 conspersa
1959 1586 2032 1631 est

454 1665 566 1719 oieo
597 1676 644 1718 et
667 1674 833 1718 totum
863 1666 982 1720 thus
1019 1668 1158 1736 quod
1193 1684 1352 1736 super
1382 1669 1615 1724 similam
1645 1671 1873 1738 positum
1932 1677 2031 1734 est,

453 1756 787 1827 adolebitque
841 1757 974 1811 illud
1020 1759 1073 1810 in
1117 1759 1280 1812 altari
1337 1761 1406 1812 in'
1439 1761 1818 1815 monimentum
1861 1761 2036 1815 odoris

453 1849 751 1900 suavissimi
811 1847 1054 1902 Domino.
1100 1847 1233 1903 Cum
1285 1851 1702 1920 elccmosynaet
1759 1850 2026 1912 oratione,

457 1939 537 1992 1110
565 1939 708 1992 enim
742 1938 1046 2010 ﬁgurantur
1083 1955 1182 2010 per
1206 1941 1386 1996 oleum
1411 1949 1465 1996 et
1497 1942 1646 2004 111118,
1680 1938 1881 2009 quibus
1928 1954 2030 1992 ne-

453 2034 690 2088 cessarie
721 2035 990 2104 theologia
1033 2034 1394 2104 conquiritur,
1444 2035 1728 2104 utriusque
1764 2032 2031 2103 siquidem

453 2123 810 2190 adjutorium,
854 2131 915 2176 ut
945 2139 1054 2176 non
1081 2123 1332 2178 excidant
1372 2138 1402 2176 a
1438 2125 1667 2177 veritate
1692 2124 1784 2193 qui
1827 2113 1910 2178 de~
1927 2122 2034 2177 Deo

456 2215 776 2284 loquuntur,
821 2216 1196 2270 necessarium
1252 2215 1476 2268 habent.
1529 2214 1702 2283 llujus
1755 2215 1808 2267 in
1855 2213 2034 2267 moni-

457 2316 703 2360 mentum
744 2307 1098 2378 intelligibilis
1151 2306 1408 2362 sacerdos
1465 2305 1717 2360 Christus
1775 2306 2035 2376 pugillum

460 2395 618 2461 tollit,
633 2397 758 2465 quia
775 2412 985 2450 summa
1001 2396 1244 2451 scientia:
1259 2397 1400 2466 apud
1419 2411 1544 2450 eum
1567 2405 1870 2465 permanet,
1889 2395 2036 2465 quod

461 2485 516 2538 in
545 2487 1184 2557 monimentumquidem
1211 2497 1314 2549 est,
1340 2487 1465 2556 quia
1493 2487 1548 2540 in
1577 2496 1901 2557 perpetuum
1933 2487 2039 2541 erit

461 2590 809 2645 permansura
832 2577 1112 2632 memoria.
1133 2577 1316 2646 Neque
1333 2579 1476 2632 enim
1497 2578 1953 2647 quemadmodum
1975 2593 2038 2632 ea

459 2683 582 2736 qua:
606 2683 753 2722 nunc
783 2679 864 2722 est
894 2678 1078 2722 nostra
1105 2669 1332 2724 scientia
1378 2680 1638 2738 provectu
1695 2671 2036 2726 destruitur:

461 2759 589 2826 quia
641 2761 852 2830 quando
906 2761 1100 2814 venerit
1137 2762 1275 2830 quod
1325 2763 1612 2831 perfectum
1643 2771 1739 2826 est,
1777 2763 1921 2817 sicut
1961 2763 2040 2818 ait

460 2849 679 2914 Paulus,
713 2853 1003 2906 destruitur
1023 2853 1162 2924 quod
1191 2869 1255 2906 ea:
1283 2865 1436 2922 parte
1458 2855 1615 2908 est”.
1643 2853 1734 2909 Sic
1763 2855 1870 2909 erit
1900 2865 1956 2910 et
1977 2871 2039 2911 ea

461 2959 582 3014 qua:
613 2945 754 3014 apud
775 2946 1051 3000 Christum
1099 2955 1202 3011 est,
1261 2962 1423 3016 quam
1483 2948 1642 3001 nobis
1693 2948 1748 3002 in
1795 2947 2040 3003 futurum

463 3037 742 3101 sa‘culum,
768 3047 827 3092 ut
851 3037 1266 3108 perfectioribus
1319 3047 1449 3094 tunc
1505 3039 1824 3103 ellicicndis,
1867 3055 2044 3095 reser-

2123 569 2262 640 giam
2291 583 2544 623 exercere
2585 585 2599 620 :
2650 566 2716 621 In
2775 564 3022 620 Ecclesiis
3067 565 3236 630 enim,
3279 565 3375 630 ait,
3417 563 3703 619 benedicite

2125 661 2409 715 Dominum
2427 661 2493 714 δ’.
2527 659 2584 714 Si
2607 659 2729 730 quis
2759 668 2942 714 autem
2977 658 3214 712 indomo
3247 657 3548 712 Ecclesiam
3605 658 3704 712 ha-

2123 756 2216 810 bet
2251 755 2345 822 (ait
2371 756 2572 824 quippe
2599 753 2796 807 Paulus
2831 769 2845 806 :
2878 749 3124 806 Salutate
3155 749 3475 819 Nympham,
3519 759 3566 804 et
3619 751 3706 804 do-

2127 847 2401 902 mesticam
2421 847 2535 916 ejus
2565 843 2853 898 Ecclesium
2887 843 2932 875 ³³
2969 859 2981 894 :
3013 842 3181 896 habet
3227 851 3408 895 autem
3449 841 3570 908 quis
3605 841 3704 896 do-

2129 941 2408 994 mesticam
2431 937 2752 1003 Ecclesiam,
2787 935 3005 1006 quando
3024 921 3377 1003 semetipsum
3403 932 3708 987 8000111100⁴

2127 1032 2267 1086 verit
2302 1029 2411 1084 Deo
2429 1038 2480 1083 et
2522 1043 2552 1082 a
2591 1027 2944 1082 saecularibus
2981 1023 3277 1080 cessaverit
3305 1023 3578 1095 negotiis),
3620 1023 3708 1078 hic

2130 1125 2292 1180 etiam
2335 1121 2482 1178 domi
2511 1122 2576 1175 de
2617 1121 2728 1174 Deo
2753 1119 2922 1188 loqui,
2952 1118 3065 1174 sive
3090 1117 3414 1189 theologiam
3453 1131 3708 1170 exemere

2129 1224 2330 1286 potest.
2368 1212 2527 1266 Tales
2561 1219 2711 1274 sunt,
2743 1209 2941 1280 quibus
3001 1225 3128 1280 pars
3162 1209 3228 1264 de
3280 1207 3563 1262 sacriﬁciis
3601 1205 3707 1260 Do.-

2131 1307 2288 1372 mini,
2319 1305 2372 1360 id
2403 1312 2488 1358 est
2523 1303 2668 1373 loqui
2696 1303 2764 1357 de
2805 1301 2936 1367 Deo,
2968 1300 3056 1356 vel
3119 1299 3408 1370 theologia,
3447 1298 3512 1353 de
3551 1297 3710 1354 donis

2133 1406 2188 1454 et
2215 1396 2585 1452 oblationibus
2617 1393 2801 1450 datur.
2838 1394 2912 1448 De
2957 1409 3066 1463 quo
3111 1393 3349 1448 subdidit
3383 1407 3398 1449 :
3457 1391 3709 1446 Sanctum

2133 1499 2433 1544 sanctorum
2455 1489 2576 1554 erit,
2610 1489 2734 1558 quia
2755 1484 2938 1540 Sancti
2970 1495 3272 1540 sanctorum
3310 1483 3712 1554 contemplatio-

2135 1597 2252 1635 nem
2281 1579 2564 1650 possident.
2592 1577 2842 1632 Subdidit
2867 1585 3050 1630 autem
3085 1594 3098 1630 :

2208 1671 2353 1727 Sicut
2375 1687 2467 1741 pro
2495 1679 2706 1741 peccato
2735 1678 2892 1740 atque
2908 1668 3120 1723 delicto.
3155 1665 3344 1720 Simile
3378 1665 3508 1718 illud
3525 1665 3712 1719 volens

2137 1763 2428 1818 ostendere
2463 1777 2560 1832 pro
2578 1768 2824 1830 peccato,
2847 1768 2902 1814 et
2934 1759 3134 1814 delicto
3152 1757 3498 1812 sacriﬁcium.
3520 1755 3714 1811 Sermo

2136 1855 2282 1910 enim
2323 1855 2389 1908 de
2415 1854 2527 1908 Deo
2547 1852 2782 1906 maxime
2818 1850 2886 1906 ad
2917 1849 3254 1920 ercptionem
3285 1856 3339 1902 et
3363 1845 3714 1901 010001111ιί0-

2134 1962 2262 2002 11010
2297 1945 2501 2000 anima:
2528 1945 2782 2010 habetur,
2837 1942 3055 2013 quando
3085 1941 3216 1996 oleo
3257 1949 3313 1995 et
3365 1939 3532 2004 thtu'i,
3566 1939 3713 1994 eice-

2135 2054 2374 2111 mosynte
2406 2037 2658 2092 videlicet
2685 2045 2740 2091 et
2760 2035 3015 2101 orationi,
3041 2033 3370 2089 sacriﬁcium
3406 2031 3555 2086 verbi
3593 2028 3708 2094 Dei,

2135 2131 2190 2187 id
2221 2136 2302 2186 est
2329 2127 2637 2200 theologize,
2675 2125 3042 2198 conjungitur,
3081 2124 3382 2183 secundum
3421 2122 3568 2192 quod
3608 2121 3716 2176 hoc

2135 2221 2414 2290 legislator
2450 2219 2635 2274 offerri
2669 2218 2949 2290 praecepit,
2989 2222 3099 2271 non
3127 2216 3328 2270 frusua
3355 2213 3460 2268 1100
3490 2212 3710 2282 iubens,

2138 2314 2232 2370 sed
2277 2313 2404 2384 quia
2435 2311 2796 2382 eleemosynis
2829 2319 2884 2364 et
2927 2309 3032 2364 ﬁde
3067 2308 3398 2362 mundantur
3434 2313 3654 2376 peccata
3695 2323 3711 2358 :

2136 2405 2592 2476 quemadmodum
2650 2401 2902 2458 Salomon
2970 2401 3026 2456 in
3089 2399 3396 2455 Proverbiis
3463 2396 3600 2452 divit
3643 2397 3708 2450 ³³.

2209 2496 2402 2557 Mares,
2430 2492 2625 2561 inquit,
2653 2498 2858 2544 tantum
2881 2491 3058 2560 stirpis
3077 2491 3254 2544 Aaron
3277 2488 3542 2542 comedent
3559 2485 3712 2551 illud,

2139 2579 2449 2649 Legitimum
2468 2596 2532 2632 ac
2551 2580 2924 2648 sempiternum
2939 2587 3011 2634 est
3034 2579 3088 2632 in
3107 2576 3527 2648 generationibus
3537 2577 3718 2630 vestris

2139 2673 2203 2724 ile
2228 2671 2502 2740 sacriﬁciis
2523 2670 2751 2725 Domini.
2780 2671 2900 2727 Non
2928 2686 3056 2744 ergo
3090 2671 3334 2726 omnium
3369 2679 3454 2724 est
3482 2669 3551 2724 de.
3608 2669 3716 2722 Deo

2140 2761 2440 2830 disputare,
2497 2761 2592 2816 sed
2649 2760 2837 2814 talium
2887 2760 2980 2830 qui
3007 2761 3142 2814 nihil
3198 2759 3522 2823 femineum,
3577 2757 3717 2815 nihil

2141 2849 2346 2905 ﬂuxum
2371 2851 2427 2904 in
2455 2845 2872 2921 cegitationibus
2901 2851 3130 2916 habent;
3161 2850 3304 2919 quod
3336 2849 3636 2920 legitimum
3672 2853 3724 2901 et

2142 2955 2404 2998 aeternum
2435 2941 2492 2994 in
2523 2942 2967 3013 generationibus
3011 2941 3301 3003 eorum,id
3325 2950 3409 2997 est
3439 2941 3491 2994 in
3520 2954 3721 3010 perpe-

2144 3042 2298 3088 tuum
2329 3033 2592 3088 custodiri
2633 3033 2908 3103 praecepit,
2935 3042 2994 3087 ut
3043 3033 3096 3087 in
3127 3031 3277 3088 omni
3331 3040 3576 3101 tempore
3635 3029 3720 3083 in-

465 3127 631 3181 vavit.
655 3127 742 3181 Illa
764 3130 931 3194 enim,
961 3137 1150 3198 utpote
1175 3138 1585 3196 consummata,
1627 3131 1742 3186 sine
1765 3131 2037 3187 oblivione

2145 3125 2450 3190 tendamus,
2481 3126 2793 3180 nullatenus
2819 3126 2886 3182 de
2927 3125 3036 3182 Deo
3062 3126 3342 3196 disputare
3371 3137 3720 3195 praesumere,

463 3233 681 3289 Semper
712 3221 765 3274 in
805 3223 1122 3275 memoriam
1162 3230 1364 3275 manet.
1421 3222 1574 3275 Sicut
1604 3232 1784 3278 autem
1809 3237 1929 3293 quae
1957 3233 2040 3279 to-

467 3311 575 3365 tius
599 3326 810 3365 summa
837 3321 921 3366 est
941 3312 1238 3380 sapientiae.
1275 3313 1478 3382 pugillo
1503 3314 1758 3374 sumitur,
1787 3315 1914 3384 quia
1946 3331 2044 3386 per

473 3403 680 3474 singula
708 3405 880 3472 capita
907 3406 1170 3476 pugillum
1209 3421 1304 3476 per
1336 3407 1552 3476 Moysen
1607 3407 1660 3460 in
1703 3407 1839 3462 libro
1867 3407 2043 3462 Exodi

473 3511 572 3563 pro
625 3496 748 3548 ﬁliis
799 3496 963 3550 lsrael
1001 3497 1164 3565 jussit
1209 3495 1350 3552 Deus
1405 3497 1586 3552 oll‘erri
1619 3517 1634 3552 :
1671 3497 1853 3568 itaque
1895 3515 2045 3554 sum-

466 3599 610 3640 mam
629 3586 972 3656 cognitionis,
991 3597 1044 3641 et
1061 3588 1312 3656 perfecta:
1333 3588 1572 3644 scientize
1589 3603 1709 3644 esse
1729 3591 2046 3659 1101111011τί-

469 3684 611 3729 stum
631 3675 1262 3745 legislalorinnuitﬂuid
1280 3688 1458 3733 autem
1482 3679 1563 3735 his
1585 3680 1780 3734 subdat
1799 3681 2041 3739 intende.
2091 3713 2098 3724 ο

545 3765 818 3834 Reliquam
873 3778 1051 3821 autent
1107 3779 1312 3838 partem
1341 3771 1531 3824 sitnier
1581 3774 1812 3826 comedet
1866 3773 2046 3829 Aaron

469 3875 588 3912 cum
617 3858 883 3928 ﬁliissuis.
929 3858 998 3915 Ut
1025 3875 1132 3913 non
1191 3877 1256 3915 ex
1317 3869 1430 3916 toto
1469 3878 1497 3915 a
1530 3862 1809 3934 theologia
1857 3879 2044 3919 cesse-

471 3965 612 4009 mus,
643 3967 744 4020 pro
774 3967 839 4005 eo
867 3951 1011 4020 quod
1045 3969 1254 4006 summa
1288 3954 1529 4027 scicntia:
1552 3954 1604 4008 in
1638 3955 1881 4011 futurum
1907 3973 2042 4012 con-

469 4049 738 4108 servatur;
769 4059 889 4112 qun
913 4053 1095 4098 autem
1117 4045 1274 4099 nobis
1297 4045 1366 4100 ab
1404 4061 1470 4100 eo
1500 4047 1688 4102 relicta
1716 4057 1818 4114 est,
1857 4049 1910 4104 id
1961 4059 2044 4106 est

471 4133 689 4198 tradita,
710 4135 850 4188 hanc
875 4135 1164 4190 comedere
1190 4151 1288 4190 nos
1314 4137 1472 4206 jubet
1494 4137 1797 4205 scientiam,
1824 4150 1878 4196 et
1911 4158 2044 4212 ope-

469 4225 593 4287 rari,
625 4225 694 4280 de
723 4242 826 4294 qua
858 4227 1020 4280 nobis
1049 4235 1104 4280 et
1135 4237 1466 4297 praeceptum
1500 4238 1603 4292 est,
1631 4247 1860 4300 quaeque
1885 4234 2042 4288 nobis

467 4318 741 4373 snliieiens
766 4329 871 4384 est,
902 4329 957 4372 et
976 4319 1128 4384 juxta
1155 4329 1367 4376 nostras
1393 4323 1556 4377 vires.
1585 4324 1691 4378 Sed
1719 4327 2040 4381 intuendum

468 4409 555 4461 ubi
595 4410 736 4464 hanc
771 4419 826 4464 et
857 4411 1132 4479 quomodo
1167 4419 1416 4480 oporteat
1453 4415 1691 4482 operari.
1731 4415 1991 4486 Sequitur
2023 4437 2037 4472 :

2145 3218 2385 3289 quandiu
2408 3234 2506 3289 per
2531 3217 2794 3288 quasdam
2817 3217 3210 3272 declinationes
3254 3215 3582 3277 diﬁluentes,
3639 3211 3722 3269 vel

2145 3312 2433 3366 saecularcs
2461 3311 2592 3365 alias
2617 3311 2951 3381 phantasias,
2983 3327 3011 3365 a
3031 3311 3396 3366 masculorum
3416 3308 3720 3364 excidimus

2145 3403 2426 3472 dignitate,
2461 3418 2528 3457 ne
2547 3411 2601 3456 et
2623 3403 2776 3458 nobis
2802 3403 3048 3458 dicatur:
3076 3403 3350 3458 Peccatori
3383 3413 3559 3455 autem
3588 3401 3722 3456 dixit

2149 3493 2498 3560 Deus,Qnare
2519 3504 2574 3549 tu
2605 3511 2829 3549 enarras
2855 3495 3100 3565 justitias
3132 3512 3274 3549 meas
3312 3505 3360 3549 et
3387 3494 3612 3548 assumis
3645 3503 3721 3548 te-

2145 3597 2460 3642 stamentum
2484 3603 2654 3642 meum
2682 3605 2845 3658 peros
2883 3597 3025 3642 tuum
3050 3589 3132 3642 1‘5?
3159 3587 3506 3643 Concludunt
3536 3593 3719 3643 autem

2147 3681 2287 3736 hanc
2311 3682 2480 3751 legem
2505 3680 2665 3734 verba
2694 3679 3008 3750 sequentia:

2127 3837 2134 3848 ι
2215 3769 2396 3824 Omnis
2423 3769 2836 3840 quitetigeritea
2865 3767 3312 3838 sanctiﬁcabitur.
3372 3767 3568 3839 Tangit
3622 3781 3720 3821 au-

2149 3872 2276 3925 tem,
2305 3863 2394 3932 qui
2420 3870 2543 3932 apte
2571 3861 2675 3916 hoc
2702 3861 2975 3930 praesumit
3035 3876 3216 3932 agerc,
3277 3860 3366 3916 hic
3391 3861 3538 3931 juste
3591 3875 3718 3916 san-

2146 3953 2474 4010 etiﬁcabitur
2505 3951 2731 4008 :Omnis
2755 3951 2956 4022 quippe
2988 3951 3081 4006 Dei
3112 3954 3559 4006 commemoratio
3597 3965 3721 4004 san-

2145 4047 2532 4102 ctiﬁcationem
2563 4052 2810 4116 praestat,
2830 4043 2972 4114 quod
2998 4053 3224 4099 testatur
3255 4042 3471 4104 Pauius,
3489 4043 3676 4098 dicens
3702 4059 3716 4094 :

2146 4138 2282 4202 Quia
2313 4138 2480 4191 omnis
2505 4145 2748 4190 creatura
2781 4135 2875 4190 Dei
2913 4136 3067 4200 bona,
3103 4147 3150 4189 et
3209 4135 3339 4188 nihil
3378 4135 3718 4205 reﬁciendum

2145 4229 2282 4299 quod
2299 4243 2416 4280 cum
2443 4224 2750 4298 'gratiarum
2783 4227 2990 4279 actione
3040 4227 3328 4296 percipitur
3369 4226 3434 4278 ³⁶.
3467 4225 3720 4296 Sanctiﬁ-

2145 4330 2300 4375 catur
2347 4327 2527 4374 autem
2581 4333 2681 4388 per
2722 4317 2946 4372 verbum
2981 4316 3076 4372 Dei
3130 4327 3184 4371 et
3237 4317 3563 4372 orationem.
3613 4315 3721 4374 Sed

2147 4427 2270 4466 eum
2305 4409 2437 4464 dicit
2484 4417 2793 4476 tangentem
2836 4407 3184 4471 sanetiﬁrari,
3246 4407 3403 4476 plane
3457 4407 3718 4470 ostendit,

539 4499 741 4570 Absque
808 4503 1095 4572 fermento,
1159 4514 1207 4558 et
1281 4508 1543 4572 ronmlet,
1603 4510 1658 4562 in
1721 4509 1834 4564 loco
1883 4530 2042 4566 sanc-
2075 4479 2116 4532 ί)
2146 4503 2272 4572 quia
2301 4501 2354 4554 in
2389 4500 2715 4570 disputando
2747 4499 2812 4552 110
2850 4497 2978 4564 Deo,
3012 4498 3063 4552 id
3087 4509 3170 4554 est
3200 4499 3254 4552 in
3291 4498 3582 4569 theologia,
3609 4498 3723 4552 suf-

467 4593 633 4644 tuarii
681 4593 1028 4648 tabernaculi.
1079 4595 1198 4651 Non
1259 4599 1515 4668 coquitur
1571 4616 1696 4655 cum
1772 4601 2040 4660 fermento

468 4679 585 4746 Dei,
637 4699 812 4753 neque
858 4687 1156 4742 secundum
1209 4688 1491 4744 Judaicam
1549 4693 1876 4762 doctrinam,
1943 4711 2041 4750 ne-

464 4787 570 4842 que
640 4774 941 4828 secundum
1006 4777 1205 4846 gentile
1267 4778 1594 4833 fermentum
1651 4799 1666 4836 :
1719 4781 1846 4849 quia
1926 4797 2036 4835 non

465 4865 702 4920 vultnos
729 4867 949 4922 verbum
967 4867 1134 4937 loqui,
1171 4869 1264 4922 sed
1299 4879 1358 4924 ut
1413 4870 1615 4925 munda
1663 4870 1736 4924 sit
1764 4871 1833 4926 ab
1886 4872 2034 4926 omni

462 4953 835 5022 ρει-1018111100,
869 4965 919 5010 01
945 4957 1148 5025 absque
1175 4959 1324 5011 omni
1378 4958 1664 5014 fermento.
1690 4960 1913 5015 Comedi
1939 4977 2040 5014 au-

464 5051 570 5096 tem
607 5043 750 5097 illam
783 5045 834 5098 in
861 5046 998 5099 atrio
1022 5045 1354 5102 tabernaculi
1417 5048 1712 5102 testimonii
1756 5050 2035 5119 praecepit.

465 5133 660 5199 idest,
728 5135 940 5204 operari
997 5137 1054 5190 in
1103 5137 1360 5193 Ecclesia.
1415 5138 1850 5194 Tabernaculum
1892 5141 2037 5196 enim

466 5227 781 5291 testimonii,
814 5229 1012 5284 00011110
1048 5239 1150 5294 081,
1188 5231 1242 5286 111
1284 5248 1393 5302 quo
1429 5233 1572 5302 quod
1635 5233 1842 5288 habitet
1870 5233 2036 5296 Deus,

465 5316 743 5386 Scriptura
769 5327 1018 5374 testatur.
1041 5322 1278 5376 .Atrium
1318 5332 1498 5378 autem
1525 5322 1859 5377 tabernaculi
1884 5325 2040 5378 testi-

463 5407 650 5472 monii,
679 5407 729 5462 id
749 5417 846 5464 ‘cst
878 5411 1023 5475 coeli,
1053 5413 1300 5468 Ecclesia
1331 5423 1436 5476 est,
1500 5429 1610 5468 non
1657 5415 1832 5468 solum
1891 5415 2039 5472 sicut

460 5495 736 5562 introitus,
767 5508 824 5554 et
851 5500 1176 5556 vestibulum
1212 5504 1495 5567 caelorum,
1529 5503 1626 5558 sed
1650 5504 1811 5558 etiam
1841 5521 2036 5575 quem-

459 5588 750 5644 admodum
796 5591 990 5646 domus
1057 5593 1172 5648 Dei.
1228 5593 1305 5649 lbi
1345 5610 1493 5665 ergo,
1551 5593 1602 5649 id
1658 5604 1760 5656 est,
1813 5596 1866 5650 in
1943 5613 2028 5662 ea,

550 5725 590 5756 ²¹
627 5723 645 5777 1
683 5725 808 5778 Cor.
863 5743 984 5791 xm,
1036 5731 1120 5786 ll).

1249 5733 1290 5764 δ’
1314 5731 1457 5784 Ρ8111.
1489 5747 1650 5795 cxvii,
1685 5732 1774 5786 ‘27.

461 5794 504 5828 ³⁸
535 5793 551 5846 1
587 5795 726 5849 Tim.
791 5799 933 5862 11’,‹1.

1855 5735 1896 5765 ³³
1930 5733 2138 5790 Ccloss.
2177 5752 2284 5798 MV,
2321 5736 2404 5789 15.

2149 4594 2261 4648 ﬁcit
2295 4592 2452 4647 nobis
2483 4591 2645 4646 etiam
2699 4598 2906 4644 tantum
2969 4599 3208 4661 tangere,
3261 4590 3716 4662 quemmhnoduzn

2149 4685 2270 4754 igne
2289 4683 2382 4752 qui
2404 4680 2788 4746 vultcaleﬁeri,
2808 4697 2931 4734 nam
2959 4680 3448 4734 81101011118111111111
3476 4695 3715 4740 1011111101,

2148 4792 2246 4845 pro
2281 4791 2346 4828 eo
2373 4775 2517 4843 quod
2543 4773 2720 4842 potuit
2754 4771 2987 4827 caleﬁeri
3034 4772 3392 4827 comburitur.
3421 4773 3512 4824 Sic
3535 4779 3588 4823 et
3626 4773 3717 4839 qui

2147 4866 2492 4936 profundius,
2526 4865 2610 4920 vel
2635 4865 2796 4920 altius
2826 4865 2892 4919 de
2927 4865 3037 4919 Deo
3093 4865 3370 4934 diSputarc
3419 4863 3716 4932 praesumit,

2149 4971 2246 5025 pro
2269 4971 2334 5009 eo
2355 4956 2499 5025 quod
2523 4956 2814 5026 gloriosius
2839 4955 2968 5024 quid
3010 4955 3120 5009 vult
3153 4954 3462 5010 ostendere.
3509 4953 3560 5004 in
3609 4952 3720 5006 l,la-

2147 5045 2446 5114 sphemiam
2471 5047 2636 5110 cadit,
2686 5047 2813 5100 dum
2857 5044 3322 5114 comprehendere
3375 5043 3716 5098 altitudinem

2147 5139 2455 5192 divinorum
2483 5139 2795 5208 dogmatum
2832 5155 2938 5192 non
2983 5139 3173 5206 possit.

2221 5230 2378 5286 Vens.
2408 5233 2593 5286 19-25.
2625 5250 2643 5282 1
2669 5231 2731 5284 Et
2753 5233 2965 5285 locutus
2999 5240 3078 5284 est
3109 5229 3372 5290 Dominus
3403 5231 3466 5285 ad
3503 5231 3715 5304 Moysen

2143 5323 2376 5378 dicens:
2421 5319 2546 5375 11100
2574 5331 2657 5374 est
2711 5319 2912 5374 oblatio
2935 5319 3114 5372 Aaron
3174 5329 3245 5374 rt,
3288 5319 3518 5376 ﬁliorum
3573 5323 3714 5392 ejus,

2141 5430 2304 5486 quam
2327 5413 2526 5470 otTerre
2556 5412 2756 5466 debent
2787 5409 3014 5466 Domino
3073 5411 3128 5466 in
3169 5411 3256 5467 die
3283 5413 3561 5469 unctionis
3580 5429 3713 5486 snze.

2141 5507 2417 5562 Deeimam
2441 5515 2650 5578 partem
2683 5504 2806 5574 ephi
2834 5504 3065 5560 olTerent
3117 5507 3308 5562 similae
3356 5507 3411 5562 in
3448 5499 3716 5565 sacriﬁcio

2138 5599 2492 5668 sempiterno,
2513 5597 2752 5652 medium
2782 5597 2900 5666 ejus
2917 5611 3097 5662 mane,
3123 5607 3178 5653 et
3216 5599 3453 5654 medium
3483 5602 3600 5672 ejus
3627 5618 3716 5656 ve-

2481 5735 2524 5768 ³³
2566 5733 2696 5797 11110,
2738 5731 3116 5799 Eeeli.ttt,55.
3191 5737 3234 5768 ³⁵
3271 5737 3410 5792 Psal.
3451 5753 3596 5800 xux,
3625 5736 3710 5791 i6.
