4076 6188
408 286 510 356 851

1524 283 1534 293 ’
1619 298 1978 363 HESYCHII
2018 300 2488 369 PRESBYTER!

3581 305 3688 373 852

408 413 590 474 apere,
636 418 757 475 qua
784 405 841 460 in
901 408 1176 480 sartagine
1211 408 1334 467 oleo
1398 426 1693 483 conspersa
1747 412 1986 484 trigetur.
2023 423 2070 477 Α
2166 420 2296 473 lltcc
2312 429 2492 475 autem
2530 422 2587 476 in
2631 424 2907 493 sartagine
2957 420 3070 476 oleo
3108 435 3387 490 conspersa
3439 419 3684 490 frigetur.

407 497 612 555 Oﬁ'eret
629 506 813 557 autem
844 513 963 554 eam
990 498 1221 555 calidam
1266 499 1323 554 in
1353 501 1576 556 odorem
1608 502 1993 558 suavissimum

408 588 642 647 Domino
661 591 936 655 sacerdos,
967 591 1061 661 qui
1090 592 1231 663 patri
1263 593 1388 664 jure
1426 596 1773 663 successerit,
1805 603 1861 651 et
1883 604 1995 652 tota

408 683 746 737 cremabitur
776 683 829 736 in
864 682 1041 737 altari.
1073 681 1249 739 Omne
1288 686 1434 740 ettim
1458 686 1784 743 sacriﬁcium
1810 705 1995 744 sacer-

408 774 598 827 dotum
629 772 752 845 igne
774 783 1152 843 consumetur,
1200 790 1305 831 nec
1322 778 1612 848 quisquam
1646 780 1897 835 comedet
1929 795 1996 835 ex

411 877 497 918 eo.
535 880 553 914 ι

480 950 655 1006 Omne
683 951 1008 1008 sacriﬁcium
1026 952 1171 1025 quod
1200 956 1265 1011 ad
1296 958 1593 1013 sacerdotis
1619 959 1853 1014 refertur
1875 973 1998 1029 per-

410 1050 626 1104 sonam,
659 1040 940 1115 Unigeniti
977 1047 1225 1103 sacriﬁcii
1250 1048 1476 1120 ﬁguram
1516 1051 1675 1120 gerit,
1716 1052 1857 1106 sicut
1900 1067 1999 1121 per

413 1144 738 1209 praesentem
769 1137 1177 1195 demonstratur
1207 1140 1417 1213 legem;
1450 1143 1524 1197 ait
1554 1144 1702 1199 enim
1734 1160 1747 1196 :

483 1226 552 1280 Et
586 1227 789 1282 locutus
821 1239 895 1283 est
938 1230 1191 1285 Dominus
1245 1233 1316 1287 ad
1353 1230 1564 1303 Moysen
1611 1233 1834 1289 dicens:
1874 1234 1999 1290 Htcc

413 1330 489 1373 est
532 1319 729 1375 oblatio
758 1322 939 1377 Aaron
996 1334 1043 1378 et
1065 1323 1299 1394 ﬁliorum
1329 1326 1463 1395 ejus,
1491 1343 1650 1397 quam
1678 1325 1862 1396 offerre
1906 1328 1998 1382 de-

415 1415 531 1470 bent
559 1414 784 1472 Domino
815 1417 868 1471 in
893 1418 975 1472 die
1000 1420 1262 1474 unctionis
1283 1434 1412 1474 sure.
1443 1420 1734 1476 Multorum
1776 1423 1997 1492 quidem

415 1508 766 1563 sacerdotum
808 1510 913 1564 hoc
951 1510 1156 1565 donum
1179 1521 1281 1572 est,
1339 1512 1417 1566 ait
1459 1513 1661 1583 quippe
1715 1514 1895 1569 Aaron
1946 1524 2001 1570 et

416 1595 648 1651 ﬁliorum
670 1600 820 1668 ejus;
850 1600 946 1654 sed
976 1614 1087 1655 uno
1125 1615 1291 1656 uncto
1361 1602 1607 1669 oﬁ'ertur,
1666 1605 1794 1674 quia
1822 1608 2002 1663 omnis

419 1689 713 1742 sacerdotii
768 1689 948 1762 imago
1031 1701 1085 1746 et
1155 1691 1401 1758 ﬁrmitas,
1456 1693 1570 1749 sive
1623 1696 1997 1763 subsistentia,

417 1778 633 1834 Christi
654 1779 984 1836 sacriﬁcium
1014 1792 1131 1837 est:
1171 1784 1291 1853 ipso
1341 1786 1488 1839 enim
1529 1787 1644 1841 solo
1672 1788 1856 1842 oblato
1908 1804 2005 1859 per

421 1877 597 1925 totum
637 1881 741 1926 est.
772 1873 839 1928 Et
865 1875 1084 1945 quando
1118 1883 1297 1930 actum
1342 1877 1470 1932 est?
1523 1876 1580 1932 in
1627 1878 1711 1933 die
1746 1883 2006 1936 unctionis

419 1961 561 2029 ejus,
588 1960 640 2016 id
670 1971 753 2017 est
783 1970 1028 2034 tempore
1049 1981 1158 2034 quo
1177 1966 1493 2024 incarnatus
1510 1982 1622 2025 est:
1656 1974 1840 2028 unctio
1860 1976 2002 2029 enim

421 2046 475 2103 in
514 2049 787 2122 Unigeniti
813 2056 1372 2122 personaincarnatio
1410 2061 1628 2116 dicitur.
1669 2062 1744 2118 De
1771 2082 1878 2135 qua
1930 2067 2006 2121 ait

419 2139 617 2195 Petrus
660 2157 674 2195 :
713 2142 893 2197 Jesum
946 2144 1311 2214 Nazarenam,
1389 2155 1647 2222 quomodo
1695 2170 1812 2207 eum
1854 2158 2001 2211 unxit

421 2228 560 2285 Deus
591 2232 796 2302 Spiritu
829 2246 1013 2291 sancto
1033 2248 1083 2291 et
1114 2240 1306 2294 virtute
1340 2241 1403 2294 ".
1429 2241 1551 2298 Haec
1580 2262 1709 2301 vero
1731 2249 2005 2314 quomodo

421 2330 515 2375 aut
539 2324 758 2391 quando
783 2325 923 2380 facta
970 2327 1079 2383 sint
1124 2328 1341 2386 Gabriel
1368 2330 1552 2388 Maria:
1575 2336 1747 2391 dixit:
1778 2337 2005 2408 Spiritus

420 2422 658 2479 sanctus,
690 2415 1306 2487 inquiens.supervcniet
1341 2423 1463 2478 inte
1481 2434 1529 2478 et
1564 2426 1728 2482 virtus
1751 2429 2005 2485 Μηδείηιί

422 2502 756 2559 obumbrabit
785 2509 878 2561 tibi
924 2509 989 2563 ³⁸.
1047 2509 1203 2568 Unde
1253 2514 1422 2570 David
1472 2518 1608 2573 dixit
1649 2539 1662 2573 :
1720 2520 2005 2592 Propterea

423 2594 573 2648 unxit
593 2604 641 2649 te
664 2596 799 2651 Deus
831 2598 967 2652 Deus
994 2608 1112 2656 tuus
1148 2602 1261 2658 oleo
1287 2605 1510 2672 lwtitia',
1541 2626 1651 2679 pra:
1680 2614 2031 2670 consortibus.

422 2686 525 2740 tuis
552 2687 616 2742 ⁸³.
645 2690 999 2759 Apertissime
1030 2695 1420 2768 interpretans,
1454 2704 1601 2773 quod
1633 2716 1779 2761 esset
1805 2710 2005 2765 sancti-

422 2780 693 2841 ﬁcationis
722 2786 926 2852 oleum,
961 2790 1087 2859 quin
1117 2808 1229 2848 non
1283 2806 1431 2852 esset
1464 2798 1641 2855 simile
1676 2802 1800 2858 huic
1858 2804 2002 2869 oleo,

420 2888 530 2944 quo
553 2891 745 2933 omnes
762 2880 1096 2947 sacerdotes,
1127 2892 1184 2939 et
1214 2900 1392 2956 reges,
1428 2897 1484 2943 et
1512 2893 1797 2960 propheta!
1832 2911 2003 2964 unge-

420 2965 638 3023 bantur.
677 2968 903 3041 Propter
927 2975 1074 3041 quod
1108 2976 1222 3033 ait:
1252 2978 1375 3035 Prw
1403 2984 1752 3053 participibus
1777 2988 1904 3045 tuis.
1949 2990 2000 3043 il

2097 507 2441 583 Sartaginem
2466 512 2683 570 Domini
2710 530 2953 579 crucem,
2983 522 3178 584 utpote
3225 513 3449 579 fortem,
3475 523 3529 569 et
3547 513 3686 568 nihil

2096 600 2166 656 ab
2183 601 2307 673 igne
2328 604 2693 661 humanorum
2722 616 3070 676 peccatorum
3096 604 3492 674 kesam,accipi
3520 619 3677 674 opor-

2099 701 2213 749 tet:
2244 711 2365 765 quaa
2416 698 2580 752 etiam
2653 698 3135 770 superimpositam
3186 696 3523 752 Dominiram
3568 712 3691 751 car-

2096 802 2244 852 nem.
2274 790 2523 845 esibilem
2554 791 2868 846 hominibus
2894 790 3152 846 reddidit.
3171 789 3285 844 Nisi
3310 789 3460 844 enim
3487 805 3688 859 super-

2097 876 2349 947 imposita
2380 879 2573 936 fuisset
2624 882 2796 945 cruci,
2833 896 2936 936 nos
2973 896 3175 950 corpus
3216 880 3420 935 Christi
3480 895 3688 949 nequa-

2097 984 2261 1039 quam
2293 972 2522 1042 mystice
2553 973 3008 1041 pcrecpissemus.
3072 971 3201 1026 llaec
3251 970 3375 1026 oleo
3423 986 3689 1040 consper-

2098 1063 2263 1133 gitur,
2291 1064 2417 1134 quia
2445 1065 2590 1120 enim
2622 1065 2783 1120 nobis
2823 1079 3145 1136 compassns
3199 1073 3287 1117 est
3308 1062 3689 1133 impassibiiis,

2098 1153 2408 1223 passionem
2438 1155 2700 1210 sustinuit
2720 1156 2921 1211 carnis.
2958 1154 3182 1209 Addidit
3219 1164 3403 1208 autem
3458 1162 3509 1207 et
3565 1170 3692 1207 con-

2098 1262 2358 1315 spersam,
2382 1247 2529 1316 quod
2564 1243 2705 1301 LXX
2739 1248 2818 1303 sic
2864 1247 3192 1302 ediderunt:
3226 1244 3580 1315 Conspersam
3611 1248 3691 1318 of-

2102 1340 2232 1406 feret
2262 1356 2383 1392 eam
2412 1339 2672 1394 buccellas
2701 1340 3024 1409 sacriﬁcium
3063 1339 3187 1393 boni
3225 1339 3402 1393 odoris
3438 1338 3689 1402 Domino,

2102 1430 2691 1501 odoremconspersam
2731 1432 2980 1486 eamdem
3014 1430 3264 1485 dicentes
3296 1430 3590 1485 buccellas.
3623 1431 3697 1485 Et

2104 1515 2377 1579 hucceilas
2398 1523 2621 1592 quidem
2650 1522 2856 1577 dixisse
2893 1521 3296 1591 intelliguntur,
3324 1528 3513 1590 utpote
3547 1521 3691 1575 mul—

2105 1614 2366 1684 tipliciter
2399 1612 2786 1682 procedentem
2825 1619 3050 1681 propter
3070 1610 3357 1680 passiones
3385 1625 3484 1679 per
3508 1619 3695 1679 partes

2037 1757 2075 1810 B
2107 1707 2522 1778 provenientes;
2556 1720 2909 1775 conspersam
2943 1713 3153 1768 autem,
3192 1711 3384 1772 utpote
3425 1702 3479 1754 in
3517 1717 3687 1754 unum

2109 1799 2410 1862 collectam,
2443 1797 2587 1852 unde
2619 1813 2719 1867 pro
2753 1795 2996 1850 buccetlis
3020 1794 3380 1865 Symmachus
3406 1792 3693 1847 dilatatam

2107 1889 2305 1955 edidit;
2342 1887 2590 1958 quaedam
2622 1895 2805 1941 autem
2835 1884 3146 1956 ἀντίγραφα
3169 1883 3331 1938 electa
3358 1883 3580 1943 habent.
3635 1882 3692 1935 id

2107 1991 2191 2038 est
2222 1982 2527 2052 complexa,
2560 1979 2687 2050 quia
2723 1979 2959 2033 invicem
3028 1978 3128 2031 sibi
3163 1978 3446 2031 coitmrent
3479 1978 3695 2045 passio-

2062 2127 2066 2130 .
2107 2091 2205 2129 nes
2238 2074 2473 2129 Domini.
2509 2072 2664 2127 Unde
2694 2072 2885 2125 eadem
2914 2080 2971 2124 et
3007 2087 3075 2124 ex
3126 2069 3396 2138 partibus,
3423 2083 3516 2122 seu
3556 2083 3697 2121 con-

2106 2164 2489 2224 fractionibus,
2522 2162 2830 2217 secundum
2858 2160 3247 2230 prredirtorum
3293 2156 3433 2212 LXX
3490 2157 3691 2212 editio-

2107 2271 2254 2320 nem,
2285 2270 2410 2308 esse.
2440 2255 2518 2308 ait
2551 2253 2829 2323 lcgislator
2880 2252 2980 2305 has
3029 2251 3437 2305 ctmiractiones
3491 2264 3692 2318 procc-

2106 2348 2321 2411 dentes,
2354 2360 2452 2416 per
2479 2354 2663 2415 partes
2693 2343 2975 2413 passiones
3015 2342 3364 2413 intelligens:
3403 2340 3565 2395 Omne
3588 2356 3694 2393 au-

2108 2450 2212 2495 tem
2242 2442 2338 2492 hoc
2366 2437 2688 2505 sacri/icium
2719 2445 2793 2488 est
2855 2434 3160 2488 suavissimi
3224 2434 3401 2486 odoris
3447 2432 3693 2485 Domino.

2109 2531 2343 2586 [inmani
2377 2530 2580 2601 quippe
2607 2528 2823 2599 generis
2850 2527 3081 2581 salutem
3141 2525 3422 2595 prsestitit,
3450 2525 3550 2578 hac
3587 2539 3692 2577 an-

2108 2634 2215 2681 tem
2252 2624 2378 2687 Deo,
2402 2630 2588 2692 utpote
2618 2621 2861 2676 Creatori
2896 2628 3127 2682 naturae,
3164 2617 3300 2671 nihil
3335 2627 3417 2672 cst
3444 2616 3691 2671 suavius.

2105 2716 2188 2771 Ad
2215 2716 2475 2781 majorem
2512 2722 2695 2767 autem
2735 2709 3199 2780 explanationem,
3228 2707 3374 2776 quod
3410 2705 3695 2776 L‘nigeniti

2105 2805 2433 2862 sacriﬁcium
2464 2803 2752 2873 signiﬁcet,
2795 2800 3016 2854 intende
3040 2799 3171 2869 quid
3203 2797 3468 2857 subdidit,
3496 2794 3695 2850 Sacer-

2104 2899 2197 2951 dos
2226 2897 2316 2966 qui
2338 2896 2481 2964 patri
2514 2895 2630 2957 iure
2652 2893 2921 2947 successit.
2971 2891 3125 2957 Quod
3184 2888 3543 2959 Septuaginta
3616 2889 3697 2942 ita

2107 2988 2400 3045 ediderunt
2428 3005 2441 3040 :
2473 2987 2718 3042 sacerdos
2763 2994 2948 3038 unctus
3002 2999 3097 3053 pro
3122 2998 3182 3035 eo
3206 2998 3270 3035 ea:
3291 2981 3421 3050 [iliis
3450 2981 3566 3049 cjus
3607 2982 3697 3049 {a-

420 3066 505 3113 est
538 3072 705 3129 super
739 3061 1032 3133 participes
1057 3072 1198 3121 tuos.
1227 3066 1531 3141 Participes
1551 3084 1736 3134 autem
1758 3078 2006 3147 ejus,ant
2034 3085 2077 3143 c
2111 3082 2207 3135 ciet
2224 3097 2311 3146 ea,
2334 3080 2461 3150 quia
2490 3078 2711 3149 quidem
2734 3077 2987 3132 Christus
3019 3085 3070 3129 ct
3119 3074 3281 3129 Jesus
3334 3084 3440 3136 est,
3488 3071 3697 3127 Paulus

419 3157 643 3217 propter
672 3164 912 3218 carnem,
936 3164 1031 3210 aut
1048 3167 1273 3227 propter
1301 3159 1539 3231 Spiritus
1565 3170 2003 3226 communionem

421 3240 595 3294 sancti
629 3250 779 3296 sunt.
806 3241 964 3299 Unde
1024 3244 1228 3305 Paulus
1266 3250 1398 3307 dicit
1436 3253 1771 3326 :Participes
1828 3272 2005 3316 autem

420 3326 618 3383 Christi
651 3329 816 3401 eﬁ‘ecti
854 3349 1056 3399 sumus,
1119 3338 1166 3392 si
1213 3348 1392 3396 tamen
1429 3344 1642 3400 initium
1699 3349 2006 3407 substantia:

418 3419 533 3486 eius
567 3438 728 3493 usque
748 3425 820 3478 ad
861 3424 1020 3494 ﬁnem
1070 3428 1286 3497 ﬁrmum
1347 3434 1665 3493 retineamus
1691 3438 1759 3494 ‘°.
1829 3442 2000 3508 Quam

419 3527 550 3584 ergo
578 3513 933 3583 oblationem,
966 3534 1091 3574 cum
1125 3522 1381 3579 sacerdos
1400 3536 1601 3583 unctus
1655 3530 1838 3596 fuerit,
1883 3546 2001 3604 post

421 3602 855 3697 incarnationem
884 3609 1340 3679 videlicctVerbi,
1364 3616 1639 3689 iegislator
1665 3622 1846 3678 oﬁ‘erri
1866 3602 2004 3697 prae-

421 3695 608 3765 cepit?

498 3786 766 3843 Decimam
788 3799 994 3856 partem
1026 3795 1143 3860 ephi
1181 3796 1397 3867 offerent
1448 3802 1640 3858 sintin
1659 3805 1713 3859 in
1742 3809 2004 3878 sacri/icio

418 3880 753 3947 sentpiterno,
783 3884 1010 3939 medium
1039 3887 1153 3957 ejus
1182 3906 1355 3956 mane,
1415 3902 1463 3947 et
1496 3896 1725 3953 medium
1746 3900 1862 3970 ejus
1917 3920 2003 3958 ve-

420 3972 733 4042 spere,qua:
769 3972 824 4027 in
855 3978 1123 4047 sartagine
1176 3980 1289 4035 oleo
1323 3998 1602 4055 conspersa
1630 3988 1875 4060 ft'igetur.
1897 3994 2003 4050 Sed

422 4060 695 4117 decimum
723 4065 942 4134 quidem
966 4069 1093 4137 ephi
1138 4071 1352 4140 similae,
1400 4091 1525 4134 esse
1570 4078 1845 4153 Unigeniti
1898 4087 2002 4142 hu-

423 4158 744 4209 manitatem
772 4155 826 4210 in
847 4158 1223 4227 superioribus
1271 4173 1551 4223 ostensum
1609 4180 1713 4236 est,
1772 4190 1895 4230 cum
1948 4189 2005 4234 ct

423 4243 574 4334 ephi,
605 4253 795 4313 utpote
821 4262 1147 4323 mensuram
1207 4262 1318 4308 tres
1355 4270 1641 4327 mensuras
1669 4265 1998 4334 capientem.

423 4332 748 4425 Trinitatem
780 4351 900 4391 esse
934 4348 1079 4393 recte
1128 4339 1385 4399 diximus.
1421 4347 1478 4401 Si
1504 4360 1689 4406 autem
1713 4332 1841 4425 ephi
1893 4332 2002 4416 Dos

2108 3175 2301 3245 probat
2327 3173 2516 3241 dicens
2543 3189 2555 3225 :
2594 3169 2758 3223 Nobis
2782 3186 2917 3221 unus
2969 3167 3222 3220 Dominus
3247 3166 3401 3220 Iesus
3426 3164 3692 3224 Christus.

2108 3282 2200 3334 per
2226 3281 2377 3335 quem
2407 3263 2586 3316 omnia
2622 3262 2687 3315 δ’.
2721 3261 2858 3326 Quia
2889 3260 3037 3315 enim
3080 3275 3179 3328 per
3207 3259 3391 3312 Aaron
3422 3264 3530 3318 est,
3575 3272 3693 3311 non

2107 3356 2161 3411 in
2195 3356 2314 3410 loco
2338 3352 2649 3423 ipsins.scd
2682 3367 2779 3421 pro
2810 3368 2896 3417 eo,
2954 3350 3215 3404 translato
3251 3349 3303 3402 in
3338 3364 3397 3402 se
3436 3348 3696 3402 videlicet

2107 3448 2435 3509 sacerdotio,
2474 3446 2824 3500 manifestum
2864 3454 2950 3498 est
2989 3459 3054 3498 ex
3083 3459 3149 3498 eo
3186 3446 3331 3512 quod
3359 3442 3475 3511 ipse
3502 3457 3694 3495 sacer-

2105 3538 2313 3592 dotium
2369 3536 2698 3605 suscipiens,
2756 3534 2899 3589 illius
2962 3533 3251 3588 sacerdotii
3321 3532 3692 3587 ministerium

2108 3646 2320 3686 cessare
2347 3629 2498 3685 fecit.
2532 3628 2637 3683 Sed
2667 3636 2721 3683 et
2754 3626 2897 3697 quod
2920 3625 3232 3687 ediderunt,
3269 3638 3335 3677 ea:
3368 3622 3496 3690 ﬁliis
3529 3622 3644 3689 ejus
3673 3663 3690 3686 ,

2109 3737 2232 3776 esse
2269 3736 2334 3775 ex
2367 3723 2486 3790 ejus
2515 3721 2805 3789 ﬁliisjustc
2846 3716 3112 3778 creditur,
3140 3723 3330 3785 utpote
3356 3712 3449 3783 qui
3482 3727 3549 3766 ex
3597 3711 3693 3766 Ja-

2109 3813 2210 3869 cob
2233 3810 2533 3867 femoribus
2576 3809 2967 3871 descendebat,
3010 3806 3342 3862 beatissima:
3393 3804 3693 3860 Ccnitricis

2108 3903 2323 3959 Domini
2350 3918 2415 3957 ex
2448 3900 2640 3956 eadem
2676 3902 2821 3956 tribu
2884 3900 3027 3955 linea
3081 3898 3483 3953 descendente:
3544 3895 3691 3963 adji-

2106 3995 2369 4063 ciuntque
2395 3991 2640 4063 praedicti
2677 3989 3030 4061 Septuaginta
3068 4006 3081 4042 :
3137 3987 3247 4041 Lex
3306 3998 3555 4056 perpetua
3611 3994 3691 4038 cst

2108 4088 2350 4143 Domino.
2379 4085 2535 4152 Quod
2584 4084 2781 4139 iterum
2840 4081 3048 4136 Christi
3105 4079 3473 4135 sacerdotium
3539 4087 3691 4133 recto

2106 4180 2448 4247 intelligitur,
2471 4178 2599 4248 quia
2640 4177 2741 4247 ipsi
2769 4176 2976 4231 dictttm
3026 4182 3158 4229 est:
3205 4171 3284 4226 Tu
3330 4188 3384 4225 es
3432 4171 3689 4224 sacerdos

2104 4274 2163 4327 in
2199 4281 2454 4327 wternum
2506 4275 2791 4324 secundum
2830 4269 3063 4322 ordinem
3093 4263 3461 4320 Melchisedech
3490 4261 3556 4316 ".
3596 4261 3686 4314 Si-

2109 4365 2333 4435 mulque
2358 4373 2414 4419 et
2446 4362 2591 4433 quod
2620 4362 2688 4416 ad
2729 4361 3140 4415 conclusionem
3197 4356 3334 4426 legis
3388 4355 3555 4424 huius
3592 4369 3689 4409 se-

424 4424 560 4479 mini
583 4441 710 4526 caro
726 4442 868 4526 esse,
894 4439 1038 4526 utet
1061 4430 1364 4491 divinitatis
1407 4424 1873 4509 supereminentia
1904 4453 2002 4509 de—
2037 4426 2083 4482 θ
2110 4424 2316 4526 quitur,
2357 4424 2753 4509 intendendum
2786 4461 2889 4506 est.
2932 4450 2998 4505 Et
3019 4458 3129 4503 tota
3157 4424 3477 4501 cremabitur
3502 4447 3560 4499 in
3599 4444 3689 4498 al-

426 4525 783 4583 monstretur,
826 4519 1231 4594 Dominicazque
1265 4531 1447 4584 carnis
1478 4546 1602 4588 cum
1642 4551 1705 4591 ea
1733 4538 2004 4609 insepara-

424 4607 629 4672 bilitas,
665 4609 766 4663 hoc
819 4610 1177 4669 nihilominus
1209 4617 1261 4670 in
1305 4621 1632 4680 sacriﬁcium
1682 4607 2001 4701 perpetuum

427 4708 546 4764 est,
568 4700 695 4770 quia
729 4701 870 4756 sicut
898 4704 973 4758 ait
1007 4703 1242 4763 Pauius:
1286 4711 1397 4766 Una
1426 4716 1564 4768 enim
1592 4700 1853 4780 oblatione
1877 4745 2003 4783 con-

423 4789 708 4845 summovit
734 4791 789 4845 in
812 4793 1186 4862 sempiternum
1240 4802 1684 4871 sancti/iratos".
1744 4809 1896 4870 Unde
1949 4827 2006 4873 et

425 4880 637 4937 salvare
664 4883 716 4936 in
739 4892 1061 4954 perpetuum
1086 4895 1286 4957 potest,
1339 4894 1607 4952 accedens
1655 4916 1752 4970 per
1798 4919 2003 4963 semct-

426 4973 604 5043 ipsum
634 4973 701 5029 ad
719 4973 908 5030 Deum.

498 5065 732 5122 Medium
755 5078 933 5123 autem
966 5068 1080 5141 ejus
1122 5088 1295 5138 mane,
1327 5087 1375 5130 et
1395 5080 1623 5137 medium
1644 5083 1757 5153 ejus
1774 5103 2000 5160 vespere.

420 5148 581 5213 Mane
610 5159 792 5228 passio
817 5160 1106 5253 incipiens,
1141 5182 1208 5220 ex
1229 5182 1338 5236 quo
1386 5185 1511 5225 eum
1546 5173 1599 5227 in
1624 5148 1768 5233 atrio
1783 5148 2002 5253 Caiphze

425 5249 594 5344 alapis
616 5251 898 5308 «edebant
939 5243 1245 5327 alligantes,
1276 5275 1449 5331 usque
1473 5265 1538 5320 ad
1562 5282 1846 5338 vesperum
1873 5243 2002 5344 pro-

426 5341 590 5395 telata
623 5354 745 5409 est;
776 5347 1015 5402 tenebris
1049 5351 1196 5404 enim
1229 5368 1347 5407 eam
1379 5355 1855 5430 interpolantibus,
1877 5341 1945 5426 vet
1974 5386 2003 5424 a

426 5438 577 5493 sexta
605 5430 741 5486 hora
773 5449 941 5504 usque
982 5437 1049 5492 ad
1072 5455 1271 5494 nonam
1316 5442 1508 5509 factis.
1554 5456 1863 5511 necessarie
1913 5473 2002 5512 sa-

425 5519 689 5575 criﬁcium
715 5523 768 5577 in
806 5542 963 5581 mane
984 5538 1038 5583 et
1076 5546 1302 5602 vespere
1342 5535 1505 5593 dividi
1531 5520 1750 5597 dicitur.

526 5657 572 5731 f’
602 5656 721 5731 Act.
753 5676 808 5723 κ,
838 5660 933 5731 758.
1009 5665 1052 5697 ³⁸
1083 5664 1254 5731 Luca,
1286 5668 1375 5723 55.

526 5672 567 5689 σε
602 5672 721 5713 act.
753 5676 808 5723 κ,
845 5672 933 5715 58.
1009 5672 1052 5697 ³⁵
1083 5672 1254 5731 Luca,
1286 5672 1375 5723 55.
1454 5674 1497 5705 δ’
1524 5672 1665 5731 Psal.
1690 5695 1807 5733 κων
1858 5683 1911 5737 8.

425 5726 474 5761 ⁸⁸
502 5726 646 5783 Psal.
682 5744 788 5797 eux,
822 5730 873 5785 i.
950 5732 994 5763 δ”
1026 5734 1043 5789 l
1082 5737 1205 5789 Cor.
1247 5755 1304 5805 ιι,
1346 5740 1400 5794 8.
1814 5720 1827 5747 ’

2108 4548 2236 4602 tari.
2269 4544 2433 4600 Omne
2470 4544 2610 4598 enim
2666 4540 2984 4609 sacri/icium
3018 4538 3349 4592 sacerdotum
3397 4536 3514 4606 igne
3560 4550 3689 4587 con-

2107 4648 2343 4694 sumetur
2372 4650 2392 4689 :
2428 4651 2519 4688 nec
2554 4635 2835 4705 quisquam
2872 4630 3105 4685 comedet
3135 4645 3199 4683 ea:
3228 4644 3307 4681 eo.

2177 4730 2319 4797 Quid
2336 4744 2466 4800 ergo
2493 4742 2585 4797 per
2607 4727 2723 4781 haec
2739 4721 3149 4779 contestamur?
3171 4721 3277 4774 nisi
3308 4725 3367 4773 ut
3401 4734 3505 4773 non
3535 4717 3689 4772 dica-

2107 4834 2195 4880 tur
2226 4824 2294 4878 de
2328 4821 2557 4876 Domino
2590 4836 2603 4871 :
2632 4818 2757 4888 quia
2786 4817 2830 4871 is
2860 4816 2952 4885 qui
2983 4830 3049 4868 ex
3111 4813 3341 4868 muliere
3390 4821 3554 4866 natus
3578 4819 3685 4873 est,

2105 4932 2301 4987 passus
2332 4923 2417 4970 est
2444 4931 2457 4967 :
2480 4913 2572 4982 qui
2597 4921 2782 4966 autem
2848 4906 3131 4963 descendit
3165 4906 3232 4961 de
3261 4915 3422 4970 creto,
3487 4917 3684 4972 passus

2107 5024 2215 5063 non
2242 5013 2346 5061 est.
2377 5003 2540 5058 Nobis
2570 5003 2719 5057 enim
2750 5016 2882 5054 unus
2917 4998 3168 5052 Dominus
3216 4995 3374 5051 Iesus
3424 4994 3683 5056 Christus,

2105 5114 2200 5171 per
2227 5114 2380 5170 quem
2410 5095 2616 5157 omnia,
2646 5108 2809 5163 quem
2841 5091 2893 5145 hi
2919 5090 3009 5160 qui
3040 5087 3431 5144 cruciﬁxerunt
3452 5102 3563 5140 non
3588 5101 3684 5140 co-

2107 5197 2412 5263 gnotrerunt
2476 5186 2634 5257 cujus
2673 5192 2821 5239 esset
2852 5183 3132 5253 dignitatis
3193 5188 3359 5250 atque
3420 5178 3679 5233 virtutis:

2106 5280 2165 5336 Si
2202 5281 2341 5335 enim
2400 5278 2774 5350 cognouissent,
2828 5289 3099 5343 nunquam
3157 5271 3441 5325 Dominum
3500 5269 3686 5340 gloria:

2106 5369 2584 5440 cruci/inissent“.
2650 5358 2835 5436 Ipsius
2881 5380 3010 5435 ergo
3065 5374 3149 5418 est
3192 5361 3353 5416 Verbi
3417 5352 3721 5414 incarnati'

2106 5460 2307 5531 passio,
2334 5477 2453 5530 qua:
2479 5460 2730 5529 provenit
2761 5457 2813 5510 in
2831 5472 3017 5519 carne,
3049 5454 3404 5523 quamobrem
3438 5458 3549 5505 tota
3568 5465 3689 5505 cre-

2111 5553 2351 5608 mabitur
2383 5553 2436 5607 in
2476 5553 2654 5606 altari.
2690 5549 2867 5621 Ipsius
2899 5563 3028 5619 ergo
3084 5555 3189 5611 est,
3222 5546 3311 5617 qui
3348 5544 3685 5613 semetipsum

1989 5685 2031 5716 "
2058 5686 2223 5742 Hebr.
2260 5703 2339 5754 In,
2367 5688 2448 5743 id.
2525 5687 2569 5719 ⁵⁸
2598 5686 2760 5741 llebr.
2793 5701 2843 5750 ι,
2878 5684 2958 5737 Η.
3040 5679 3272 5736 “lCor.
3301 5694 3420 5744 \‘ttl,
3451 5677 3504 5731 6.
