4076 6188
406 302 514 366 853

1562 298 1641 357 ΙΝ
1686 296 2130 368 LEVlTlCUM.
2163 321 2238 333 -
2272 298 2421 357 LIB.
2464 297 2546 355 Il.

3566 290 3669 355 85%

406 425 570 471 totum
602 414 910 481 exinanivit,
938 422 987 469 et
1011 416 1243 486 formam
1284 414 1419 468 servi
1449 415 1669 482 accepit,
1696 424 1744 469 et
1795 415 1979 469 habitu
2014 418 2054 472 Α
2084 414 2455 480 Quamobrem
2514 422 2568 468 et
2615 410 2957 466 Theodotion
3007 424 3106 479 pro
3158 423 3224 464 eo
3251 408 3398 479 quod
3429 416 3513 462 est
3542 410 3669 478 oﬂ'e-

405 508 640 564 inuentus
695 518 770 563 est
828 516 884 562 ut
916 507 1125 571 homo;
1176 505 1577 577 humiliavitque
1623 508 1979 576 semetipsum,

403 596 641 655 obediens
672 603 843 672 factus
865 619 1025 673 usque
1052 603 1123 656 ad
1155 609 1395 667 mortem,
1419 609 1639 653 mortem
1660 610 1843 654 autem
1863 617 1985 653 cru-

406 692 479 745 cis
503 690 570 744 ‘5.
597 691 687 747 Sic
720 708 851 762 ergo
882 694 1139 763 intelligis
1163 701 1220 746 et
1244 693 1347 747 hoc
1377 693 1523 762 quod
1546 692 1743 747 dicitur
1772 709 1785 745 :
1822 694 1985 747 Omne

404 784 542 836 enim
564 784 884 853 sacri/icium
928 784 1260 838 sacerdotum
1311 784 1429 852 igne
1486 794 1839 843 consumetur,
1893 800 1985 836 nec

407 877 635 930 comedet
656 893 720 930 ea:
749 893 806 929 eo
830 876 1124 946 quisquam.
1155 875 1414 929 Eamdem
1446 874 1647 945 quippe
1678 876 1845 929 etiam
1870 875 1985 931 hsce

407 963 665 1017 virtutem
718 973 882 1033 atque
929 963 1289 1018 intentionem
1350 964 1586 1027 habent,
1642 966 1787 1020 unde
1836 982 1985 1018 omne

408 1054 727 1122 sacriﬁcium
806 1055 925 1125 igne
1008 1065 1374 1119 consumatur,
1436 1053 1579 1108 LXX
1640 1055 1900 1110 dixerunt
1967 1075 1981 1112 :

410 1142 793 1200 Holocaustum
821 1147 929 1217 ﬁet,
957 1146 1147 1216 Aquila
1177 1147 1371 1211 edidit,
1400 1148 1660 1217 integrum
1684 1150 1803 1202 erit.
1863 1149 1980 1202 Non

406 1254 535 1307 ergo
560 1238 809 1292 comedet
847 1253 910 1291 ex
940 1252 1007 1290 eo
1036 1237 1344 1306 quisquam,
1374 1237 1427 1291 id
1447 1243 1531 1291 est
1560 1252 1668 1291 non
1687 1237 1981 1302 dividetur,

407 1330 532 1398 quia
554 1328 798 1383 dentium
825 1327 1173 1381 estdividere
1206 1335 1261 1380 et
1290 1326 1477 1395 partiri
1520 1327 1693 1391 cibos,
1729 1344 1855 1381 cum
1884 1328 1984 1388 ali-

410 1429 490 1474 ter
519 1419 703 1472 mandi
726 1434 836 1472 non
867 1417 1094 1487 possint.
1119 1417 1321 1472 Christi
1350 1425 1530 1471 autem
1558 1418 1880 1473 sacrificium
1900 1418 1983 1472 in-

406 1511 670 1564 divisibile
710 1511 1143 1565 demonstratum
1175 1517 1280 1575 est,
1339 1516 1395 1564 et
1446 1519 1736 1580 propterea
1771 1510 1981 1566 comedi

405 1618 514 1657 non
552 1608 753 1672 potest.
858 1588 863 1593 ’

473 1692 636 1746 Vnus.
664 1691 757 1745 24.
791 1711 809 1743 ‹
856 1691 1091 1745 Locutus
1118 1700 1203 1745 est
1228 1690 1492 1747 Dominus
1529 1693 1597 1748 ad
1652 1693 1868 1765 Moysen
1894 1692 1980 1747 di-

404 1782 859 1851 cens:Loqucre
885 1782 1066 1835 Aaron
1104 1791 1159 1836 et
1220 1781 1350 1837 filiis
1412 1783 1552 1853 ejus,
1627 1783 1728 1839 ista
1753 1793 1832 1839 est
1892 1784 1980 1838 lex

406 1874 597 1929 hostire
626 1890 723 1943 pro
750 1882 973 1944 peccato
1015 1892 1030 1928 :
1063 1874 1123 1927 lu
1183 1875 1304 1930 loco
1337 1875 1428 1930 ubi
1464 1877 1696 1931 offertur
1721 1877 1983 1931 holocau-

390 1975 563 2028 stum,
607 1958 975 2019 immolabitur
993 1980 1175 2021 coram
1242 1966 1494 2033 Domino,
1543 1966 1825 2022 Sanctum.
1855 1982 1985 2022 san-

402 2066 612 2113 ctorum
665 2067 770 2113 est.
795 2056 1064 2114 Sacerdos
1100 2059 1194 2128 qui
1222 2058 1440 2124 offeret,
1493 2061 1743 2114 comedet
1808 2074 1872 2114 ea
1929 2059 1982 2113 in

401 2149 521 2204 loco
550 2159 740 2204 sancto
775 2149 830 2204 in
870 2150 1011 2204 atrio
1030 2151 1387 2206 tabernaculi.
1434 2150 1714 2221 Quidquid
1745 2150 1985 2222 tetigerit

402 2255 597 2295 carnes
624 2240 764 2308 ejus,
792 2240 1244 2295 sanctiﬁcabitur.
1302 2242 1358 2296 Si
1398 2242 1467 2296 de
1524 2242 1788 2313 sanguine
1842 2241 1987 2295 illius

403 2331 571 2385 vestis
600 2330 766 2384 fuerit
812 2346 1057 2400 aspersa,
1089 2331 1357 2385 Iavabitur
1391 2333 1446 2386 in
1478 2332 1596 2387 loco
1621 2341 1830 2393 sancto,
1890 2347 1986 2386 vas

403 2429 587 2474 autem
625 2420 787 2475 ﬁctile
815 2420 869 2473 in
905 2437 1014 2490 quo
1054 2430 1207 2476 cocta
1255 2431 1358 2488 est,
1385 2422 1775 2493 confringetur.
1827 2423 1984 2489 Quod

406 2513 452 2565 si
492 2528 584 2565 vas
603 2527 837 2577 aeneum,
869 2512 963 2567 def
966 2511 1224 2567 ricahitur
1245 2523 1300 2567 et
1318 2513 1586 2568 lavabitur
1615 2529 1774 2583 aqua.
1794 2513 1984 2568 Omnis

408 2603 682 2658 masculus
726 2602 794 2658 de
815 2619 1016 2673 genere
1056 2606 1379 2659 sacerdotali
1407 2613 1661 2660 vescetur
1724 2607 1983 2663 carnibus

404 2692 543 2763 ejus,
572 2693 697 2762 quia
722 2693 980 2747 Sanctum
1007 2703 1321 2748 sanctorum
1346 2704 1448 2752 est.
1483 2695 1669 2750 Hostia
1691 2697 1835 2751 enim
1863 2712 1983 2766 quae

406 2786 634 2840 caeditur
684 2801 783 2856 pro
850 2795 1101 2856 peccato,
1170 2787 1329 2855 cujus
1356 2788 1582 2859 sanguis
1635 2789 1869 2844 infertur
1926 2790 1980 2844 in

407 2877 816 2932 tabernaculum
889 2878 1188 2932 testimonii
1227 2878 1294 2932 ad
1359 2878 1694 2949 expiandum
1744 2879 1800 2934 in
1853 2896 1981 2935 san-

406 2969 634 3032 ctuario,
673 2985 778 3023 non
810 2969 1148 3035 comedetur,
1192 2969 1288 3024 sed
1305 2970 1658 3025 comburetur
1682 2972 1814 3042 igni.
1861 2990 1883 3024 ι

2085 523 2226 571 rens,
2261 507 2478 575 expians
2507 505 2697 568 edidit,
2735 503 2786 557 id
2814 511 2898 557 est
2924 501 3248 564 emundans,
3280 509 3335 555 et
3362 515 3460 570 per
3484 513 3667 554 sacer-

2085 599 2218 654 dotii
2269 599 2353 654 sui
2401 598 2785 660 ministerium,
2822 594 3125 666 perfectum
3176 593 3383 647 faciens
3416 607 3542 646 eum
3573 592 3667 662 qui

2084 690 2431 744 emundatur.
2468 688 2533 742 Et
2558 687 2832 758 quomodo
2880 700 2999 739 eam
3030 683 3325 738 manducet
3355 682 3608 737 Christus
3636 697 3666 737 a

2086 782 2205 837 loco
2266 795 2533 851 cognosce
2591 782 2645 833 in
2697 794 2806 847 quo
2864 775 3163 831 comedet:
3203 773 3267 827 In
3318 773 3430 827 loco
3462 783 3667 837 sancto,

2086 869 2141 920 in
2188 868 2327 919 atrio
2362 866 2707 920 tabernaculi.
2746 864 2840 919 Vel
2869 864 3011 919 sicut
3066 860 3208 916 LXX
3240 861 3546 924 ediderunt,
3605 861 3670 915 In

2068 960 2225 1017 atrio
2272 956 2600 1011 tabernaculi
2651 956 2950 1010 testimonii.
3000 952 3216 1008 Atrium
3252 960 3436 1007 autem
3482 952 3669 1007 taber-

2085 1048 2265 1104 naculi
2321 1047 2640 1111 testimonii,
2694 1046 2937 1101 Ecclesia
2997 1053 3119 1111 est;
3159 1041 3276 1114 ipsa
3302 1043 3504 1113 quippe
3538 1053 3668 1097 ante

2087 1141 2305 1202 coalum,
2367 1140 2565 1193 atrium
2646 1136 2982 1191 tabernaculi
3059 1134 3358 1189 testimonii
3414 1142 3520 1200 est,
3574 1134 3664 1187 ubi

2086 1233 2335 1288 Christus
2373 1231 2761 1302 paenitentiam
2787 1230 3018 1284 salutem
3050 1234 3330 1298 operatur,
3360 1242 3482 1297 quae
3515 1225 3664 1281 salus

2085 1325 2205 1395 ejus
2252 1326 2415 1379 etiam
2464 1324 2618 1378 cibus
2651 1323 2990 1392 appellatur:
3037 1320 3181 1374 Heus
3226 1320 3365 1373 enim
3394 1319 3537 1377 cibus
3568 1327 3664 1383 est,

2064 1417 2279 1487 ,iuquit,
2321 1426 2377 1470 ut
2415 1418 2613 1488 faciam
2640 1416 2962 1469 voluntatem
2996 1414 3178 1468 Patris
3211 1412 3666 1476 mei“,voluntas

2084 1516 2264 1562 autem
2294 1507 2413 1576 ejus
2443 1515 2529 1561 est
2568 1512 2626 1559 ut
2656 1513 2912 1575 peccator
2941 1512 3295 1560 convertatur
3320 1511 3373 1556 et
3405 1502 3665 1557 salvetur.

2085 1601 2311 1671 Insuper
2339 1600 2414 1654 ait
2437 1618 2450 1652 :

2154 1692 2422 1763 Quidquid
2492 1688 2728 1762 tetigerit
2785 1704 2969 1742 carnes
3025 1688 3169 1753 eius,
3223 1685 3663 1754 sanctiﬁcabitur.

2084 1782 2289 1839 Carnes
2336 1791 2522 1838 autem
2566 1781 2926 1851 prenitentise,
2970 1778 3324 1849 intelligimus
3370 1776 3661 1847 jejunium,

2083 1879 2319 1951 vigilias,
2394 1876 2671 1931 cilieinum
2746 1873 3149 1934 vestimentum,
3221 1884 3347 1924 cum
3413 1868 3667 1939 lacrymis

2083 1968 2424 2028 orationem,
2490 1965 2922 2034 eleemosynam;
2977 1976 3044 2016 ex
3112 1960 3199 2014 his
3253 1958 3402 2014 enim
3474 1957 3665 2013 censi-

2085 2061 2179 2115 stit
2226 2057 2567 2129 pmnitentia,
2617 2070 2738 2127 quae
2784 2054 2877 2125 qui
2936 2053 3126 2125 tangit,
3176 2060 3321 2107 recte
3354 2050 3665 2107 sanctiﬁca-

2084 2149 2253 2205 bitur.

2156 2240 2224 2293 Et
2249 2240 2295 2293 si
2321 2239 2384 2292 de
2404 2206 2659 2307 sanguine
2698 2235 2841 2313 illius
2874 2235 3030 2288 vestis
3062 2233 3221 2303 fuerit
3244 2248 3486 2302 aspersa,
3514 2231 3665 2285 lava-

2085 2331 2225 2383 bitur
2285 2330 2340 2383 in
2397 2329 2507 2382 loco
2557 2334 2761 2381 sancto.
2797 2324 3029 2394 Sanguis
3084 2323 3420 2394 poenitentiae
3445 2322 3666 2393 proprie

2085 2421 2387 2490 baptismus
2425 2429 2528 2485 est,
2570 2422 2697 2489 quia
2733 2418 2874 2472 sicut
2925 2416 3035 2471 vita
3101 2416 3282 2470 omnis
3332 2415 3513 2470 carnis
3537 2430 3667 2469 san-

2084 2513 2204 2583 guis
2238 2520 2339 2575 est,
2373 2511 2452 2567 sic
2477 2519 2533 2565 et
2562 2509 2898 2580 ptenitentite
2928 2509 3131 2569 donum
3163 2506 3440 2576 baptismi.
3474 2505 3666 2561 Omnis

2083 2604 2230 2659 enim
2285 2603 2378 2673 qui
2431 2602 2543 2672 agit
2595 2600 3011 2671 paenitentiam,
3074 2597 3120 2652 si
3175 2610 3285 2651 non
3361 2596 3667 2666 perceperit

2083 2696 2435 2765 baptismum,
2466 2692 2674 2747 inutilis
2724 2691 2845 2761 ejus
2888 2696 2972 2746 est
3014 2697 3070 2744 et
3109 2688 3228 2743 sine
3277 2687 3459 2757 aliquo
3515 2687 3668 2742 lucro

2085 2785 2404 2856 poenitentia
2460 2792 2784 2853 mortuaque
2813 2790 2867 2836 et
2897 2780 3204 2835 exanimis:
3255 2780 3382 2849 quia
3425 2787 3667 2834 veterem

2083 2877 2288 2948 peccati
2323 2876 2598 2931 hominem
2621 2889 2731 2929 non
2763 2874 2920 2927 aliter
2944 2872 3218 2942 quispiam
3250 2870 3357 2926 nisi
3388 2870 3669 2925 ablatione

2084 2964 2513 3039 regenerationis
2559 2963 2804 3034 deponit.
2834 2961 2989 3028 Quod
3032 2962 3077 3016 si
3105 2961 3260 3024 dicis,
3298 2969 3354 3015 et
3390 2959 3670 3030 quomodo

478 3060 613 3126 Quia
650 3076 757 3113 non
799 3060 1000 3117 frustra
1063 3060 1254 3115 eadem
1298 3061 1564 3115 sacriﬁcia
1605 3063 1824 3131 repetit,
1887 3078 1981 3117 su—
2013 3071 2055 3127 ο
2088 3056 2180 3128 qui
2263 3057 2392 3110 olim
2445 3054 2702 3125 baptisati
2775 3060 2906 3107 sunt
2965 3052 3237 3115 homines,
3286 3050 3669 3121 paenitentiam

408 3152 597 3221 perius
654 3152 910 3216 diximus,
964 3152 1185 3223 quodet
1231 3151 1286 3205 in
1348 3153 1713 3222 praesentibus
1753 3153 1986 3208 demon-

407 3251 636 3299 δικαίην.

478 3332 705 3387 Locutus
759 3343 832 3389 est
886 3334 1144 3390 Dominus
1167 3339 1234 3389 ad
1263 3339 1479 3407 Moysen
1501 3336 1697 3390 dicens.
1758 3335 1989 3407 Loquere

409 3425 590 3478 Aaron
616 3435 663 3478 et
678 3425 804 3493 ﬁliis
838 3426 971 3491 ejus.
1001 3425 1115 3480 Ista
1134 3436 1208 3480 est
1236 3426 1321 3481 lea:
1369 3426 1554 3481 hostire
1605 3443 1701 3495 pro
1750 3437 1983 3496 peccato.

412 3515 509 3570 Vel
532 3518 753 3586 peccati,
794 3517 872 3571 sic
899 3518 1117 3587 quidem
1146 3516 1490 3573 Theodotion
1522 3528 1579 3574 et
1625 3519 1988 3589 Symmachus

413 3606 726 3661 ediderunt.
756 3606 887 3673 Quae
924 3615 1008 3663 est
1061 3616 1245 3663 autem
1295 3609 1411 3664 haec
1459 3612 1581 3665 lex?
1620 3610 1686 3664 In
1731 3612 1841 3664 loco
1901 3612 1988 3666 ubi

413 3695 626 3765 offertur
652 3696 1041 3760 holocaustum,
1101 3697 1464 3752 immolabitur
1493 3716 1671 3754 coram
1732 3701 1983 3767 Domino,

414 3789 541 3858 quia
560 3786 813 3841 Sanctum
833 3795 1137 3841 sanctorum
1154 3797 1249 3842 est.
1267 3787 1560 3860 Propterea
1582 3793 1761 3846 Aaron
1785 3803 1839 3847 et
1862 3794 1987 3849 filiis

414 3880 531 3949 ejus
555 3879 814 3949 praedicta
847 3880 1194 3947 mandantur,
1253 3882 1379 3952 quia
1407 3882 1604 3939 oderre
1631 3901 1731 3955 pro
1760 3897 1987 3957 peccato

416 3971 764 4033 sacrificium,
795 3972 846 4026 id
876 3980 960 4027 est
980 3973 1378 4042 paenitentiam,
1413 3976 1727 4032 sublimium
1751 3988 1807 4034 et
1837 3997 1987 4035 sum-

418 4077 626 4116 morum
659 4069 761 4126 est,
789 4071 950 4132 atque
979 4079 1008 4117 a
1037 4073 1178 4119 terra
1232 4066 1660 4132 sublevatorum,
1702 4071 1846 4139 quod
1876 4088 1984 4127 non

418 4162 637 4223 praestat
678 4154 781 4208 nisi
811 4170 841 4207 a
873 4154 1013 4208 malo
1043 4156 1301 4214 recessio.
1336 4157 1473 4229 Ergo
1513 4160 1607 4214 ubi
1663 4162 1985 4220 holocausta

418 4245 785 4312 immolantur,
820 4248 894 4302 ibi
926 4257 981 4303 et
1012 4264 1131 4318 quae
1170 4265 1269 4319 pro
1300 4261 1525 4319 peccato
1565 4263 1694 4308 sunt
1721 4256 1984 4311 occidun-

418 4346 505 4390 tur
537 4353 549 4388 :
587 4337 714 4406 quia
748 4338 840 4408 qui
877 4338 1072 4393 oll'eret
1123 4341 1523 4409 paenitentiam,
1562 4344 1673 4413 jam
1741 4346 1986 4404 imitatur

417 4441 539 4479 eum
561 4426 650 4495 qui
677 4434 849 4480 totum
876 4428 1224 4497 semetipsum
1248 4431 1443 4486 obtulit
1470 4434 1577 4488 Deo
1598 4441 1653 4488 et
1673 4436 1988 4493 omnimodo

423 4518 645 4571 recessit
679 4534 709 4571 a
754 4520 953 4573 saeculo
978 4560 990 4584 ,
1034 4521 1180 4577 unde
1234 4532 1290 4577 et
1335 4524 1713 4581 holocaustum
1745 4529 1865 4598 ejus
1892 4545 1990 4600 ap-

427 4608 654 4676 pellatur
677 4612 1017 4666 conversatio
1059 4631 1072 4668 :
1103 4621 1158 4668 et
1180 4614 1461 4685 utriusque
1485 4618 1690 4672 oblatio
1747 4619 1803 4674 in
1851 4637 1988 4676 con-

423 4709 611 4768 spectu
640 4710 723 4756 est
751 4700 983 4768 Domini,
1027 4705 1226 4773 placita
1267 4706 1411 4762 enim
1435 4715 1521 4763 est
1570 4709 1705 4775 Deo,
1770 4714 1992 4782 quando

419 4792 719 4845 scentulum
770 4792 889 4861 ejus
943 4792 1301 4850 intentionem
1351 4797 1620 4852 offertur:
1677 4800 1757 4856 sic
1808 4810 1991 4858 autem

422 4882 615 4950 placita
644 4882 771 4949 Deo,
804 4885 1065 4940 Sanctum
1133 4897 1449 4943 sanctorum
1513 4901 1659 4946 recte
1718 4893 1990 4962 appellata

419 4981 499 5026 est
536 4990 549 5025 :
588 4974 632 5028 si
666 4975 812 5028 enim
846 4992 957 5031 non
990 4988 1135 5033 esset
1186 4988 1499 5034 sanctorum
1529 4991 1778 5037 sanctum
1814 4986 1993 5054 paeni-

422 5065 605 5119 tentia:
656 5065 1004 5134 sacrificium,
1073 5085 1352 5139 nunquam
1417 5070 1772 5140 pmnitentem
1817 5073 1992 5128 intro-

420 5156 662 5211 duxisset
688 5159 741 5212 in
777 5157 976 5214 Sancta
999 5169 1313 5216 sanctorum
1345 5180 1358 5216 :
1404 5177 1641 5232 eumque
1668 5180 1766 5234 per
1797 5181 1991 5236 pecca-

424 5255 558 5312 tum,
588 5248 731 5303 unde
761 5250 912 5319 prius
948 5251 1208 5321 expulsus
1241 5262 1346 5307 est.

492 5338 749 5393 Sacerdos
793 5343 882 5411 qui
936 5343 1131 5412 o/Teret,
1194 5346 1425 5398 comedet
1480 5361 1617 5399 eam.
1672 5344 1772 5413 Qui
1807 5347 2000 5405 olleret

419 5429 515 5494 ait,
577 5430 667 5485 hic
729 5440 910 5488 autem
967 5431 1219 5490 Christus
1265 5444 1369 5499 est,
1418 5435 1510 5506 qui
1561 5447 1746 5492 nostra
1776 5449 1997 5510 peccata

419 5521 684 5593 suscepit,
738 5531 993 5594 recteque
1047 5535 1286 5582 nostram
1354 5529 1548 5585 oll‘eret
1597 5531 1994 5601 paenitentiam.

490 5697 536 5730 "
576 5697 813 5770 l‘hilipp.
862 5720 919 5769 ιι,
946 5704 998 5769 7,
1030 5706 1079 5759 8.
1162 5704 1465 5770 "'Joan.1v,
1500 5706 1589 5761 54.

2094 3149 2296 3221 agent?
2325 3162 2611 3219 cognosce,
2633 3146 2758 3217 quia
2790 3146 2961 3200 virtus
2986 3143 3344 3215 praecedentis
3368 3142 3671 3213 baptisma-

2095 3242 2163 3297 tis
2192 3249 2451 3311 operatur
2493 3250 2548 3294 et
2597 3239 2648 3293 in
2681 3253 2742 3293 ea
2783 3253 2902 3308 qua:
2934 3245 3121 3307 postea
3153 3245 3270 3290 acta
3303 3235 3468 3291 fuerit
3496 3235 3672 3304 paeni-

2095 3332 2284 3386 tentia.
2344 3329 2471 3385 Iltec
2517 3345 2644 3399 ergo
2699 3339 2783 3384 est
2847 3328 3077 3383 intentio
3134 3327 3477 3398 legislatoris,
3542 3326 3670 3396 quia

2093 3421 2184 3491 qui
2227 3422 2477 3476 comedet
2537 3435 2730 3474 carnes
2791 3419 3030 3489 pra-dicti
3079 3418 3362 3480 sacrificii,
3417 3418 3677 3487 quamvis.

2091 3509 2293 3565 oblatio
2365 3510 2438 3563 sit
2488 3508 2734 3575 alterius,
2786 3506 3176 3561 sanctiﬁcatur.
3240 3507 3342 3561 l‘er
3409 3507 3515 3561 hoc
3565 3521 3669 3560 au-

2094 3611 2201 3657 tem
2266 3602 2603 3665 ostenditur,
2655 3600 2782 3670 quia
2845 3607 2899 3653 et
2955 3598 3000 3653 is
3058 3598 3150 3668 qui
3210 3613 3320 3652 non
3381 3607 3504 3666 eget
3552 3613 3671 3670 pte-

2093 3693 2340 3757 nitentia,
2373 3694 2416 3748 si
2451 3693 2581 3763 quid
2614 3693 2788 3761 egerit
2832 3691 3059 3753 horum,
3092 3689 3470 3759 paenitentiam
3502 3704 3671 3760 agens

2094 3781 2483 3837 sanctiﬁcatur.
2520 3780 2778 3837 Similiter
2830 3779 2913 3835 vel
2951 3779 2997 3834 si
3023 3778 3251 3832 multum
3282 3792 3482 3847 parvus
3514 3779 3669 3848 quis-

2092 3876 2237 3946 piam
2279 3874 2583 3945 baptizatus
2621 3870 2799 3934 fuerit,
2831 3870 2921 3941 qui
2956 3868 3187 3924 necdum
3232 3867 3368 3922 forte
3400 3866 3666 3936 peccavit,
3734 3894 3749 3905 ι

2094 3964 2407 4019 mandatur.
2458 3962 2522 4016 Et
2546 3961 2674 4032 quid
2708 3961 2757 4015 ei
2801 3969 2884 4015 est
2918 3973 3055 4028 opus
3099 3956 3424 4012 mundatio?
3452 3956 3534 4010 Ad
3568 3955 3669 4010 hoc

2093 4056 2143 4110 ei
2201 4068 2336 4124 opus
2384 4061 2490 4117 est,
2524 4053 2647 4122 quia
2688 4065 2849 4104 nemo
2877 4056 2961 4103 est
2992 4047 3227 4102 mundus
3272 4061 3300 4100 a
3330 4044 3490 4100 sorde
3541 4060 3667 4097 nam

2094 4147 2219 4201 licet
2261 4145 2422 4199 unius
2473 4143 2581 4198 diei
2607 4141 2714 4199 vita
2743 4142 2861 4212 ejus
2887 4141 2959 4194 sit
2986 4154 3149 4208 super
3176 4147 3399 4203 terram,
3449 4134 3667 4191 sordem

2096 4249 2274 4292 tamen
2325 4251 2485 4304 quam
2535 4250 2600 4288 ex
2650 4233 2819 4287 Adam
2876 4230 3220 4286 successione
3258 4237 3309 4283 et
3360 4226 3667 4299 generatio-

2094 4343 2162 4383 ne
2196 4327 2377 4391 traxit,
2410 4325 2611 4379 retinet
2642 4342 2655 4378 :
2691 4332 2744 4378 et
2770 4322 2892 4378 ideo
2914 4338 3035 4375 eum
3072 4319 3167 4390 qui
3194 4320 3456 4391 sanguine
3489 4317 3668 4390 poeni--

2023 4421 2065 4475 [ι
2096 4420 2276 4476 tentia:
2322 4431 2579 4486 aspersus
2612 4424 2830 4471 estnon
2867 4414 3002 4470 dixit
3033 4412 3173 4469 sicut
3220 4410 3558 4467 immundum
3592 4411 3671 4464 la-

2093 4510 2229 4573 vari,
2256 4509 2331 4563 ait
2356 4508 2500 4562 enim
2529 4525 2543 4561 :

2164 4623 2223 4680 Si
2263 4625 2327 4678 de
2377 4622 2633 4692 sanguine
2667 4621 2810 4675 illius
2853 4621 3007 4675 restis
3038 4620 3194 4691 fuerit
3231 4635 3468 4687 aspersa.
3512 4615 3564 4670 ld
3592 4625 3674 4670 cst

2095 4732 2242 4782 caro,
2293 4715 2407 4785 ipsa
2439 4722 2520 4768 est
2564 4713 2709 4768 enim
2742 4712 2911 4767 vestis
2948 4711 3227 4765 interioris
3260 4708 3518 4770 hominis,
3551 4722 3673 4774 qua:

2096 4810 2140 4865 si
2194 4821 2416 4877 aspersa
2467 4804 2648 4871 fuerit,
2702 4804 2774 4858 ibi
2811 4802 3075 4856 lavabitur
3119 4801 3173 4853 in
3215 4799 3325 4852 loco
3376 4805 3589 4859 sancto,
3620 4795 3673 4849 id

2100 4908 2183 4954 est
2206 4899 2308 4952 hoc
2335 4897 2511 4966 ipsum
2541 4896 2686 4967 quod
2717 4894 3040 4965 aspergitur,
3079 4890 3367 4954 lavabitur,
3408 4902 3518 4941 non
3546 4886 3671 4954 quia

2101 4989 2429 5043 maculatum
2454 4998 2537 5042 est
2562 4987 2910 5057 aspersione:
2938 4983 2979 5037 si
3006 4982 3151 5036 enim
3184 4981 3254 5033 ita
3285 4986 3451 5043 esset,
3484 4976 3674 5046 utique

2100 5080 2324 5135 dixisset
2353 5080 2437 5135 vel
2466 5079 2754 5148 adiecisset
2791 5076 2959 5139 illud;
3002 5072 3096 5127 sed
3138 5073 3240 5125 hoc
3268 5070 3410 5139 quod
3445 5068 3674 5123 ellicitur

2099 5170 2167 5224 ab
2216 5168 2328 5237 ipsa
2382 5168 2716 5238 aspersione,
2762 5165 3085 5219 lavationem
3135 5158 3428 5229 appellavit
3471 5157 3673 5213 inloco

2100 5262 2295 5316 factam
2350 5268 2556 5321 sancto,
2602 5258 2654 5310 in
2703 5258 2865 5311 domo
2911 5251 3156 5323 mystica.
3204 5248 3437 5319 Spiritus
3467 5265 3597 5322 ergo
3628 5250 3695 5305 sit

2096 5353 2219 5424 quis
2245 5351 2399 5406 fortis
2429 5351 2571 5403 lotus
2599 5346 2782 5410 fuerit,
2818 5346 2958 5399 sicut
2997 5351 3145 5404 sunt,
3176 5341 3325 5396 verbi
3349 5341 3540 5411 gratia,
3573 5356 3672 5411 pa—

2098 5459 2358 5514 ganorum
2416 5437 2777 5510 aspcrsiones,
2836 5452 2945 5490 non
3013 5435 3245 5499 lavatur,
3307 5433 3434 5505 quia
3465 5448 3575 5488 non
3616 5432 3671 5486 in

2098 5535 2217 5590 loco
2245 5542 2432 5587 sancto
2474 5528 2849 5599 aspersionem
2896 5541 3070 5596 nejuc
3109 5525 3443 5580 ablutionem
3483 5538 3669 5579 susce-
