4076 6188
444 270 556 344 695

444 480 635 537 Volens
668 483 1050 552 introducere,
1089 490 1243 546 dixit.
1281 491 1575 554 Evidenter
1610 512 1795 559 autem
1831 509 2022 576 proxi-

443 582 567 627 mus
623 583 710 630 est
782 578 979 633 rationi
1038 583 1374 651 poenitentiae
1430 605 1612 648 sermo
1658 596 2021 668 baptismatis,

445 665 589 743 unde
617 666 857 725 Joannes
887 674 1263 741 pmuitentiam
1301 684 1598 750 prasdicare
1645 665 1935 761 incipiens,
1967 696 2021 750 in

442 759 828 826 praedicatione
872 780 967 818 sua
1000 766 1271 826 inferebat
1313 774 1726 849 baptismum",
1761 759 1825 839 ut
1868 787 2021 843 vide-

439 849 570 905 licet
614 855 874 925 mysterio
933 860 1269 927 paenitentia:
1313 865 1389 919 in‘
1419 868 1743 939 baptismate
1788 875 2021 933 habente

438 943 819 1002 substantiam.
868 949 975 1006 Sed
1028 953 1094 1008 ad
1141 969 1203 1010 ea
1235 973 1356 1027 qua:
1387 961 1792 1033 subsequuntur
1826 983 2019 1039 proce-

438 1037 651 1094 damus.

513 1130 613 1186 Vas
646 1145 826 1191 autem
870 1140 1033 1208 fictile
1086 1144 1141 1197 in
1167 1160 1268 1216 quo
1297 1163 1441 1204 cocta
1478 1161 1576 1215 est,
1637 1158 2014 1227 confringatur.

437 1218 591 1286 Quod
619 1226 665 1279 si
698 1244 788 1283 vas
816 1247 1043 1300 (circum,
1070 1237 1434 1306 defricubitur,
1466 1251 1515 1296 et
1551 1243 1820 1300 lavabitur
1850 1267 2013 1319 aqua.

438 1307 593 1373 Quod
636 1322 721 1368 est
773 1326 955 1374 autem
998 1337 1093 1379 vas
1133 1325 1313 1392 ﬁctile,
1351 1336 1406 1383 et
1438 1330 1527 1385 ubi
1570 1333 1776 1401 jacens,
1816 1307 2018 1395 Paulus

440 1404 681 1460 ostendit
738 1423 861 1463 cum
914 1412 1085 1469 dicit:
1142 1415 1210 1470 In
1254 1436 1447 1490 magna
1501 1432 1680 1478 autem
1716 1429 1869 1482 domo
1913 1448 2018 1485 non

438 1493 609 1549 solum
650 1494 772 1555 sunt
802 1519 931 1560 vasa
964 1523 1128 1563 aurea
1163 1520 1212 1564 et
1242 1524 1512 1583 argentea,
1541 1517 1631 1571 sed
1662 1528 1711 1572 et
1739 1520 1933 1590 lignea.
1967 1536 2017 1580 et

436 1586 646 1654 ﬁctilia,
692 1597 936 1663 quaedam
983 1602 1190 1670 quidem
1241 1606 1296 1659 in
1322 1607 1536 1673 honore,
1575 1586 2014 1680 quaedamautcu

437 1680 497 1733 in
532 1686 847 1741 contumelia
867 1688 930 1744 ⁸⁸.
981 1690 1038 1747 In
1084 1702 1471 1759 contumeliam
1521 1704 1773 1762 videlicet
1798 1722 1861 1761 ea
1895 1723 2015 1778 qua:

437 1782 567 1870 sunt
609 1774 812 1833 ﬁctilia.
873 1780 1114 1855 Magnam
1152 1798 1332 1846 autem
1377 1794 1623 1863 domum,
1666 1807 1854 1869 utpote
1893 1774 2014 1870 quire

435 1862 633 1921 domus
682 1868 777 1925 Dei
819 1882 922 1942 est,
960 1876 1257 1938 Ecclesiam
1308 1885 1597 1952 intellexit.
1637 1890 1690 1945 in
1716 1908 1822 1962 qua
1853 1909 2015 1950 aurea

437 1968 566 2010 vasa
601 1967 656 2014 et
682 1971 938 2031 argentea
963 1967 1118 2037 justi,
1141 1971 1321 2029 ﬁctilia
1339 1987 1655 2047 peccatores
1674 1992 1823 2037 sunt.
1839 1983 2015 2040 Dixit-

434 2060 543 2115 que
597 2050 804 2123 quippe
850 2065 905 2110 et
952 2058 1115 2116 Isaias
1168 2064 1236 2119 de
1285 2067 1625 2127 Jerusalem:
1664 2072 1844 2129 Veniet
1891 2093 2016 2131 con»

435 2139 579 2194 tritio
633 2143 768 2212 ejus,
828 2155 878 2201 et
933 2154 1313 2213 comminuetur
1338 2161 1471 2215 sicut
1506 2168 1792 2220 conteritur
1824 2170 2013 2240 lagona

431 2231 583 2301 ﬁguli
647 2239 961 2297 contritione
1019 2248 1332 2318 pervalida,
1391 2263 1566 2310 etnon
1613 2231 1911 2315 invenietur
1949 2263 2015 2317 de

430 2322 743 2395 fragmentis
769 2331 885 2400 ejus
921 2342 1073 2403 testa,
1117 2339 1173 2393 in
1209 2356 1314 2413 qua
1363 2355 1603 2415 portetur
1649 2351 1912 2422 igniculus
1949 2355 2013 2408 de

428 2413 687 2483 incendio,
720 2431 815 2475 aut
838 2425 1120 2482 Iraurialur
1138 2447 1330 2499 parum
1359 2413 1511 2507 aqua:
1543 2443 1606 2493 de
1629 2413 2011 2513 fovvea".Ergo

427 2503 554 2572 quia
581 2522 708 2562 vasa
736 2509 789 2563 in
819 2514 1019 2581 quibus
1063 2532 1256 2576 carnes
1305 2525 1552 2579 sacriﬁcii
1584 2540 1918 2598 coquuntur,
1954 2535 2007 2586 in

430 2595 630 2664 templo
685 2609 831 2666 sunt,
877 2617 999 2659 esse
1046 2616 1228 2664 autem
1271 2611 1323 2666 in
1379 2616 1580 2685 templo
1632 2595 1725 2673 D—ei
1758 2595 2007 2690 quaedam

424 2680 640 2739 inﬁrma
669 2702 797 2743 vasa
852 2705 918 2745 ex
956 2696 1229 2762 praedictis
1252 2680 1565 2770 apostolicis
1606 2680 1790 2761 verbis
1825 2719 2010 2764 osten-

424 2775 627 2841 dimus,
674 2782 987 2855 quicunque
1031 2796 1117 2843 est
1169 2793 1223 2845 in
1272 2794 1472 2864 templo
1499 2813 1592 2855 vas
1620 2799 1802 2865 ﬁctile,
1838 2802 1889 2857 id
1924 2812 2009 2859 est

425 2864 677 2924 Inﬁrmus
720 2872 988 2943 quispiam
1022 2890 1076 2932 et
1102 2881 1373 2949 sordidus,
1410 2894 1464 2939 et
1494 2888 1585 2956 qui
1619 2888 1673 2942 in
1726 2895 2007 2961 peccando

423 2962 874 3020 consuetudinem
927 2967 1070 3033 fecit,
1116 2981 1263 3029 utex
1310 2976 1434 3043 hoc,
1465 2979 1605 3036 sicut
1629 2995 1842 3039 amator
1874 3002 2007 3057 pec-

422 3057 691 3119 catorum,
737 3070 832 3111 vas
869 3063 1215 3120 contumeliae
1258 3069 1589 3139 nominetur,
1643 3085 1798 3131 cocto
1832 3081 2001 3134 sacri-

326 3184 333 3193 ,
423 3139 565 3209 ﬁcio,
613 3162 712 3217 per
765 3152 909 3220 quod
953 3166 1302 3223 peccatorum
1341 3162 1692 3234 dispensatur
1726 3171 2000 3238 remissio,

421 3245 712 3307 propterea
765 3245 1127 3318 confringitur
1177 3252 1291 3308 sive
1348 3258 1689 3326 conteritur,
1723 3262 1849 3333 quia
1880 3280 2005 3320 cum

421 3340 569 3417 esset
617 3333 885 3402 inﬁrmus,
931 3339 1072 3396 bona
1121 3344 1262 3400 male
1304 3350 1549 3421 percepit
1583 3370 1599 3406 :
1639 3354 1829 3411 videns
1858 3358 2003 3413 enim

422 3431 645 3494 peccata
683 3429 903 3499 dimitti,
941 3444 1095 3504 putat
1123 3452 1341 3509 semper
1382 3442 1546 3500 licere
1582 3461 1830 3518 peccare,
1855 3458 1911 3506 et
1940 3466 2006 3507 ex

424 3530 490 3572 eo
513 3519 659 3589 quod
705 3523 950 3593 juvatur,
990 3528 1156 3593 altera
1196 3530 1343 3589 laesio
1381 3544 1437 3590 et
1466 3539 1725 3595 contritio
1773 3542 2005 3599 inﬁrmi-

426 3611 552 3666 tatis
580 3611 853 3672 invenitur
882 3619 1125 3678 alterius.
1156 3623 1480 3699 Quicunque
1519 3643 1700 3688 autem
1734 3635 1888 3693 fortis
1921 3648 2006 3694 est

425 3710 487 3757 ut
524 3719 620 3769 res,
666 3715 722 3761 et
778 3712 1077 3781 :eruginem
1151 3718 1359 3786 peccati
1439 3738 1549 3777 non
1628 3726 1859 3794 habens,
1916 3731 2007 3787 hic

414 3797 671 3855 coctione
688 3803 1022 3872 poenitentia:
1038 3823 1147 3865 non
1171 3822 1501 3881 conteretur,
1546 3834 1724 3889 neque
1758 3822 2005 3899 confrin-

422 3903 596 3962 getur,
626 3894 721 3951 sed
752 3898 1047 3956 defricatur
1066 3903 1181 3959 sive
1203 3909 1518 3978 extergitur,
1546 3911 1600 3967 id
1623 3920 1729 3980 est,
1749 3894 2000 3972 diluitur.

422 3979 491 4039 Et
530 3990 806 4056 quomodo
862 3992 1133 4050 diluitur?
1177 4000 1328 4068 Aqua
1378 4002 1520 4058 lotus
1561 4021 1579 4060 :
1618 3979 1815 4064 videns
1856 4009 2002 4065 enim

419 4073 588 4135 alium
644 4080 1018 4151 pmnitentem,
1083 4100 1333 4145 movetur
1376 4095 1442 4149 ad
1499 4098 2000 4168 eompuuctionem,

421 4178 478 4225 et
519 4172 815 4230 mundatur
871 4193 1007 4248 aqua
1049 4170 1435 4253 lacrymarum’
1461 4187 1624 4244 lotus.
1679 4190 1791 4247 Cur
1820 4201 2001 4249 autem

420 4261 642 4319 alterius
692 4269 1011 4336 pmnitentia
1064 4274 1225 4344 coqui
1256 4271 1309 4329 in
1349 4277 1511 4343 vasis,
1545 4297 1665 4350 quae
1707 4283 1762 4337 in
1796 4286 1998 4357 templo

418 4364 543 4410 sunt
615 4360 931 4426 constituta,
994 4363 1238 4420 dicitur?
1303 4367 1437 4435 Quia
1470 4372 1523 4426 hi
1555 4375 1645 4443 qui
1689 4388 1857 4447 agunt
1885 4395 2001 4449 poe-

1640 306 2002 371 HESYCIIII
2043 308 2519 382 PRESBYTERI

444 392 543 481 pit.
608 392 735 452 Ilaec
790 413 920 470 ergo
968 398 1263 474 legislator.
1329 406 1672 478 baptismatis
1706 432 2015 476 sermonem
2051 426 2090 481 Α

3612 333 3721 400 εδδ

2123 428 2174 483 id
2214 436 2317 495 est,
2366 445 2588 487 onmem
2629 434 2697 490 de
2744 435 3067 507 cognatione
3108 439 3455 498 sacerdotum
3503 459 3719 503 mascu-

2128 520 2262 586 lum,
2303 524 2449 594 quod
2497 525 2712 581 videtur
2763 543 2885 583 esse
2923 531 3261 585 contrarium
3312 533 3493 604 aliquo
3529 541 3714 606 modo,

2125 613 2230 669 nisi
2272 617 2603 686 competenti
2640 620 2981 688 expositione
3032 622 3295 678 solvatur.
3344 625 3716 692 Quamobrem

2126 707 2463 762 sacerdotem
2519 709 2738 779 quidem
2797 708 3117 767 offerentem
3176 713 3446 786 integrum
3498 720 3721 775 sacriﬁ-

2123 797 2290 859 cium,
2338 805 2393 852 et
2452 800 2831 855 comedentem
2891 801 3147 874 intelligis
3221 804 3522 864 Christum.
3588 811 3719 882 Ipse

2122 888 2304 936 autem
2346 893 2585 939 nostram
2630 886 2823 942 oil'eret
2861 892 3257 959 pmnitentiam,
3290 893 3405 964 ipse
3443 906 3497 952 et
3522 915 3715 955 come-

2121 974 2231 1037 dc't,
2261 976 2387 1045 quia
2416 977 2599 1032 cibum
2626 979 2855 1035 salutem
2889 994 3234 1050 peccatorum
3269 987 3455 1042 habet.
3501 990 3713 1048 Carnes

2121 1075 2302 1128 autem
2355 1068 2627 1136 sacriﬁcii,
2672 1088 2794 1141 qua:
2852 1076 3129 1142 pert’nent
3176 1078 3245 1132 ad
3300 1081 3705 1149 pmnitcntiam.

2119 1158 2300 1214 omnis
2340 1162 2613 1217 masculus
2647 1163 2715 1218 de
2767 1166 3147 1222 sacerdotibus
3180 1172 3453 1236 comedet,
3482 1189 3706 1231 omnem

2119 1246 2493 1307 fortitudinem
2543 1255 2937 1311 convenienter
2973 1259 3258 1326 exhibens,
3305 1263 3393 1317 cui
3438 1278 3584 1321 recte
3620 1268 3709 1321 di-

2118 1346 2309 1394 catur:
2345 1341 2574 1397 I’iriliter
2608 1363 2727 1414 age,
2757 1357 2806 1400 et
2849 1350 3149 1420 confortare
3192 1363 3242 1406 et
3290 1357 3487 1410 sustine
3523 1357 3709 1412 Domi-

2120 1431 2321 1486 num".
2375 1432 2440 1488 Et
2467 1434 2583 1491 haec
2631 1437 2848 1505 quidem
2876 1440 2946 1495 ita
2981 1458 3040 1496 se
3069 1443 3293 1501 habent.
3348 1446 3454 1502 Sed
3482 1449 3706 1504 intuen-

2118 1519 2245 1573 dmu
2281 1532 2383 1587 est,
2414 1538 2577 1592 quem
2614 1526 2917 1582 subinierat
2951 1532 3268 1588 terminum.

2178 1614 2366 1666 Hostia
2389 1615 2524 1668 enim
2550 1632 2667 1686 quo:
2693 1620 2915 1673 caeditur
2930 1638 3024 1689 pro
3043 1636 3276 1692 peccato,
3308 1630 3462 1697 cujus
3486 1635 3705 1704 sanguis

2117 1705 2343 1777 infertur
2377 1709 2431 1761 in
2473 1708 2813 1765 tabernaculo
2844 1714 3147 1777 testimonii,
3179 1720 3250 1771 ad
3298 1721 3616 1788 expiandum
3648 1726 3703 1777 in

2117 1801 2443 1864 sanctum-io,
2485 1817 2585 1855 non
2627 1805 2947 1869 comedetur,
2986 1806 3078 1861 sed
3115 1808 3447 1865 comburetur
3480 1814 3589 1885 igni
3640 1813 3707 1870 Et

2117 1891 2274 1955 cujus
2307 1892 2529 1961 sanguis
2563 1908 2661 1963 pro
2701 1905 2926 1965 peccato
2966 1898 3021 1952 in
3059 1899 3410 1956 tabernaculo
3453 1908 3706 1959 testimo-

2116 1983 2193 2036 nii
2221 1983 2288 2037 ad
2318 1986 2644 2054 expiandum
2677 2002 2772 2042 seu
2802 1985 3203 2059 deprecandum
3232 1993 3701 2053 otl'ertur?'Vituii

2115 2074 2324 2130 scilicet
2377 2078 2814 2147 congregationis
2894 2082 3011 2137 sive
3069 2083 3405 2157 Synagogre,
3472 2089 3526 2144 id
3613 2101 3704 2146 est

2115 2164 2289 2229 vituli,
2342 2182 2439 2236 pro
2486 2180 2709 2237 peccato
2739 2171 3035 2241 pontiﬁcis,
3073 2174 3178 2229 hoc
3207 2176 3353 2230 enim
3382 2178 3701 2247 plenissime

2115 2257 2369 2325 superius
2394 2257 2549 2313 dixit.
2585 2259 2721 2326 Quia
2752 2276 2883 2331 ergo
2914 2263 3002 2317 illa
3051 2265 3317 2322 sacriﬁcia
3346 2268 3529 2324 multis
3563 2286 3702 2341 pro-

2116 2348 2426 2404 hatiooibus
2493 2351 2561 2405 ad
2635 2352 2915 2408 Christum
2975 2356 3316 2413 ostendimus
3378 2361 3696 2430 pertinere,

2115 2448 2262 2493 recte
2311 2454 2373 2493 ea
2413 2441 2623 2496 comedi
2672 2458 2780 2497 non
2821 2447 3099 2516 praecepit,
3142 2450 3235 2503 sed
3270 2450 3393 2520 igne
3424 2454 3698 2509 comburi.

2110 2528 2299 2599 Neque
2358 2529 2503 2585 enim
2563 2546 2662 2601 per
2716 2549 2801 2599 ea,
2853 2552 2944 2604 per
2992 2549 3113 2606 quae
3159 2537 3260 2594 sibi
3321 2545 3701 2613 unusquisque

2112 2621 2486 2676 remissionem
2539 2634 2883 2694 peccatorum
2934 2627 3203 2699 proﬁigat,
3256 2646 3355 2701 per
3398 2632 3693 2702 jejunium,

2111 2713 2256 2767 verbi
2302 2715 2492 2785 gratia,
2529 2727 2622 2772 aut
2650 2718 2861 2789 vigilias
2896 2720 2981 2776 vel
3007 2720 3165 2775 aliam
3197 2722 3433 2779 similem
3462 2741 3697 2782 conver-

2109 2804 2398 2868 sationem,
2447 2807 2589 2862 unde
2621 2816 2676 2863 et
2715 2810 2832 2864 ha‘c
2878 2819 3079 2866 nostra;
3135 2814 3318 2868 carnis
3359 2817 3697 2885 poenitentia:

2108 2893 2402 2949 dicuntur:
2459 2912 2561 2952 ncc
2616 2914 2745 2970 ergo
2798 2918 2895 2970 per
2936 2902 3053 2957 haec
3102 2902 3353 2961 Christus
3386 2912 3699 2964 communis

2098 2986 2315 3054 'peCeati
2378 2986 2455 3053 (id
2506 2999 2591 3051 est
2650 2991 2872 3046 humani
2929 2995 3185 3065 generis,
3248 2999 3395 3067 quod
3458 3002 3699 3071 populus

2108 3076 2374 3146 signiﬁcat
2413 3088 2467 3133 et
2510 3080 2708 3134 summi
2757 3084 3055 3139 sacerdotis
3120 3101 3376 3156 persona.
3420 3090 3514 3160 qui
3564 3091 3697 3161 quia

2109 3175 2309 3237 praeest
2345 3168 2564 3238 populo.
2588 3173 2806 3241 propria
2841 3172 2971 3235 facit
2999 3175 3187 3246 utique
3221 3178 3405 3249 populi
3446 3184 3694 3253 peccata)

2106 3259 2316 3331 peragit
2340 3261 2742 3325 remissionem,
2776 3264 2871 3319 sed
2901 3267 3226 3323 auctoritate
3255 3279 3307 3325 et
3339 3271 3539 3327 virtute
3563 3289 3700 3344 pro-

2105 3353 2238 3423 prire
2275 3353 2598 3410 divinitatis.
2649 3354 2852 3411 Christi
2899 3358 3047 3413 enim
3077 3360 3382 3429 passiones,
3419 3379 3517 3434 per
3557 3381 3700 3435 quas

2103 3446 2262 3501 nobis
2293 3447 2542 3502 remissio
2572 3459 2913 3518 procuratur,
2958 3466 3069 3505 non
3102 3452 3341 3509 hominis
3369 3455 3694 3525 cujusquam

2106 3536 2248 3608 puri,
2284 3538 2377 3594 sed
2411 3537 2505 3594 Dei
2535 3548 2664 3595 sunt
2689 3539 2978 3597 incarnati.
3010 3541 3240 3613 Pr0pter
3268 3546 3410 3615 quod
3452 3561 3563 3601 non
3603 3558 3693 3603 est.

2104 3631 2311 3687 esibilis
2346 3632 2679 3697 hominibus,
2705 3634 2798 3689 sed
2830 3634 2953 3706 igne
2976 3638 3340 3703 Consumitur,
3370 3640 3493 3708 quia
3523 3641 3700 3696 solius

2110 3721 2198 3775 Dei
2241 3731 2324 3777 est
2374 3723 2749 3778 remissionem
2792 3724 2939 3778 omni
2996 3727 3239 3795 pnchere
3288 3744 3387 3782 suo
3419 3730 3697 3799 plasmati,

2104 3814 2248 3882 quod
2280 3828 2376 3883 per
2412 3815 2589 3884 ignem
2634 3812 2922 3884 signiﬁcat.
2980 3814 3121 3870 Deus
3168 3817 3315 3872 enim
3349 3830 3523 3874 uoster
3554 3821 3698 3891 ignis

2105 3921 2407 3959 consumens
2429 3913 2504 3959 est
2520 3906 2587 3959 ".

2701 3992 2928 4051 CAPUT
2980 3994 3090 4052 VII.

2175 4086 2336 4141 Vens.
2374 4085 2495 4140 1-7.
2535 4106 2553 4137 ‹
2588 4085 2715 4140 llaec
2745 4102 2964 4157 quoque
3001 4097 3087 4141 est
3115 4088 3199 4143 lex
3233 4090 3424 4145 hestize
3460 4107 3558 4160 pro
3596 4093 3699 4147 de-

2105 4178 2252 4241 licto,
2274 4178 2532 4233 Sanctum
2552 4189 2865 4233 sanctorum
2883 4192 2995 4246 est;
3018 4181 3242 4247 idcirco,
3268 4184 3358 4239 ubi
3381 4186 3701 4243 immolatur

2107 4268 2508 4331 holocaustum,
2561 4270 2886 4325 mactabitur
2934 4279 2990 4326 et
3034 4273 3250 4329 victima
3296 4292 3393 4345 pro
3449 4277 3692 4344 delicto;

2107 4366 2325 4436 sanguis
2355 4367 2474 4436 ejus
2498 4382 2596 4438 per
2619 4384 2808 4438 gyrum
2835 4367 3095 4425 fundatur
3121 4373 3327 4427 altaris.
3361 4374 3603 4430 Oﬁ‘erent
3628 4394 3697 4432 ex

418 4446 725 4512 nitentium,
770 4454 1136 4509 necessariam
1159 4458 1229 4511 ad
1271 4460 1601 4530 adjutorium
1638 4446 1841 4524 habent
1869 4446 1995 4525 ora-
2030 4467 2072 4524 D
2102 4475 2165 4515 ea
2204 4460 2456 4526 calidam.
2496 4470 2551 4515 ει
2595 4461 2809 4531 adipem
2845 4462 2938 4532 (Ιυί
2982 4463 3162 4533 “Peril
3206 4466 3407 4531 νίίίιιίθν
3435 4467 3575 4522 dm“
3606 4485 3697 4521 η’

419 4541 624 4606 tionem
678 4544 886 4612 populi,
934 4548 1133 4617 quibus
1171 4560 1461 4608 attestatur
1495 4555 1733 4616 Jacohus
1770 4562 1998 4621 dicens:

417 4630 752 4703 Conﬁtemini
782 4637 1095 4696 alterutrum
1134 4654 1349 4714 peccata
1387 4657 1581 4715 vestra,
1618 4660 1667 4706 et
1705 4663 1853 4710 orate
1907 4673 2003 4726 pro

415 4726 635 4782 invicem
672 4737 727 4784 ut
760 4729 1037 4788 sulvemiui
1053 4737 1118 4790 '°.

482 4817 665 4877 Omnis
706 4825 972 4883 masculus
1028 4831 1092 4885 de
1144 4850 1330 4904 genere
1369 4838 1721 4907 sacerdotali,
1769 4852 2002 4897 vescatur

413 4913 659 4970 carnibus
678 4915 813 4987 ejus,
855 4917 981 4990 quia
1015 4920 1267 4979 Sanctum
1317 4938 1619 4984 sanctorum
1659 4942 1755 4985 est.
1800 4933 1854 4988 Id
1887 4942 1993 5000 est,

413 5002 520 5058 hoc
562 5006 709 5074 quod
752 5010 991 5078 pertinet
1039 5012 1106 5068 ad
1160 5017 1492 5085 paenitentia:
1526 5023 1820 5091 actionem,
1870 5025 1994 5081 forti

412 5095 558 5151 enim
614 5114 752 5168 opus
796 5109 881 5159 est
919 5121 1082 5162 sensu
1119 5115 1173 5162 et
1209 5108 1346 5163 virili
1379 5111 1686 5169 intentione
1734 5116 1869 5170 nihil
1917 5117 1997 5172 fe-

415 5190 655 5247 mineum
692 5210 870 5269 neque
910 5198 1112 5255 ﬂuxum
1154 5202 1411 5265 habente,
1468 5204 1524 5259 in
1571 5207 1781 5278 agenda
1826 5211 2001 5279 poeni-

416 5287 607 5342 tentia.
641 5289 948 5348 Notandum
994 5303 1196 5355 autem.
1233 5295 1358 5365 quia
1398 5297 1720 5354 sacriﬁcium
1769 5300 1991 5370 quidem

414 5394 537 5433 cum
565 5382 657 5452 qui
683 5382 877 5440 oﬁcrct
906 5387 1241 5443 sacerdotem
1276 5386 1410 5443 dixit
1439 5391 1726 5446 comedere
1752 5411 1765 5445 :
1806 5408 1999 5447 carnes

412 5477 593 5525 autent
636 5473 894 5535 sacriﬁcii
941 5490 1133 5532 omnes
1183 5478 1455 5535 masculos
1501 5481 1567 5535 de
1601 5481 1995 5540 sacerdotibus.

483 5690 749 5774 ‘l‘ii'ttth.
783 5714 865 5763 tu,
925 5702 955 5755 8
981 5719 1131 5774 seqq.

1225 5704 1334 5761 υιιι
1384 5706 1524 5761 Tim.
1570 5718 1629 5779 ιι,
1660 5708 1752 5764 eo.

417 5767 490 5826 Iv,
516 5761 608 5819 ‘15.

1852 5706 1893 5735 tr
1922 5704 2005 5762 Ba
2066 5721 2193 5768 χχι,
2225 5700 2308 5757 η,
2382 5701 2431 5734 ⁸⁸
2456 5700 2569 5760 .Iac.
2602 5721 2657 5775 v,
2694 5705 2780 5763 16.

2111 4551 2400 4616 nunculos,
2433 4560 2489 4606 et
2512 4551 2919 4622 pinguedinem,
2965 4569 3086 4623 qua:
3123 4554 3279 4624 juxta
3311 4557 3400 4610 ilia
3431 4567 3532 4623 est,
3563 4562 3695 4613 reti-

2110 4646 2403 4716 culumque
2444 4646 2645 4716 jecoris
2684 4663 2808 4701 cum
2859 4649 3195 4716 ranunculis,
3240 4660 3297 4705 et
3346 4653 3587 4708 adolehit
3631 4634 3738 4711 eaf

2110 4738 2366 4792 sacerdos
2414 4753 2578 4809 super
2616 4739 2823 4795 altare:
2877 4741 3156 4797 incensum
3204 4755 3288 4799 est
3338 4745 3547 4801 Domini
3597 4766 3699 4818 pro

2110 4832 2334 4887 delicto.
2363 4831 2553 4887 Omnis
2598 4834 2874 4889 masculus
2919 4835 2985 4890 de
3017 4837 3335 4893 sacerdotali
3383 4856 3600 4912 genere,
3636 4843 3694 4896 in

2107 4923 2225 4978 loco
2268 4934 2457 4982 sancto
2503 4935 2756 4981 vescatur
2815 4926 2900 4980 his
2954 4929 3233 4990 carnibus,
3270 4931 3395 5001 quia
3428 4933 3695 4987 Sanctum

2100 5024 2414 5070 sanctorum
2482 5023 2586 5070 cst.
2660 5015 2728 5071 Et
2802 5017 2944 5073 sicut
3017 5036 3114 5090 pro
3188 5031 3413 5093 peccato
3467 5024 3699 5079 oﬁ'ertur

2101 5106 2324 5168 hostia,
2405 5106 2476 5161 ita
2560 5114 2617 5161 et
2688 5123 2788 5177 pro
2860 5109 3453 5185 delicto;utriusque‘
3504 5114 3697 5169 hostize

2103 5217 2210 5254 una
2247 5201 2330 5255 lex
2361 5200 2485 5266 erit,
2519 5201 2598 5255 Ad
2632 5202 2971 5258 sacerdotem
3002 5205 3093 5274 qui
3121 5221 3241 5260 eam
3278 5208 3539 5263 obtulerit
3567 5223 3696 5280 per-

2104 5292 2316 5349 tinebit.
2362 5310 2380 5341 ι

2183 5384 2446 5441 Delictum
2499 5372 2788 5458 aliquando
2842 5391 3063 5460 quidem
3113 5393 3452 5467 recognitum
3500 5410 3695 5465 pecca-

2112 5488 2223 5534 tum
2266 5487 2440 5543 vocat,
2488 5480 2779 5551 aliquando
2828 5494 3013 5539 autem
3048 5484 3203 5551 illud,
3240 5489 3385 5558 quod
3419 5490 3472 5541 in
3515 5488 3695 5558 ipsum

2859 5708 2900 5739 ‘i
2927 5706 3073 5764 Psal.
3106 5725 3254 5771 xxvi,
3285 5709 3365 5765 l-l.
3444 5710 3494 5742 ⁸³
3521 5706 3686 5765 Deut.
