4076 6188
408 244 514 312 857

1557 253 1639 315 IN
1676 254 2113 320 LEVlTLCUM.
2154 286 2222 298 ~-
2258 260 2404 321 LlB.
2449 263 2532 323 II.

3560 265 3667 329 858

407 360 762 417 committitur
796 361 987 426 Deum.
1017 364 1158 419 sicut
1186 364 1315 418 illud
1346 366 1490 434 quod
1535 366 1592 421 in
1622 370 1826 423 sanctis
1859 386 1981 439 per-
2010 381 2056 433 Α
2086 374 2390 429 [irationem
2438 375 2739 446 signiﬁcat,
2787 393 2906 446 qua:
2956 376 3113 432 nobis
3166 375 3414 431 ordinata
3461 386 3543 431 est
3597 380 3665 431 ad

406 462 670 523 petratur,
719 456 1177 524 quemadmodum
1214 458 1465 525 superius
1505 458 1865 513 ostendimus.
1907 462 1982 514 De
2016 473 2023 479 ‘

406 542 491 597 his
535 559 724 598 rursus
777 545 1222 613 priesensvlocus
1276 544 1426 598 dicit.
1494 545 1842 599 Manifestum
1900 556 1984 600 est

402 642 582 688 autem
612 650 675 689 ex
709 650 793 697 eo,
837 636 980 704 quod
1025 644 1079 690 et
1119 651 1218 704 pro
1264 638 1385 701 hoc,
1417 636 1715 690 secundum
1755 637 1899 705 quod
1929 645 1983 691 et

400 721 544 778 LXX
587 726 896 793 specialiter
943 727 1149 789 dicunt,
1211 727 1433 780 arietem
1471 727 1653 781 oﬁerri
1700 727 1977 796 prmeepit.

402 809 508 865 Sed
542 824 597 866 et
626 812 681 865 in
715 829 824 882 quo
864 816 1306 869 communionem
1339 816 1502 869 habet
1533 832 1656 869 cum
1691 817 1979 871 sacriliciis

397 902 624 957 aliorum
666 914 1031 973 peccatorum,
1081 916 1137 960 et
1166 906 1220 959 in
1255 921 1365 975 quo
1395 922 1586 961 rursus
1627 906 1812 961 diﬁert
1843 908 1976 962 sub-

394 994 558 1050 tiliter
597 996 950 1053 discutientes
978 998 1338 1054 inveniemus.
1648 1048 1649 1051 η

466 1087 594 1141 llaec
639 1105 841 1159 quoque
891 1099 967 1143 est
997 1090 1081 1143 lea:
1125 1091 1308 1145 hostire
1352 1107 1447 1160 pro
1485 1091 1693 1145 delicto.
1745 1090 1802 1144 In
1866 1105 1975 1160 quo

394 1176 537 1232 LXX
596 1183 823 1235 arietem
885 1182 1210 1252 specialiter,
1278 1192 1336 1237 ut
1387 1199 1551 1253 supra
1614 1183 1824 1237 dictum
1866 1190 1970 1246 est,

391 1281 784 1340 expresserunt
814 1274 1094 1330 dicentes:
1146 1274 1273 1328 llwe
1303 1286 1377 1329 est
1408 1275 1491 1330 lex
1529 1278 1710 1330 arietis
1736 1293 1829 1345 pro
1864 1292 1972 1346 pae-

390 1352 634 1425 nitentia,
666 1364 864 1420 Sancta
910 1379 1213 1423 sanctorum
1241 1378 1381 1423 sunt.
1413 1368 1478 1423 In
1523 1369 1633 1423 loco
1662 1386 1762 1438 quo
1784 1371 1972 1422 immo-

390 1452 575 1507 labunt
608 1455 1057 1523 Iiolocautomata,
1109 1459 1431 1530 jugulabunt
1478 1470 1527 1514 et
1554 1462 1778 1514 arietem
1804 1461 1969 1528 pumi-

387 1545 565 1597 teutiw
588 1558 771 1600 contra
810 1548 978 1601 Deum
1010 1560 1055 1603 et
1096 1554 1405 1620 sanguinem
1452 1552 1612 1620 ipsius
1652 1552 1868 1620 fundent
1896 1551 1967 1603 ad

385 1634 555 1688 basim
583 1637 773 1693 altaris
807 1640 863 1692 in
897 1642 1142 1698 circuitu.
1179 1643 1301 1696 llaec
1333 1658 1463 1712 ergo
1499 1643 1809 1696 communia
1839 1650 1967 1695 sunt

2086 467 2332 521 salutem.
2367 467 2674 522 Notandum
2704 476 2904 534 autem,
2936 468 3061 539 quia
3100 481 3438 537 quaecunque
3470 466 3545 520 -in
3575 482 3665 521 sa-

2084 556 2288 611 criﬁcio
2326 559 2696 628 paciﬁcornm,
2740 577 2805 616 ea
2843 562 2897 613 in
2935 562 3037 615 hoc
3082 560 3350 614 sacriﬁcio
3402 559 3663 628 praecepit

2083 649 2220 705 ﬁeri.
2245 652 2471 721 Adipcm
2493 654 2649 722 jubet
2680 654 2884 709 oﬁ'erri.
2926 655 3202 709 Desiderat
3231 652 3377 707 enim
3407 650 3659 705 Christus

2081 749 2137 795 et
2188 757 2313 796 eum
2367 744 2457 812 qui
2508 745 2690 814 gravia
2743 747 2905 800 habet
2961 754 3204 815 peccata,
3251 744 3482 798 saltare.
3520 742 3657 795 Cum

2079 831 2260 900 adipe,
2298 834 2599 886 secundum
2636 832 2800 897 LXX,
2845 842 2900 888 et
2940 834 3184 888 lmnbum
3225 832 3434 886 oﬁ‘cret.
3468 829 3657 900 Neque

2077 924 2223 978 enim
2256 925 2596 979 solummodo
2633 926 2736 980 hoc
2783 927 2918 989 vult,
2965 926 3059 980 sed
3092 932 3146 979 et
3175 933 3371 994 potest.
3412 923 3655 979 Lumbus

2076 1024 2300 1081 autem,
2356 1024 2542 1085 utpote
2591 1015 2731 1071 forte
2780 1018 3106 1083 membrum,
3149 1015 3418 1088 signiﬁcat
3475 1015 3654 1070 virtu-

2074 1116 2205 1165 tem.

2144 1200 2287 1253 Duos
2318 1199 2649 1265 renunculos,
2695 1210 2744 1254 et
2785 1200 3152 1269 pinguedinem
3190 1214 3306 1269 quae
3354 1198 3513 1267 juxta
3552 1198 3648 1251 ilia

2074 1301 2172 1345 est.
2209 1290 2335 1345 Vult
2367 1291 2569 1360 quippe
2610 1292 2843 1345 maxime
2874 1292 3188 1360 paenitentis
3211 1291 3460 1344 mundari
3493 1289 3648 1343 inte—

2071 1383 2268 1437 riorem
2316 1383 2613 1445 hominem,
2647 1383 2762 1436 vult
2789 1382 2954 1436 etiam
2992 1382 3192 1435 habere
3232 1396 3356 1434 eum
3387 1389 3443 1434 et
3482 1379 3649 1434 casti-

2070 1483 2257 1529 tatem.
2312 1475 2542 1544 Propter
2589 1475 2734 1544 quod
2785 1490 2892 1527 non
2947 1473 3121 1527 solum
3168 1472 3402 1533 renium,
3447 1472 3542 1525 sed
3590 1479 3647 1525 et

2068 1562 2317 1627 iliorum,
2364 1563 2450 1616 vel
2498 1562 2762 1616 lenmrum
2808 1562 3190 1631 pinguedinem
3218 1599 3234 1622 ,
3280 1575 3377 1616 seu
3426 1561 3642 1628 adipem

2068 1653 2270 1708 auferri
2313 1635 2500 1724 jussit.
2538 1653 2664 1721 quia
2694 1653 2811 1707 haec
2841 1651 3238 1705 commistionis
3261 1650 3561 1704 ministeria
3590 1658 3646 1704 ct

384 1738 509 1778 cum
535 1727 821 1791 sacriﬁcio,
853 1731 998 1799 quod
1030 1746 1128 1798 pro
1170 1731 1275 1784 alio
1312 1731 1404 1785 illo
1448 1740 1669 1800 peccato
1710 1731 1961 1784 oﬁ‘ertur.

2067 1720 2335 1797 seminum
2387 1720 2664 1809 putantur.
2720 1741 2856 1794 Cum
2905 1740 2989 1793 his
3034 1741 3196 1794 etiam
3247 1739 3532 1793 reticulum
3561 1738 3644 1808 je-

384 1814 611 1887 Propter
642 1824 785 1891 quod
811 1838 874 1877 ea
908 1824 982 1878 ibi
1021 1825 1395 1894 interpretata,
1439 1825 1526 1879 hic
1570 1835 1716 1880 recte
1740 1835 1963 1895 praeter-

384 1909 688 1966 mittentur.
722 1913 862 1980 Quid
902 1925 1083 1969 autem
1116 1917 1200 1971 his
1238 1917 1468 1979 addidit,

454 1996 641 2068 O/I‘cret
671 2017 734 2054 ea:
762 2018 823 2055 ea
853 2003 1100 2062 caudam.
1135 2013 1182 2056 et
1217 2004 1423 2073 adipem
1454 2004 1543 2073 qui
1563 2005 1728 2073 operit
1754 2004 1960 2066 vitalia,

383 2088 514 2141 duos
543 2090 876 2151 renunculos,
909 2101 957 2144 et
984 2093 1374 2161 pinguedinem,
1407 2110 1523 2161 qua:
1537 2093 1698 2161 juxta
1740 2093 1837 2144 ilia
1864 2101 1960 2157 est,

384 2176 765 2249 reticulumque
801 2181 999 2249 jecoris
1036 2198 1155 2234 cum
1194 2182 1515 2246 renuuculis,
1565 2193 1612 2236 et
1642 2183 1868 2235 adolebit
1900 2200 1962 2236 ea

381 2282 542 2334 super
574 2268 746 2323 altare
792 2272 1053 2336 sacerdos,
1106 2273 1374 2326 incensum
1402 2283 1473 2326 est
1511 2273 1725 2326 Domini
1752 2290 1848 2341 pro
1876 2274 1965 2326 de-

384 2356 529 2412 licto.
590 2359 747 2424 Quod
810 2362 953 2416 LXX
1014 2364 1093 2418 sic
1146 2364 1315 2418 edunt
1347 2384 1361 2418 :
1398 2365 1464 2418 Et
1507 2382 1711 2418 onmem
1753 2366 1962 2434 adipem

383 2449 499 2519 ejus
531 2453 735 2521 auferet
773 2455 837 2507 ab
873 2471 951 2519 eo,
1004 2454 1238 2509 lumbum
1285 2466 1332 2511 et
1372 2474 1577 2511 onmem
1622 2458 1831 2526 adipem
1871 2458 1963 2527 qui

381 2541 552 2609 operit
592 2542 850 2596 interiora
874 2583 891 2607 ,
937 2554 985 2598 et
1026 2562 1230 2600 omnem
1288 2548 1499 2616 adipem
1536 2551 1626 2617 qui
1668 2558 1741 2602 est
1776 2551 1830 2601 in
1881 2550 1963 2601 in—

380 2632 679 2694 terioribus,
721 2644 770 2688 et
802 2637 931 2690 duos
966 2654 1136 2703 renes,
1191 2648 1240 2692 et
1275 2641 1485 2710 adipem
1526 2642 1585 2694 in
1610 2642 1706 2705 eis,
1735 2644 1825 2712 qui
1887 2650 1961 2695 est

380 2723 438 2777 in
502 2726 811 2796 femoribus,
874 2736 922 2781 et
996 2729 1247 2797 pinnulas
1302 2731 1498 2800 jecoris
1564 2749 1683 2786 cum
1754 2735 1962 2787 renibus

380 2824 430 2869 et
493 2817 672 2886 θίγεν-ει
726 2835 789 2872 ea
849 2820 921 2873 ad
976 2821 1150 2874 altare
1203 2823 1445 2876 sacerdos
1495 2812 1723 2877 hostiam
1781 2823 1962 2877 Domi—

381 2919 468 2959 no.
508 2906 632 2961 ΙΙωο
656 2922 995 2978 nequaquam
1033 2912 1306 2979 pertinent
1349 2912 1415 2967 ad
1441 2913 1672 2967 aliorum
1702 2924 1959 2983 peccato-

383 3010 503 3050 rum
550 2997 831 3063 sacriﬁcia,
891 3009 1107 3070 oportet
1154 3018 1285 3073 ergo
1344 3019 1406 3057 ea
1462 3004 1758 3059 discutere.
1823 3004 1958 3059 Illud

378 3096 562 3144 autem
606 3092 888 3148 intendere
936 3094 1085 3163 prius
1113 3104 1196 3148 est
1240 3097 1633 3160 necessarium,
1666 3097 1793 3166 quia
1824 3098 1958 3152 deli-

377 3188 527 3236 ctum
591 3182 658 3236 ad
730 3182 896 3237 Deum
946 3184 1218 3240 refertur:
1260 3202 1603 3257 quaecunque
1660 3197 1844 3241 autem
1891 3187 1958 3242 ad

376 3271 548 3329 Deum
600 3273 933 3339 referuntur,
967 3276 1240 3332 dillicilem
1274 3279 1479 3334 habent
1519 3279 1758 3343 veniam,
1790 3279 1864 3334 ita
1899 3287 1960 3334 ut

380 3362 496 3418 lleli
542 3363 666 3418 ﬁliis
702 3365 927 3421 diceret:
960 3365 1018 3421 Si
1059 3367 1212 3421 homo
1246 3371 1532 3437 peccaverit
1578 3372 1634 3424 in
1674 3373 1955 3437 hominem,

379 3455 549 3509 orabit
570 3472 667 3524 pro
701 3473 798 3510 eo:
823 3459 870 3510 si
897 3475 1017 3513 vero
1057 3461 1115 3512 in
1153 3460 1316 3514 Deum
1353 3464 1662 3531 peccaverit,
1699 3464 1815 3534 quis
1862 3480 1957 3533 pro

380 3562 441 3599 eo
488 3546 757 3600 orabit”?
795 3548 1111 3603 Necessario
1154 3565 1285 3620 ergo
1327 3552 1552 3605 arietem
1596 3552 1818 3622 ﬁguram
1861 3568 1957 3622 ge-

379 3647 593 3691 rentem
627 3638 862 3700 Domini,
902 3639 970 3693 de
1008 3656 1117 3709 quo
1141 3640 1345 3694 dictum
1400 3652 1483 3695 est
1521 3660 1533 3695 :
1593 3643 1725 3696 Ecce
1778 3643 1958 3714 Agnus

382 3729 499 3795 Dei,
545 3746 659 3783 ecce
690 3730 779 3799 qui
824 3730 960 3783 tollit
993 3740 1263 3799 peccatum
1312 3733 1572 3794 mundi”,
1612 3735 1750 3787 sumi
1786 3735 1840 3787 in
1868 3750 1955 3789 sa-

376 3817 584 3874 criﬁcio
630 3819 887 3884 diximus,
937 3821 992 3875 in
1045 3811 1153 3891 quo
1181 3823 1299 3876 solo
1328 3829 1449 3887 est,
1480 3830 1701 3890 peccata
1746 3840 1867 3893 quae
1903 3825 1956 3879 iu

380 3924 505 3964 cum
535 3913 824 3966 commissa
855 3920 982 3966 sunt
1005 3912 1265 3967 relaxare.
1304 3911 1532 3983 Oportet
1554 3922 1734 3969 autem
1765 3917 1953 3985 quaeri,

379 4018 548 4072 quare
581 4020 691 4059 non
725 4005 904 4059 omnis
929 4009 1071 4061 aries
1103 4007 1157 4060 in
1198 4006 1574 4061 holocaustum
1607 4008 1696 4071 sit,
1739 4009 1877 4062 sicut
1905 4016 1960 4064 et

380 4096 601 4157 vitulus,
654 4097 744 4165 qui
783 4112 883 4165 pro
934 4097 1135 4165 populo
1174 4104 1230 4150 et
1281 4112 1380 4165 pro
1428 4096 1713 4151 sacerdote
1744 4097 1959 4151 oblatus

378 4194 481 4250 est,
511 4194 566 4240 et
599 4186 713 4254 ipse
748 4186 894 4239 enim
931 4186 1153 4255 ﬁguram
1184 4201 1373 4256 gerere
1401 4187 1648 4241 sacriﬁcii
1682 4188 1958 4258 Unigcniti
1996 4224 2009 4245 κ

378 4286 462 4330 εει
493 4278 771 4345 probatus.
807 4276 915 4330 Sed
944 4277 1016 4330 ibi
1049 4278 1266 4346 quidem
1291 4278 1415 4347 quia
1443 4279 1710 4348 generalis
1740 4280 1957 4346 dispen-

2063 1833 2228 1897 coris,
2273 1833 2360 1887 vel
2388 1834 2527 1887 sicut
2556 1831 2719 1891 LXX,
2767 1832 3046 1899 pinnulam
3075 1831 3251 1899 epatis
3279 1847 3402 1883 cum
3436 1844 3643 1883 renun-

2062 1924 2198 1978 culis
2226 1922 2423 1975 auferri
2464 1922 2741 1990 praecepit,
2773 1928 2827 1973 ct
2855 1919 3041 1973 oﬁ'erri
3068 1935 3192 1974 cum
3226 1920 3347 1973 aliis
3388 1919 3442 1972 in
3483 1918 3639 1972 altari

2063 2014 2294 2068 hostiam
2331 2012 2574 2066 Domino.
2615 2009 2739 2063 Vult
2780 2010 2926 2073 enim
2960 2026 3084 2064 cum
3119 2010 3211 2078 qui
3261 2011 3639 2079 paenitentiam

2063 2107 2190 2176 agit,
2237 2103 2731 2173 concupiscentiam
2760 2101 3036 2171 propriam
3086 2117 3198 2155 non
3242 2102 3481 2165 habere,
3542 2103 3641 2158 sed

2062 2211 2281 2252 omnem
2342 2210 2460 2247 eam
2525 2193 2723 2247 oﬁ‘erre
2788 2193 2918 2247 Deo.
2963 2191 3101 2258 Quia
3141 2193 3636 2262 concupiscentias,

2062 2288 2178 2342 sive
2212 2286 2499 2347 desideria,
2541 2284 2595 2338 in
2632 2284 2826 2353 hepate
2858 2284 3066 2340 moveri
3092 2283 3302 2348 dicunt,
3333 2292 3388 2338 et
3413 2285 3634 2347 nutriri,

2061 2394 2289 2448 quarum
2341 2377 2592 2447 primitia:
2624 2391 2723 2445 per
2769 2375 3047 2443 pinnulam
3085 2376 3280 2429 oblata:
3304 2376 3360 2429 in
3397 2378 3639 2431 sanctiﬁ-

2062 2468 2274 2523 catione
2332 2467 2534 2536 peragi,
2590 2480 2887 2535 omnesque
2939 2464 3136 2535 corrigi
3191 2463 3422 2520 faciunt.
3510 2466 3639 2522 Haec

2062 2560 2269 2623 dicens,
2302 2559 2510 2613 addidit
2536 2574 2550 2611 :

2137 2648 2239 2702 Pro
2257 2648 2447 2702 delicto
2466 2656 2560 2701 est.
2586 2645 2912 2710 Ostendens,
2926 2647 3052 2717 quia
3074 2662 3185 2702 non
3207 2647 3410 2702 frustra
3429 2646 3639 2701 sacriﬁ-

2061 2741 2202 2795 cium
2236 2740 2339 2793 hoc
2376 2738 2597 2792 diﬁ‘erre
2629 2738 2697 2792 ab
2734 2737 2856 2793 aliis
2881 2738 3182 2802 sacriﬁciis,
3222 2754 3342 2807 qua:
3384 2745 3513 2791 sunt
3541 2753 3642 2807 pro

2061 2830 2317 2899 peccatis,
2361 2828 2516 2894 dixit,
2545 2827 2639 2882 sed
2684 2827 2809 2897 quia
2851 2843 2951 2896 pro
2978 2827 3175 2881 delicto
3201 2835 3305 2892 est,
3346 2826 3401 2881 id
3431 2835 3536 2889 est,
3581 2826 3640 2880 in

2065 2924 2231 2977 Deum
2265 2921 2437 2975 tendit
2470 2904 2752 2989 peccatum
2785 2918 2925 2986 ejus.
2956 2917 3111 2972 Unde
3146 2926 3198 2971 et
3228 2916 3456 2986 partem'
3477 2916 3640 2972 Chri-

2062 3012 2133 3066 sti
2177 3008 2453 3071 sacriﬁcii,
2494 3007 2639 3077 quod
2674 3022 2773 3075 pro
2810 3006 2957 3061 omni
2989 3021 3186 3077 genere
3213 3007 3453 3060 humano
3483 3005 3640 3061 obla-

2065 3110 2177 3156 tum
2225 3108 2326 3164 est,
2382 3099 2437 3153 in
2488 3114 2593 3153 una
2645 3098 2807 3152 etiam
2850 3113 3082 3167 persona
3125 3098 3371 3167 accipere
3412 3113 3640 3154 necesse

2061 3192 2270 3246 habuit.
2304 3190 2528 3259 Reliqua
2569 3199 2751 3242 autem
2783 3204 2891 3242 non
2922 3189 3152 3257 accepit,
3191 3188 3318 3258 quia
3353 3188 3452 3242 soli
3483 3188 3639 3243 obla-

2061 3278 2224 3344 tioni,
2278 3293 2399 3348 quae
2440 3292 2538 3346 pro
2592 3276 2847 3330 omnibus
2894 3276 3076 3330 oblata
3128 3286 3234 3340 est,
3289 3284 3634 3346 competunt.

2058 3370 2246 3438 Neque
2295 3369 2439 3422 enim
2484 3366 2598 3421 sola
2665 3382 2787 3435 quae
2843 3366 3099 3435 praedicta
3157 3375 3303 3431 sunt,
3358 3365 3639 3436 Unigeniti

2058 3457 2381 3514 sacriﬁcium
2433 3455 2725 3526 praestitit:
2775 3456 2870 3510 sed
2918 3464 2973 3509 et
3006 3466 3346 3511 mortuorum
3393 3474 3640 3513 resurre-

2058 3551 2315 3606 ctionem.
2375 3560 2429 3601 et
2486 3547 2689 3601 diaboli
2750 3549 3304 3613 condemnationem,
3357 3551 3635 3606 maledicti

2058 3641 2466 3700 liberationem,
2563 3637 2801 3708 paradisi
2896 3639 3320 3704 restitutionem,
3406 3657 3635 3710 quarum

2048 3731 2481 3811 unumquodque
2539 3729 2789 3782 virtutem
2855 3728 3170 3796 paenitentis
3251 3729 3483 3784 excedit.
3552 3731 3638 3785 Ad

2059 3821 2218 3890 cujus
2275 3818 2740 3890 supplementum,
2779 3826 2967 3887 utpote
3022 3834 3132 3872 non
3191 3819 3293 3874 sibi
3336 3820 3640 3876 suﬁiciente

2057 3922 2280 3983 propter
2331 3910 2760 3979 magnitudinem
2816 3910 3022 3978 peccati
3082 3926 3149 3965 co
3202 3896 3295 3981 qui
3365 3913 3632 3982 peccavit,

2058 4012 2265 4073 partem
2316 4002 2581 4057 Dominici
2627 4002 2875 4057 sacriﬁcii
2919 4003 3354 4071 comprehendit.
3411 4002 3637 4072 Reliqua

2059 4103 2237 4149 autem
2289 4095 2359 4158 ei,
2408 4095 2551 4164 quod
2601 4110 2698 4163 pro
2726 4094 2979 4147 omnibus
3012 4104 3112 4158 cst,
3160 4093 3428 4148 sacriﬁcio
3457 4103 3640 4148 custo-

2057 4187 2302 4241 diuntur.
2332 4185 2691 4255 Participatur
2712 4195 2891 4239 autem
2916 4200 2982 4240 eo
3004 4193 3059 4240 et
3083 4185 3202 4249 iste,
3238 4202 3334 4255 pro
3352 4202 3461 4255 quo
3492 4201 3639 4242 nunc

2060 4278 2382 4332 sacriﬁcium
2434 4277 2512 4341 ﬁt,
2554 4293 2675 4330 cum
2726 4293 2868 4331 unus
2916 4286 2970 4331 et
3020 4278 3135 4345 ipse
3170 4293 3237 4331 ex
3281 4278 3428 4331 omni
3460 4293 3638 4333 massa

381 4377 495 4421 sata
523 4376 605 4423 est
637 4369 905 4432 remissio,
936 4379 991 4423 et
1015 4368 1192 4423 onmis
1224 4368 1446 4423 humani
1481 4368 1697 4438 generis
1737 4377 1953 4437 peracta
1990 4397 2032 4453 ι)
2060 4371 2146 4423 sit.
2191 4366 2480 4437 P05tqua'm
2515 4376 2695 4421 autem
2754 4367 2907 4431 dixit,
2960 4367 3208 4436 quaedam
3257 4367 3509 4421 sacriﬁcii
3543 4383 3640 4436 pro

381 4468 465 4513 est
489 4459 668 4522 venia,
699 4462 1007 4515 necessarie
1031 4475 1192 4514 omne
1217 4459 1420 4514 Christi
1447 4460 1769 4515 sacriﬁcium
1793 4459 1959 4514 oﬁer-

385 4559 493 4607 tur.
540 4550 629 4606 hic
663 4558 844 4606 autem
893 4551 1021 4606 illud
1059 4562 1143 4607 est
1169 4553 1315 4623 quod
1358 4568 1454 4621 pro
1501 4553 1583 4608 eis
1634 4552 1714 4619 ﬁt,
1760 4553 1959 4622 quibus

384 4643 708 4698 sacriﬁcium
762 4654 818 4699 et
878 4645 1127 4700 remissio
1200 4654 1544 4713 procuratur.
1608 4645 1959 4714 Qinecunque

352 4762 365 4769 σ
384 4752 516 4806 ergo
538 4751 662 4790 eum
689 4748 919 4805 possunt
939 4737 1169 4797 salvare,
1212 4737 1329 4791 haec
1362 4738 1416 4790 in
1442 4738 1766 4791 sacriﬁcimn
1807 4738 1959 4791 Chri-

382 4828 451 4883 sti
508 4829 709 4898 suscipi
765 4829 1037 4896 legislator
1076 4829 1258 4896 jussit.
1292 4826 1421 4893 Qua:
1467 4830 1574 4883 sint
1625 4838 1804 4882 autem
1842 4829 1957 4882 lucc

383 4920 584 4978 Paulus
611 4923 688 4977 ait
715 4960 732 4984 ,
786 4921 976 4975 Pacem
1012 4921 1289 4990 sequimini
1321 4938 1437 4974 cum
1468 4921 1706 4973 onmibus
1744 4921 1953 4982 dicens,

384 5018 433 5062 et
476 5010 902 5071 sanctimoniam,
958 5008 1069 5061 sine
1116 5024 1219 5076 qua
1270 5025 1418 5061 nemo
1473 5009 1659 5061 ridebit
1709 5007 1955 5060 Deum".

385 5101 540 5165 Quod
570 5110 624 5156 et
648 5116 794 5155 nunc
823 5100 1094 5170 legislator
1125 5100 1446 5170 signiﬁcavit
1500 5116 1596 5168 per
1631 5099 1957 5154 antelaetam

386 5191 751 5245 oblationem:
817 5192 1136 5246 interiorum
1191 5193 1337 5245 enim
1418 5193 1775 5262 cogitationes
1831 5201 1961 5245 sunt

387 5282 740 5353 intelligibilia
785 5284 1068 5350 interiora,
1119 5284 1318 5353 quibus
1374 5298 1560 5352 pacein
1608 5282 1954 5347 habentibus,

385 5389 572 5444 pacem
615 5391 738 5429 eum
787 5376 1040 5430 omnibus
1088 5374 1427 5430 habebimus.
1461 5373 1745 5427 Oblatione
1773 5382 1955 5429 autem

386 5468 621 5531 rcnium,
664 5477 720 5521 et
754 5467 1010 5536 pinuul.e,
1039 5474 1093 5520 et
1123 5465 1318 5535 epotis,
1353 5476 1402 5520 et
1452 5465 1716 5519 femorum
1750 5468 1956 5520 sancti-

455 5667 502 5698 ⁸³
540 5665 556 5718 Ι
592 5665 722 5735 lleg.
778 5682 836 5730 ιι,
868 5667 958 5721 23.
1034 5668 1255 5723 “.‘oan.
1287 5683 1323 5731 I,
1354 5670 1439 5723 ἒς).
1519 5676 1560 5705 ⁵³
1597 5672 1759 5728 ilebr.
1790 5654 1884 5735 xtl,
1929 5673 2009 5728 Μ.

2061 4460 2259 4515 delicto
2295 4460 2586 4529 praecipua,
2628 4457 2870 4512 subdidit
2897 4458 3210 4512 communia
3258 4472 3380 4527 qua:
3409 4458 3476 4512 de
3512 4472 3643 4527 pec-

2060 4552 2196 4606 catis
2226 4551 2406 4605 habet.

2134 4644 2319 4699 Omnis
2340 4642 2603 4696 masculus
2620 4643 2684 4696 de
2711 4642 3026 4696 sacerdotali
3049 4659 3232 4711 genere
3257 4642 3311 4694 in
3337 4641 3447 4694 loco
3461 4648 3643 4694 sancto

2062 4746 2293 4790 vescetur
2320 4736 2397 4788 liis
2423 4735 2690 4796 carnibus,
2745 4734 2869 4803 quia
2911 4732 3161 4787 Sanctum
3199 4745 3500 4786 sanctorum
3545 4739 3641 4785 est.

2066 4824 2211 4878 Sicut
2244 4840 2338 4892 pro
2371 4833 2581 4891 peccato
2627 4824 2839 4893 offertur
2868 4804 3060 4883 hostia,
3097 4824 3172 4876 ita
3208 4833 3258 4876 et
3298 4839 3393 4891 pro
3431 4821 3640 4874 delicto.

2071 4919 2345 4986 Utriusque
2407 4918 2586 4972 hostia:
2642 4934 2748 4971 una
2799 4917 2883 4971 lea:
2941 4918 3063 4970 erit.
3119 4915 3261 4984 Ergo
3310 4916 3446 4969 nihil
3494 4914 3644 4968 aliud

2067 5026 2338 5079 exponere
2385 5011 2492 5075 hic,
2543 5020 2635 5064 aut
2683 5010 2883 5064 addere
2924 5024 3153 5063 necesse
3188 5008 3474 5070 habemus,
3517 5006 3645 5074 quia

2054 5101 2373 5155 communia
2433 5102 2548 5155 lucc
2593 5117 2713 5157 esse
2750 5117 2848 5171 pro
2897 5107 3141 5168 peccato,
3208 5108 3263 5152 et
3297 5113 3395 5167 pro
3445 5098 3647 5151 delicto

2068 5191 2329 5246 sacriﬁcia
2389 5192 2718 5246 audivimus.
2779 5190 3124 5271 Suliicientcr
3186 5198 3366 5243 autem
3438 5189 3506 5241 de
3560 5188 3647 5244 his

2066 5300 2186 5353 qua:
2240 5300 2336 5353 pro
2390 5292 2612 5353 peccato
2661 5293 2789 5339 sunt
2837 5284 2891 5338 in
2948 5283 3220 5351 pnedictis
3268 5279 3642 5350 exposuimus.

2069 5376 2173 5430 Sed
2210 5375 2677 5430 conﬁrmationem
2736 5377 2897 5431 etiam
2932 5377 3057 5429 huic
3088 5375 3190 5442 legi
3250 5374 3410 5429 talem
3457 5386 3646 5443 super-

2068 5469 2315 5522 addidit:
