4076 6188
302 225 401 289 861

1438 222 1521 284 IN
1561 221 2005 284 LEVITICUM.
2046 247 2116 258 -
2156 223 2304 283 LIB.
2347 222 2432 282 II.

3460 218 3568 283 862

294 348 475 396 Ovem,
506 346 600 389 aut
660 351 756 405 par
811 342 1101 392 turturum.
1149 340 1243 386 aut
1273 331 1451 402 pullos
1505 332 1881 388 columbarum
1909 333 1954 389 Δ
1983 329 2111 385 dum
2148 330 2558 395 misericordiae,
2588 341 2809 402 propter
2864 331 3286 386 inobedientiam
3351 328 3570 384 Iudaeo-

294 425 496 480 oll'erre
520 428 572 480 in
595 425 940 481 sacrificium.
962 423 1075 478 lloc
1096 432 1279 477 autem
1298 422 1398 477 etsi
1418 422 1741 477 sacrificium
1762 421 1882 476 Sal—

298 518 504 573 vatoris
531 517 826 597 signiﬁcat,
860 527 1041 570 tamen
1076 516 1201 585 quia
1234 529 1344 569 non
1376 513 1660 584 theologia:
1688 513 1880 584 gratia,

298 608 396 663 sed
430 623 593 663 causa
624 607 873 662 utilitatis
903 605 1187 661 oﬁ‘erentis
1220 614 1491 675 przecepta
1516 614 1618 670 est,
1643 615 1699 659 et
1740 603 1885 659 hanc

298 699 423 754 ﬁliis
474 699 657 754 Aaron
724 698 1026 768 deputavit.
1088 696 1384 766 Oportebat
1443 695 1611 760 enim,
1670 703 1887 750 etcum

300 789 501 845 oblatio
534 791 725 844 eadem
751 798 914 849 esset.
939 802 1102 842 causa
1135 795 1317 841 autem
1348 784 1537 840 eadem
1563 800 1675 839 non
1716 791 1885 847 esset,

305 881 410 936 hoc
439 881 710 951 siquidem
737 889 958 950 propter
983 878 1334 948 theologiam,
1370 877 1500 932 illud
1533 886 1716 930 autem
1760 890 1891 945 pro-

304 982 426 1043 pter
460 980 832 1043 paupertatem
862 970 1186 1041 postulantis
1234 985 1330 1039 pro
1360 969 1597 1039 peccatis
1639 967 1890 1033 offertur,

306 1064 672 1121 differentiam
696 1064 929 1134 aliquam
964 1062 1290 1118 sacriﬁcium
1345 1061 1569 1126 habere,
1604 1067 1666 1113 ut
1703 1067 1893 1114 osten-

307 1156 489 1217 datur,
522 1156 653 1226 quid
708 1172 806 1226 pro
835 1153 1123 1224 theologia,
1156 1161 1213 1207 et
1265 1151 1432 1223 gloria
1463 1166 1584 1220 qua:
1625 1151 1680 1207 in
1734 1150 1898 1204 Chri-

311 1258 397 1302 sto
444 1257 547 1312 est,
601 1247 879 1309 offeratur,
920 1246 1050 1316 quid
1102 1260 1202 1315 pro
1235 1242 1347 1298 sola
1390 1240 1621 1296 utilitate
1660 1240 1900 1297 offeren-

312 1338 406 1393 tis.
1430 1400 1437 1409 .

384 1424 550 1480 Vens.
588 1425 769 1479 11-15.
809 1443 827 1476 ι
860 1423 984 1478 llaec
1026 1432 1111 1478 est
1162 1423 1246 1477 lex
1276 1421 1470 1477 hostiae
1522 1420 1900 1491 paciﬁcorum,

315 1533 437 1587 qua:
463 1517 691 1571 oﬂ‘ertur
716 1516 964 1571 Domino.
1000 1515 1055 1568 Si
1089 1530 1186 1584 pro
1207 1514 1504 1585 gratiarum
1537 1512 1753 1567 actione
1777 1511 1899 1565 fue-

316 1610 389 1664 rit
406 1610 631 1675 oblatio,
662 1607 895 1662 oﬁ‘erent
917 1622 1083 1677 panes
1106 1608 1313 1676 absque
1343 1604 1611 1660 fermento
1639 1616 1902 1672 consper-

1986 438 2128 489 rum,
2192 424 2759 492 permiscentminas.
2820 423 2973 479 Unde
3015 433 3068 477 et
3111 439 3222 477 non
3275 436 3572 491 conspersa

1987 515 2107 570 oleo
2138 515 2350 586 lagana,
2383 515 2480 570 sed
2542 524 2755 570 tantum
2802 523 2965 569 uncta
3000 530 3119 569 esse
3156 515 3431 568 dicuntur.
3465 512 3585 567 Co-'

1986 613 2130 661 ctam
2161 614 2342 660 autem
2379 606 2630 667 similam,
2662 615 2717 661 et
2755 605 3039 674 collyridas
3062 606 3166 659 olei
3194 606 3575 660 commistione

1989 710 2334 765 conspersas,
2397 695 2481 749 vel
2536 696 2675 751 sicut
2741 692 2887 749 LXX
2937 694 3128 749 dicunt
3175 711 3190 748 :
3240 693 3305 747 Et
3343 692 3576 747 similam

1991 804 2327 858 consparsam
2357 788 2469 842 oleo
2500 787 2770 857 collyridis
2810 803 3009 857 panum
3047 801 3356 854 azymorum
3379 800 3397 837 :
3424 784 3576 837 simi-

1991 881 2101 935 lam
2132 881 2188 934 in
2217 881 2339 935 oleo
2367 894 2740 948 conspersam,
2775 894 2901 933 cum
2958 878 3305 947 eleemosyna
3363 875 3578 930 theolo-

1995 972 2138 1043 giam
2170 969 2546 1041 intelligimus,
2577 969 2720 1023 unde
2747 979 2803 1023 et
2829 969 3003 1022 simila
3052 976 3278 1037 propter
3306 967 3579 1021 subtilita-

1998 1071 2107 1117 tem
2138 1061 2360 1116 dicitur.
2391 1060 2781 1113 Verumtamen
2803 1059 2857 1112 in
2883 1058 3156 1127 collyridis
3187 1058 3421 1127 panibus
3458 1058 3580 1111 sine

1997 1153 2289 1215 fermento,
2335 1167 2562 1206 munera
2594 1150 2841 1205 sacriﬁcii
2884 1150 3256 1219 paciﬁcorum,
3294 1166 3392 1205 seu
3437 1149 3584 1203 salu-

2000 1239 2135 1295 taris
2167 1240 2427 1309 praecepit
2455 1239 2591 1305 ﬁeri,
2623 1239 2678 1293 in
2704 1239 3018 1308 apostolicis
3041 1238 3295 1293 videlicet
3330 1237 3583 1303 Scripta-

2001 1331 2096 1386 ris.
2133 1330 2499 1401 Apostolicam
2545 1341 2725 1384 autem
2796 1330 3100 1385 doctrinam
3137 1330 3292 1400 sequi
3351 1330 3587 1384 maxime

2002 1432 2215 1494 oportet
2234 1438 2385 1487 eum,
2416 1423 2507 1492 qui
2531 1422 2727 1477 salvari
2758 1423 3049 1479 desiderat.

2072 1513 2248 1566 Panes
2273 1529 2476 1583 quoque
2500 1513 2839 1583 fermentatos
2879 1529 2997 1566 cum
3059 1511 3231 1566 hostia
3269 1511 3585 1582 gratiarum,

2005 1618 2123 1674 qua?
2158 1601 2465 1655 immolatur
2510 1617 2605 1669 pro
2650 1601 2906 1671 paciﬁcis,
2962 1617 3028 1654 ex
3064 1601 3250 1670 quibus
3296 1615 3430 1652 unus
3494 1613 3590 1665 pro

317 1717 407 1756 sos
461 1700 603 1766 oleo,
628 1709 684 1755 et
740 1700 928 1770 lagana
972 1714 1156 1769 azyma
1189 1706 1350 1752 uncta
1407 1696 1548 1759 oleo,
1580 1704 1900 1763 coclamque
1934 1673 1975 1729 Β
2005 1694 2254 1764 primitiis
2276 1693 2520 1762 offeretur
2548 1693 2772 1747 Domino
2797 1707 2815 1745 :
2846 1699 2894 1745 et
2918 1692 3016 1749 erit
3045 1689 3330 1744 sacerdotis
3358 1689 3447 1758 qui
3472 1689 3596 1757 fitn-

319 1793 570 1857 similam,
618 1801 674 1848 et
722 1792 1009 1863 collyridas
1041 1791 1143 1847 olei
1202 1788 1528 1844 admistione
1552 1801 1899 1857 conspersus.

317 1884 491 1940 Panes
521 1899 738 1955 quoque
790 1884 1144 1938 lermentatos
1172 1897 1297 1935 cum
1349 1880 1528 1935 hostia
1581 1879 1900 1950 gratiarum,

318 1994 438 2047 quae
466 1977 777 2032 immolatur
814 1991 913 2045 pro
958 1973 1221 2044 paciﬁcis,
1251 1988 1319 2028 ex
1363 1971 1564 2042 quibus
1610 1986 1754 2025 unus
1807 1984 1906 2039 pro

320 2070 578 2140 primitiis
616 2068 879 2124 olleretur
932 2066 1185 2130 Domino,
1221 2073 1277 2118 et
1308 2064 1413 2118 erit
1468 2063 1766 2117 sacerdotis
1812 2059 1904 2131 qui

323 2161 510 2217 fundet
546 2160 741 2214 hostiae
773 2158 1115 2229 sanguinem,
1152 2156 1310 2225 cujus
1353 2169 1546 2209 carnes
1572 2152 1763 2206 eadem
1812 2166 1906 2204 co-

323 2253 615 2306 medentur
646 2251 755 2316 die,
782 2266 885 2304 nec
916 2247 1224 2303 remanebit
1258 2261 1323 2301 ex
1356 2246 1435 2300 eis
1465 2230 1761 2314 quidquam
1815 2256 1907 2295 us-

321 2357 431 2413 que
455 2358 633 2396 mane.
671 2360 689 2391 ι

396 2432 863 2499 Quemadmodum
891 2431 1329 2485 holocaustorum
1354 2436 1408 2484 et
1436 2434 1783 2498 peccatorum
1822 2440 1910 2479 sa-

325 2524 552 2589 criﬁcia,
585 2524 663 2578 sic
713 2533 768 2578 et
819 2538 880 2576 ea
915 2538 1036 2592 quae
1067 2537 1167 2592 pro
1192 2521 1453 2591 pacificis,
1512 2520 1626 2575 sive
1684 2516 1909 2571 salutari

327 2615 655 2681 oll‘eruntur,
697 2614 1016 2678 reiteravit;
1053 2613 1294 2667 secundo
1330 2611 1461 2666 illud
1488 2611 1695 2671 dicens,
1729 2617 1786 2662 ut
1827 2622 1913 2661 re-

327 2708 591 2780 petitione
620 2707 936 2761 memoriam
962 2721 1152 2759 eorum
1186 2705 1359 2775 legem
1391 2702 1786 2758 meditantibus
1820 2699 1912 2752 in-

328 2807 559 2854 sereret.
595 2796 876 2852 Subinl‘ert
898 2805 1078 2850 autem
1107 2810 1168 2849 ea
1198 2808 1320 2865 qua:
1365 2801 1491 2848 ante
1517 2808 1626 2847 non
1663 2791 1819 2854 dixit,
1856 2798 1916 2844 ut

328 2892 489 2948 nobis
546 2892 707 2946 lectio
753 2889 1078 2953 necessaria,
1112 2895 1168 2942 et
1225 2903 1334 2942 non
1391 2885 1738 2956 deSpicabilis
1799 2883 1910 2937 ﬁat.

2003 1785 2088 1839 det
2117 1784 2301 1838 hostia:
2331 1783 2661 1853 sanguinem.
2686 1780 2827 1836 LXX
2868 1788 3050 1835 autem
3090 1779 3283 1834 dicunt
3316 1795 3330 1832 :
3364 1777 3430 1831 Et
3458 1777 3588 1846 offe-

2003 1883 2081 1930 ret
2121 1875 2185 1928 de
2241 1875 2478 1928 omnibus
2535 1872 2835 1926 muneribus
2882 1872 2991 1925 suis
3062 1868 3423 1922 laudationem
3466 1865 3593 1924 Deo,

2003 1967 2266 2020 sacerdoti
2289 1962 2631 2035 profundenti
2660 1961 2969 2030 sanguinem
2991 1957 3248 2012 salutaris
3274 1954 3418 2008 illius
3471 1953 3592 2007 erit.

2006 2056 2110 2110 Per
2129 2056 2245 2111 haec
2278 2055 2650 2118 ostendentes,
2720 2050 2845 2120 quia
2892 2058 3377 2119 quantumcunque
3430 2043 3597 2099 homo

2008 2148 2180 2220 egerit
2226 2155 2278 2202 et
2338 2122 2551 2209 vixerit,
2602 2139 2923 2204 cucurrerit,
2975 2147 3029 2193 et
3088 2134 3591 2206 comprehenderit,

2009 2242 2124 2297 sive
2155 2247 2436 2295 assecutus
2458 2236 2642 2301 fuerit,
2670 2234 2788 2289 sine
2811 2232 3083 2303 adjutorio
3120 2229 3334 2283 Domini
3358 2228 3593 2283 salutem

2009 2332 2240 2405 adipisci
2303 2332 2419 2386 sive
2452 2327 2673 2397 assequi
2700 2341 2811 2381 non
2856 2330 3057 2394 potest.
3115 2323 3344 2391 Propter
3372 2319 3517 2390 quod
3543 2326 3601 2373 et

2011 2423 2211 2478 Paulus
2271 2420 2524 2475 dicebat:
2556 2416 2676 2472 Non
2731 2415 2949 2471 volentis
2985 2429 3147 2484 neque
3194 2412 3474 2473 currentis.
3510 2409 3602 2464 sed

2013 2514 2307 2569 miserentis
2338 2520 2411 2565 est
2441 2510 2535 2564 Dei
2565 2509 2630 2562 ⁷⁸.
2664 2508 2772 2578 Ipsi
2819 2515 3002 2561 autem
3051 2502 3323 2559 sacerdoti
3376 2500 3603 2570 profun-

2012 2605 2162 2661 denti
2216 2602 2535 2673 sanguinem
2575 2598 2866 2659 salutaris,
2922 2596 2980 2651 id
3030 2603 3134 2656 est,
3183 2592 3388 2648 Christi
3437 2590 3603 2646 mini-

2013 2694 2207 2751 stranti
2237 2701 2293 2747 et
2327 2689 2627 2761 perﬁcienti
2665 2685 2991 2743 sacriﬁcium
3039 2700 3136 2755 per
3179 2698 3338 2737 suum
3381 2681 3601 2751 adjuto-

2016 2787 2180 2852 rium,
2221 2783 2495 2854 primitias
2520 2780 2685 2851 jussit
2722 2777 2927 2849 offerri.
2959 2775 3195 2831 Attende
3241 2780 3423 2827 autem
3469 2787 3605 2841 quae

2016 2879 2143 2932 liter
2197 2876 2360 2930 etiam
2412 2878 2737 2945 praesentem
2790 2868 2925 2941 legis
2987 2866 3327 2922 sanctionem
3385 2862 3610 2935 conclu-

331 2984 509 3039 Dividi
540 2992 719 3037 autem
740 2982 871 3035 illud
896 2996 1004 3033 non
1030 2979 1252 3038 frustra.
1279 2977 1371 3031 sed
1411 2987 1465 3030 et
1497 2975 1659 3029 nimis
1683 2975 1918 3027 rationa-
1944 3004 1986 3061 α
2025 2969 2095 3023 sit
2122 2984 2136 3021 :

332 3075 517 3130 biliter
540 3071 806 3143 prazvidit,
839 3070 956 3123 hau:
980 3068 1126 3123 enim
1149 3066 1422 3137 inquisitis
1448 3063 1769 3136 legislatoris
1799 3078 1917 3118 ver-

336 3168 420 3222 bis
456 3164 787 3219 invenimus.

409 3257 533 3312 Ha'c
555 3266 628 3311 est
648 3256 732 3310 lea:
765 3256 946 3309 hostia:
963 3254 1323 3324 paciﬁcorum,
1357 3267 1473 3321 qua:
1494 3250 1709 3319 oﬂ‘ertur
1741 3246 1920 3300 Domi-

339 3367 424 3414 no,
460 3350 504 3401 si
529 3363 621 3415 pro
647 3346 947 3416 gratiarum
984 3345 1189 3397 actione
1232 3343 1425 3413 υσενερ,
1460 3342 1564 3394 sive
1595 3356 1690 3407 pro
1729 3337 1920 3392 lauda-

344 3444 502 3495 tione.
532 3439 695 3492 Vides
723 3437 954 3491 activam
987 3435 1209 3506 quidem
1237 3434 1407 3488 solam
1432 3447 1573 3496 esse,
1600 3428 1922 3484 rationalem

343 3542 545 3595 autem,
575 3538 631 3585 et
660 3529 891 3582 aetivam
922 3512 1044 3583 esse
1075 3526 1263 3586 vitam,
1293 3539 1359 3577 ex
1396 3523 1482 3577 his
1511 3536 1631 3590 qua:
1670 3519 1829 3573 nobis
1857 3518 1925 3572 ad

343 3629 591 3703 paciﬁca,
617 3628 733 3681 sive
768 3623 835 3679 ad
865 3622 1095 3676 salutem
1115 3614 1538 3693 transeuntibus
1567 3612 1733 3673 dedit,
1770 3622 1925 3680 pote-

346 3730 542 3779 statem
568 3720 832 3780 tribuens,
866 3728 1029 3784 quam
1055 3726 1121 3765 ex
1153 3708 1437 3776 utriusque
1470 3704 1803 3760 voluerimus
1834 3703 1930 3758 eli-

346 3831 474 3888 gere
501 3832 515 3880 ;
550 3812 676 3884 quia
703 3808 849 3866 enim
874 3803 1136 3860 rationale
1169 3799 1440 3871 quoddam
1473 3806 1556 3853 est
1603 3795 1928 3851 sacriﬁcium

348 3885 643 3983 gratiarum
666 3898 925 3979 actionis,
958 3896 1073 3952 sive
1097 3891 1400 3949 secundum
1448 3885 1608 3951 LXX,
1662 3885 1929 3939 laudatio-

350 3978 476 4065 bis;
509 3998 631 4053 audi
666 3978 861 4057 David,
898 3999 1185 4061 postquam
1212 3982 1492 4055 prohibuit
1524 3978 1787 4035 sacriﬁcia
1810 3992 1931 4046 quae

350 4091 649 4151 secundum
676 4089 848 4157 legem
879 4089 1055 4143 erant,
1079 4080 1348 4135 dicentem
1389 4071 1652 4128 :Immola
1706 4070 1809 4124 Deo
1843 4087 1934 4124 sa-

352 4187 602 4258 eri/icium
630 4181 801 4236 laudis
822 4187 870 4233 et
922 4173 1080 4229 redde
1120 4169 1386 4224 Altissimo
1437 4175 1555 4220 vota
1587 4175 1677 4219 tua
1696 4164 1762 4217 δ’.
1795 4161 1933 4216 Audi

352 4290 407 4336 et
428 4256 662 4333 Paulum
696 4272 764 4328 ad
798 4269 1055 4324 llebraros
1081 4263 1407 4319 scribentem
1432 4274 1529 4329 per
1549 4273 1626 4322 se,
1652 4256 1785 4312 dicit
1838 4271 1935 4309 au-

357 4380 464 4428 tem
508 4388 523 4423 :
557 4366 644 4423 Sic
661 4365 941 4435 offeramus
973 4357 1195 4411 hostiam
1217 4353 1388 4407 laudis
1411 4367 1613 4418 semper
1644 4348 1772 4408 Deo.
1815 4349 1927 4419 fru-

359 4472 499 4516 ctum
530 4458 784 4512 labiorum
829 4448 1188 4519 conﬁtentium
1222 4443 1421 4498 nomini
1450 4441 1564 4512 ejus
1584 4441 1651 4497 ⁷ο.
1694 4438 1937 4504 Quomo-

359 4553 430 4608 do
459 4560 640 4606 autem
673 4546 827 4617 jubet
854 4541 983 4598 illud
1019 4537 1251 4596 offerri?

430 4646 616 4715 0,7'eret
668 4656 827 4709 panes
861 4636 1049 4706 absque
1071 4633 1344 4704 fet-inemo,
1395 4640 1690 4695 conspersos
1738 4622 1945 4687 oleo,et

361 4738 555 4809 lagona
610 4749 798 4803 azyma
844 4736 1001 4782 uncta
1045 4725 1179 4788 oleo,
1226 4730 1530 4788 castamque
1584 4715 1838 4777 similam,
1896 4722 1944 4766 et

361 4805 640 4900 co‘llyridas
671 4823 770 4878 olei
799 4818 1111 4874 admistione
1137 4827 1443 4883 conspersas
1487 4807 1640 4875 Quod
1681 4805 1820 4859 LXX
1872 4806 1942 4857 ita

361 4897 671 4980 eduhtzEt
723 4914 957 4971 similam
1015 4920 1346 4978 conspersum
1400 4902 1531 4964 oleo,
1587 4900 1641 4952 in
1679 4897 1945 4965 collyridis

363 5029 559 5083 panum
582 5022 886 5079 azymorum
919 5002 1097 5073 σπεῖρε
1133 5011 1351 5050 munera
1379 5006 1534 5061 super
1558 4987 1729 5041 altare
1751 4985 1945 5037 lauda-

366 5077 521 5157 tionis
549 5077 818 5153 salutaris.
853 5094 1026 5147 Panes
1056 5090 1175 5142 sine
1223 5084 1514 5145 fermento,
1569 5077 1683 5130 sive
1728 5089 1945 5146 azymos

366 5205 693 5260 conspersos
713 5187 766 5240 iu
798 5184 941 5243 oleo,
972 5177 1305 5250 apostolicos
1352 5172 1558 5231 libros;
1601 5167 1786 5235 lagaua
1837 5182 1940 5217 un-

368 5295 454 5341 cta
482 5240 603 5335 oleo
631 5274 979 5349 propheticos
1005 5240 1415 5337 intellige.quia
1470 5260 1545 5313 illi
1594 5257 1811 5327 quidem
1858 5259 1946 5312 ni—
2009 5240 2017 5253 ’

371 5377 473 5431 mis
517 5371 823 5444 opulenter,
875 5367 947 5421 illi
988 5371 1170 5418 autem
1220 5358 1319 5413 etsi
1374 5363 1428 5409 et
1487 5352 1585 5421 ipsi
1642 5353 1953 5419 opulenter,

373 5483 477 5523 non
505 5441 686 5520 tam—2r.
720 5471 930 5518 tantum
968 5452 1296 5511 annuntiant
1352 5443 1782 5500 miscricordiam
1827 5441 1947 5505 Dei,

446 5627 489 5658 ⁸³
523 5625 664 5679 Psal.
707 5636 854 5676 ηις.
903 5618 984 5671 Η.
1064 5614 1110 5644 ὀ
1149 5592 1312 5665 Ιιρϋτξ
1353 5606 1584 5679 suum.

378 5715 502 5761 xxv,
542 5697 561 5748 1
595 5710 747 5763 seqq.
823 5692 866 5719 ⁷⁵
893 5688 1053 5741 Prov.
1080 5699 1159 5741 ιιι,
1188 5681 1277 5745 ‘28,
1311 5679 1399 5731 99.

1681 5606 1726 5634 ⁷⁸
1763 5601 1918 5654 Rom.
1957 5616 2030 5658 Ix,
2068 5597 2147 5653 16.

1478 5677 1545 5707 ⁷³⁸
1578 5676 1736 5729 Prov.
1765 5688 1933 5733 xvm,
1976 5672 1990 5721 l
2035 5677 2089 5721 rt
2119 5666 2232 5721 Jac.
2269 5679 2338 5727 tv,
2381 5660 2443 5712 li

2092 3059 2257 3129 Cujus
2287 3072 2473 3111 carnes
2498 3054 2684 3108 cadent
2722 3052 3062 3106 comedentur
3086 3050 3192 3112 die,
3234 3065 3326 3103 nec
3370 3064 3613 3103 remane-

2020 3152 2091 3205 bit
2107 3167 2170 3205 ea:
2199 3150 2271 3203 eis
2296 3146 2590 3219 quidquam
2616 3160 2777 3215 usque
2804 3159 2977 3197 mane.
3017 3141 3116 3195 Vel
3151 3142 3293 3196 sicut
3316 3139 3458 3194 LXX
3487 3158 3499 3193 :
3542 3138 3615 3193 Et

2022 3257 2204 3295 carnes
2255 3237 2502 3306 sacriﬁcii
2549 3235 2723 3288 laudis
2766 3233 3039 3297 salutaris,
3075 3233 3177 3300 ipsi
3227 3240 3379 3286 erunt
3427 3230 3614 3285 videli-

2023 3344 2100 3389 cet
2123 3330 2373 3403 o/ferenti,
2407 3338 2453 3382 et
2482 3329 2540 3380 in
2582 3340 2892 3396 quacunque
2930 3323 3015 3377 die
3044 3321 3259 3376 donabit
3290 3322 3613 3384 comedetur,

2026 3443 2130 3482 non
2158 3423 2449 3492 relinquent
2486 3434 2549 3472 ea:
2572 3433 2631 3470 eo
2663 3431 2823 3485 usque
2846 3431 3019 3468 mane.
3044 3413 3143 3468 llic
3175 3428 3337 3468 mane
3358 3410 3615 3467 sa'culum

2026 3518 2270 3573 futurum
2310 3510 2567 3582 appellat,
2602 3516 2789 3575 utpote
2821 3504 2969 3575 quod
3029 3512 3201 3558 totum
3240 3511 3326 3557 est
3366 3503 3506 3556 luris
3562 3509 3619 3555 et

2027 3606 2174 3662 nocti
2198 3599 2479 3674 pra‘sentis
2514 3596 2697 3652 saeculi
2729 3592 2991 3650 succedit.
3027 3592 3101 3645 De
3165 3589 3283 3659 ipso
3311 3589 3515 3659 quippe
3563 3595 3621 3641 et

2028 3699 2228 3754 Paulus
2248 3696 2323 3750 ait
2354 3690 2509 3746 :Noa:
2528 3688 2811 3758 praecessit,
2846 3685 2956 3739 dies
2988 3693 3166 3738 autem
3211 3681 3617 3751 appropinqua-

2031 3792 2103 3845 vit
2124 3789 2169 3820 τ’
2201 3807 2216 3842 ;
2247 3784 2418 3846 David
2434 3764 2619 3836 autem
2644 3779 2778 3833 dicit
2813 3794 2826 3829 :
2855 3775 3008 3830 Mane
3037 3772 3221 3827 astabo
3240 3771 3330 3824 tibi
3347 3778 3393 3822 et
3416 3766 3618 3832 videbo,

2032 3880 2279 3955 quoniam
2315 3890 2417 3931 non
2472 3874 2608 3926 Deus
2648 3871 2821 3924 volens
2873 3866 3204 3932 iniquitatem
3247 3873 3300 3915 tu
3336 3861 3471 3914 es”.
3504 3858 3620 3911 Non

2031 3953 2148 4031 vult
2181 3987 2308 4043 ergo
2339 3972 2406 4025 de
2426 3965 2681 4023 carnibus
2702 3959 2952 4016 sacriﬁcii
2987 3955 3238 4011 salutaris
3267 3953 3319 4006 in
3343 3966 3503 4005 mane
3537 3964 3623 4002 rc-

2035 4063 2227 4135 linqui.
2248 4039 2324 4114 vut
2351 4074 2460 4113 non
2491 4052 2862 4123 imperfectam
2888 4047 3052 4101 vitam
3076 4053 3315 4097 nostram
3351 4039 3619 4107 relinqua-

2037 4130 2178 4225 mus,
2214 4169 2312 4226 per
2348 4166 2508 4221 quam
2535 4162 2633 4201 nos
2667 4150 2883 4212 oportet
2914 4136 3114 4194 salvari
3142 4154 3154 4188 :
3183 4135 3417 4188 scientes
3475 4130 3622 4184 enim

2038 4221 2174 4321 quia
2199 4221 2306 4301 non
2337 4248 2505 4298 restat
2534 4239 2587 4292 in
2638 4236 2732 4289 illo
2769 4231 2967 4287 saeculo
3026 4227 3291 4299 operatio,
3316 4230 3370 4278 et
3402 4221 3456 4276 in
3502 4236 3618 4275 mc-

1967 4338 2012 4395 D
2040 4317 2268 4397 moriam
2308 4342 2552 4389 nostram
2574 4335 2894 4384 revocantes
2924 4321 3164 4392 quinque
3207 4317 3467 4387 virgines,
3501 4329 3621 4383 qu;e

2035 4408 2164 4502 quia
2190 4428 2404 4496 Spouso
2432 4428 2662 4476 vocante
2694 4416 2879 4471 venire
2901 4414 2968 4468 ad
2999 4410 3238 4480 nuptias,
3266 4408 3447 4461 oleum
3474 4419 3624 4460 eme-

2040 4499 2099 4576 re
2125 4520 2398 4580 volebant,
2428 4531 2456 4569 a
2487 4511 2691 4582 nuptiis
2710 4508 2942 4565 exclusa:
2972 4512 3101 4561 sunt
3129 4502 3197 4565 7",
3253 4499 3388 4555 nihil
3414 4511 3626 4559 eorum,

2041 4623 2163 4677 qua:
2189 4606 2258 4660 ad
2287 4605 2514 4659 salutem
2540 4598 2854 4671 proﬁciunt,
2877 4609 2987 4648 non
3017 4592 3427 4653 mantlucatum,
3463 4586 3516 4640 id
3548 4591 3632 4638 est

2048 4674 2153 4753 non
2182 4703 2466 4764 operatmn
2497 4706 2656 4746 mane
2707 4684 3045 4757 intelligibile
3096 4683 3489 4751 relinquamus.
3520 4674 3634 4764 Hoc

2045 4788 2191 4845 enim
2225 4763 2388 4839 nobis
2434 4794 2489 4838 et
2549 4782 2804 4837 Salomon
2851 4778 2905 4831 iu
2972 4772 3283 4829 Proverbiis
3312 4769 3483 4823 dicit:
3515 4763 3635 4818 Non

2044 4882 2228 4935 dicas:
2262 4875 2426 4940 Vade,
2463 4885 2509 4929 et
2545 4883 2821 4935 revertere,
2840 4879 2888 4923 et
2905 4884 3021 4921 cras
3054 4864 3190 4918 dabo
3213 4861 3305 4915 tibi
3326 4874 3440 4911 cum
3457 4855 3636 4907 statim

2044 4972 2210 5043 possis
2224 4970 2349 5023 dare
2366 4970 2434 5034 7‘;
2466 4982 2626 5035 neque
2645 4964 2783 5018 enim
2803 4962 2902 5015 scis
2922 4958 3047 5030 quid
3063 4953 3238 5024 pariat
3262 4954 3636 5043 superventura

2046 5066 2188 5120 dies:
2213 5078 2276 5116 ne
2308 5064 2457 5131 forte,
2487 5060 2583 5118 ait,
2616 5055 2917 5115 deduearis,
2957 5048 3044 5103 ubi
3078 5060 3179 5099 non
3216 5052 3377 5112 potes,
3415 5052 3505 5092 nec
3542 5034 3641 5089 mi-

2048 5156 2410 5218 sericordiam,
2442 5168 2532 5204 nec
2557 5150 2718 5203 aliam
2744 5146 2986 5200 virtutem
3015 5134 3224 5207 operari
3255 5132 3297 5163 ⁷⁸
3318 5134 3356 5185 '.

2123 5249 2283 5303 Vens.
2314 5217 2493 5300 ili-9.0.
2522 5263 2537 5294 ι
2565 5242 2620 5296 Si
2659 5249 2807 5300 voto,
2836 5234 2921 5289 vel
2951 5238 3146 5300 sponte
3173 5224 3459 5295 quisquam
3483 5217 3642 5272 obtu-

2064 5343 2189 5398 lerit
2220 5338 2473 5400 hostiam,
2501 5334 2691 5387 eadem
2728 5325 2980 5382 similiter
3008 5321 3203 5375 edetur
3227 5316 3334 5371 die.
3377 5312 3484 5367 Sed
3514 5307 3640 5400 etsi

2063 5430 2192 5504 quid
2211 5429 2264 5482 in
2284 5398 2582 5482 crastinum
2606 5411 2954 5478 remanserit,
2973 5409 3115 5465 vesci
3141 5406 3346 5462 licitum
3363 5412 3466 5460 est.
3480 5398 3644 5467 Quid-

2256 5592 2299 5622 ”
2344 5588 2499 5641 llmn.
2532 5598 2650 5645 xm,
2711 5576 2794 5629 12.
2901 5574 2944 5605 τ³
2976 5570 3117 5626 Psal.
3151 5587 3205 5635 γ,
3229 5567 3281 5622 5.
3384 5562 3429 5595 "
3454 5556 3639 5615 blatth~
