4076 6188
456 277 568 344 863

1609 337 1629 352 .
1645 269 2007 333 HESYCHII
2041 269 2513 331 PRESBYTERI

3629 243 3741 312 δίει

459 397 592 469 quid
627 403 814 452 autem
844 392 1044 450 tertius
1067 389 1348 446 invenerit
1372 388 1512 452 dies,
1535 387 1676 459 ignis
1703 390 1959 443 absumit.
1983 386 2037 440 Si
2069 391 2114 447 Α
2143 387 2298 454 Quod
2332 395 2626 454 utrumque
2661 383 2714 436 in
2749 377 3005 452 praesenti
3037 367 3584 469 smeuloﬂconti-ngi-t,
3626 381 3746 469 non

459 487 584 558 quis
605 485 674 540 de
692 478 1198 539 caruihusvictima‘
1216 476 1566 548 paciﬁcorum
1585 476 1672 530 die
1697 474 1857 530 tertio
1871 488 2048 529 come-

463 574 794 640 derit,irrita
823 572 915 626 ﬁet
940 569 1164 634 oblatio,
1192 584 1293 623 nec
1325 565 1836 636 proderitoﬁerenti
1866 580 1880 618 :
1912 565 2045 635 quin

466 667 650 738 potius
662 677 1004 732 quaecunque
1025 660 1208 714 anima
1229 660 1319 714 tali
1341 674 1400 712 se
1421 659 1603 712 edulio
1635 657 2049 712 contaminave-

464 760 557 821 rit,
591 753 1057 827 praevaricationis
1089 769 1181 808 rea
1208 753 1330 806 erit.
1367 753 1506 806 Caro
1532 765 1654 820 quae
1685 749 1886 817 aliquid
1920 747 2085 802 teti-'

464 849 601 920 gerit
633 845 996 910 immundum,
1024 860 1134 898 non
1187 844 1523 906 comedetur,
1550 841 1645 896 sed
1701 841 2052 894 comburetur

465 940 600 1008 igni,
653 938 748 1008 qui
796 938 960 992 fuerit
1002 935 1340 999 immundus,
1374 943 1620 988 vescetur
1645 950 1712 987 ex
1740 947 1824 986 ea.
1854 930 2052 985 Anima

465 1033 673 1102 polluta
705 1046 828 1100 qum
859 1029 1034 1084 ederit
1063 1029 1132 1083 de
1156 1027 1412 1082 carnibus
1451 1025 1646 1079 hostia:
1697 1023 2052 1094 paciﬁcorum

468 1137 592 1190 qua:
623 1119 804 1174 oblata
835 1127 921 1174 est
971 1117 1224 1179 Domino,
1260 1115 1460 1185 ptribit
1490 1115 1558 1168 de
1608 1113 1824 1183 populis
1859 1112 1993 1166 suis.
2033 1129 2050 1162 ι

545 1212 672 1266 llzec
697 1211 786 1265 lex
819 1211 886 1266 ad
919 1210 1148 1280 primam
1179 1207 1400 1278 quidem
1442 1205 1636 1260 faciem
1669 1203 1941 1258 contraria
1972 1203 2056 1259 vi-

471 1302 633 1357 detur
702 1299 1157 1372 praecedentibus,
1207 1296 1303 1352 sed
1357 1312 1466 1350 non
1519 1296 1592 1349 ita
1639 1303 1724 1349 est
1787 1294 2054 1357 discussa,

474 1395 674 1462 quippe
715 1392 879 1447 nimis
919 1391 1200 1446 invenitur
1227 1389 1309 1444 eis
1351 1403 1474 1443 esse
1513 1387 1872 1442 concordans.
1923 1386 2058 1440 lllud

475 1493 657 1537 autem
687 1490 1023 1537 scrutantem
1058 1481 1356 1551 intelligere
1394 1486 1629 1548 oportet,
1647 1478 1776 1547 quia
1809 1477 2056 1532 umbram

480 1573 686 1630 habens
752 1573 836 1628 lex
903 1573 1212 1627 futurorum
1259 1571 1544 1634 bonorum,
1598 1569 1970 1624 rectemultis
2007 1575 2063 1622 et

479 1665 864 1720 diﬁ'erentibus
912 1663 1326 1734 qmestionibus,
1368 1663 1436 1718 ad
1492 1662 1772 1733 ﬁguranda
1818 1675 1882 1716 ea
1941 1675 2062 1731 qua:

479 1753 838 1824 designantur
859 1753 1137 1823 mysteria,
1163 1767 1258 1806 usa
1287 1759 1390 1805 est.

552 1843 609 1898 Si
633 1854 750 1898 voto
795 1843 875 1898 vel
897 1852 1081 1913 sponte
1112 1843 1377 1914 quispiam
1411 1841 1655 1896 obtulerit
1685 1842 1930 1902 hostiam,
1970 1857 2063 1895 ea-

482 1935 599 1988 dem
627 1935 872 1988 similiter
897 1936 1079 1988 edetur
1101 1935 1204 1987 die.
1245 1933 1350 1988 Sed
1377 1942 1424 1986 et
1447 1934 1492 1987 si
1513 1935 1640 1997 quid
1684 1935 1740 1986 in
1774 1934 2067 1987 crastinum

485 2027 818 2086 remanserit,
845 2028 980 2080 vesci
1007 2026 1208 2080 licitum
1255 2036 1326 2080 est
1351 2043 1370 2080 :
1397 2027 1651 2097 quidquid
1675 2039 1852 2080 autem
1884 2028 2068 2082 tertius

485 2119 738 2172 invenerit
779 2119 888 2171 dies
934 2119 1070 2188 ignis
1108 2119 1550 2174 absmnit.0mne
1589 2121 1806 2189 quidem
1860 2121 2070 2176 sacriﬁ-

486 2210 629 2264 cium
658 2209 1004 2280 paciﬁcormn
1040 2225 1136 2264 seu
1163 2211 1399 2266 salutare
1415 2221 1776 2281 spontaneum
1803 2221 1906 2278 est,
1926 2214 2071 2268 unde

488 2301 622 2356 illud
643 2303 784 2356 inter
813 2302 956 2356 dona
986 2303 1253 2371 snperiori
1299 2312 1452 2372 parte
1497 2303 1618 2358 libri
1667 2304 1866 2374 hujus,
1907 2304 2071 2375 legis-

489 2393 628 2447 lator
659 2393 949 2463 ascripsit;
983 2393 1077 2447 sed
1105 2393 1402 2464 gratiarum
1433 2393 1695 2459 actionis,
1750 2393 1862 2448 sive
1896 2394 2074 2450 laudis

491 2485 843 2549 sacriﬁcium,
873 2500 1185 2554 quanquam
1232 2485 1444 2556 species
1489 2487 1560 2540 sit
1611 2487 1903 2542 oblationis
1954 2488 2075 2558 ejus

492 2590 616 2645 quae
649 2591 796 2630 nunc
830 2575 974 2631 dicta
1003 2585 1107 2638 est,
1144 2585 1324 2630 tamen
1369 2577 1496 2645 quia
1534 2577 1854 2632 rationabile
1903 2578 2078 2647 quod-

495 2672 621 2728 dam
653 2679 758 2736 est,
789 2679 1075 2740 propterea
1102 2673 1154 2724 in
1201 2671 1319 2740 lege
1355 2669 1713 2724 voluntarium
1746 2684 1856 2723 non
1911 2669 2078 2724 habet

497 2766 741 2822 additum
785 2767 955 2836 :quia
989 2781 1114 2820 cum
1151 2766 1268 2820 sine
1316 2766 1484 2820 dubio
1523 2766 1816 2821 rationales
1880 2767 2074 2833 simus,

495 2859 740 2914 debitum
767 2858 1168 2928 quodammodo
1187 2858 1521 2928 praecipuum
1548 2857 1791 2914 Creatori
1816 2859 2081 2914 rationale

503 2951 835 3006 sacriﬁcium
867 2950 1150 3005 debemus.
1181 2949 1480 3018 Propterea
1508 2950 1562 3004 in
1589 2967 1656 3006 eo
1711 2951 2079 3006 voluntarium

2147 478 2202 532 in
2240 478 2444 532 futuro.
2498 475 2652 531 Unde
2700 487 2802 528 nec
2852 471 2966 524 ullo
3015 466 3176 522 modo
3222 464 3368 519 diem
3415 459 3745 534 duplicavit.

2149 585 2313 625 unam
2367 569 2511 624 diem
2563 575 2771 620 tantum
2811 563 3000 618 dicens
3049 559 3104 612 in
3137 554 3406 611 sacriﬁcio
3440 553 3751 624 gratiarum

2149 660 2402 726 actionis,
2437 659 2550 714 sive
2567 658 2760 712 laudis.
2791 655 2894 709 Aul
2927 655 3065 706 forte
3086 651 3216 704 hinc
3251 645 3602 702 manifestum
3661 647 3756 696 est.

2150 752 2277 822 quia
2303 750 2388 804 his
2424 748 2514 818 qui
2546 744 2866 800 rationalem
2895 743 3061 794 vitam
3107 735 3250 806 apud
3302 749 3361 787 se
3409 730 3753 784 deﬁnierunt

2152 853 2208 898 et
2238 841 2477 896 studium
2512 837 2730 908 quietis,
2782 831 2950 906 veluti
3007 829 3170 884 Maria
3201 841 3322 896 qure
3361 823 3560 878 bonam
3621 833 3755 888 par-

2155 943 2262 989 tem
2289 934 2470 1004 elegit,
2499 939 2554 985 et
2577 929 2643 984 ad
2689 927 2855 998 pedes
2879 922 3092 977 Domini
3148 919 3278 973 Jesu
3329 913 3531 994 Christi
3583 910 3758 1004 sedc-

2152 1025 2264 1090 bat,
2302 1003 2534 1090 simplex
2564 1027 2648 1074 est
2698 1015 2805 1070 vita
2833 1025 2889 1069 et
2916 1012 3072 1068 velox
3117 1019 3279 1078 atque
3325 1007 3394 1060 ad
3445 1003 3748 1058 transitum

2155 1123 2362 1185 parata.
2405 1111 2498 1166 Eis
2526 1123 2658 1164 vero
2691 1107 2780 1177 qui
2843 1103 3074 1159 activam
3129 1099 3430 1167 elegerunt,
3491 1109 3599 1146 non
3647 1093 3755 1157 ita,

2157 1206 2251 1260 sed
2281 1204 2566 1268 laboriosa,
2622 1198 2799 1270 qualis
2849 1203 2967 1252 erat
2999 1191 3220 1247 Martha:
3248 1206 3368 1260 quae
3419 1186 3762 1242 turbabatur

2157 1313 2284 1368 erga
2314 1297 2468 1364 plura
2497 1294 2564 1348 ⁸⁸.
2590 1292 2749 1348 Unde
2779 1299 2836 1344 et
2889 1288 2939 1342 ei
2968 1285 3167 1356 duplex
3225 1291 3462 1350 tempus,
3517 1283 3758 1368 propter

2154 1389 2395 1452 labores,
2442 1390 2828 1453 computatur;
2869 1386 3244 1434 verumtamen
3291 1371 3584 1442 Iegislator,
3643 1367 3762 1423 etsi

2158 1479 2344 1534 verbis
2391 1475 2623 1531 diversis
2666 1473 2840 1528 utitur
2862 1479 3084 1541 propter
3109 1465 3446 1536 opulentiam
3497 1461 3756 1530 spiritus,

2161 1580 2214 1628 et
2249 1580 2309 1624 ut
2338 1567 2656 1638 multiplicia
2689 1565 2963 1625 redderet,
2997 1562 3140 1616 sicut
3165 1573 3308 1628 StL‘pc
3353 1555 3613 1618 diximus,
3656 1554 3762 1608 in—

2163 1661 2472 1733 telligentia:
2525 1659 2832 1729 aenigmata,
2875 1672 2907 1710 a
2933 1653 3179 1709 districta
3222 1661 3406 1706 tamen
3443 1647 3766 1703 subtilitate

2095 1741 2138 1800 Β
2166 1770 2274 1810 non
2307 1753 2531 1817 recedit,
2565 1753 2656 1806 scd
2694 1750 2769 1806 ibi
2799 1748 2957 1813 dixit,

2238 1847 2356 1902 Non
2373 1845 2665 1913 relinquent
2691 1849 2754 1897 de
2783 1859 2842 1896 eo
2862 1843 2916 1894 in
2941 1855 3112 1894 mane.
3143 1837 3265 1891 Non
3295 1836 3505 1892 dicens.
3535 1833 3589 1887 in
3631 1846 3772 1886 cra-

2169 1943 2333 2002 SIino,
2367 1939 2493 2010 quia
2526 1928 2956 2000 crastinum'non
2991 1930 3262 2002 signiﬁcat
3284 1929 3526 1983 futurum
3572 1941 3771 1980 saecu-

2167 2034 2281 2088 lum
2314 2049 2328 2086 :
2356 2031 2444 2085 hic
2489 2037 2671 2083 autem
2711 2025 2976 2096 quidquid
3039 2023 3236 2078 tertius
3293 2019 3559 2074 invenerit
3607 2017 3766 2083 dies,

2172 2125 2314 2196 ignis
2341 2122 2598 2183 absumit,
2625 2135 2723 2189 per
2764 2117 2906 2172 diem
2941 2115 3181 2177 tertium,
3217 2113 3454 2166 futurum
3499 2110 3772 2164 iudicans

2173 2217 2432 2271 sarculum
2457 2255 2471 2282 ,
2500 2215 2555 2268 in
2593 2212 2711 2282 ipso
2734 2210 2937 2280 quippe
2973 2207 3242 2278 generalis
3269 2214 3354 2259 est
3405 2213 3768 2258 mortuorum

2173 2307 2500 2364 resurrectio
2533 2325 2546 2360 :
2588 2319 2748 2374 quam
2781 2301 3027 2371 designat
3073 2297 3218 2354 tcrtii
3242 2297 3348 2352 diei
3379 2299 3519 2350 facta
3569 2312 3773 2350 resur-

2175 2400 2344 2456 rectio
2374 2397 2582 2454 Domini
2613 2411 2734 2465 qua:
2765 2409 2926 2448 mane
2954 2390 3222 2462 provenit.
3262 2388 3493 2462 Propter
3521 2387 3668 2458 quod
3701 2395 3774 2444 et

2175 2509 2336 2549 mane
2360 2490 2617 2547 szcculum
2639 2489 2879 2543 diximus
2900 2485 3209 2557 signiﬁcare
3239 2483 3508 2536 futurum.

2247 2588 2387 2642 Tunc
2407 2603 2528 2656 ergo
2547 2585 2686 2655 quod
2725 2583 2983 2652 reliquum
3007 2590 3080 2634 cst
3103 2581 3167 2634 de
3202 2571 3464 2648 sacriﬁcio
3509 2575 3772 2646 paci/ico-

2180 2697 2297 2735 rum
2319 2695 2406 2734 seu
2447 2677 2768 2731 salutarium
2807 2675 2927 2745 igne
2981 2681 3334 2726 consumetur.
3383 2669 3773 2738 Quodcunque

2180 2773 2327 2828 enim
2365 2769 2746 2841 reliquerimus
2801 2767 2868 2821 ad
2901 2776 3141 2820 nostram
3195 2765 3425 2818 salutem
3460 2764 3770 2834 pertinens,

2181 2866 2522 2935 inopcratum
2558 2872 2662 2926 est,
2719 2869 2904 2915 autem
2958 2858 3305 2928 inoperatum
3364 2865 3421 2910 et
3489 2857 3592 2910 hoc
3614 2854 3774 2926 quod

2183 2957 2321 3013 male
2351 2965 2636 3025 operatum
2661 2960 2767 3016 est,
2802 2961 2858 3007 et
2887 2951 3056 3021 ligna,
3109 2958 3202 3003 aut
3236 2949 3420 3002 fenum
3461 2958 3625 3016 atque
3663 2945 3776 3002 sti-

497 3043 584 3100 lex
625 3043 865 3108 reticuit,
903 3059 1016 3098 non
1055 3043 1182 3097 illud
1215 3043 1494 3112 excipiens
1523 3059 1554 3098 a
1603 3043 1946 3107 voluntariis,
1978 3059 2078 3098 ne-
2103 3076 2147 3130 ο
2183 3049 2309 3119 pula
2354 3047 2574 3111 factum,
2606 3047 2709 3100 hoc
2731 3044 2851 3116 igne
2883 3054 3259 3106 consumetur,
3293 3057 3392 3096 nos
3430 3051 3616 3095 autem
3671 3040 3778 3096 de-

499 3150 607 3205 que
644 3133 791 3188 enim
844 3149 947 3204 pro
997 3133 1258 3204 peccatis,
1313 3135 1406 3189 sed
1447 3151 1550 3190 nec
1597 3151 1662 3190 ex
1713 3135 2079 3205 promissione

499 3225 740 3280 oblatum
775 3225 1034 3280 ostendit.
1069 3225 1300 3279 Tantum
1331 3234 1512 3280 autem
1537 3234 1700 3290 tacet,
1727 3227 2082 3296 quemadmo-

499 3317 630 3372 dum
682 3316 942 3380 diximus,
988 3317 1354 3372 voluntarium
1379 3359 1394 3382 ,
1432 3317 1548 3372 sive
1583 3328 1966 3387 spontaneum,
2023 3327 2084 3373 ut

500 3422 624 3464 eum
666 3407 858 3462 siletur
881 3407 985 3462 hoc
1017 3409 1241 3464 verbum
1267 3408 1359 3479 qui
1415 3409 1704 3465 rationales
1749 3411 1940 3474 simus,
1995 3411 2086 3465 de-

500 3501 633 3555 bere
670 3516 770 3556 nos
805 3501 912 3554 Deo
936 3502 1219 3556 rationalia
1275 3502 1543 3558 sacriﬁcia
1603 3503 1986 3574 intelligamus,
2029 3511 2082 3558 et

500 3591 648 3644 omni
679 3591 728 3644 ei
751 3593 934 3646 studio
957 3592 1354 3650 adhaereamus.
1389 3591 1498 3646 Sed
1546 3592 1803 3662 quoniam
1861 3593 1970 3648 illic
2025 3591 2079 3646 in

499 3682 723 3751 qua,die
749 3682 998 3745 oll‘ertur,
1033 3684 1356 3743 comeditur.
1389 3683 1483 3748 ait,
1511 3683 1599 3738 hic
1629 3691 1832 3747 autem,
1857 3682 1910 3738 in
1946 3699 2082 3753 qua-

497 3788 712 3844 cunque
737 3773 824 3828 die
853 3775 1100 3836 oll‘ertur,
1133 3783 1186 3828 et
1210 3774 1264 3828 in
1298 3775 1534 3830 crastino
1563 3791 1576 3826 :
1611 3789 1711 3828 nec
1737 3773 1842 3830 hoc
1866 3785 2082 3830 contra-

498 3866 638 3919 rium
671 3874 772 3927 est,
805 3867 1145 3936 apertissime
1180 3867 1324 3920 enim
1349 3876 1404 3921 ct
1424 3865 1528 3921 hoc
1553 3867 1696 3935 quod
1721 3867 1952 3922 dicimus
1971 3883 2084 3922 cra-

497 3957 723 4020 stinum,
773 3957 1148 4012 denuntiatum
1205 3959 1490 4028 praesentis
1551 3959 1730 4012 sreculi
1779 3965 1882 4019 est.
1935 3959 2080 4029 quod

500 4057 728 4102 testatur
748 4049 983 4104 Jacobus
1009 4049 1195 4104 dicens
1219 4069 1230 4102 :
1251 4049 1379 4102 Ecce
1401 4066 1536 4102 nunc
1558 4050 1647 4119 qui
1673 4051 1886 4104 dicitis:
1915 4051 2082 4106 Hodie

498 4147 547 4192 et
572 4140 799 4192 crastino
825 4139 1208 4192 ambulabimus
1256 4139 1311 4191 in
1337 4139 1486 4192 illam
1537 4140 1800 4194 civitatem
1839 4150 1886 4195 et
1933 4158 2083 4213 nego-

500 4231 772 4292 tiabimur,
805 4241 852 4284 et
877 4229 1079 4283 lucrum.
1107 4231 1358 4301 faciemus
1384 4231 1449 4286 ⁷⁸.
1480 4231 1548 4284 Et
1575 4232 1798 4286 omnino
1833 4249 1940 4287 non
1994 4234 2081 4288 in-

497 4321 1013 4388 venicsubicunquc
1043 4320 1096 4372 in
1125 4319 1397 4386 Scriptura
1449 4321 1769 4383 crastinum,
1813 4324 2082 4377 assimila-

2186 3141 2502 3195 trimentum
2535 3137 2830 3208 patiemur.
2855 3136 2962 3190 Sed
2990 3135 3121 3206 quid
3155 3135 3238 3189 his
3267 3134 3474 3189 addidit
3500 3135 3524 3188 ?

2254 3230 2312 3285 Si
2332 3232 2448 3300 quis
2470 3231 2533 3284 de
2557 3229 2803 3283 carnibus
2838 3229 3062 3282 victima:
3101 3227 3442 3297 paci/irarum
3479 3227 3566 3280 die
3612 3229 3781 3283 tertio

2182 3323 2482 3386 comederit,
2518 3322 2672 3374 irrita
2711 3315 2799 3389 [iet
2838 3319 3054 3383 oblatio,
3099 3335 3189 3370 nec
3215 3317 3445 3386 proderit
3483 3318 3719 3387 offerenti
3757 3333 3781 3374 :

2183 3411 2309 3482 quin
2331 3409 2501 3478 potius
2523 3425 2842 3480 qua’cunque
2863 3408 3040 3462 anima
3077 3407 3173 3482 tuli
3200 3423 3254 3461 se
3291 3406 3467 3460 edulio
3503 3409 3780 3461 contami-

2185 3504 2402 3566 naverit,
2451 3503 2904 3572 prwvaricationis
2957 3518 3046 3554 rea
3071 3479 3189 3554 erit.
3228 3499 3336 3554 Nec
3385 3499 3503 3554 [nec
3565 3499 3781 3557 frustra

2184 3594 2443 3666 praesenti
2470 3593 2740 3650 sanctioni
2783 3593 3010 3656 addidit,
3043 3593 3138 3648 scd
3183 3592 3310 3662 quia
3363 3593 3584 3662 quidam
3647 3604 3782 3663 post

2183 3686 2345 3740 ﬁnem
2398 3685 2561 3753 hujus
2628 3685 2751 3739 vita:
2816 3693 2871 3738 et
2914 3692 3256 3738 mortuorum
3305 3684 3781 3740 resurrectionem

2183 3776 2342 3830 aliam
2379 3775 2536 3830 talem
2565 3775 2750 3836 vitam,
2785 3773 2961 3842 qualis
2979 3789 3128 3827 nunc
3159 3781 3264 3836 est,
3291 3771 3605 3828 describere
3633 3790 3785 3844 pra:-

2184 3875 2558 3938 sumpserunt,
2593 3866 2740 3920 mille
2771 3880 3038 3918 annorum
3078 3865 3347 3932 quoddam
3386 3865 3645 3919 saeculum
3684 3865 3778 3919 in-

2183 3958 2550 4017 troducentes,
2577 3956 2632 4010 in
2657 3956 2786 4025 quo,
2826 3963 2884 4008 ut
2925 3954 3097 4017 aiunt,
3128 3953 3427 4008 Jerusalem
3487 3953 3775 4009 sensibilis

2182 4050 2552 4113 aediﬁcabitur,
2585 4049 2954 4117 templumque
2995 4047 3132 4115 ejus,
3169 4056 3224 4100 et
3255 4061 3375 4115 qua:
3407 4045 3462 4099 in
3486 4063 3548 4100 ea
3584 4063 3775 4116 quon-

2183 4143 2304 4196 dam
2337 4140 2556 4194 lucrunt
2588 4138 2785 4192 Sancta
2835 4147 3148 4190 sanctorum
3205 4137 3684 4196 rcstaurabuntur,
3721 4147 3784 4192 ct

2182 4231 2444 4286 sacriﬁcia
2468 4231 2786 4295 oll‘crentur,
2806 4228 3136 4297 nuptimque.
3165 4235 3220 4280 et
3250 4225 3482 4280 lilimum
3513 4243 3776 4296 procrea-

2184 4327 2278 4388 tio,
2301 4334 2358 4380 et
2379 4325 2586 4379 deliciae
2615 4323 2860 4393 quasdam
2889 4337 3010 4374 cum
3032 4320 3237 4389 iustitia
3272 4320 3542 4386 sensibili,
3565 4329 3622 4374 ct
3649 4321 3782 4375 lon-

499 4420 613 4464 tum
665 4411 849 4465 futuro
909 4412 1130 4472 smculo,
1164 4411 1259 4466 sed
1313 4412 1510 4466 dicitur
1557 4415 1774 4483 quidem
1831 4430 2074 4484 presens
2113 4401 2157 4455 Ῐ)
2184 4435 2248 4488 go
2275 4417 2376 4470 alia
2401 4415 2744 4469 conversatio
2773 4421 2976 4476 nostra,
3009 4427 3170 4481 quam
3202 4427 3264 4464 ca
3326 4428 3448 4481 quae
3508 4429 3659 4467 nunc
3687 4423 3784 4469 est

498 4500 753 4552 arculum
803 4499 984 4565 hodie,
1052 4500 1325 4569 (proniodo
1375 4502 1538 4556 David
1603 4505 1773 4559 dicit:
1822 4503 1994 4559 llodie
2033 4508 2079 4560 si

497 4605 671 4644 vocem
717 4591 830 4660 ejus
872 4592 1165 4656 audieritis,
1195 4592 1354 4646 nolite
1384 4595 1642 4649 obdurare
1685 4597 1844 4649 corda
1885 4607 2076 4661 vestra,

497 4682 628 4736 sicut
650 4683 703 4734 in
724 4685 1122 4738 exacerbatione
1144 4686 1208 4738 ⁷⁷.
1241 4685 1309 4739 Ει
1345 4702 1532 4740 rursus
1559 4686 1756 4741 Paulus
1788 4706 1800 4740 :
1837 4686 1939 4742 Sed
1983 4690 2083 4742 ad-

501 4773 785 4826 hortamini
811 4776 1140 4844 vosmetipsos
1164 4793 1256 4846 per
1302 4778 1532 4848 singulos
1558 4779 1690 4841 dies,
1723 4780 1884 4832 donec
1931 4781 2084 4834 hodie

498 4867 895 4936 cognominatur
917 4868 980 4922 ⁷⁸.
1040 4867 1246 4924 Dicitur
1272 4879 1452 4924 autem
1493 4880 1547 4926 et
1589 4887 1733 4935 cras,
1765 4883 2082 4928 nontamen

496 4957 721 5010 omnino
749 4960 854 5011 divit
879 4959 1168 5032 διαστολὴν
1200 4962 1446 5016 hodierni
1473 4980 1484 5014 :
1519 4963 1610 5016 sed
1638 4962 1762 5032 quia
1805 4966 2086 5033 praesentis

496 5047 677 5102 saeculi
696 5065 803 5104 non
815 5052 1002 5106 eadem
1017 5060 1144 5106 sunt
1157 5054 1348 5122 spatia,
1370 5053 1572 5108 sicutin
1591 5053 1898 5111 Proverbiis
1911 5067 2091 5112 osten-

496 5137 592 5205 dit,
644 5141 722 5195 Ne
743 5143 889 5197 dicas
914 5145 1086 5198 amico
1110 5155 1242 5197 tuo:
1295 5142 1456 5206 Vade,
1491 5156 1538 5199 et
1567 5135 1684 5200 crus
1721 5149 1853 5201 veni.
1902 5149 2088 5219 Neque

498 5231 644 5286 enim
674 5235 930 5289 sarculum
991 5235 1252 5290 describit
1275 5235 1539 5305 futurum,
1571 5239 1664 5293 sed
1695 5242 2037 5310 subsequens
2061 5283 2076 5306 ,

496 5316 779 5390 prmsenlis
828 5325 954 5380 vitae
1017 5335 1247 5396 tempus.
1273 5327 1504 5396 Propter
1527 5330 1667 5398 quod
1695 5331 1866 5385 dixit:
1901 5331 2083 5402 Neque

497 5411 636 5464 enim
659 5413 783 5466 scies
807 5416 932 5485 quid
954 5417 1134 5484 pariat
1161 5430 1538 5486 superuentura
1561 5419 1670 5472 dies
1701 5418 1764 5484 '9,
1801 5419 1851 5472 id
1883 5428 1984 5483 est,
2015 5433 2084 5472 ne

496 5493 637 5551 forte
659 5497 713 5552 in
739 5515 801 5554 ea
829 5503 1096 5570 moriaris,
1127 5515 1220 5560 aut
1247 5505 1316 5560 ab
1339 5506 1513 5576 aliqua
1550 5507 1862 5578 impediaris
1889 5524 2074 5564 causa.

575 5669 750 5728 "Jac.
780 5691 852 5742 tv,
892 5677 970 5731 ιδ.
1050 5681 1092 5710 ⁷⁷
1120 5679 1262 5734 Psal.
1291 5697 1432 5748 πων,
1462 5683 1520 5748 3;
1545 5681 1710 5738 llcbr.
1745 5700 1817 5752 tv,
1839 5687 1888 5738 7.

1970 5685 2011 5717 ⁷⁸
2043 5683 2206 5741 ilcbr.
2244 5703 2327 5755 lit,
2365 5687 2446 5742 l5.

2183 4509 2475 4575 iustorum,
2534 4520 2659 4558 cum
2695 4520 2760 4558 ex
2816 4503 3048 4556 mortuis
3112 4496 3574 4556 resurrexi-rimus
3613 4503 3721 4556 crit
3762 4524 3778 4558 :

2189 4600 2328 4654 hanc
2359 4613 2487 4668 ergo
2518 4595 2992 4665 prmsumptionem
3018 4594 3085 4648 de
3108 4596 3301 4648 animo
3351 4605 3541 4648 nostro
3587 4612 3782 4649 remo-

2187 4706 2314 4744 vere
2349 4690 2574 4759 cupiens
2605 4707 2619 4742 :
2651 4687 2704 4742 Si
2731 4688 2852 4757 quis
2875 4688 2940 4742 de
2963 4688 3238 4751 carnibus,
3265 4687 3361 4752 ait,
3418 4688 3780 4756 paciﬁcorum

2188 4782 2274 4836 die
2304 4781 2464 4835 tertio
2493 4779 2813 4843 comederit,
2849 4779 2902 4832 id
2927 4787 3038 4841 cst,
3083 4779 3126 4831 si
3154 4779 3276 4847 quis
3335 4778 3438 4833 sibi
3478 4779 3530 4832 in
3564 4781 3776 4850 cogita-

2190 4873 2334 4926 tione
2370 4878 2659 4941 proponat,
2693 4871 2817 4940 quia
2851 4879 2974 4939 post
3031 4869 3490 4925 resurrectionem
3525 4883 3778 4925 mortuo-

2189 4980 2328 5026 rum,
2361 4963 2615 5032 reliquias
2647 4963 2806 5032 hujus
2836 4963 2959 5017 vite
2978 4971 3199 5017 acturus
3219 4973 3322 5024 cst,
3351 4971 3404 5016 et
3450 4964 3616 5016 modo
3640 4981 3782 5033 qusi-

2189 5055 2310 5108 dam
2351 5054 2600 5108 comedat
2633 5055 2888 5124 prrcdicta
2949 5054 3002 5108 in
3062 5063 3265 5119 mente,
3297 5064 3456 5109 utens
3500 5072 3600 5125 pro
3652 5057 3780 5109 cibo

2192 5147 2510 5216 phantasia;
2543 5156 2597 5199 et
2625 5163 2850 5216 sperans
2873 5164 2932 5202 se
2955 5148 3241 5209 comedere
3270 5163 3336 5202 co
3387 5157 3633 5218 tempore
3667 5167 3779 5218 quo

2197 5238 2483 5295 comedere
2543 5239 2878 5308 impossibile
2931 5247 3035 5298 est.
3071 5239 3122 5294 id
3162 5251 3265 5305 cst,
3307 5241 3568 5312 operari:
3612 5240 3781 5310 hujus

2193 5330 2395 5384 oblatio
2420 5348 2528 5385 non
2556 5331 2870 5403 suscipitur,
2901 5347 3000 5388 nec
3025 5333 3364 5403 reputabitur
3396 5331 3469 5386 ei.
3491 5332 3590 5397 Qui
3624 5331 3778 5386 enim

2191 5421 2324 5476 falsa
2344 5423 2410 5478 de
2441 5423 2625 5477 futuro
2648 5420 2847 5478 simulo
2876 5425 3126 5489 aestimat,
3148 5416 3473 5495 s‘rbimetipsi
3503 5424 3777 5480 damnum

2189 5510 2334 5574 facit,
2367 5513 2786 5568 abominabilem
2841 5523 2897 5568 et
2928 5514 3188 5583 pollutam
3233 5513 3566 5568 oblationem
3617 5528 3778 5568 suam

2524 5689 2570 5721 ⁷⁵³
2597 5686 2712 5742 Jac.
2746 5705 2816 5754 tv,
2857 5691 2935 5744 li.
3012 5688 3192 5744 81Luc.
3231 5708 3281 5756 λ,
3322 5693 3406 5756 r30,
3435 5691 3522 5746 41.
