4076 6188
292 213 397 278 865

1426 200 1507 261 1N
1554 198 1995 261 LEVITICUM.
2038 154 2102 232 4-
2144 199 2290 258 LIB.
2328 198 2412 258 Ιῐ.

3444 196 3551 261 866

284 316 588 378 constituit.
623 314 740 370 Non
773 314 946 369 solum
979 318 1159 365 autem
1192 308 1318 373 hoc,
1351 308 1445 363 sed
1470 317 1523 362 et
1575 315 1857 379 peceatum
1889 314 1928 368 Α
1968 304 2249 359 rationalis
2288 305 2545 360 hominis.
2580 304 2738 361 Unde
2759 289 2980 376 quidem
3014 304 3402 378 cogitationum
3434 321 3551 360 ma-

260 414 500 474 .sibimet
528 407 801 467 contrahit
828 424 842 474 ;
872 414 1093 475 propter
1121 402 1264 472 quod
1288 401 1424 455 dixit
1452 417 1468 449 :

356 503 493 569 Quin
522 501 695 571 potius
729 512 1048 568 quacunque
1069 495 1249 548 anima
1282 493 1378 546 tali
1402 491 1650 546 se'edulio
1675 501 1860 545 conta-

285 597 582 660 minaverit,
628 592 1076 664 prtrvaricationis
1120 606 1208 643 rea
1236 588 1353 641 erit.
1389 585 1695 641 Ostendens
1735 586 1862 656 quia

285 700 341 745 et
365 690 418 744 in
445 690 643 742 damno
668 687 936 740 bonorum
989 683 1139 745 vivit,
1165 691 1219 735 et
1250 688 1472 749 peccato
1507 695 1565 733 se
1624 678 1862 748 subjicit,

286 784 595 852 quicunque
628 794 736 833 non
780 779 918 832 bona
946 776 1012 829 de
1038 773 1395 828 retributione
1422 771 1654 825 restituat
1702 769 1832 825 Chri
1852 798 1866 810 -

286 874 356 929 sti
392 890 404 925 :
432 890 543 927 non
569 872 714 926 enim
747 881 876 925 sunt
908 866 1290 935 corruptibiles
1320 863 1711 917 retributiones
1748 862 1863 925 Dei,

289 981 392 1020 nec
434 980 558 1035 qua:
606 962 775 1019 semel
828 959 1116 1019 destruxit.
1162 958 1251 1010 illa
1303 969 1493 1009 rursus
1541 954 1867 1007 constituit:

292 1065 549 1124 prasterca
581 1071 691 1108 non
722 1053 836 1109 vult
872 1049 1103 1106 virtutes
1131 1048 1264 1102 falsa
1318 1046 1620 1101 intentione
1667 1046 1866 1115 pollui;

291 1145 435 1199 unde
462 1152 518 1198 et
554 1145 731 1198 dixit:

360 1233 501 1288 Caro
527 1251 644 1305 qua:
664 1235 866 1304 aliquid
896 1235 1122 1305 tetigerit
1142 1233 1494 1296 immundum,
1516 1248 1616 1286 non
1635 1231 1871 1284 comede-

293 1333 398 1389 tur,
422 1328 510 1378 sed
537 1328 651 1393 igne
671 1336 1026 1379 consumetur.
1048 1325 1255 1380 Carnes
1284 1325 1472 1379 dicens
1511 1323 1766 1388 virtutes,
1805 1336 1870 1373 ex

292 1416 493 1483 quibus
520 1416 846 1472 sacriﬁcium
900 1417 1134 1469 salutare
1184 1423 1446 1470 constat:
1490 1413 1641 1468 verbi
1679 1412 1868 1483 gratia,

292 1509 617 1570 casutatem,
666 1509 1091 1577 elecmosynam,
1134 1506 1422 1575 justitiam.
1477 1506 1602 1560 llzcc
1660 1520 1789 1573 ergo
1828 1504 1875 1558 si

293 1600 567 1668 tetigerint
609 1600 950 1653 immundum
981 1598 1284 1668 quidpiam,
1321 1612 1445 1651 cum
1485 1597 1624 1651 forte
1661 1611 1757 1664 per
1786 1611 1878 1649 su-

295 1694 542 1763 perbiam
579 1692 791 1756 justitia
836 1700 892 1745 et
945 1691 1166 1744 castitas
1227 1688 1296 1742 ad
1332 1704 1525 1742 vanam
1550 1687 1795 1758 gloriam,
1822 1696 1878 1740 et

292 1786 628 1855 eleemosyna
662 1798 729 1838 ex
763 1781 1027 1851 injustitia
1052 1781 1129 1843 ﬁt.
1166 1782 1287 1851 igne
1315 1777 1880 1847 incendenturjudicii

294 1874 481 1930 futuri.
511 1875 666 1941 Quod
687 1875 1030 1929 demonstrat
1058 1873 1249 1937 Isaias,
1273 1874 1465 1928 dicens
1499 1890 1512 1924 :
1543 1872 1644 1937 Qui
1695 1873 1882 1924 immo-

296 1966 372 2020 lat
405 1967 605 2033 bovem,
628 1966 782 2037 quasi
805 1966 894 2034 qui
922 1964 1207 2033 interﬁciat
1241 1966 1444 2029 virum;
1473 1965 1563 2035 qui
1582 1973 1776 2016 mactat
1793 1979 1881 2031 pe-

297 2075 407 2124 cus,
439 2060 592 2129 quasi
624 2058 715 2128 qui
743 2056 1039 2110 exterebrat
1089 2072 1272 2110 canem
1295 2057 1361 2121 ",
1394 2064 1450 2110 et
1476 2056 1703 2125 reliqua.
1734 2056 1879 2110 Prte-

296 2151 469 2206 sentis
509 2159 690 2203 autem
724 2148 964 2202 mandati
1001 2156 1148 2202 recta
1178 2149 1459 2202 conclusio
1490 2156 1610 2202 est:
1643 2146 1743 2212 Qui
1766 2149 1881 2217 fue-

296 2244 365 2298 rit
416 2243 667 2307 mundus,
716 2252 950 2295 vescatur
982 2259 1065 2296 ea.
1092 2242 1283 2294 Anima
1323 2240 1525 2307 polluta
1549 2256 1666 2311 qua:
1718 2236 1880 2294 ederit

297 2332 361 2387 tle
377 2333 625 2387 carnibus
641 2333 822 2385 hostile
841 2331 1181 2402 paci/iceram
1200 2347 1317 2401 quia
1340 2331 1516 2384 oblata
1540 2340 1612 2383 est
1633 2330 1876 2393 Domino,

298 2425 487 2494 peribit
518 2427 581 2477 de
612 2423 818 2493 populis
847 2424 976 2477 suis.
1001 2421 1201 2492 Aperte
1247 2422 1337 2476 hic
1363 2422 1589 2476 ironiam
1629 2422 1878 2484 destruit,

300 2528 355 2571 et
385 2515 721 2586 hypocrisin.
749 2514 865 2569 haec
889 2517 1035 2570 enim
1090 2524 1218 2569 sunt
1255 2514 1451 2569 animae
1502 2514 1878 2579 immunditiae,

301 2608 377 2662 ita
406 2616 468 2660 ut
499 2612 689 2661 borum
720 2606 883 2661 homo
905 2607 1132 2661 interior
1155 2607 1722 2679 lupusappellaretnr,
1756 2622 1880 2660 cum

302 2699 565 2752 Dominus
592 2697 722 2751 dicit
749 2716 761 2750 :
790 2699 1059 2751 Attendite
1082 2698 1147 2750 ab
1183 2699 1255 2751 eis
1277 2700 1367 2769 qui
1388 2699 1600 2753 veniunt
1624 2700 1695 2751 ad
1718 2715 1802 2750 vos
1826 2699 1882 2750 in

299 2788 484 2842 uestitu
508 2789 700 2852 ovium,
728 2792 868 2842 intus
907 2800 1084 2841 autem
1112 2798 1231 2842 sunt
1259 2789 1369 2857 lupi
1396 2806 1614 2857 rapaces
1635 2791 1700 2842 ⁸².
1728 2789 1788 2841 ιιι
1813 2788 1881 2843 de

300 2880 558 2934 carnibus
609 2879 801 2933 hostize
851 2880 1202 2949 paciﬁcorum
1263 2882 1378 2936 sive
1420 2882 1692 2944 salutaris,
1761 2897 1882 2951 quae

1959 400 2138 455 larum
2175 398 2436 453 Dominus
2497 399 2829 453 mentionem
2878 399 3027 464 fecit,
3065 409 3120 453 ιι
3169 400 3247 454 sic
3288 399 3501 454 addicit
3536 414 3549 449 :

1962 489 2088 542 Ila'c
2143 498 2322 542 autem
2375 500 2500 543 sunt
2548 506 2664 560 qua:
2708 490 2951 559 polluunt
2986 491 3265 544 hominem.
3293 490 3551 546 Jumcnta

1964 580 2388 650 ergoimmunda
2402 590 2530 634 sunt
2548 581 2601 634 hi
2625 582 2717 649 qui
2737 582 3036 634 immundis
3062 592 3115 635 et
3144 583 3553 637 terrenisaetio-

1964 669 2126 723 nibus
2154 680 2524 739 occupantur;
2553 672 2615 723 ad
2637 680 2834 725 terram
2857 671 3171 737 intendunt,
3197 674 3553 739 quemadmo-

1966 761 2387 827 dumjumcnta.
2412 761 2567 816 Unde
2588 773 2643 815 et
2665 762 3025 817 fornicatores
3077 766 3196 832 equi
3250 765 3555 818 admissarii

1968 851 2313 920 appellantur
2351 854 2420 906 ".

2038 940 2161 996 Sive
2211 944 2379 996 omnis
2429 943 2505 996 rei
2564 958 2681 1012 qua:
2744 942 2977 1011 polluere
3050 953 3238 1010 potest.
3310 942 3554 1008 Quicun-

1969 1049 2077 1102 que
2132 1036 2312 1088 omina
2376 1044 2431 1088 et
2477 1035 2867 1098 divinationes,
2930 1044 2985 1089 et
3036 1036 3407 1106 purgationes,
3473 1039 3555 1092 vel

1972 1125 2109 1189 dies.
2158 1136 2213 1180 ct
2288 1135 2533 1196 tempora
2584 1128 2919 1191 ettstodiunt,
2982 1130 3151 1181 multo
3212 1131 3384 1198 magis
3458 1146 3557 1183 au-

1976 1224 2082 1268 tem
2130 1215 2271 1284 magi
2328 1224 2383 1268 et
2436 1216 2701 1281 veueliei,
2754 1217 3150 1271 abominabiles
3215 1229 3343 1272 sunt
3408 1220 3556 1273 enim

1974 1307 2117 1375 apud
2150 1306 2456 1359 Dominum.
2486 1304 2675 1361 Omnis
2703 1309 2794 1376 qui
2827 1308 2955 1363 facit
2985 1310 3120 1367 lucc.
3148 1310 3374 1364 forsitan
3410 1312 3558 1365 enim

1976 1397 2343 1452 communicat
2374 1397 2496 1465 quis
2531 1398 2684 1452 malis
2726 1414 2914 1452 eorum
2958 1402 3219 1463 consiliis,
3262 1411 3355 1455 aut
3393 1403 3560 1455 actio-

1976 1488 2168 1551 nibus,
2231 1498 2286 1543 ct
2344 1488 2466 1552 hic,
2523 1496 2710 1557 utpote
2767 1492 3101 1558 prohibitam
3160 1493 3560 1547 immunditiam

1980 1590 2228 1651 tangens,
2264 1576 2387 1635 non'
2407 1591 2588 1651 potest
2627 1598 2690 1635 ea
2730 1598 2851 1651 qua:
2893 1584 2959 1638 ad
2997 1585 3226 1638 hostiam
3269 1585 3560 1639 salutarem

1980 1672 2063 1726 vel
2110 1672 2461 1741 paciﬁcornm
2508 1674 2786 1743 pertinent
2829 1675 3135 1736 comedere,
3169 1676 3283 1729 sive
3324 1678 3561 1743 Operari.

1981 1759 2117 1815 Cum
2154 1760 2299 1815 cnim
2348 1762 2505 1815 nisus
2552 1761 2718 1815 fuerit
2751 1778 2815 1817 ea
2861 1779 2981 1833 quae
3019 1765 3086 1818 ad
3125 1765 3353 1819 salutem
3391 1768 3560 1835 perti-

1982 1865 2118 1909 nent
2164 1871 2346 1926 agere,
2383 1864 2437 1910 et
2489 1857 2977 1911 communicaverit
3021 1860 3375 1928 operantibus
3424 1861 3565 1915 mala

1982 1957 2040 2002 et
2067 1961 2187 2016 quae
2217 1949 2283 2002 ad
2316 1948 2677 2016 perditionem
2713 1949 3006 2018 pertinent,
3036 1950 3234 2018 peribit
3268 1951 3334 2004 de
3365 1952 3566 2021 populo

1982 2051 2105 2101 suo,
2137 2036 2191 2091 id
2230 2045 2333 2107 est,
2362 2037 2429 2092 de
2475 2038 2562 2092 his
2609 2039 2701 2107 qui
2751 2041 3055 2102 salvantur,
3090 2057 3216 2096 nam
3267 2053 3323 2097 et
3371 2045 3566 2099 alienis

1982 2128 2392 2182 communicare
2437 2130 2708 2197 peccatis,
2757 2131 3098 2185 mortiferum
3145 2140 3274 2187 est:
3318 2134 3462 2187 unde
3512 2141 3568 2187 et

1984 2218 2155 2273 David
2202 2220 2419 2274 dicebat
2451 2238 2464 2274 :
2498 2221 2566 2275 Et
2598 2223 2664 2275 ab
2700 2222 2889 2277 alienis
2917 2241 3075 2291 parce
3102 2241 3247 2277 serra
3273 2234 3363 2277 tuo
3392 2226 3458 2277 ⁸⁸.
3500 2227 3566 2279 lit

1982 2311 2184 2368 Paulus
2215 2313 2504 2369 Timotheo
2531 2318 2789 2386 prmcepit
2820 2336 2831 2369 :
2862 2317 3049 2370 Manus
3080 2319 3182 2371 cito
3226 2320 3420 2372 nemini
3460 2319 3564 2371 im-

1981 2407 2252 2472 posueris.
2309 2423 2472 2475 neque
2528 2410 2996 2463 communicaveris
3052 2412 3278 2480 peccatis
3333 2412 3561 2476 alienis,

1986 2500 2314 2567 temetipsum
2345 2510 2544 2554 castum
2575 2503 2775 2555 custodi
2797 2503 2866 2556 ⁸⁸.

2053 2615 2219 2671 Vens.
2257 2617 2449 2671 95-25.
2487 2637 2504 2669 ι
2541 2619 2998 2689 Locutusque‘cst
3026 2620 3292 2675 Dominus
3322 2621 3388 2677 ad
3423 2622 3565 2695 Moy-

1983 2723 2081 2762 sen
2111 2710 2300 2763 dicens
2335 2727 2347 2761 :
2381 2709 2628 2779 Loquere
2660 2712 2779 2765 ﬁliis
2824 2713 3006 2765 Israel.
3050 2714 3276 2783 Adipem
3303 2715 3476 2779 bovis,
3509 2725 3566 2771 et

1982 2803 2123 2867 ovis,
2157 2810 2211 2855 et
2245 2817 2423 2870 caprae
2468 2818 2575 2856 non
2625 2805 2922 2857 comedetis
2965 2823 2977 2857 :
3017 2807 3229 2875 adipem
3285 2809 3564 2865 cadaveris

1984 2894 2285 2959 morticini,
2319 2902 2373 2948 et
2417 2894 2536 2963 ejus
2583 2895 2840 2954 animale.
2883 2902 3025 2965 quod
3072 2914 3100 2952 a
3130 2898 3301 2953 bestia
3347 2911 3562 2970 raptum

300 2970 495 3025 oblatae
529 2980 657 3025 sunt
687 2972 937 3037 Domino,
969 2974 1337 3041 eomedentes,
1362 2974 1451 3043 qui
1504 2975 1734 3028 virtutes
1761 2989 1880 3043 qua:

1986 2994 2090 3048 est,
2126 2986 2397 3040 habebitis
2447 2986 2501 3039 in
2549 3002 2677 3041 usus
2723 2989 2922 3042 varios.
2955 2988 3011 3042 Si
3044 2991 3165 3058 quis
3204 2992 3440 3061 adipem.
3471 2996 3564 3063 qui

299 3078 330 3117 a
384 3062 489 3117 Deo
547 3063 917 3131 possidentur,
956 3080 1069 3122 non
1128 3067 1346 3121 virtutis
1405 3065 1730 3129 intentione,
1784 3066 1883 3120 sed

299 3153 675 3210 fraudulenter
701 3164 1016 3224 operantur,
1035 3167 1267 3226 pereunt
1294 3158 1362 3211 de
1407 3158 1609 3227 populo
1641 3172 1763 3222 suo,
1824 3165 1885 3211 ut

298 3261 410 3301 non
435 3247 548 3317 jam
584 3262 736 3311 oves,
770 3250 862 3302 sed
903 3248 1016 3318 lupi
1071 3249 1426 3303 nominentur
1449 3259 1503 3303 et
1552 3260 1613 3304 ut
1652 3250 1885 3303 manife-

301 3348 444 3393 stum
482 3340 572 3404 sit,
592 3339 718 3409 quia
743 3340 810 3394 de
839 3356 1001 3411 grege
1024 3342 1231 3410 expulsi
1260 3351 1406 3396 sunt.
1435 3342 1758 3411 Quicunque
1787 3358 1885 3395 au-

301 3440 413 3485 tem
444 3442 593 3486 extra
628 3448 841 3503 gregem
893 3444 997 3497 est,
1025 3434 1114 3489 hic
1146 3434 1199 3486 in
1230 3443 1384 3503 parte
1439 3434 1733 3488 bestiarum
1785 3434 1884 3488 de-

300 3530 565 3591 putatur:
602 3523 669 3577 Et
693 3525 783 3593 qui
828 3526 1054 3595 tetigerit
1098 3527 1496 3580 immunditiam
1536 3527 1761 3580 hominis
1807 3526 1888 3580 vel

295 3611 547 3678 jumeuti,
579 3614 687 3666 sive
710 3614 880 3667 omuis
920 3616 996 3667 rei
1016 3632 1133 3685 qua:
1165 3617 1397 3684 polluere
1418 3626 1606 3685 potest,
1634 3626 1682 3670 et
1716 3634 1887 3671 come—

301 3703 436 3756 derit
474 3704 535 3756 de
586 3703 948 3773 hujuscemodi
993 3708 1257 3773 carnibus,
1298 3708 1532 3761 interibit
1572 3709 1637 3762 de
1682 3710 1886 3779 populis

299 3797 428 3851 suis.
481 3795 602 3851 Non
648 3814 779 3869 ergo
830 3799 1132 3868 quemlibet
1168 3801 1320 3855 illum
1364 3801 1709 3857 solummodo
1746 3804 1885 3858 mala

300 3890 568 3945 mundum
619 3905 741 3945 esse
784 3900 840 3946 et
885 3908 1074 3947 carere
1110 3894 1222 3947 vult
1255 3894 1475 3949 actione
1503 3895 1545 3949 si
1591 3896 1883 3951 salutarem

300 3981 416 4035 sive
443 3981 727 4051 paciﬁeam
751 3994 1008 4052 operatur
1037 3982 1294 4048 hostiam,
1324 3992 1378 4036 et
1417 3983 1568 4053 cupit
1597 3985 1717 4053 ejus
1763 4000 1884 4039 esse

299 4072 599 4143 particeps,
617 4073 713 4128 sed
737 4083 797 4128 ut
820 4074 985 4128 etiam
1008 4074 1077 4128 ab
1102 4074 1327 4129 alterius
1354 4076 1478 4128 mali
1497 4076 1884 4145 conjunctione

300 4162 593 4228 abstineat,
624 4163 739 4217 sive
778 4164 1138 4234 cogitationes
1184 4164 1302 4233 ejus
1354 4166 1468 4220 sive
1520 4182 1684 4235 opera
1742 4167 1881 4221 mala

299 4256 430 4307 sint.
483 4252 619 4319 Qma
685 4253 831 4307 enim
906 4252 1186 4309 rationalis
1235 4263 1291 4308 et
1355 4254 1737 4309 intellectualis
1800 4264 1885 4308 est

301 4343 488 4411 homo,
516 4353 667 4400 recte
696 4346 1101 4401 immunditiam
1133 4347 1396 4408 hominis,
1454 4362 1574 4400 eam
1630 4363 1753 4417 qua:
1796 4357 1881 4402 est
1904 4339 1959 4401 D

299 4436 354 4489 in
412 4438 678 4497 consiliis.
704 4446 759 4491 et
795 4439 1236 4509 cogitationibus,
1274 4439 1536 4493 malitiam
1596 4439 1881 4505 intellexit,

299 4518 445 4600 quod
486 4520 799 4587 manifestat
834 4543 889 4588 et
938 4534 1225 4601 Dominus,
1276 4534 1468 4589 dicens
1497 4553 1510 4588 :
1541 4534 1777 4589 Necdum
1806 4535 1888 4588 in-

303 4622 557 4693 telligitis,
599 4625 723 4694 quia
764 4642 916 4680 omne
941 4628 1081 4697 quod
1115 4627 1414 4697 ingreditur
1438 4628 1493 4680 in
1523 4643 1630 4693 ore,
1665 4628 1720 4680 in
1762 4644 1886 4681 ven-

298 4722 434 4768 trem
460 4712 632 4777 vatlit,
659 4723 706 4766 et
732 4715 784 4766 in
809 4731 1065 4768 secessum
1088 4716 1392 4769 emittitur?
1416 4714 1495 4767 Ea
1543 4724 1720 4769 autem
1772 4731 1889 4785 qua:

296 4805 638 4874 egrediuntur
661 4806 725 4858 de
768 4822 879 4870 ore,
910 4811 974 4860 de
1013 4807 1167 4860 corde
1195 4815 1403 4867 exeunt,
1428 4816 1476 4860 et
1515 4806 1609 4859 illa
1642 4806 1883 4875 polluant

294 4896 577 4951 hominem.
611 4895 689 4949 De
719 4898 872 4951 corde
909 4899 1046 4951 enim
1091 4906 1282 4950 exeunt
1332 4898 1670 4966 cogitationes
1706 4896 1881 4962 malm,

293 4989 598 5055 homicidia,
623 4992 908 5056 adulteria,
940 4994 1108 5064 furta,
1138 4991 1274 5062 falsa
1299 4991 1618 5056 testimonia,
1639 4991 1881 5060 blasphe-

292 5086 416 5139 mia:
435 5084 521 5137 "1'
558 5083 673 5139 Non
735 5102 797 5142 ea
860 5103 981 5157 quas
1013 5087 1068 5141 in
1117 5086 1331 5140 actione
1353 5093 1498 5149 sunt,
1530 5085 1720 5139 dicens
1741 5087 1882 5142 furta

292 5184 387 5229 aut
417 5175 703 5241 adulteria,
727 5188 822 5233 aut
868 5179 1281 5242 fornicationes,
1309 5192 1435 5230 nam
1469 5173 1586 5230 h.rc
1607 5180 1882 5245 quomodo

290 5267 363 5328 de
395 5269 563 5324 corde
587 5271 824 5325 exeunt?
853 5273 948 5326 sed
982 5287 1046 5325 ea
1092 5286 1212 5339 qua:
1244 5269 1297 5323 in
1354 5267 1774 5337 cogitationibus
1824 5279 1880 5326 et

288 5359 538 5414 cousiuis
565 5370 715 5426 sunt,
740 5362 866 5431 quia
904 5363 1022 5433 ipsa
1052 5361 1302 5417 maximae
1342 5367 1467 5413 sunt
1514 5358 1877 5417 immunditia:

359 5576 401 5609 ⁸¹
438 5576 537 5632 lsa.
563 5594 707 5639 vat.
728 5580 782 5633 5.

881 5580 925 5611 ⁸⁸
959 5580 1263 5648 Malliuvu,
1308 5586 1390 5639 lii.

287 5646 383 5703 “l
417 5646 557 5704 Tim.
591 5665 645 5705 v.
676 5651 766 5703 ‘22.

845 5650 886 5682 ⁸⁷
922 5649 1104 5704 1⁷1Ξιιι.
1136 5670 1185 5717 v,
1217 5657 1269 5708 ti.

1472 5588 1518 5621 ⁸³
1570 5588 1759 5645 Matth.

1856 5728 1879 5747 δ

1834 5610 1943 5660 xv,

1985 3080 2169 3135 offerri
2204 3080 2363 3134 debet
2399 3079 2451 3133 in
2486 3080 2765 3135 incensum
2800 3081 3033 3148 Domini,
3071 3085 3391 3152 comederit,
3443 3103 3565 3157 rer-

1986 3172 2087 3226 ibit
2112 3173 2179 3226 de
2207 3172 2407 3241 popqu
2435 3187 2555 3225 suo.
2587 3190 2605 3223 ι

2059 3263 2388 3317 Admiranda
2429 3271 2512 3317 est
2548 3262 2875 3330 legislatorts
2906 3274 3171 3334 sapientia
3210 3269 3567 3337 anmrdmo-

1987 3355 2117 3409 dum
2142 3369 2240 3423 per
2261 3354 2548 3424 :rnigmata
2577 3364 2629 3407 et
2661 3355 2946 3422 parabolas
2974 3357 3281 3412 introducat
3306 3361 3568 3429 subjectis

1988 3446 2164 3508 utilia,
2198 3455 2357 3500 caute
2404 3445 2643 3499 mandati
2696 3448 3041 3514 margaritam
3098 3450 3250 3516 quasi
3286 3450 3340 3503 in
3383 3467 3565 3517 peram

1988 3550 2324 3606 componens
2394 3536 2605 3589 litterae.
2683 3535 3051 3600 Quamobrem
3132 3540 3277 3591 enim
3353 3541 3566 3610 adipem

1988 3628 2174 3692 boum,
2211 3638 2265 3682 et
2315 3627 2519 3688 ovium,
2552 3636 2606 3680 et
2653 3643 2939 3696 caprarum
2981 3631 3193 3683 comedi
3227 3646 3333 3684 non
3366 3647 3568 3699 βττιτρ-

1987 3720 2112 3790 pit:
2154 3733 2495 3789 quorumque
2539 3733 2734 3771 carnes
2787 3719 3018 3773 mundas
3065 3729 3117 3774 et
3170 3720 3388 3776 (‘Sillllt's
3436 3724 3566 3777 dixit

1987 3823 2179 3863 eorum
2223 3808 2432 3862 comedi
2463 3807 2677 3876 adipem
2719 3809 2909 3872 vetuit,
2938 3824 3038 3862 nec
3084 3811 3201 3879 ejus
3238 3810 3329 3878 qui
3375 3826 3563 3879 opera-

1988 3908 2079 3956 t'ur
2109 3902 2449 3966 mandatam,
2473 3901 2929 3969 (premadmodum
2962 3910 3043 3955 est
3074 3902 3192 3966 bos,
3227 3918 3327 3955 nec
3357 3904 3564 3974 simpli-

1986 3996 2086 4061 cis,
2107 3995 2200 4064 qui
2232 4006 2313 4049 est
2334 3995 2475 4060 ovis,
2513 4009 2617 4049 nec
2650 4009 2840 4048 eorum
2872 3994 2962 4064 qui
2992 4011 3091 4063 pro
3124 3995 3360 4064 peccatis
3389 3999 3567 4066 pmui-

1987 4086 2216 4142 tentiam
2249 4094 2437 4157 agunt,
2473 4101 2570 4155 per
2604 4100 2823 4154 capram
2860 4086 3058 4154 quippe
3102 4084 3477 4155 significantur
3502 4105 3565 4144 ea

1985 4193 2107 4248 qua:
2133 4192 2230 4247 pro
2264 4176 2503 4246 peccatis
2534 4186 2664 4231 sunt
2693 4176 2979 4239 sacrificia,
3013 4192 3135 4231 cum
3171 4193 3387 4247 capram
3423 4196 3564 4249 ριιρο

1987 4270 2195 4339 ceperit
2240 4268 2294 4321 in
2345 4268 2431 4323 his
2476 4277 2572 4322 aut
2619 4267 2833 4321 hircum
2894 4268 3183 4335 immolari,
3228 4285 3331 4324 nec
3368 4272 3563 4327 horum

1984 4376 2114 4431 ergo
2141 4360 2392 4415 concedit
2419 4368 2477 4414 ut
2507 4359 2843 4415 desiderium
2870 4360 3261 4415 emnedamus?
3284 4362 3364 4416 Ad
3396 4364 3563 4418 Deum

1984 4454 2130 4508 enim
2168 4453 2300 4507 illud
2336 4452 2553 4515 referri,
2594 4462 2649 4506 et
2687 4453 2800 4507 Deo
2843 4452 3027 4507 nﬂerri
3071 4454 3248 4523 jubet,
3294 4467 3567 4524 quatenus

1984 4559 2097 4597 non
2130 4544 2201 4599 sit
2242 4544 2544 4598 secundum
2579 4542 2935 4597 intentionem
2968 4545 3286 4612 humanam,
3318 4549 3411 4602 scd
3458 4550 3566 4602 llco

1986 4635 2087 4689 soli
2135 4635 2569 4703 uniuscujusque
2623 4634 2737 4699 rei,
2786 4651 2947 4704 quam
3002 4637 3126 4705 quis
3175 4652 3239 4690 ex
3292 4641 3566 4708 prmdictis

1986 4728 2315 4796 assequitur,
2357 4726 2689 4781 desiderium
2737 4727 3016 4782 oll‘eratur.
3055 4728 3319 4784 Similiter
3369 4746 3562 4798 pecca-

1991 4825 2169 4871 torum
2198 4817 2553 4881 desiderium,
2587 4819 2731 4887 quod
2763 4834 2859 4888 per
2892 4820 3176 4874 morticina
3230 4830 3283 4874 et
3312 4837 3338 4873 a
3372 4821 3563 4874 bc'sliis

1988 4916 2147 4976 capta
2202 4906 2587 4976 signiﬁcatur:
2628 4925 2727 4978 per
2772 4909 3057 4963 morticina
3107 4909 3323 4977 quidem
3376 4918 3563 4978 utpote

1986 5000 2081 5070 qui
2117 4999 2394 5070 elegerunt
2433 5017 2532 5072 per
2570 5003 2829 5071 quasdam
2866 5000 3232 5069 impudicitias
3264 5010 3317 5053 rt
3349 5016 3443 5069 per
3474 5016 3565 5053 su-

1987 5090 2233 5162 perbiam
2274 5094 2481 5160 peccati
2524 5105 2777 5148 mortem.
2819 5093 2971 5158 Quod
3017 5092 3210 5161 probat
3250 5090 3448 5145 Paulus
3495 5092 3564 5147 de

1987 5185 2169 5240 viduis
2196 5184 2274 5239 sic
2304 5184 2492 5240 dicens
2534 5204 2546 5239 :
2579 5184 2707 5251 Quae
2751 5187 2887 5239 enim
2931 5187 2986 5238 in
3034 5184 3233 5237 deliciis
3267 5194 3341 5237 est
3380 5185 3559 5250 vidua,

1985 5279 2161 5332 vivens
2206 5287 2416 5331 mortua
2459 5289 2535 5331 est
2564 5279 2630 5330 ⁸⁷.
2665 5277 2768 5330 Per
2814 5293 2875 5331 ea
2922 5287 3102 5329 autem
3144 5291 3266 5345 qua:
3305 5293 3333 5330 a
3374 5276 3564 5332 bestiis

1984 5377 2143 5439 capta
2185 5378 2352 5436 sunt,
2404 5370 2788 5441 intelliguntur
2845 5369 2899 5423 hi
2953 5369 3067 5438 qni,
3101 5369 3230 5424 dum
3283 5370 3567 5441 negiigunt

2002 5594 2183 5651 17-19.
2262 5595 2501 5651 "lict-li.
2578 5609 2788 5662 χχχιιι,
2844 5592 2895 5648 ϐ.
2974 5594 3017 5625 ⁸⁵³
3068 5592 3204 5649 Psal.
3241 5609 3419 5667 εγω,
3478 5593 3563 5653 Η.
