4076 6188
518 280 533 295 “
575 280 684 345 867

1780 267 2144 328 HESYCHII
2180 264 2655 326 PRESBYTERI

3735 260 3832 324 863

576 388 847 448 cautelam
897 400 1052 443 suam
1096 393 1152 441 ct
1218 381 1546 448 custodiam,
1599 378 1852 450 captivati
1905 385 2053 441 sunt,
2092 376 2161 432 ab
2189 382 2235 439 Α
2265 389 2388 448 pem
2426 378 2640 442 hostim,
2674 385 2735 432 et
2767 375 3166 447 pectusculum.
3197 374 3443 444 Cumque
3476 370 3638 427 ambo
3667 372 3836 428 oblata

577 480 1014 552 intelligibilibus
1057 476 1252 531 bestiis
1297 473 1679 543 comprehensi
1728 488 1740 524 :
1777 472 1920 540 quod
1957 480 2161 524 utnon

577 575 865 638 faciamus,
898 587 1091 626 rursus
1121 570 1316 623 Petrus
1348 570 1423 623 ait
1456 585 1470 621 :
1504 566 1679 622 Sobrii
1716 573 1895 627 estote,
1924 562 2160 633 vigilate,

578 663 914 717 adversarius
958 662 1097 714 enim
1146 669 1314 713 vester
1352 657 1612 717 diabolus.
1653 656 1787 708 sicut
1832 653 1910 706 leo
1953 653 2164 723 rugiens

579 755 789 815 circuit,
820 767 1060 821 quwrens
1088 767 1242 820 quem
1284 752 1492 803 devoret
1515 747 1581 801 ³⁸.
1613 746 1857 811 Quorum
1886 759 1997 797 non
2030 760 2164 798 eon-

579 845 722 900 cedit
740 844 956 912 adipem
978 843 1190 896 comedi
1215 858 1229 895 :
1256 843 1479 896 noxium
1506 840 1650 895 enim
1676 849 1761 894 est
1784 839 1941 892 nobis
1966 838 2163 893 horum

577 936 869 991 desideriis
900 935 1000 989 uti.
1029 935 1136 989 Sed
1171 950 1273 988 nec
1307 934 1418 987 Deo
1452 950 1515 986 ea
1541 934 1697 1000 jubet
1720 929 1927 992 oﬁ’erri,
1961 930 2165 982 deside-

579 1030 718 1084 rium
747 1028 885 1080 enim
914 1035 1249 1094 peccatorum
1270 1025 1459 1094 peribit
1483 1025 1550 1075 ⁸⁵.
1574 1022 1679 1076 Sed
1719 1022 1846 1090 quid
1874 1018 2166 1090 prmcepit?

653 1118 927 1171 Ilabebitis
959 1119 1013 1170 in
1038 1134 1162 1170 usus
1191 1117 1386 1169 varios.
1422 1114 1757 1169 Transferre
1783 1128 1912 1182 ergo
1933 1111 2062 1165 illud
2098 1109 2165 1164 ad

580 1210 839 1262 virtutem
884 1206 1171 1270 debemus,
1207 1217 1267 1260 ut
1313 1204 1382 1260 ad
1428 1205 1762 1267 castitatem,
1801 1211 1895 1256 aut
1923 1200 1990 1255 ad
2019 1200 2166 1255 elee-

580 1314 881 1369 mosyuam,
927 1306 1019 1351 aut
1067 1298 1134 1351 ad
1184 1296 1474 1366 justitiam,
1526 1303 1621 1347 aut
1668 1294 1736 1347 ad
1784 1305 2166 1361 quamcunque

582 1391 824 1461 speciem
862 1390 1018 1443 bonae
1054 1387 1389 1457 operationis
1432 1387 1627 1440 horum
1673 1384 2003 1438 desiderium
2037 1397 2168 1436 con-

582 1491 882 1547 vertamus,
930 1480 1271 1534 rcsolventes
1321 1478 1475 1541 illud,
1522 1488 1578 1531 et
1625 1476 1682 1529 in
1732 1476 1900 1529 alium
1943 1473 2165 1527 modum

585 1573 919 1629 derivantes.
970 1572 1082 1625 lloc
1120 1571 1267 1626 enim
1305 1576 1410 1634 cst,
1441 1568 1693 1622 habebitis
1729 1568 1785 1620 in
1813 1583 1937 1619 usus
1969 1567 2165 1619 varios.

585 1663 723 1729 Quia
760 1670 816 1716 et
848 1662 1034 1731 adeps,
1067 1662 1110 1715 si
1161 1661 1227 1714 ad
1271 1660 1504 1728 aliquam
1547 1657 1838 1710 utilitatem
1877 1654 2169 1724 cujuslibet

583 1754 909 1809 conﬁciendi
939 1753 1123 1824 operis
1153 1749 1496 1806 necessarius
1531 1757 1634 1813 est,
1664 1747 1973 1802 subtiliatur
2006 1756 2168 1815 atque

586 1845 898 1898 resolvitur.

656 1934 715 1988 Si
746 1936 862 2001 quis
895 1934 1105 2002 adipem
1150 1930 1240 2001 qui
1278 1931 1453 2000 oﬂ'erri
1485 1930 1630 1983 debet
1671 1930 1724 1982 in
1766 1930 2032 1982 incensum
2065 1927 2172 1981 Do-

586 2026 716 2079 mini
753 2026 1052 2089 comederit,
1090 2024 1279 2093 peribit
1329 2023 1394 2076 de
1434 2020 1625 2091 populo
1658 2038 1772 2075 suo.
1807 2020 1974 2075 Recte
2007 2019 2169 2089 perit,

585 2114 844 2171 videlicet
889 2128 1111 2184 cogens,
1160 2122 1256 2167 aut
1300 2112 1408 2165 alio
1464 2112 1625 2165 modo
1675 2110 1913 2166 suadens
1967 2110 2039 2172 ei,
2076 2110 2169 2178 qui

586 2212 940 2279 semetipsum
973 2208 1172 2263 obtulit
1200 2207 1334 2269 Deo,
1366 2221 1475 2259 non
1507 2204 1575 2259 ad
1610 2220 1909 2274 supernum
1954 2204 2171 2258 oculum

585 2304 929 2358 desiderium
957 2302 1179 2363 habere,
1213 2299 1308 2354 sed
1343 2299 1411 2353 ad
1447 2298 1770 2367 placendum
1800 2296 1925 2349 sibi.

657 2392 821 2451 Vnus.
855 2392 947 2456 26,
979 2392 1069 2445 Ἦ.
1119 2410 1138 2442 ‹
1184 2390 1519 2459 Sanguinem
1568 2403 1785 2459 quoque
1837 2386 2016 2440 omnis
2057 2386 2176 2439 ani-

587 2484 748 2539 malis
777 2499 887 2537 non
918 2481 1149 2537 sumetis
1178 2480 1230 2534 in
1261 2482 1407 2543 cibo,
1440 2491 1547 2534 tam
1579 2482 1646 2534 de
1674 2479 1888 2544 avibus,
1915 2493 2076 2546 quant
2107 2478 2174 2532 de

588 2575 905 2644 pecoribus.
966 2573 1159 2626 Omnis
1211 2572 1394 2625 anima
1448 2588 1568 2641 qua:
1599 2571 1773 2626 ederit
1834 2569 2170 2640 sanguinem,

590 2666 796 2736 peribit
824 2666 891 2719 de
923 2664 1140 2735 populis
1169 2663 1308 2717 suis.
1339 2682 1358 2713 ι

662 2757 801 2827 Quia
842 2756 1164 2827 sanguinem
1207 2755 1443 2809 animam
1476 2754 1591 2808 vult
1622 2752 1872 2823 intelligi,
1905 2751 2179 2808 sufﬁcien-

591 2857 674 2906 ter
702 2850 953 2929 superius
979 2849 1416 2903 demonstratum
1456 2855 1557 2901 est.
1603 2844 1723 2900 Vult
1755 2860 1885 2915 ergo
1918 2845 2176 2899 virtutem

589 2951 695 2992 nos
720 2938 935 3006 assequi
968 2936 1194 2991 alternae
1217 2935 1526 2990 dilectionis
1558 2953 1570 2988 :
1596 2944 1652 2989 et
1679 2950 1855 3004 neque
1880 2936 2173 3004 justorum,

590 3041 822 3096 quorum
874 3027 977 3080 hoc
1005 3026 1149 3090 loco,
1196 3035 1423 3096 propter
1464 3026 1713 3080 altiorem
1756 3027 2015 3092 volatum,
2049 3041 2177 3081 con-

591 3120 962 3176 versationem
995 3118 1340 3189 signiﬁcavit,
1372 3134 1553 3188 neque
1580 3128 1952 3188 peccatorum,
1980 3118 2178 3187 quibus

542 3247 548 3254 -
594 3225 856 3281 pecorum
880 3208 1194 3278 appellatio,
1220 3224 1320 3278 pro
1348 3224 1413 3262 eo
1440 3210 1582 3278 quod
1614 3209 1679 3262 ad
1706 3208 1965 3264 inferiora
1998 3208 2182 3262 inten-

592 3302 754 3364 dunt,
783 3300 1042 3356 convenit
1086 3300 1377 3354 comedere
1431 3301 1776 3369 sanguinem,
1822 3300 1873 3354 id
1919 3307 2003 3354 est
2046 3299 2183 3353 nihil

591 3393 664 3449 ad
715 3406 904 3447 eorum
961 3393 1176 3461 operari
1241 3400 1493 3445 mortem.
1556 3391 1711 3458 Quod
1783 3402 1989 3456 autem,
2044 3392 2184 3445 sicut

594 3482 768 3540 edunt
814 3482 978 3550 LXX,
1026 3484 1132 3538 hoc
1182 3500 1294 3539 non
1353 3484 1469 3539 ﬁeri
1528 3483 1584 3537 in
1640 3483 1786 3537 omni
1845 3484 2185 3538 habitatione

596 3574 878 3644 praecepit,
924 3590 1022 3644 per
1076 3574 1465 3639 habitationes,
1519 3574 1840 3629 differentes
1888 3589 2185 3629 conversa-

598 3665 776 3722 tiones
821 3666 1024 3721 innuit.
1061 3666 1291 3737 Propter
1320 3668 1465 3737 quod
1511 3677 1727 3737 Oportet
1753 3684 1783 3721 a
1816 3667 2019 3722 malitia
2050 3683 2187 3722 con-

598 3767 681 3812 tra
732 3759 1066 3828 proximum,
1122 3768 1230 3813 tam
1283 3759 1590 3813 sublimiter
1648 3760 1973 3829 sapientem,
2023 3774 2184 3827 quant

596 3846 968 3913 mediocriter,
1000 3848 1083 3903 vel
1118 3848 1329 3903 nullum
1375 3847 1662 3917 sapientiae
1697 3849 1935 3903 studium
1977 3849 2186 3903 haben-

599 3948 729 4006 tem,
763 3949 818 3995 et
849 3950 908 3995 ut
936 3941 1148 3996 dicatur
1192 3942 1450 4006 breviter,
1492 3949 1547 3995 et
1584 3942 1794 4011 justum
1840 3941 1909 3995 ab
1951 3956 2036 4006 ea,
2065 3958 2186 4010 quae

598 4039 684 4084 est
718 4039 905 4085 contra
952 4040 1318 4101 peecatorem,
1357 4040 1413 4086 et
1463 4042 1806 4101 peecatorem
1852 4032 1922 4086 ab
1963 4047 2026 4086 ea
2065 4050 2184 4102 quae

599 4138 723 4177 esse
778 4132 956 4193 potest
1005 4133 1195 4177 contra
1254 4125 1486 4193 justum,
1520 4124 1799 4179 abstinere
1851 4125 2077 4191 ntalitia,
2126 4135 2187 4180 ut

601 4216 779 4269 nullas
822 4216 897 4269 illi
934 4216 1190 4270 moliatur
1234 4215 1481 4279 insidias,
1532 4217 1732 4276 sciens.
1775 4217 1901 4286 quia
1961 4219 2016 4270 in
2058 4232 2185 4271 san-

599 4306 819 4375 guinem
873 4317 1081 4375 peccat,
1118 4317 1172 4362 et
1218 4310 1538 4378 sanguinem
1596 4309 1887 4363 comedere
1932 4325 2057 4363 eum
2104 4310 2185 4363 le-

2264 467 2495 523 Domino
2532 466 2954 531 consecraverit,
2990 466 3169 521 tradet
3198 463 3492 528 sacerdoti,
3529 462 3623 532 qui
3659 461 3840 516 adole-

2264 559 2344 616 bit
2383 560 2598 630 adipem
2653 575 2818 630 super
2864 560 3076 615 altare:
3107 556 3485 629 pectusculum
3528 563 3711 608 autem
3744 554 3841 608 erit

2264 651 2469 718 Aaron,
2503 661 2558 707 et
2603 650 2837 706 ﬁliorum
2887 651 3028 721 ejus,
3068 656 3253 704 armas
3299 661 3518 718 quoque
3556 646 3750 700 dexter
3780 645 3841 699 de

2265 744 2616 815 paciﬁtorum
2667 744 2863 799 hostiis
2907 743 3050 798 cadit
3101 743 3158 796 in
3210 739 3467 810 primitiis
3524 737 3836 793 sacerdotis.

2266 836 2368 902 Qui
2400 835 2659 892 obtulerit
2698 836 3020 907 sanguinem
3062 843 3118 888 et
3157 832 3372 902 adipem
3400 830 3636 885 ﬁliorum
3664 830 3837 882 Aaron

2266 927 2383 997 ipse
2420 927 2645 981 habebit
2687 934 2741 980 et
2786 940 2998 980 armum
3035 924 3286 979 dextrum
3320 921 3374 974 in
3408 919 3656 991 portione
3700 932 3838 971 sua:

2267 1018 2643 1088 pect‘usculum
2671 1018 2817 1072 enim
2847 1015 3120 1080 elationis,
3157 1021 3212 1068 et
3239 1028 3450 1067 armum
3490 1010 3841 1081 separationis

2270 1110 2366 1164 tuli
2415 1126 2445 1164 a
2493 1110 2618 1165 ﬁliis
2664 1108 2852 1173 lsrael,
2903 1123 2968 1163 es
3018 1105 3214 1162 hostiis
3252 1118 3443 1161 eorum
3495 1101 3758 1172 paciﬁcis,
3797 1109 3843 1156 et

2267 1206 2391 1261 dedi
2422 1204 2602 1259 Aaron
2643 1202 2931 1266 sacerdoti,
2971 1216 3036 1256 ac
3076 1199 3201 1255 ﬁliis
3242 1199 3363 1269 ejus
3411 1196 3528 1267 lege
3565 1202 3839 1266 perpetua,

2267 1299 2337 1354 ab
2365 1299 2515 1352 omni
2546 1296 2749 1366 populo
2781 1294 2969 1349 Israel.
3009 1311 3029 1343 ›

2339 1389 2478 1443 Vere
2527 1388 2619 1458 qui
2676 1389 2850 1459 legem
2904 1385 3003 1439 Dei
3054 1383 3349 1439 meditatur
3408 1389 3571 1435 nocte
3627 1386 3683 1433 et
3741 1377 3840 1443 die,

2268 1481 2474 1552 lignum
2505 1489 2591 1534 cst
2623 1479 2924 1549 plantatum
2971 1490 3130 1531 secus
3171 1476 3435 1529 decursus
3467 1485 3754 1540 aquarum,
3788 1479 3844 1523 ut

2268 1571 2356 1625 det
2393 1569 2631 1624 fructum
2672 1570 2727 1622 in
2760 1576 3011 1637 tempore
3035 1580 3134 1619 suo
3168 1562 3523 1618 meditatione
3565 1560 3843 1631 irrigatum

2269 1662 2436 1732 legis,
2477 1676 2601 1730 qua:
2647 1669 2707 1714 ut
2760 1674 2870 1713 non
2923 1658 3086 1711 faciat
3130 1654 3439 1717 fastidium,
3487 1667 3590 1706 nec
3637 1650 3847 1706 deﬁciat

2272 1755 2478 1825 legens,
2532 1752 2707 1806 variat
2760 1750 3119 1812 sanctionem,
3165 1746 3489 1802 diﬁ'erenter
3543 1744 3611 1798 de
3661 1742 3845 1797 iisdem

2272 1842 2602 1914 praecipiens
2630 1842 2697 1896 νο.
2753 1840 2868 1895 Hoc
2917 1848 3097 1914 autem
3154 1838 3354 1892 divinae
3409 1846 3495 1891 est
3549 1834 3845 1905 sapientiae,

2271 1912 2393 2004 qua:
2440 1932 2494 1985 in
2541 1932 2688 1986 omni
2732 1931 2897 1985 etiam
2935 1912 3224 1999 disciplina
3259 1929 3363 1983 hoc
3395 1936 3674 1997 operatur.
3718 1925 3847 1981 Nam

2274 2039 2400 2081 ecce
2430 2032 2485 2079 et
2517 2022 2849 2077 medicinam
2883 2021 3132 2076 invenies
3169 2019 3345 2074 morbi
3379 2029 3643 2089 tempore.
3684 2016 3846 2071 multa

2273 2115 2656 2188 praeferentem
2696 2114 3115 2175 medicamenta,
3150 2112 3323 2166 multo
3364 2112 3529 2181 magis
3562 2120 3614 2163 ct
3650 2109 3706 2162 in
3750 2108 3848 2164 hoc
3941 2114 3946 2119 ’

2273 2209 2417 2279 quod
2441 2209 2641 2262 anima:
2669 2205 2972 2276 profectum
2994 2214 3050 2259 et
3075 2204 3359 2259 sanitatem
3382 2210 3616 2272 prastat.
3643 2199 3848 2266 Quam-

2275 2302 2464 2356 obrem
2494 2301 2751 2354 virtutem
2785 2298 2947 2367 hujus
2977 2296 3325 2350 intendamus
3358 2293 3677 2348 sanctionis.

2345 2394 2573 2447 Locutus
2621 2401 2693 2445 est
2740 2391 2996 2444 Dominus
3038 2389 3108 2441 ad
3141 2388 3350 2456 Moysen
3377 2389 3593 2440 dicens:
3628 2385 3849 2451 Loquere

2275 2482 2399 2553 ﬁliis
2435 2482 2624 2537 Israel.
2668 2480 2724 2535 In.
2762 2496 2870 2550 quo
2911 2480 3031 2534 loco
3079 2478 3221 2533 LXX
3259 2479 3548 2534 ediderunt
3584 2495 3597 2529 :
3634 2476 3707 2530 Et
3733 2476 3848 2544 ﬁliis

2278 2574 2450 2630 Israel
2498 2575 2745 2645 loqueris,
2774 2575 2970 2628 dicens.
3001 2572 3122 2626 Non
3172 2587 3302 2641 ergo
3351 2570 3555 2624 frustra
3604 2570 3847 2638 superius

2277 2668 2530 2729 diximus,
2565 2667 2691 2736 quia
2737 2667 2804 2720 ad
2850 2665 3110 2736 pupulum
3163 2664 3406 2734 gentium
3469 2676 3533 2716 ea
3571 2677 3694 2731 quae
3729 2670 3847 2715 tunc

2278 2754 2423 2809 dicta
2470 2763 2597 2807 sunt
2646 2754 2880 2809 maxime
2934 2753 3318 2822 pertinebant,
3366 2752 3530 2820 hujus
3581 2751 3729 2805 enim
3778 2747 3849 2803 rei

2278 2845 2556 2916 legislator
2599 2861 2829 2910 utemur,
2864 2860 2972 2899 non
3012 2832 3152 2899 dixit
3195 2860 3344 2898 nunc
3385 2843 3693 2897 secundum
3725 2840 3847 2895 LXX

2278 2938 2574 2992 editionem
2609 2955 2620 2990 :
2647 2935 2885 3006 Loquere
2909 2936 3035 3006 ﬁliis
3055 2936 3257 2999 Israel;
3284 2935 3401 2999 sed,
3430 2946 3476 2988 et
3507 2935 3625 2988 filiis
3655 2932 3849 2987 Israel:

2281 3029 2387 3084 hoc
2412 3029 2727 3094 ostendens,
2761 3028 2886 3097 quia
2926 3043 3036 3081 non
3071 3027 3245 3082 solum
3287 3027 3388 3092 eis,
3432 3025 3526 3081 sed
3561 3034 3617 3079 et
3652 3025 3757 3078 illis
3780 3023 3851 3077 lo-

2283 3130 2500 3190 quatur,
2529 3122 2623 3189 qui
2669 3129 2800 3174 sunt
2840 3135 2905 3173 ex
2954 3120 3223 3190 gentibus,
3259 3118 3566 3173 communis
3603 3116 3754 3171 enim
3785 3114 3855 3169 eis

2285 3216 2397 3268 haec
2435 3221 2520 3267 est
2550 3213 2852 3266 secundum
2888 3211 3141 3281 spiritum
3169 3211 3275 3265 lex.
3301 3209 3441 3275 Quid
3470 3220 3659 3263 autem
3691 3208 3799 3262 ait?

2353 3302 2454 3368 Qui
2487 3304 2660 3373 offeret
2703 3304 2973 3358 victimam
3016 3302 3353 3372 paci/icoram
3391 3301 3643 3363 Domino,
3695 3299 3857 3370 oﬂ'erat

2283 3394 2442 3447 simul
2490 3404 2539 3447 et
2585 3393 2925 3463 sacri/icium,
2951 3394 3006 3446 id
3044 3403 3139 3456 est,
3177 3403 3227 3445 et
3262 3392 3554 3444 libamenta
3584 3389 3729 3459 ejus.
3772 3388 3858 3442 Se-

2285 3487 2522 3541 cundum
2564 3484 2703 3539 LXX
2733 3496 2917 3539 autem
2962 3483 3234 3554 :0{ferens
3276 3482 3593 3551 sacri/icium
3639 3481 3860 3536 salutare

2285 3577 2543 3641 Domino,
2590 3578 2766 3648 oﬂ‘eret
2815 3592 3003 3631 ntunus
3048 3592 3203 3630 suum
3257 3575 3481 3630 Domino
3512 3575 3576 3627 de
3607 3572 3862 3641 sacriﬁcia

2283 3670 2512 3724 salutari
2537 3671 2670 3740 ejus.
2697 3670 2760 3725 Et
2779 3686 2941 3741 quam
2965 3670 3072 3725 hoc
3099 3670 3616 3740 interpretationem
3658 3669 3860 3726 habent,

2286 3762 2603 3817 manifestat
2631 3764 2790 3833 plane
2820 3766 2963 3833 quod
2994 3764 3259 3833 sequitur.

2356 3853 2564 3907 Tenebit
2608 3856 2849 3908 manibus
2892 3855 3101 3925 adipem
3140 3854 3343 3909 hostire.
3376 3852 3472 3908 Vel
3502 3853 3655 3909 sicut
3694 3851 3864 3908 LXX:

2284 3941 2472 3996 Manus
2496 3942 2609 4009 ejus
2631 3943 2842 4012 offerent
2859 3953 2980 3997 exta
3005 3944 3250 4008 Domino,
3277 3944 3330 3998 id
3349 3954 3454 4007 est,
3483 3944 3674 4012 ipsum
3693 3958 3868 4014 quem-

2286 4032 2432 4101 piam
2464 4026 2682 4102 Oportet
2713 4049 2778 4088 ea
2810 4050 2932 4103 qum
2971 4035 3040 4090 ad
3078 4035 3323 4106 paciﬁca,
3358 4035 3443 4088 vel
3478 4034 3721 4089 salutem
3752 4047 3867 4103 per-

2289 4122 2463 4176 tinent
2510 4124 2748 4193 operari,
2793 4134 2981 4196 utpote
3034 4126 3129 4195 qui
3186 4122 3410 4179 alterius
3466 4125 3680 4189 studio,
3720 4123 3868 4177 amici

2286 4212 2464 4281 forte,
2506 4226 2600 4271 aut
2638 4219 2889 4289 cognati,
2939 4219 3135 4273 salvari
3188 4234 3299 4274 non
3351 4224 3552 4288 potest.
3594 4216 3867 4284 Quemad-

2287 4306 2510 4360 modum
2546 4308 2663 4363 baec
2697 4309 2957 4379 iniquitas
2988 4311 3162 4380 iniqui
3197 4325 3364 4380 super
3395 4324 3522 4364 eum
3551 4312 3687 4377 erit,
3724 4311 3799 4365 sic
3820 4318 3869 4363 et

601 4398 825 4468 gislator
857 4400 1084 4492 judicat,
1116 4410 1172 4453 et
1214 4400 1417 4469 peribit
1470 4400 1648 4454 anima
1697 4401 1815 4454 haec
1855 4400 1923 4455 de
1970 4401 2185 4471 populis
2217 4442 2261 4500 Β
2283 4396 2490 4466 justitia
2514 4400 2648 4469 justi
2675 4415 2844 4470 super
2869 4417 2995 4456 eum
3021 4402 3144 4457 erit.
3171 4400 3458 4466 Quomodo
3495 4410 3632 4457 ante
3659 4406 3864 4471 oportet

602 4489 752 4554 suis,
802 4508 902 4560 pro
957 4506 1023 4545 eo
1052 4480 1218 4560 ’ψιοά
1274 4493 1636 4547 intentionem
1688 4492 1881 4547 habuit
1926 4495 2186 4564 perdendi

603 4580 857 4652 proximi.
909 4582 1141 4655 Insuper
1184 4594 1240 4638 et
1285 4585 1390 4638 hoc
1435 4584 1680 4649 intende,
1724 4585 1817 4654 qui
1860 4601 1924 4639 ea
1964 4603 2085 4655 qua:
2120 4588 2189 4642 de

2289 4489 2521 4544 hostiam
2560 4491 2864 4546 celebrari?

2357 4581 2565 4636 Tenebit
2617 4584 2858 4637 manibus
2906 4585 3115 4653 adipem
3162 4584 3346 4639 hostia:
3386 4594 3435 4638 et
3489 4582 3863 4652 pectusculum.

604 4673 897 4743 prohibitis
930 4675 1067 4729 cibis
1094 4684 1199 4740 est,
1235 4683 1288 4730 et
1322 4685 1467 4730 tactu
1496 4676 1925 4739 itnmundorum,
1955 4678 2191 4733 sanctio-
2286 4671 2383 4727 Vel
2428 4674 2732 4728 secundum
2772 4673 2911 4729 LXX
2943 4692 2956 4727 :
2988 4674 3177 4746 Oﬂ‘eret
3222 4676 3433 4744 adipem
3468 4676 3561 4745 qui
3602 4685 3687 4728 es!
3724 4687 3871 4743 super

603 4779 731 4819 nem
776 4764 1061 4818 insinuans
1103 4765 1321 4831 animae,
1362 4765 1445 4819 lex
1482 4766 1818 4820 mentionem
1856 4766 1985 4821 facit
2018 4785 2030 4819 :
2063 4767 2190 4836 quia
2286 4766 2663 4833 pectusculum,
2698 4776 2746 4820 et
2782 4768 2997 4836 pinnam
3026 4768 3242 4837 jecoris,
3273 4778 3319 4822 et
3353 4768 3531 4838 offeret
3561 4785 3649 4833 ea,
3689 4776 3747 4820 ut
3781 4767 3873 4818 int-

540 4892 553 4899 -
604 4855 844 4910 maxime
890 4869 957 4909 ex
1001 4855 1256 4925 gentibus
1298 4854 1525 4925 populo,
1556 4857 1714 4926 cujus
1751 4872 1874 4911 esse
1916 4856 2189 4927 signiﬁca-

607 4950 813 5005 tionem
860 4949 1153 5004 animalem
1208 4950 1481 5005 hominem
1532 4949 2027 5011 manifestavimus.
2075 4964 2194 5004 mos

2287 4865 2516 4925 ponatur
2549 4857 2603 4910 in
2637 4869 2913 4928 conspectu
2949 4858 3185 4914 Domini.
3220 4857 3604 4914 Pcctusculum
3645 4854 3873 4929 appellat

2291 4946 2454 5002 ﬁdem
2498 4959 2555 5004 et
2597 4950 3005 5017 conﬁdentiam,
3044 4952 3169 5021 quia
3216 4952 3334 5007 haec
3379 4951 3695 5006 fortitudini
3749 4962 3875 5003 conu-

604 5051 690 5097 est
726 5041 981 5096 omnibus
1019 5039 1204 5095 vetitis
1243 5039 1412 5110 pollui
1460 5039 1794 5104 actionibus,
1828 5055 1859 5093 a
1899 5039 2098 5109 quibus
2133 5037 2197 5091 il-
2290 5039 2478 5109 juncta
2527 5052 2674 5097 sunt.
2714 5042 3003 5099 Fortitudo
3051 5053 3236 5099 autem
3289 5044 3563 5108 animalis,
3606 5041 3871 5113 perfectos

606 5130 719 5187 lum
750 5135 1009 5185 recedere
1039 5129 1319 5200 prmeepit.

684 5241 845 5299 Vens.
874 5242 1067 5299 28-54.
1114 5261 1134 5294 ι
1166 5240 1405 5297 Locutus
1438 5251 1524 5298 est
1559 5241 1825 5298 Dominus
1870 5242 1937 5297 ad
1979 5240 2198 5311 Moysen

607 5336 796 5393 dicens
825 5352 839 5389 ε
870 5334 1120 5406 Loquere
1148 5334 1275 5389 ﬁliis
1311 5335 1473 5390 Israel
1503 5353 1517 5391 :
1548 5334 1654 5403 Qui
1680 5336 1876 5392 oﬁ'eret
1908 5335 2188 5389 victimam

608 5424 957 5494 paciﬁcorum
1007 5425 1260 5492 Domino,
1293 5427 1487 5483 oﬁ'erat
1530 5428 1695 5482 simul
1747 5437 1802 5482 et
1839 5425 2193 5492 sacriﬁcium,

612 5513 663 5568 id
704 5524 787 5569 cst
815 5522 870 5569 et
901 5515 1194 5570 libamenta
1240 5516 1377 5585 ejus,
1417 5518 1732 5587 tenebitque
1778 5516 2031 5571 manibus
2072 5512 2193 5569 adi-

2294 5131 2584 5204 designare
2626 5134 2784 5199 solet,
2816 5150 2941 5190 nam
2978 5145 3033 5191 et
3073 5136 3338 5191 Dominus
3369 5136 3436 5191 ad
3468 5134 3573 5197 Job
3600 5136 3679 5188 ita
3713 5130 3876 5202 loqui.

2299 5234 2407 5281 tur.
2451 5225 2705 5298 Nunquid
2749 5227 3001 5298 praebebis
3045 5244 3175 5299 equo
3215 5227 3603 5299 fortitudinem,
3642 5234 3741 5279 aut
3781 5223 3880 5276 cir-

2297 5319 2570 5373 cumdabis
2624 5319 2779 5374 collo‘
2813 5320 2928 5391 ejus
2970 5321 3233 5375 [tinnitum
3261 5319 3329 5373 9‘.
3383 5316 3703 5373 Secundum
3744 5308 3877 5367 LXX

2301 5420 2481 5467 autem
2521 5410 2674 5466 addit
2703 5431 2716 5467 :
2752 5410 3186 5483 Circumposuisti
3227 5421 3406 5465 autem
3434 5410 3483 5463 ei
3511 5424 3669 5463 omne
3704 5417 3883 5459 arato-

2302 5526 2417 5562 rum
2445 5524 2624 5579 genus,
2655 5508 2823 5577 gloria
2856 5518 3032 5563 autem
3062 5506 3283 5565 aectoris
3309 5504 3424 5575 ejus
3447 5501 3705 5557 audacia.
3731 5491 3880 5565 Quod

680 5711 726 5748 ⁸⁸
755 5713 772 5770 ι
802 5715 948 5774 l‘ctr.
994 5736 1047 5789 v,
1088 5719 1139 5775 8.
1217 5718 1260 5749 “
1290 5717 1433 5773 l‘sal.
1471 5734 1574 5786 cxi,
1636 5717 1723 5774 lO.
1796 5714 2007 5773 "Psal.
2042 5715 2082 5784 l,
2137 5714 2191 5768 5.
2264 5712 2311 5746 “
2352 5712 2453 5768 Job
2476 5727 2661 5780 xxxix,
2691 5710 2778 5766 i9.
