4076 6188
351 214 456 279 869

1498 217 1581 278 IN
1624 218 2065 281 LEVITICUM.
2106 243 2174 256 -ο
2210 221 2358 280 LIB.
2393 220 2475 279 II.

3509 218 3616 282 870

348 326 496 380 enim
530 323 808 393 praesumit
858 332 911 377 et
960 322 1144 387 audet,
1179 339 1246 378 ex
1298 323 1618 380 fortitudine
1661 338 1716 381 et
1763 327 1931 381 conﬁ-
1968 349 2006 404 Α
2107 328 2175 381 Et
2209 329 2330 381 dedi
2357 328 2533 381 Aaron
2581 326 2840 380 sacerdoti
2869 334 2918 379 et
2946 326 3072 395 ﬁliis
3099 325 3235 394 eius.
3297 325 3614 382 Secundum

254 422 273 445 ⁶
349 416 538 471 dentia
577 415 675 483 ﬁt;
728 416 856 484 quia
903 426 1085 471 autem
1134 432 1257 472 cum
1294 417 1362 471 de
1401 418 1669 472 sacriﬁcio
1709 419 1933 473 salutari

349 508 779 579 praeciperetur,
853 510 1092 573 ventris,
1143 517 1198 564 et
1245 525 1469 575 renum,
1512 520 1568 564 et
1620 511 1821 573 lumbi,
1879 520 1933 564 et

349 600 874 671 pinnae,ethepatis,
921 611 977 656 et
1009 603 1203 672 adipis,
1229 612 1285 656 et
1317 603 1581 657 tenuerunt
1615 603 1932 656 memoriam

348 691 496 756 fecit,
524 694 713 748 omisit
759 702 941 748 autem
988 695 1388 764 pectusculum,
1426 695 1520 749 sed
1565 703 1621 747 et
1667 710 1878 748 armum
1916 712 1930 749 :

348 786 558 840 variare
609 786 887 851 videlicet,
938 787 1081 840 sicut
1131 787 1337 841 dictum
1388 796 1490 847 est,
1536 787 1932 856 legislationem

350 876 563 942 volens,
605 886 661 930 et
723 886 939 946 tempus
994 878 1096 931 sibi
1152 893 1375 932 servare
1424 880 1489 931 de
1539 878 1741 932 eisdem
1798 879 1935 949 ipsis

349 963 671 1035 frequenter
726 975 995 1036 praecepta
1048 967 1233 1021 dandi.
1285 967 1421 1021 Ecce
1467 968 1615 1021 enim
1653 983 1802 1023 nunc
1847 984 1931 1034 ea,

348 1076 469 1129 qua:
501 1061 655 1129 prius
684 1076 793 1113 non
823 1060 981 1124 dixit,
1012 1060 1285 1129 exposuit.

420 1153 632 1207 Tenebit
680 1153 923 1206 manibus
969 1154 1176 1220 adipem
1223 1152 1429 1215 hostire,
1459 1159 1507 1205 et
1556 1150 1932 1220 pectusculum.

350 1241 450 1297 Vel
473 1246 614 1299 sicut
650 1242 791 1298 LXX
826 1262 840 1298 :
877 1244 1099 1313 Adipem
1128 1259 1285 1312 super
1314 1243 1693 1310 pectusculum,
1728 1252 1783 1297 et
1816 1243 1936 1312 pin-

349 1350 477 1390 nam
534 1336 751 1404 bepatis
808 1335 1130 1405 prtecipiens
1180 1332 1390 1387 oﬁ'erri.
1446 1332 1551 1388 Per
1601 1333 1847 1403 pinnam,
1884 1341 1938 1387 ct

351 1442 534 1491 renes,
564 1430 725 1482 etiam
754 1428 819 1482 ad
859 1427 1089 1481 aliorum
1118 1442 1240 1496 qua:
1264 1428 1375 1497 jam
1410 1427 1555 1481 dicta
1585 1436 1734 1488 sunt,
1767 1428 1936 1482 semel

353 1518 674 1572 memoriam
715 1533 816 1572 nos
862 1518 1153 1572 reducens.
1185 1517 1294 1572 Per
1322 1520 1696 1587 pectusculum
1728 1527 1931 1580 autem,

348 1608 509 1662 ﬁdem
538 1610 831 1679 designans
859 1619 916 1663 et
947 1608 1358 1673 conﬁdentiam,
1398 1626 1562 1680 quam
1597 1611 1786 1664 oll‘erri
1825 1610 1935 1664 Do-

2036 419 2290 488 superius
2316 420 2570 473 videlicet
2596 419 2796 473 dictam
2826 417 3166 473 divisionem.
3203 418 3396 474 Totius
3424 434 3612 474 autem

2035 510 2202 579 hujus
2234 510 2472 565 mandati
2504 510 2850 563 conﬁrmatio
2879 511 3151 578 sequitur.

2106 601 2240 671 Lege
2274 611 2521 670 perpetua
2545 611 2618 654 est
2639 618 2669 653 a
2694 601 2817 669 ﬁliis
2842 600 3032 654 Israel.
3056 601 3176 654 Non
3200 610 3283 655 cst
3306 600 3450 655 enim
3480 609 3615 656 tem-

2034 707 2157 761 pus,
2198 708 2308 760 quo
2357 709 2467 747 non
2519 693 2641 747 ﬁdei
2703 707 2759 747 et
2811 694 3040 746 actionis
3102 693 3430 747 oblationem
3486 706 3615 760 spe-

2034 784 2246 837 cialiter
2276 784 2417 837 Deus
2442 784 2510 837 ah
2540 785 2623 838 bis
2660 784 2749 853 qui
2775 784 3072 846 salvantur,
3110 783 3367 853 accipiat.
3417 782 3614 838 Paulus

2034 874 2239 944 quippe
2292 875 2369 928 ait
2409 890 2599 928 omnes
2626 876 2718 943 qui
2772 876 3066 929 virtutibus
3104 876 3398 943 pollebant,
3447 874 3614 928 veluti

2034 965 2190 1028 Abel,
2217 965 2399 1018 Enoch
2431 972 2487 1018 et
2510 964 2620 1018 Noe
2644 1003 2657 1027 ,
2695 972 2750 1017 et
2781 980 3136 1034 quoscunque
3167 980 3290 1019 cum
3322 965 3427 1017 illis
3472 979 3612 1019 con-

2036 1057 2368 1117 numeravit,
2398 1056 2578 1125 perﬁci
2609 1072 2706 1125 per
2736 1056 2895 1111 ﬁdem
2927 1057 2997 1109 ⁵⁵.

2111 1165 2132 1197 ι
2190 1147 2318 1201 Haec
2345 1156 2427 1201 est
2451 1148 2635 1201 unctio
2664 1148 2846 1201 Aaron
2870 1157 2923 1201 et
2950 1146 3183 1200 ﬁliorum
3214 1148 3333 1216 ejus
3364 1147 3417 1201 in
3446 1162 3613 1202 caere-

2037 1237 2234 1291 moniis
2275 1238 2511 1299 Domini,
2546 1238 2633 1291 die
2657 1254 2762 1307 qua
2787 1239 2986 1293 obtulit
3018 1254 3112 1292 eos
3139 1236 3345 1307 Moyses
3401 1246 3459 1291 ut
3524 1254 3614 1293 sa-

2035 1327 2275 1381 cerdotio
2299 1327 2671 1397 fungerentur,
2695 1337 2751 1381 ct
2782 1344 2902 1397 quae
2932 1329 3193 1397 praecepit
3233 1328 3345 1381 dari
3373 1328 3452 1382 eis
3507 1327 3613 1381 Do-

2036 1417 2219 1471 minus
2240 1433 2270 1471 a
2300 1417 2425 1473 ﬁliis
2450 1419 2608 1473 Israel
2636 1418 2895 1488 religione
2932 1427 3194 1488 perpetua
3215 1419 3268 1471 in
3305 1421 3615 1488 generatio-

2035 1506 2200 1561 nibus
2226 1506 2359 1561 suis.
2394 1525 2413 1557 ›

2106 1595 2179 1649 Ea
2204 1611 2325 1664 quae
2383 1597 2526 1651 dicta
2567 1605 2715 1658 sunt,
2767 1596 3021 1650 videntur
3084 1597 3487 1665 quodammodo
3541 1599 3611 1653 ad

349 1698 500 1752 mino
530 1700 666 1765 νυιι⁷
706 1700 775 1754 ab
818 1715 887 1754 eo
928 1699 1019 1769 qui
1066 1700 1262 1755 salvari
1312 1703 1609 1769 desiderat,
1647 1703 1773 1772 quia
1819 1704 1930 1757 εἰπε
1963 1686 2001 1739 Β
2033 1685 2345 1739 unctionem
2404 1687 2746 1741 sacerdotum
2777 1687 3070 1756 pertinere,
3100 1687 3194 1741 sed
3226 1703 3335 1741 non
3364 1686 3416 1739 in
3470 1703 3610 1756 pra:-

348 1788 449 1857 ﬁde
479 1789 800 1857 impossibile
831 1798 905 1843 est
937 1806 1029 1844 nos
1061 1790 1270 1867 placere
1297 1792 1408 1846 Deo
1436 1795 1505 1849 θ’.

417 1877 562 1944 Quid
591 1887 772 1932 autem
810 1880 895 1933 bis
935 1880 1212 1935 addidit?'

422 1968 614 2021 Tradat
663 1969 945 2034 sacerdoti,
1012 1972 1103 2040 qui
1141 1972 1369 2026 adolebit
1414 1975 1623 2042 adipem
1657 1992 1813 2043 super
1842 1976 1926 2028 al-

348 2066 497 2111 tare.
524 2057 692 2113 Recte
730 2060 969 2115 diximus
1006 2064 1176 2125 enim,
1206 2064 1334 2132 quia
1368 2080 1530 2121 omne
1560 2074 1803 2121 nostrum
1835 2068 1928 2121 de-

349 2150 611 2205 siderium
643 2151 1023 2206 holocaustum
1061 2152 1175 2208 ﬁeri
1206 2155 1341 2209 vult.

421 2241 792 2296 Pectusculum
839 2255 1018 2298 autem
1062 2248 1160 2299 erit
1204 2247 1382 2301 Aaron
1434 2257 1482 2303 et
1529 2249 1757 2317 ﬁliorum
1789 2252 1922 2320 ejus.

346 2336 543 2388 Annus
583 2350 785 2404 quoque
823 2337 1006 2389 dexter
1058 2338 1125 2391 de
1178 2340 1517 2407 paci/icorum
1565 2342 1746 2395 hostiis
1784 2344 1925 2397 cadit

347 2421 405 2475 in
431 2423 682 2491 primitiis
711 2425 1019 2493 sacerdotis.
1050 2426 1248 2482 Armus
1283 2432 1471 2483 dexter
1500 2432 1741 2485 actiones
1769 2433 1925 2487 bonae

349 2521 497 2567 sunt.
548 2514 688 2585 Ergo
743 2523 798 2569 et
847 2516 1030 2581 ﬁdem,
1065 2526 1120 2572 et
1172 2520 1416 2574 actiones
1464 2522 1660 2576 oﬂ‘erre
1710 2532 1926 2593 oportet

347 2619 493 2669 eum,
528 2606 621 2674 qui
667 2606 865 2661 salvari
913 2611 1049 2663 vult.
1096 2608 1201 2664 Sed
1240 2611 1363 2680 quia
1395 2614 1767 2681 pectusculum
1798 2615 1925 2670 ﬁliis

349 2698 530 2750 Aaron
583 2698 882 2767 deputavit,
920 2701 1011 2769 qui
1062 2702 1324 2756 sublimes
1366 2703 1475 2758 vita
1523 2713 1669 2768 sunt,
1709 2721 1920 2760 armum

347 2794 530 2840 autem
585 2787 833 2841 dextrum
892 2790 1179 2855 sacerdoti,
1230 2794 1321 2861 qui
1380 2793 1667 2864 imaginem
1717 2795 1921 2850 Christi

346 2884 516 2941 tenet,
548 2886 769 2947 propter
801 2879 948 2948 quod
985 2881 1135 2939 solus
1178 2883 1432 2937 sacerdos
1463 2884 1564 2937 hoc
1596 2886 1918 2942 sacriﬁcium

346 2968 608 3038 perﬁcere
652 2977 850 3039 potest,
883 2972 1067 3027 oﬂ'erri
1115 2984 1300 3043 aperte
1335 2975 1610 3045 Iegislator
1636 2979 1873 3032 ostendit
1904 2995 1918 3033 :
1948 3011 1989 3068 ο

344 3058 480 3128 quia
504 3060 728 3113 credere
757 3061 1001 3130 quidem,
1036 3071 1090 3117 et
1134 3078 1438 3134 proponere
1476 3066 1637 3128 bona,
1669 3078 1918 3122 nostrum

343 3158 445 3212 est,
480 3148 594 3203 sive
628 3148 869 3218 Incipere
911 3164 972 3203 ea
1000 3168 1014 3216 ;
1045 3151 1303 3219 cperibus
1330 3161 1514 3207 autem
1557 3152 1837 3222 perﬁcere,
1868 3161 1923 3208 et

342 3239 410 3294 ad
439 3238 601 3293 ﬁnem
632 3242 932 3310 perducere
958 3257 1021 3296 ea
1059 3258 1178 3310 qua:
1209 3253 1385 3313 coepta
1415 3254 1563 3309 sunt,
1594 3245 1697 3299 hoc
1725 3247 1922 3301 divina:

342 3335 662 3404 est‘gratize.
700 3334 932 3404 Pmpter
967 3337 1111 3405 quod
1146 3337 1287 3391 dixit
1314 3337 1556 3393 Paulus:
1591 3338 1716 3393 Non
1740 3340 1919 3394 volen-

344 3424 433 3488 tis,
466 3441 634 3493 neque
670 3428 949 3490 currentis,
980 3428 1071 3480 sed
1099 3428 1390 3483 miserentis
1419 3438 1494 3482 est
1521 3428 1619 3483 Dei
1640 3431 1706 3483 ”.
1737 3430 1921 3485 Solius

342 3512 489 3565 enim
536 3513 656 3581 ejus
701 3522 784 3567 est
827 3514 1059 3584 dirigere
1103 3514 1369 3568 actiones.
1418 3514 1647 3584 Propter
1688 3516 1832 3585 quod
1865 3525 1921 3570 et

342 3602 628 3657 brachium
673 3603 787 3672 ipse
833 3603 928 3657 Dei
978 3604 1318 3670 nominatur,
1370 3606 1446 3660 ait
1498 3607 1643 3660 enim
1698 3607 1859 3662 Isaias
1902 3623 1917 3662 :

346 3691 589 3757 Domine,
620 3694 736 3763 quis
786 3696 1005 3748 credidit
1057 3695 1265 3747 auditui
1315 3706 1513 3759 nostra,
1552 3706 1600 3750 ct
1647 3696 1915 3750 brachium

337 3785 557 3839 Domini
600 3786 684 3838 cui
736 3785 1025 3839 revelatum
1054 3794 1128 3839 est
1160 3785 1236 3838 “l
1280 3785 1347 3841 Ut
1389 3787 1483 3857 qui
1528 3803 1655 3858 ergo
1687 3788 1805 3859 ipse
1833 3797 1917 3843 est

339 3891 529 3931 verum
580 3875 886 3936 brachium.
933 3884 1079 3931 recte
1123 3885 1371 3931 nostrum
1401 3886 1650 3945 'armum,
1691 3893 1809 3942 seu,
1856 3886 1916 3933 ut

338 3966 484 4022 LXX
512 3969 723 4032 dicunt,
753 3968 1036 4023 brachium
1068 3970 1293 4039 accepit.
1322 3968 1526 4025 Deinde
1556 3971 1912 4026 intentionem

335 4068 581 4112 nostram
614 4059 849 4113 dilatans
882 4059 1166 4130 Iegislator
1196 4061 1437 4115 subdidit
1472 4077 1487 4116 :
1529 4060 1631 4126 Qui
1669 4063 1912 4116 obtulerit

333 4148 643 4217 sanguinem
680 4158 730 4202 et
772 4149 984 4217 adipem
1027 4149 1257 4218 ﬁliorum
1309 4151 1507 4215 Aaron,
1548 4152 1657 4221 ipse
1705 4153 1910 4206 habebit

335 4253 542 4290 armum
574 4237 821 4291 dextrum
842 4237 904 4290 in‘
927 4239 1165 4306 portione
1196 4254 1312 4292 sua.
1343 4238 1595 4296 Christus
1623 4249 1706 4296 cst
1735 4240 1905 4306 enim,

2031 1777 2173 1831 senti
2227 1778 2295 1832 de
2356 1778 2458 1833 hac
2518 1778 2786 1832 disserere
2840 1778 3112 1850 legislator
3171 1788 3532 1849 proposuerat
3592 1795 3608 1833 :

2026 1885 2189 1938 quam
2250 1870 2396 1925 enim
2430 1886 2554 1925 cum
2598 1870 2853 1926 unctione
2899 1874 3240 1927 sacerdotum
3292 1872 3607 1927 societatem

2027 1960 2230 2015 habent
2265 1976 2327 2015 ea
2363 1977 2485 2030 quae
2517 1962 2769 2031 praedicta
2824 1972 2971 2026 sunt,
3002 1962 3304 2016 sacriﬁcia?
3346 1965 3455 2017 Sed
3515 1977 3608 2017 so-

2027 2054 2305 2108 lummodo
2337 2068 2528 2107 eorum
2578 2068 2698 2121 quae
2743 2053 2992 2122 superius
3039 2054 3106 2108 ab
3139 2069 3205 2108 eo
3258 2054 3402 2109 dicta
3453 2062 3603 2117 sunt,

2025 2148 2144 2201 vult
2168 2148 2455 2202 ostendere
2488 2147 2825 2217 dignitatem,
2855 2157 2910 2202 et
2940 2156 3101 2215 quem
3132 2149 3438 2217 profectum
3465 2163 3606 2218 pra:-

2025 2247 2171 2293 stent
2202 2238 2285 2291 bis
2338 2238 2429 2306 qui
2469 2253 2531 2291 ea
2572 2238 2905 2292 custodiunt.
2940 2238 3095 2304 Quod
3146 2239 3292 2293 enim
3326 2238 3441 2292 ait;
3479 2238 3606 2293 liceo

2025 2336 2104 2380 est
2139 2312 2314 2380 un’ctio
2351 2328 2528 2379 Aaron
2563 2336 2620 2379 et.
2647 2326 2877 2395 ﬁliorum
2908 2330 3022 2396 ejus
3045 2329 3099 2381 in
3135 2329 3457 2381 creremoniis
3496 2328 3604 2382 Do-

2025 2418 2175 2469 mini.
2207 2417 2285 2470 Ad
2308 2416 2584 2485 superiora
2620 2418 2720 2469 hoc
2758 2418 3009 2478 reddidit,
3034 2427 3094 2471 ut
3124 2428 3180 2470 tu
3223 2433 3603 2487 cognosceres.

2023 2506 2151 2567 quia
2184 2507 2496 2560 custodiens
2545 2490 2886 2573 quarc'itnque
2930 2506 3014 2559 lex
3044 2507 3294 2575 superius
3345 2506 3499 2567 dixit,
3537 2506 3605 2562 ad

2023 2595 2321 2650 sacerdotis
2349 2596 2561 2666 proﬁcit
2581 2598 2915 2668 dignitatem,
2959 2606 3013 2650 et
3037 2596 3306 2650 studendo
3334 2612 3397 2651 ea
3425 2598 3605 2652 valeas

2022 2687 2201 2757 regale
2226 2689 2611 2753 sacerdotium,
2637 2704 2769 2759 gens
2823 2698 3010 2743 sancta
3052 2688 3193 2742 dici:
3228 2688 3383 2743 aliter
3419 2699 3603 2745 autem

2025 2792 2395 2847 nequaquam.

2098 2868 2224 2922 lltec
2250 2879 2325 2922 est
2356 2870 2494 2923 enim
2524 2870 2698 2923 unctio
2728 2870 2782 2921 in
2815 2869 3137 2923 cwremoniis
3169 2869 3403 2923 Domini.
3433 2870 3595 2926 Vidu-

2021 2960 2154 3015 licct
2219 2975 2284 3014 ex
2340 2960 2835 3024 observationibus,
2884 2976 3007 3029 quas
3050 2960 3103 3014 in
3144 2961 3421 3031 praedictis
3475 2971 3606 3017 sunt

2023 3052 2311 3121 descriptae
2339 3050 2635 3105 sacriﬁciis.
2658 3051 2881 3120 Propter
2909 3051 3051 3120 quod
3080 3052 3285 3107 addidit
3310 3071 3324 3106 :

2090 3142 2153 3196 In
2174 3143 2258 3195 die
2282 3157 2385 3212 qua
2415 3142 2597 3195 obtulit
2628 3158 2713 3196 eos
2747 3142 2965 3210 Moyses,
2998 3150 3056 3195 ut
3090 3143 3386 3196 sacerdotio
3416 3145 3604 3215 funge-

2021 3247 2203 3293 rentur
2261 3245 2309 3291 et
2357 3253 2475 3307 qua!
2516 3238 2760 3305 pratcepit
2817 3236 2938 3289 dari
2986 3238 3059 3290 eis
3112 3236 3424 3291 Dominusa
3473 3238 3603 3306 ﬁliis

2018 3330 2205 3385 Israel.
2238 3328 2377 3399 Ergo
2402 3329 2458 3382 in
2488 3329 2572 3383 his
2603 3329 2763 3382 nobis
2784 3328 3097 3382 unctionem
3124 3329 3295 3394 dedit,
3320 3339 3375 3383 et
3406 3329 3459 3383 in
3483 3330 3602 3384 istis

2018 3438 2117 3476 nos
2144 3421 2349 3474 vocavit
2391 3420 2552 3483 Deus,
2576 3420 2663 3474 die
2693 3434 2798 3487 qua
2831 3419 3030 3472 obtulit
3076 3434 3193 3473 eos.
3225 3418 3457 3484 Quando
3497 3436 3601 3475 au-

2017 3521 2125 3567 tem
2152 3511 2432 3576 ltoc?Qua
2462 3510 2549 3564 die
2588 3510 2743 3563 unxit
2774 3523 2890 3574 eos,
2925 3520 2984 3563 ut
3034 3510 3339 3563 sacerdotio
3396 3511 3595 3581 Iunge-

2017 3612 2225 3666 rentur,
2258 3603 2311 3656 id
2343 3611 2425 3657 est
2476 3617 2582 3671 qua
2626 3601 2716 3655 die
2762 3601 2883 3656 illos
2912 3617 2979 3656 ex
3038 3602 3167 3655 ﬁliis
3214 3602 3380 3657 Israel
3416 3605 3595 3670 unxit,

2014 3710 2115 3764 per
2152 3694 2464 3748 unctionem
2529 3692 2735 3748 scilicet
2789 3708 2911 3763 quae
2957 3709 3106 3748 nunc
3147 3695 3292 3749 dicta
3346 3702 3451 3750 est.
3488 3696 3595 3760 Qui

2014 3789 2162 3841 enim
2226 3786 2512 3843 sublimius
2562 3785 2774 3851 vivunt,
2806 3800 2907 3840 seu
2965 3793 3384 3848 conversantur,
3449 3795 3597 3841 recte

2012 3880 2162 3933 onmi
2193 3878 2606 3933 excellentiores
2639 3885 2770 3931 sunt
2800 3877 3021 3945 pepnlo.
3046 3876 3200 3931 Unde
3226 3886 3282 3931 et
3302 3876 3467 3933 nimis
3499 3893 3597 3947 op—

2012 3978 2250 4040 portune
2300 3969 2573 4039 legislator
2618 3968 2898 4023 subdidit:
2936 3965 3203 4037 Religionc
3250 3978 3499 4037 perpetua
3526 3968 3594 4022 in

2011 4061 2432 4133 generationibus
2450 4061 2647 4115 vestris.
2662 4058 2942 4126 Quatenus
2960 4068 3015 4114 tu
3029 4059 3217 4119 scires.
3246 4061 3371 4129 quia
3386 4060 3594 4115 incon-

2009 4168 2170 4208 cussa
2190 4153 2304 4207 haec
2321 4153 2463 4222 apud
2481 4152 2646 4206 Deum
2667 4151 2855 4223 religio
2883 4160 2985 4214 est,
3008 4161 3067 4206 ut
3091 4166 3269 4219 neque
3302 4151 3588 4221 dignitate,

2009 4259 2188 4314 neque
2202 4243 2489 4312 sapientia,
2519 4259 2695 4313 neque
2723 4243 3044 4313 cognatione
3081 4244 3376 4311 iustorum,
3412 4259 3591 4313 neque

335 4326 729 4399 intelligibilem
780 4330 1099 4399 sanguinem
1152 4331 1521 4400 paciﬁcatum,
1565 4340 1620 4386 ct
1670 4332 1984 4401 adipeni,~D
2006 4333 2114 4387 alia
2144 4333 2306 4387 simili
2328 4349 2397 4387 ex
2424 4349 2483 4388 re
2504 4333 2728 4404 populo,
2752 4333 2837 4387 vel
2868 4333 3112 4403 plurimis
3128 4333 3393 4387 excellere
3420 4334 3595 4402 possit

334 4419 589 4474 videlicet
630 4420 861 4488 animas,
896 4428 954 4474 et
984 4421 1251 4477 desideria
1278 4423 1599 4478 salutarium
1630 4424 1903 4491 ollercns;

334 4510 427 4579 qui
458 4518 542 4563 est
576 4512 795 4579 quidem
823 4513 891 4566 de
923 4512 1051 4567 ﬁliis
1078 4513 1281 4581 Aaron,
1312 4530 1422 4569 non
1463 4525 1682 4586 propter
1708 4533 1909 4588 cogna-

334 4602 564 4664 tionem,
598 4603 694 4657 sed
726 4612 949 4673 propter
983 4606 1257 4675 prepriam
1300 4608 1616 4679 dignitatem
1656 4612 1909 4666 sacerdos

330 4689 647 4759 singularis,
679 4700 733 4747 et
763 4694 816 4747 in
850 4696 1106 4750 omnibus
1135 4698 1444 4766 praecipuus
1472 4715 1487 4755 :
1522 4699 1574 4752 in
1623 4700 1742 4769 ejus
1784 4716 1909 4770 por-

332 4784 539 4839 tionem
566 4802 752 4841 armus
776 4789 982 4853 dexter,
1004 4805 1109 4845 seu
1137 4791 1417 4847 brachium
1449 4793 1716 4858 dextrum,
1743 4795 1795 4849 id
1822 4803 1906 4850 est

328 4875 508 4931 omnis
540 4877 685 4933 bona
731 4880 874 4934 actio
902 4890 960 4935 et
990 4881 1172 4949 Operis
1201 4882 1430 4938 eﬂ'eetus
1473 4886 1688 4940 transit.
1732 4886 1895 4942 Reca-

325 4961 564 5036 pitu'lans
586 4982 769 5024 autem
798 4986 918 5039 qua:
943 4972 1087 5027 dicta
1117 4981 1261 5038 sunt,
1288 4974 1495 5030 addidit
1534 4992 1548 5027 :

394 5053 763 5113 Pectusculum
793 5061 935 5115 enim
962 5061 1205 5115 elationis
1240 5067 1363 5133 (seu
1391 5063 1692 5117 secundum
1736 5064 1897 5130 LXX,

322 5146 726 5217 propositionis)
775 5159 825 5202 et
877 5166 1089 5203 orntum
1151 5152 1502 5219 separationis
1551 5151 1650 5205 tuli
1679 5168 1712 5205 a
1774 5152 1901 5221 ﬁliis

321 5232 515 5300 Israel,
546 5235 611 5289 de
652 5237 843 5291 hostiis.
884 5255 1067 5293 eorum
1126 5239 1380 5307 paciﬁcis.
1427 5238 1565 5305 Quia
1611 5240 1791 5307 ﬁdem,
1842 5254 1894 5297 et

321 5324 617 5393 actionem,
652 5328 982 5385 oblationem
1034 5331 1324 5400 specialem
1378 5332 1446 5386 de
1496 5333 1738 5403 paciﬁcis
1795 5349 1903 5390 seu,

321 5414 648 5475 salutaribus
685 5420 964 5477 sacriﬁciis
1002 5422 1134 5477 vult.
1168 5422 1394 5492 Propter
1415 5426 1559 5493 quod
1576 5424 1748 5480 dixit:

392 5608 438 5640 "
465 5606 631 5666 Hebr.
664 5626 737 5679 St,
770 5611 823 5666 6.
900 5613 945 5646 ”
974 5612 1131 5669 Rom.
1163 5629 1235 5683 ts,
1298 5615 1380 5672 I6.
1458 5618 1503 5652 ”
1548 5617 1652 5676 Isa.
1680 5635 1831 5689 sun,
1868 5619 1915 5674 I.

2007 4427 2148 4497 quis,
2164 4427 2264 4482 nisi
2281 4443 2343 4483 ea
2360 4427 2837 4494 assecutusl‘uerit,
2861 4444 2979 4498 qua:
3003 4429 3055 4482 in
3078 4428 3592 4498 superioribussunt

2007 4529 2294 4589 prsecepta.
2328 4518 2417 4574 Sic
2442 4520 2587 4575 enim
2613 4520 2879 4590 quispiam
2913 4528 2971 4575 et
3009 4519 3264 4574 sacerdos
3302 4519 3363 4575 ﬁt
3392 4536 3592 4575 secun-

2005 4609 2133 4661 dum
2167 4609 2549 4678 cognationem
2582 4608 2785 4664 Christi
2839 4611 2951 4664 veri
2988 4610 3306 4674 sacerdotis,
3339 4612 3430 4679 qui
3489 4612 3591 4663 im-

2005 4698 2327 4752 maculatam
2359 4708 2416 4753 et
2454 4698 2753 4767 perfectam
2803 4698 3197 4754 demonstravit
3233 4700 3419 4753 vitam.
3474 4698 3584 4751 Sed

2003 4789 2130 4858 quia
2170 4790 2485 4845 unctionem
2535 4806 2631 4861 per
2663 4806 2726 4844 ea
2755 4806 2876 4860 qua:
2913 4791 3165 4860 superius
3217 4790 3377 4859 plane
3438 4788 3586 4843 dicta

2002 4887 2151 4941 sunt,
2181 4878 2463 4943 intellexit,
2494 4895 2615 4950 quas
2644 4882 3055 4949 subsequuntur
3075 4880 3402 4949 approbant.

2073 4967 2236 5024 Vsus.
2272 4971 2359 5033 37,
2383 4971 2472 5025 '58.
2512 4990 2531 5023 ‹
2562 4970 2639 5026 Ita
2672 4980 2756 5026 est
2792 4972 2875 5025 lex
2930 4969 3228 5025 holocausti
3285 4978 3341 5023 et
3377 4965 3585 5021 sacriﬁ-

2001 5058 2071 5115 cii
2104 5073 2205 5129 pro
2228 5068 2452 5128 peccato
2471 5069 2637 5130 atque
2675 5061 2895 5125 delicto,
2928 5067 2987 5115 et
3004 5073 3104 5129 pro
3144 5056 3579 5121 consecratione,

1999 5159 2057 5205 et
2086 5149 2437 5220 paciﬁcatum
2492 5151 2748 5215 victimis,
2775 5166 2910 5220 quas
2969 5151 3253 5205 constituit
3308 5151 3579 5207 Dominus

1997 5240 2164 5313 Moysi
2196 5241 2250 5296 in
2274 5249 2458 5297 monte
2488 5242 2660 5308 Sinai,
2689 5240 2908 5311 quando
2932 5241 3211 5296 mandavit
3236 5242 3358 5297 ﬁliis
3388 5243 3575 5310 Israel,

2000 5344 2059 5391 ut
2090 5334 2682 5392 oﬁ‘errcntoblationcs
2731 5350 2859 5391 suas
2906 5334 3133 5391 Domino
3179 5334 3232 5391 in
3256 5335 3471 5391 deserto
3491 5331 3579 5393 Si-

2002 5442 2111 5482 nat.
2151 5446 2169 5479 ι

2012 5620 2059 5653 ’⁸
2090 5620 2258 5679 llebr.
2301 5638 2377 5690 ιι,
2438 5623 2464 5677 1
2514 5634 2665 5693 seqq.
