4076 6188
481 267 577 334 871

1678 260 2032 320 liﬁiii'Cliil
2075 257 2546 320 PRESBYTERI

3634 254 3743 316 ετξ

549 381 713 436 Vides
735 378 1055 434 differentes
1076 373 1546 438 convcrsationes,
1575 387 1694 442 quae
1718 372 2060 440 coniungunt
2087 380 2130 435 Α
2162 365 2775 437 inaestimabiliquadam
2830 362 3162 420 sublimitate
3202 361 3420 417 excellit
3452 362 3598 419 Deus
3636 365 3740 420 ho-

476 473 590 528 Deo
607 473 720 526 sive
734 486 831 541 per
849 468 1149 539 perfectum
1171 467 1430 520 honorem
1449 465 1729 533 sapientia:
1741 465 1831 532 qui
1851 478 1945 532 per
1959 464 2059 516 ho-

478 562 777 619 locaustum
801 562 1160 630 signiticatur,
1177 557 1290 610 sive
1309 572 1404 625 per
1420 556 1746 609 mediocrem
1768 554 2057 621 justitiam,

479 670 602 723 qua:
634 657 825 708 idonea
846 665 929 704 est
945 662 999 703 et
1015 666 1134 717 qum
1150 650 1215 701 a.l
1235 650 1490 709 salutem,
1512 646 1790 716 pertinent
1819 644 2055 713 operari.

480 745 753 799 Sacrificia
796 741 943 796 enim
975 742 1091 794 haec
1116 740 1462 809 pacitiqorum
1489 740 1601 792 sive
1623 753 1718 806 per
1749 737 2061 789 holocausta

478 845 727 906 agantur.
752 834 865 887 sive
890 849 985 901 per
1007 831 1358 895 oblationem,
1387 839 1530 884 recte
1552 828 1854 888 essentilia,
1874 835 2062 896 utpote

479 928 793 1001 dignitatem
840 923 1231 978 sacerdotalem
1267 922 1602 992 praestantia.
1645 921 1729 973 lex
1754 919 2058 973 intellexit:

480 1030 533 1072 et
567 1028 849 1087 prepterea
884 1018 939 1070 in
999 1016 1088 1069 die
1122 1032 1227 1084 qua
1262 1014 1535 1067 unctionis
1581 1013 1751 1083 legem
1786 1010 1951 1082 Moysi
2008 1011 2062 1064 in

482 1121 666 1165 monte
698 1110 846 1163 Sinai
874 1106 1168 1171 mandavit,
1196 1114 1358 1162 etiam
1387 1123 1450 1161 ca
1486 1122 1606 1175 qua:
1641 1115 1767 1159 sunt
1800 1106 1866 1160 de
1893 1104 2062 1159 sacri-

486 1204 628 1255 ficiis
651 1202 911 1259 subdidit.
945 1202 1211 1268 simulque
1242 1215 1303 1254 ea
1325 1198 1506 1251 omnia
1551 1199 1788 1251 breviter
1835 1211 2064 1249 enunie-

482 1294 639 1352 ravit.
669 1300 723 1345 et
780 1292 1244 1345 commemoravit.
1311 1288 1445 1342 Nam
1502 1288 1642 1341 LXX
1696 1287 2059 1341 addiderunt:

482 1381 550 1434 Et
598 1382 1119 1433 consummationis:
1173 1396 1296 1433 cum
1336 1379 1462 1431 illud
1520 1378 1575 1431 in
1614 1377 1903 1446 praeteritis
1954 1391 2060 1430 non

483 1469 825 1522 inveniamus
892 1469 1201 1537 specialiter
1237 1469 1421 1521 verbis
1464 1467 1786 1537 lcgislatoris
1839 1479 2063 1533 expres-

2156 462 2419 522 minibus,
2455 470 2511 513 et
2540 459 2733 529 gratia,
2771 458 2825 511 in
2845 471 2948 526 qua
2977 456 3025 510 ei
3064 454 3567 521 communicamus;
3593 457 3737 524 quod

2159 553 2324 607 David
2346 552 2655 622 significans
2670 549 2736 604 ad
2759 549 3044 603 Dominum
3062 548 3196 603 dixit
3216 563 3231 599 :
3258 546 3416 601 Sedes
3436 556 3550 614 tua,
3578 547 3739 614 Deus,

2158 647 2215 699 in
2243 646 2492 700 siccatum
2522 642 2721 707 sa'culi,
2768 642 2915 710 virga
2966 650 3106 693 recta
3152 651 3250 703 est,
3279 641 3425 709 virga
3455 641 3601 708 regni
3636 639 3739 692 tui.

2161 741 2409 794 Dilca'isti
2425 739 2718 807 justitiam,
2743 748 2789 789 et
2841 736 2999 787 odisti
3041 734 3395 803 iniquitatem,
3458 745 3741 803 propterea

2160 833 2307 886 unxit
2349 842 2399 883 te
2431 831 2567 883 Deus
2591 829 2728 881 Deus
2762 836 2883 880 tuus
2912 825 3022 879 oleo
3062 826 3282 886 la'titiu',
3321 840 3438 894 pra:
3477 827 3743 879 consorti-

2160 923 2254 976 bus
2281 923 2468 976 tuis”.
2497 921 2604 975 Sed
2635 920 2725 989 qui
2751 927 2879 972 sunt
2906 920 3026 987 ejus
3067 916 3526 986 participes?i\'os
3551 917 3742 986 utique

2162 1016 2231 1070 de
2252 1015 2453 1083 quibus
2484 1013 2686 1067 dictum
2709 1021 2792 1066 est
2826 1030 2838 1064 :
2876 1009 3169 1078 Participes
3209 1009 3349 1062 enim
3377 1008 3575 1062 Christi
3607 1009 3742 1080 facti

2161 1124 2362 1169 sumus,
2384 1107 2429 1160 si
2457 1115 2633 1158 tamen
2677 1104 2885 1156 initium
2926 1102 3234 1155 substantite
3294 1101 3408 1170 ejus
3460 1118 3619 1169 usque
3668 1102 3741 1153 ad

2161 1197 2316 1266 ﬁnem
2370 1196 2580 1264 ﬁrmam
2628 1195 2946 1248 retineamus
2973 1194 3039 1244 99.
3072 1191 3262 1246 Cernis
3286 1200 3487 1256 tamen,
3547 1207 3735 1260 quem-

2164 1287 2456 1341 admodum
2537 1284 2810 1354 praacipne
2883 1281 3267 1336 exsultationis
3334 1281 3478 1347 oleo,
3543 1281 3596 1335 id
3646 1290 3729 1334 est

2165 1380 2380 1449 spiritu,
2411 1394 2520 1447 pra:
2559 1376 2913 1447 participibus
3005 1374 3190 1443 utique
3241 1372 3418 1439 nobis,
3476 1374 3619 1427 sicut
3664 1375 3743 1428 ait

2167 1470 2476 1533 Psalmista,
2507 1469 2750 1539 ungitur,
2807 1468 2923 1536 ipse
2977 1465 3250 1534 siquidem
3282 1465 3737 1528 substantialitcr,

483 1576 601 1636 sum
636 1561 798 1613 etiam
845 1562 899 1613 in
964 1560 1076 1628 ipsa
1108 1558 1244 1612 LXX
1282 1560 1541 1613 editione.
1578 1559 1681 1613 Sed
1728 1560 1855 1627 quia
1889 1558 2065 1612 simile
2149 1577 2269 1618 .nos
2292 1576 2420 1615 vero
2453 1560 2771 1629 Operatione
2799 1560 2938 1629 ejus,
2998 1567 3052 1611 et
3076 1558 3264 1629 gratia.
3307 1556 3601 1627 Propterea
3644 1573 3741 1610 υη-

484 1650 806 1706 sacrificium
842 1665 943 1703 nec
970 1666 1069 1718 pro
1101 1659 1346 1718 peccato,
1370 1666 1473 1703 nec
1495 1648 1819 1709 ltolocausti,
1852 1648 1937 1701 vel
1966 1648 2064 1700 de~

2167 1662 2368 1721 cuntur
2385 1652 2603 1721 quidem
2631 1651 2793 1704 simul
2822 1665 2943 1704 cum
2983 1651 3163 1704 Aaron
3204 1650 3300 1704 ﬁlii
3327 1651 3463 1718 ejus.
3490 1652 3585 1705 sed
3629 1667 3735 1705 non

484 1742 618 1804 licti,
651 1758 752 1797 nec
782 1743 1032 1795 sacritieii
1057 1753 1139 1795 est
1165 1743 1439 1807 salutaris,
1474 1753 1532 1796 ut
1556 1759 1663 1797 non
1698 1742 1933 1812 speciem
1978 1757 2067 1794 sa-
2098 1735 2138 1790 Β
2171 1742 2293 1795 talia
2318 1744 2371 1795 in
2397 1741 2498 1805 eis,
2532 1741 2709 1810 qualia
2737 1750 2791 1795 et
2814 1742 2867 1794 in
2890 1740 3121 1794 Aaronis
3165 1740 3422 1793 unctione
3480 1749 3734 1810 aguntur,

484 1834 670 1887 crificii
701 1835 860 1903 hujus
882 1842 975 1887 aut
1004 1849 1201 1887 nomen
1258 1834 1653 1903 ignoraremus,
1680 1833 1735 1886 in
1787 1833 1891 1886 hoc
1943 1832 2063 1885 loco

486 1923 967 1977 sacriliciumilinJ
1024 1924 1510 1978 consummationis
1569 1923 1880 1993 appellavit,
1933 1921 2065 1976 illud

487 2023 541 2068 te
582 2016 770 2069 volens
802 2016 1124 2085 intelligere,
1146 2016 1303 2084 cujus
1327 2016 1743 2085 appellationem
1784 2015 2061 2069 omiserat.

487 2103 628 2169 Quid
659 2116 839 2159 autem
874 2106 1140 2177 theologia
1173 2106 1470 2176 perfectius
1491 2106 1613 2160 est?
1644 2122 1809 2176 quam
1866 2106 2066 2160 sacrifi-

487 2196 632 2250 cium
688 2198 879 2251 simila:
902 2213 1025 2252 eum
1053 2199 1175 2252 olea
1201 2208 1255 2252 et
1278 2200 1435 2252 thure
1470 2198 1731 2261 oblatum,
1760 2199 2065 2269 signiﬁcare

486 2287 738 2342 d.ximus.
777 2289 882 2343 Sed
915 2291 1006 2343 ubi
1038 2291 1155 2351 haec
1186 2292 1477 2344 constituta
1530 2289 1666 2344 dixit
1692 2291 1714 2342 ?
1742 2291 1798 2343 In
1849 2290 2066 2343 deserto

490 2379 659 2432 Siuai.
688 2380 838 2433 Sinai
878 2388 1082 2441 autem,
1120 2379 1280 2432 rubus
1314 2380 1393 2432 vel
1435 2381 1683 2442 tentatio,
1741 2378 2067 2447 interpreta-

489 2481 594 2528 tur.
623 2472 826 2526 Similis
848 2480 931 2525 est
957 2481 1138 2525 autem
1168 2472 1302 2525 rubo
1328 2472 1576 2535 tentatio,
1609 2485 1859 2538 asperum
1905 2471 2065 2537 quip-

490 2580 558 2633 pe
582 2564 871 2633 virgultum
905 2572 1007 2629 est,
1047 2564 1271 2631 etquod
1328 2552 1541 2616 difficile
1593 2577 1755 2615 manu
1815 2575 2065 2629 compre-

491 2657 750 2710 henditur
787 2673 801 2707 :
835 2655 1167 2723 significatur
1193 2665 1372 2709 autem
1401 2670 1497 2723 per
1525 2655 1691 2715 hunc,
1730 2652 1855 2721 quia
1872 2666 2065 2720 quem-

490 2746 781 2800 admodum
839 2755 1028 2799 eorum
1076 2748 1166 2814 qui
1203 2746 1257 2799 in
1302 2759 1475 2814 agone
1502 2743 1840 2798 contendunt
1862 2755 2065 2797 corona

492 2838 545 2891 iu
582 2839 779 2890 sudore
803 2846 858 2890 et
882 2837 1065 2890 labore
1086 2844 1187 2899 est,
1221 2840 1298 2888 sic
1328 2846 1381 2889 ct
1409 2851 1604 2889 corona
1659 2837 1811 2889 bona:
1839 2835 1961 2891 vitae
2007 2836 2061 2889 in

492 2928 881 2985 tentatiouibas
903 2936 956 2980 et
991 2926 1428 2979 tribulationibus
1451 2934 1877 2988 consummatur,
1908 2933 1968 2979 ut
2011 2934 2067 2978 et

492 3017 693 3071 Paulus
721 3017 934 3071 dicebat
967 3033 981 3069 :
1019 3012 1209 3069 Omnes
1232 3018 1317 3084 qui
1338 3014 1515 3068 voltint
1552 3016 1717 3067 vivere
1748 3015 1801 3066 in
1860 3014 2065 3069 Christo

490 3111 634 3171 Jcsu,
690 3111 1098 3180 persecutionem
1152 3108 1419 3177 patientur
1451 3108 1518 3159 9‘.
1567 3105 1796 3160 Maxime
1849 3108 1893 3161 si
1940 3124 2067 3163 suas

490 3202 795 3256 oblationes
846 3202 1107 3265 Domino,
1160 3199 1245 3254 vel
1303 3199 1443 3254 sicut
1487 3199 1623 3253 LXX
1654 3201 1963 3263 ediderunt,
2016 3201 2072 3253 in

490 3293 998 3362 conspectultomini
1053 3292 1300 3360 o/fcrant.
1344 3292 1685 3345 Manifestum
1753 3301 1837 3345 est
1885 3302 2067 3345 autem

491 3387 616 3453 quia
642 3386 730 3453 qui
765 3386 1019 3438 mundam
1050 3385 1336 3453 justitiam,
1378 3393 1431 3436 et
1456 3399 1574 3451 quae
1609 3383 1909 3453 placita'est
1941 3381 2067 3446 Deo,

491 3475 719 3541 adeptus
739 3474 923 3536 fuerit,
957 3474 1042 3526 hic
1080 3481 1136 3526 et
1180 3473 1504 3526 tentatioues
1535 3475 1754 3541 patitur,
1790 3484 1845 3526 et
1896 3474 2071 3526 tribu-

493 3562 740 3616 lationes.
762 3563 946 3631 Neque
966 3563 1111 3616 enim
1138 3562 1499 3633 intelligibiles
1529 3563 1731 3616 inimici
1755 3562 2067 3632 quiescunt,

491 3673 594 3711 nec
626 3658 954 3712 tentationes
980 3658 1130 3727 justo
1182 3657 1552 3726 desunt,quia
1609 3658 1941 3712 abominatio
1987 3666 2072 3711 est

492 3751 871 3819 peccatoribus
912 3750 1104 3819 pictas.
1132 3748 1320 3803 Finem
1370 3761 1552 3804 autem
1609 3750 1970 3804 tentationum
2017 3759 2068 3803 et

495 3839 927 3905 tribulationum,
957 3840 1194 3894 Jacobus
1221 3839 1380 3894 nobis
1401 3841 1730 3894 sullieicnter
1777 3840 2065 3908 exposuit:

491 3929 687 3984 Beatus
713 3932 791 3985 vir
811 3932 900 4001 qui
928 3932 1105 4000 sulfcrt
1150 3934 1510 3991 tentationem,
1538 3932 1686 4001 quia,
1724 3947 1839 3984 cum
1879 3936 2070 3999 proba-

496 4033 577 4076 tus
606 4026 784 4094 fuerit,
806 4024 1024 4092 accipiet
1042 4040 1284 4078 coronam
1317 4026 1455 4087 eitrc,
1479 4040 1636 4095 quam
1665 4026 1902 4093 promisit
1934 4024 2070 4079 Deus

495 4115 828 4185 diligentibus
863 4132 918 4169 se
946 4115 1011 4170 ’7.

532 4220 536 4224 ·
1111 4206 1263 4262 CAP.
1293 4206 1431 4262 Vill.

559 4292 734 4355 Vens.
771 4301 877 4354 1-5.
916 4318 935 4351 ι
971 4298 1317 4367 Locutusque
1341 4307 1421 4353 cst
1479 4296 1740 4352 Dominus
1760 4296 1828 4352 ad
1848 4296 2069 4369 Moysen

2166 1834 2307 1888 sicut
2337 1833 2686 1887 manifestam
2717 1833 3019 1902 sequentia.
3049 1832 3155 1887 Sed
3177 1832 3339 1886 etiam
3369 1832 3422 1885 in
3449 1833 3552 1886 hoc
3582 1850 3742 1889 mens

2166 1921 2218 1974 in
2246 1921 2500 1991 praesenti
2523 1919 2734 1989 ﬁgenda
2767 1928 2871 1983 est,
2922 1919 3065 1988 quod
3121 1934 3231 1972 non
3266 1918 3467 1972 frustra
3511 1920 3623 1973 haec
3679 1920 3739 1973 in

2164 2012 2441 2069 Christum
2465 2013 2798 2082 accipiamus
2830 2029 2842 2065 :
2875 2012 3056 2066 sciens
3106 2012 3253 2065 enim
3292 2011 3590 2066 Ecclesium
3642 2012 3743 2066 de-

2165 2119 2289 2157 cere
2323 2104 2435 2156 ha-e
2470 2102 3032 2173 legislatormysteria,
3059 2101 3345 2155 convocari
3376 2116 3589 2156 omnem
3622 2116 3743 2156 coe-

2169 2202 2302 2255 tum,
2348 2191 2463 2246 sive
2493 2205 2816 2262 synagogam
2855 2190 3132 2259 praecepit,
3169 2189 3219 2243 id
3250 2202 3333 2244 est
3356 2190 3498 2258 quod
3558 2189 3742 2245 Graeci

2167 2283 2355 2337 dicunt
2381 2281 2678 2352 ἐκκλησίας
2716 2282 2782 2336 ad
2799 2282 3022 2351 januam
3047 2281 3376 2336 tabernaculi
3414 2280 3740 2335 testimonii.

2166 2372 2298 2438 Qum
2326 2374 2606 2445 Synagoga
2641 2388 2752 2427 non
2805 2382 2986 2443 potest
3043 2373 3201 2428 aliter
3239 2373 3308 2427 ad
3371 2372 3515 2426 hanc
3563 2371 3742 2440 legem

2168 2466 2615 2520 communionem
2672 2465 2892 2530 habere,
2934 2465 3039 2519 nisi
3089 2465 3156 2519 ad
3197 2463 3496 2519 Ecclesium
3540 2477 3747 2518 conve-

2166 2556 2300 2621 niat,
2365 2557 2509 2626 apud
2562 2572 2723 2627 quam
2770 2556 2961 2610 harum
3019 2541 3312 2628 ﬁgurarum
3344 2557 3548 2612 veritas
3603 2570 3744 2610 con-

2167 2658 2431 2703 servatur.
3726 2636 3731 2641 ’

2241 2740 2401 2795 Υιῖιιε.
2434 2740 2546 2796 4-9.
2596 2760 2613 2793 ‹
2645 2739 2793 2796 Fecit
2821 2741 3049 2812 Moyses,
3084 2749 3146 2794 ut
3194 2739 3460 2794 Dominus
3504 2739 3740 2809 impera-

2168 2842 2342 2894 verat,
2379 2842 2811 2904 congregataque
2842 2832 2994 2886 omni
3037 2832 3191 2886 turba
3242 2841 3369 2885 ante
3415 2832 3576 2895 fores,
3612 2830 3738 2883 ait:

2168 2925 2277 2980 Iste
2312 2934 2396 2978 est
2422 2939 2604 2978 sermo
2632 2938 2792 2993 quem
2840 2923 3007 2991 jussit
3050 2921 3311 2976 υ‹.ιιιίιιυε
3346 2922 3483 2976 fieri.
3519 2923 3746 2975 Statim-

2095 3059 2139 3115 Ο
2169 3033 2274 3088 que
2300 3016 2699 3071 obtulitAaron
2745 3024 2802 3068 et
2850 3014 2988 3069 filios
3038 3014 3177 3083 ejus,
3230 3029 3463 3083 cumque
3521 3014 3747 3068 lavisset

2171 3124 2288 3174 eos,
2320 3107 2536 3162 vestivit
2563 3105 2870 3177 pontiﬁcem
2922 3104 3183 3159 subucula
3230 3104 3394 3169 linea,
3454 3105 3747 3173 accingeris

2172 3220 2296 3259 cum
2343 3203 2583 3267 baltheo,
2615 3210 2671 3256 et
2724 3201 2959 3255 induens
3008 3200 3189 3254 tunica
3256 3199 3629 3270 hyacinthina,
3692 3208 3750 3254 et

2172 3296 2699 3365 desuperhumerale
2729 3293 3007 3363 imposuit,
3036 3294 3179 3362 quod
3193 3293 3504 3361 astringens
3527 3292 3749 3357 cingulo

2172 3387 2446 3453 eoaptavit
2465 3385 2735 3451 rationali,
2766 3384 2820 3437 in
2875 3400 2984 3453 quo
3014 3384 3393 3438 eratdoctrina
3423 3393 3479 3437 et
3520 3383 3744 3437 veritas.

2172 3479 2363 3551 (Zydari
2384 3493 2598 3547 quoque
2650 3478 2783 3531 texit
2814 3486 2998 3545 caput,
3050 3484 3107 3528 ct
3134 3490 3300 3544 super
3361 3490 3483 3528 eam
3550 3485 3749 3531 contra

2173 3569 2410 3624 frontem
2444 3567 2624 3636 posuit
2662 3566 2920 3620 laminam
2973 3580 3218 3629 auream,
3281 3573 3655 3619 consecratam
3691 3565 3747 3619 in

2173 3660 2684 3718 sanctificationem,
2720 3658 2861 3711 sicut
2894 3656 3291 3727 prmccperatei
3321 3656 3607 3712 Dominus.
3646 3676 3670 3707 ι

2242 3753 2375 3819 Quia
2413 3754 2527 3806 hmo
2550 3752 2617 3806 de
2650 3752 2847 3820 quibus
2907 3764 3088 3803 sermo
3132 3760 3217 3804 est
3263 3750 3458 3803 umbra
3516 3749 3642 3813 sint,
3693 3757 3751 3804 et.

2172 3845 2353 3915 figura.-
2384 3860 2571 3899 eorum
2604 3860 2723 3913 qua:
2748 3844 2801 3897 in
2838 3843 3081 3898 Ecclesia
3116 3851 3368 3913 aguntur,
3397 3842 3750 3911 apertissime

2172 3938 2331 3992 etiam
2369 3938 2481 4006 ipsa
2510 3952 2630 4006 quae
2655 3950 2801 3990 nunc
2825 3935 3101 4004 proposita
3137 3945 3264 3989 sunt
3308 3943 3595 3989 testantur.

2245 4028 2385 4081 Fecit
2422 4026 2627 4095 Moyses
2660 4035 2715 4078 ut
2743 4024 2999 4078 Dominus
3042 4026 3414 4093 imperaverat,
3456 4041 3747 4096 congrega-

2172 4128 2328 4188 taqtte
2353 4117 2496 4170 omni
2520 4116 2671 4169 turba
2710 4124 2833 4168 ante
2858 4117 3016 4186 fores,
3048 4115 3147 4168 ait.
3201 4112 3356 4180 Quod
3396 4113 3582 4170 Grzcca
3638 4117 3748 4169 lin-

2171 4225 2274 4281 gua
2302 4209 2355 4261 in
2382 4207 2523 4261 LXX
2554 4205 2866 4275 expressius
2910 4206 3230 4260 translatum
3277 4215 3383 4271 est,
3425 4206 3477 4261 id
3516 4215 3618 4270 est,
3653 4209 3748 4259 ἐκ-

2171 4301 2477 4372 κλησίασας
2504 4299 2603 4371 τὴν
2631 4300 2984 4369 Συναγωγήν.
3022 4298 3088 4352 Et
3137 4298 3491 4368 quamobrem
3527 4315 3633 4353 non
3656 4300 3746 4351 di-

492 4391 677 4446 dicens
709 4410 722 4445 :
758 4393 954 4446 Tollite
981 4390 1158 4444 Aaron
1190 4390 1313 4445 cum
1338 4391 1459 4444 filiis
1490 4390 1626 4452 suis,
1673 4398 1853 4444 vestes
1880 4400 2147 4455 eorumvn
2174 4395 2267 4457 cit,
2306 4393 2522 4464 collegit
2548 4390 3032 4462 Congregationcm
3090 4390 3203 4445 sive
3232 4388 3590 4461 Synagogam,
3648 4390 3747 4443 serl

493 4491 549 4536 et
578 4482 851 4537 unctionis
878 4483 1081 4548 oleum,
1109 4482 1339 4537 vitulum
1372 4496 1469 4551 pro
1498 4487 1744 4550 peccato,
1768 4481 1905 4535 duos
1929 4480 2071 4534 arie-

498 4582 599 4639 tes,
628 4574 926 4628 canistrum
955 4588 1080 4627 cum
1111 4572 1338 4643 azymis,
1379 4580 1435 4626 et
1463 4570 1820 4641 congregabis
1852 4584 2069 4625 omnem

494 4678 694 4721 emtum
721 4666 786 4719 ad
815 4666 1017 4719 ostium
1050 4664 1383 4718 tabernaculi
1438 4661 1757 4717 testimonii.
1797 4680 1816 4713 ι

564 4756 697 4823 Qua:
723 4758 794 4811 sit
820 4758 903 4812 vis
936 4757 1339 4827 praedictorum,
1370 4764 1560 4826 aperte
1585 4764 1641 4809 et
1669 4763 1978 4825 Opportune
2015 4754 2071 4809 in

497 4852 583 4908 his
602 4866 721 4920 quae
744 4857 1048 4921 sequuntur
1066 4850 1392 4911 ostenditur,
1410 4848 1626 4918 quando
1642 4847 1917 4918 lcgislator
1941 4848 2071 4901 sub-

496 4946 739 5000 intulerit
768 4960 831 4999 ea
861 4960 983 5014 qua:
1025 4943 1080 4997 in
1123 4942 1204 4998 eis
1259 4953 1513 5013 aguntur.
1557 4940 1697 5006 Quid
1746 4948 1926 4994 autem
1960 4940 2075 4993 haec

496 5052 616 5106 quae
641 5052 789 5091 nunc
812 5037 957 5091 dicta
987 5043 1117 5089 sunt
1147 5034 1475 5105 signiﬁcent,
1506 5032 1610 5087 hoc
1631 5032 1726 5085 tibi
1754 5031 2071 5101 praecedens

494 5144 676 5183 sermo
699 5127 1043 5198 tradet,quia
1073 5127 1281 5191 unctio,
1320 5124 1542 5181 Christo
1574 5133 1629 5177 et
1673 5122 1762 5177 his
1813 5123 1908 5193 qui
1957 5122 2077 5192 ejus

496 5230 624 5275 sunt
672 5219 981 5275 communis
1031 5228 1087 5274 ct
1117 5233 1226 5273 non
1284 5216 1590 5274 communis
1613 5226 1731 5271 est:
1761 5213 2071 5270 communis

495 5314 735 5383 quidem,
760 5314 884 5384 quia
919 5313 1166 5383 ejusdem
1202 5310 1476 5366 unctionis
1522 5319 1651 5365 sunt
1677 5317 1734 5363 et
1763 5308 1864 5379 ipsi
1897 5306 2070 5377 parti-

496 5406 1046 5476 cipes,quauiohrem
1107 5414 1164 5463 et
1194 5421 1295 5461 nos
1363 5396 1786 5475 participatione
1842 5400 2070 5466 Christi,

494 5498 790 5554 Christiani
830 5497 1107 5564 dicimur;
1150 5512 1261 5552 non
1324 5494 1636 5551 communis
1682 5501 1888 5559 autem,
1943 5492 2070 5562 quia

562 5698 803 5754 “lTim.
832 5712 914 5765 ιιι,
946 5697 1031 5753 12.
1102 5700 1144 5731 ⁹”
1176 5697 1288 5753 Jac.
1325 5714 1360 5765 ι,
1400 5700 1479 5751 i2.

2176 4492 2498 4549 convocata,
2522 4482 2574 4537 id
2609 4490 2694 4537 est
2731 4480 3139 4552 ἐκκλησιάζειν,
3192 4480 3344 4535 omni
3371 4481 3551 4545 turba,
3588 4481 3749 4535 idest

2174 4576 2457 4646 Synagoga
2481 4589 2577 4628 seu
2610 4571 3080 4643 Congrcgatione?
3127 4569 3265 4637 Quia
3333 4572 3520 4638 procul
3578 4573 3750 4631 dubio

2173 4676 2230 4724 et
2288 4681 2388 4737 per
2455 4665 2573 4720 haec
2632 4664 2813 4719 innuit
2832 4663 3056 4733 aliquid,
3091 4661 3425 4734 Synagogam
3461 4663 3603 4716 illam
3645 4679 3751 4732 ap-

2172 4758 2402 4829 pellans,
2432 4757 2558 4827 quia
2578 4757 2684 4811 hoc
2713 4771 2914 4810 nomen
2941 4754 3218 4825 preprium
3244 4764 3421 4811 cmtus
3447 4756 3752 4825 populisn-

2174 4850 2399 4920 tiquitus
2444 4849 2568 4904 fuit.
2615 4848 2929 4903 Convocare
2966 4855 3185 4914 autem,
3233 4847 3285 4901 id
3318 4856 3421 4911 est,
3453 4847 3753 4917 ἐκκλησιάο

2174 4938 2289 5006 ζειν
2314 4942 2595 5012 praaccpit,
2626 4950 2687 4994 ut
2724 4955 3179 5010 cognosceremus
3228 4940 3389 5009 paulo
3428 4946 3549 5009 post
3601 4939 3755 4993 futu-

2175 5048 2290 5088 ram
2323 5032 2644 5093 Ecclesiam,
2694 5045 2815 5099 quae
2856 5030 3021 5101 hujus
3079 5029 3356 5085 invenitur
3400 5031 3574 5085 virtus
3627 5044 3753 5084 esse

2177 5123 2500 5180 sanctionis.
2535 5120 2887 5176 Manifestius
2909 5131 3089 5176 autem
3120 5120 3181 5175 fit
3233 5136 3302 5175 ex
3348 5135 3416 5176 eo
3465 5121 3613 5191 quod
3662 5120 3752 5174 lex

2177 5214 2411 5285 Dei,qui
2450 5214 2618 5269 Israel
2663 5212 2872 5276 eduxit,
2902 5212 2996 5283 qui
3047 5212 3320 5268 Abraham
3372 5212 3609 5279 vocavit,
3654 5212 3753 5281 qui

2179 5306 2361 5361 omnia
2380 5305 2522 5363 ,fecit
2546 5320 2666 5375 qum
2691 5320 2789 5375 per
2814 5301 3031 5374 Moysen
3058 5304 3384 5374 prophetam
3412 5304 3754 5366 scribuntur,

2179 5413 2244 5453 ea
2269 5411 2389 5468 qua:
2425 5399 2652 5467 mystice
2685 5396 2743 5449 in
2790 5393 3031 5450 Ecclesia
3072 5404 3328 5467 aguntur,
3369 5406 3499 5449 ante
3554 5393 3761 5449 multas

2179 5488 2558 5561 generationes
2586 5486 2811 5558 spiritus
2847 5485 2940 5541 Dei
2984 5487 3264 5558 praecepit.
3304 5487 3410 5543 Sed
3439 5496 3639 5543 etcum
3670 5499 3762 5541 so-

1557 5698 1601 5726 “
1627 5694 1766 5751 Psal.
1796 5710 1936 5760 λων,
1964 5693 2018 5762 't',
2050 5694 2103 5750 8.
2160 5695 2206 5727 "
2233 5693 2486 5761 llebmu,
2525 5694 2611 5750 Η.
