4076 6188
344 274 449 344 873

1488 261 2039 333 lN-LEVITICUH.
2079 283 2145 331 τ·-
2184 261 2330 321 LIB.
2370 259 2450 317 Il.

3493 256 3599 328 δτι

346 392 585 449 cundum
620 385 780 452 LXX,
822 382 1074 453 superius
1115 379 1343 435 dixisset
1379 394 1391 429 :
1445 376 1686 432 Convora
1717 376 1789 429 ad
1826 375 1922 444 ,Ια-
1953 408 1995 459 Α
2025 389 2143 426 eum
2171 370 2398 433 balineo,
2430 380 2479 424 st
2510 371 2729 425 indum
2759 373 2961 428 tunica.
3010 375 3168 442 Quod
3196 372 3338 431 LXX
3363 386 3605 435 transtu-

347 501 482 540 nuas
511 476 833 537 tabernaculi
861 474 1162 536 testimonii,
1186 471 1275 527 hic
1310 471 1414 525 ait:
1449 468 1761 524 Convocavit
1795 481 1920 519 con-

345 562 724 649 gregationem,
749 585 861 623 non
886 568 951 622 ad
976 567 1191 636 ianuas,
1224 555 1319 619 sed
1379 563 1450 616 ad
1472 562 1707 631 januam
1743 559 1923 612 taber-

347 648 527 722 naculi
556 661 844 717 testimonii
871 676 889 713 :
918 659 1223 711 admonens
1254 668 1420 708 aures
1445 658 1664 706 nostras
1695 648 1923 704 eviden-

347 756 608 828 ιρι-,ςυοά
650 753 1023 823 apostolorum
1067 747 1355 810 doctrinae,
1378 759 1515 815 quas
1568 757 1690 799 esse
1726 742 1925 812 januas

348 845 681 905 tabernaculi
726 840 1025 896 testimonii
1081 838 1398 908 praecedens
1436 850 1617 890 sermo
1650 831 1921 902 exposuit,

353 948 403 996 et
437 935 640 991 Christi
676 932 941 995 doctrina,
985 930 1307 1000 suntipsius
1359 928 1561 998 linguai
1597 926 1816 991 infusae,
1870 932 1927 979 et

345 1045 411 1083 ex
440 1029 529 1082 his
565 1041 633 1081 ex
659 1024 861 1094 quibus
890 1023 1004 1090 ipse
1044 1020 1251 1081 docuit.
1293 1017 1766 1086 Quemadmodum
1797 1031 1926 1086 ergo

347 1121 490 1183 inter
512 1116 710 1171 multas
730 1114 948 1183 januas,
976 1122 1029 1166 et
1055 1127 1214 1165 unam
1253 1111 1503 1180 januatu,
1537 1109 1653 1164 sola
1680 1107 1796 1162 haec
1821 1106 1926 1163 dii-

345 1208 579 1265 ferentia
604 1214 708 1272 est,
734 1205 860 1275 quia
880 1204 982 1258 illa:
1000 1203 1216 1272 quidem
1235 1202 1421 1258 multa:
1437 1209 1585 1264 sunt,
1605 1200 1724 1254 haec
1742 1206 1927 1252 autem

349 1315 456 1355 una
510 1304 615 1362 est,
718 1294 797 1349 sic
851 1291 1221 1363 apostolorum
1283 1305 1568 1347 sermones
1622 1298 1680 1344 et
1720 1286 1927 1344 doctri-

348 1405 434 1445 nae
478 1387 619 1442 nihil
675 1401 707 1440 a
759 1384 962 1439 Christi
1011 1383 1258 1438 doctrina
1302 1382 1566 1438 dill‘erunt
1585 1380 1753 1445 aliud,
1820 1378 1926 1433 nisi

346 1482 473 1552 quia
512 1495 681 1536 unum
716 1477 1058 1533 Dominicum
1115 1477 1341 1530 verbum
1388 1484 1494 1539 est,
1524 1474 1597 1529 de
1636 1488 1745 1543 quo
1779 1469 1927 1524 Pau-

349 1572 434 1627 lus
452 1572 571 1627 ait:
608 1564 761 1625 Vivus
791 1578 866 1624 est
938 1568 1075 1622 enim
1133 1567 1231 1621 Dei
1272 1582 1464 1629 sermo,
1515 1574 1565 1619 et
1619 1564 1822 1637 enicas,
1882 1569 1932 1615 et

347 1664 557 1716 acutior
586 1662 727 1715 omni
776 1660 954 1730 gladio
1005 1660 1225 1727 ancipiti
1254 1660 1294 1710 ¹.
1351 1659 1416 1712 Et
1448 1657 1639 1711 Petrus
1671 1668 1798 1709 cum
1824 1667 1932 1708 ca!-

2026 463 2243 518 lerunt:
2288 461 2354 515 Et
2383 462 2555 517 induit
2589 478 2708 519 eum
2737 465 2994 530 tunicam,
3021 477 3071 520 et
3097 471 3370 536 pra-cinxit
3388 487 3603 538 sonant,

2023 564 2073 607 et
2099 554 2302 608 vestivit
2331 553 2483 607 illum
2514 555 2822 623 hypodytin.
2854 555 2958 610 llic
2982 559 3272 615 manifeste
3327 562 3609 635 Unigeniti

2023 646 2343 715 exsequitur
2361 645 2815 711 incarnationem,
2846 648 2940 718 qui
2997 650 3123 718 quia
3156 661 3329 708 totum
3351 666 3605 714 nostrum

2026 738 2340 793 incarnatus
2358 744 2445 790 est
2476 736 2777 800 hominem,
2816 738 3058 793 tunicam
3129 740 3280 796 indui
3330 754 3386 799 et
3436 749 3610 818 hypo-

2025 829 2174 898 dytin
2186 827 2407 883 dicitur.
2424 827 2628 896 Duplex
2645 836 2730 883 est
2742 829 2889 883 enim
2904 838 3091 884 nostra
3110 833 3353 888 conditio
3371 855 3383 889 :
3397 848 3452 891 et
3468 855 3613 896 unus

2025 919 2245 989 quidem
2262 920 2319 975 in
2336 919 2495 975 nobis
2519 919 2687 975 estde
2718 921 2942 988 pulvere
2969 936 2983 973 :
3017 922 3455 997 alterceelestis;
3513 934 3611 988 sed

2027 1020 2208 1066 tamen
2240 1025 2385 1065 unus
2418 1020 2668 1079 uterque.
2699 1009 2792 1065 Ait
2828 1011 2977 1067 enim
3037 1012 3249 1083 Moyses
3278 1033 3292 1069 :
3341 1018 3612 1078 Formavit

2032 1101 2167 1157 Deus
2190 1102 2450 1156 hominem
2472 1102 2676 1156 delimo
2704 1111 2895 1168 terra;
2946 1103 3037 1159 hic
3065 1115 3152 1161 est
3175 1121 3306 1174 ergo
3340 1117 3608 1170 terrenus.

2027 1187 2097 1242 Et
2122 1189 2404 1259 insufﬂauit
2426 1191 2483 1244 in
2502 1191 2693 1262 faciem
2716 1191 2832 1261 ejus
2860 1193 3127 1262 spiritum
3188 1198 3309 1251 vitm
3327 1200 3381 1265 ⁸;
3445 1218 3613 1273 aper-

2031 1280 2239 1336 tissime
2285 1282 2375 1337 hic
2398 1283 2637 1339 caelestis
2653 1293 2758 1338 est.
2793 1284 2862 1339 Et
2889 1287 3062 1357 factus
3101 1299 3177 1342 est
3215 1290 3370 1346 homo
3406 1295 3462 1347 in
3490 1300 3614 1352 ani-

2034 1392 2175 1429 mam
2198 1376 2373 1430 vivam
2393 1378 2415 1408 ⁹
2442 1390 2456 1427 :
2501 1392 2670 1431 unum
2700 1377 2847 1432 enim
2873 1379 3078 1433 animal
3124 1388 3374 1453 uterque.
3404 1385 3508 1452 Qui
3568 1390 3615 1445 si

2030 1467 2252 1537 quidem
2278 1482 2349 1523 se.
2366 1468 2432 1522 ad
2465 1468 2759 1539 corporea,
2779 1478 2836 1524 et
2856 1470 3164 1542 voluptates
3191 1486 3614 1536 convertatear-

2033 1559 2186 1615 nales
2237 1575 2250 1613 :
2313 1569 2460 1615 totus
2482 1561 2649 1615 homo
2695 1569 2970 1629 terrenus,
3021 1566 3176 1635 quasi
3233 1569 3506 1626 exstincto
3559 1583 3616 1628 et

2033 1650 2294 1707 cont-luso
2313 1651 2525 1707 ccelesti
2547 1653 3005 1722 nuncupabiturp
3045 1657 3088 1712 si
3120 1667 3302 1714 autem
3325 1661 3471 1717 circa
3499 1665 3615 1721 sola

350 1756 481 1810 teris
507 1754 765 1824 aposmlis
792 1753 871 1807 ait
898 1769 912 1806 :
969 1751 1090 1825 Non
1149 1759 1222 1805 est
1253 1766 1464 1818 (equum
1496 1748 1795 1819 relinquere
1844 1759 1933 1799 vos
1965 1737 2007 1796 Β
2034 1757 2323 1797 versemur
2356 1743 2556 1798 anima:
2608 1744 2970 1813 proﬁcientia,
3035 1751 3508 1823 concedamusque
3560 1758 3614 1812 ei

345 1847 560 1901 verbum
585 1845 698 1907 Dei,
728 1854 778 1899 et
817 1845 1125 1898 ministrare
1163 1845 1353 1897 mensis
1380 1844 1424 1898 ’.
1457 1840 1512 1894 In
1541 1839 1743 1895 multas
1778 1836 1926 1892 enim

345 1939 554 2013 linguas
600 1948 656 1992 et
681 1937 997 1993 differentes
1044 1937 1277 1991 divisum
1343 1946 1447 1989 est.
1489 1932 1621 1999 Quae
1673 1945 1799 1985 cum
1848 1928 1931 1997 ja-

345 2047 468 2086 nuze
516 2038 737 2098 propter
775 2027 1181 2083 multitudinem
1202 2026 1331 2089 sint,
1347 2026 1416 2080 ad
1455 2020 1926 2078 unumintroitum

308 2124 493 2184 ~vltaa,
530 2122 583 2185 id
614 2131 698 2175 est
717 2120 915 2174 Christi
967 2119 1214 2188 ianuam,
1276 2119 1556 2178 deducunt
1599 2114 1924 2170 auditorem.

418 2214 853 2284 Congregataque
879 2211 1020 2264 omni
1054 2210 1206 2263 turba
1239 2220 1363 2262 ante
1385 2210 1523 2278 {ores
1550 2208 1628 2261 ait
1653 2221 1669 2259 :
1694 2204 1795 2259 llic
1852 2212 1927 2257 est

346 2319 538 2366 sermo,
573 2317 722 2372 quem
745 2299 907 2368 jussit
942 2297 1198 2351 Dominus
1240 2297 1380 2365 ﬁeri.
1408 2294 1542 2371 Quis
1563 2307 1747 2349 sermo
1799 2289 1926 2352 ille,

347 2394 416 2457 de
438 2408 547 2462 quo
575 2391 783 2446 scilicet
822 2388 988 2442 David
1021 2387 1239 2441 diccbat
1269 2403 1281 2439 :
1347 2386 1602 2440 Dominus
1632 2384 1778 2439 dabit
1810 2397 1927 2438 ver-

349 2484 472 2538 bum
508 2480 983 2555 cvangelizantibus
1033 2478 1277 2534 virtutem
1328 2480 1554 2532 multam
1586 2478 1648 2531 "l
1711 2475 1819 2531 Sed
1873 2483 1928 2529 et

350 2572 545 2627 Petrus
577 2572 790 2641 planius
813 2572 890 2624 ait
930 2588 944 2624 :
985 2568 1100 2622 Hoc
1128 2578 1205 2623 est
1231 2568 1443 2623 verbum
1474 2568 1613 2639 quod
1632 2567 1925 2625 annuntia-

348 2677 463 2720 tum
490 2675 566 2718 est
598 2664 760 2718 vobis.
791 2663 1151 2735 Evangelicus
1190 2661 1457 2730 siquidem
1491 2674 1732 2729 praesens
1748 2672 1927 2714 sermo

347 2766 452 2820 est,
485 2756 610 2825 quia
636 2764 686 2809 et
724 2754 1043 2825 Evangelica
1074 2761 1205 2808 sunt
1231 2753 1301 2808 ab
1348 2767 1415 2807 eo
1448 2751 1776 2806 annuntiata
1806 2766 1925 2821 my-

345 2849 533 2911 steria,
557 2848 755 2916 quibus
785 2856 839 2900 et
857 2846 1027 2915 gratia
1052 2845 1193 2898 inest
1216 2844 1579 2914 baptismatis.
1626 2842 1928 2899 Consuevit

346 2941 491 2996 enim
523 2939 799 3011 legislator
818 2938 1033 3009 quoties
1075 2922 1569 2993 ecclesiasticarum
1626 2934 1929 3006 mysterio-

346 3049 466 3087 rum
497 3032 756 3087 describit
801 3022 1110 3102 aenigmata,
1156 3031 1355 3085 talibus
1413 3029 1491 3084 uti
1555 3027 1923 3091 sermonibus.

2036 1836 2401 1906 principatum
2423 1851 2633 1908 gerere,
2660 1847 2717 1892 et
2741 1838 3010 1895 dominari
3064 1845 3300 1914 corpori,
3331 1858 3481 1905 recte
3502 1865 3614 1908 coa-

2036 1927 2187 1982 lestis
2233 1928 2454 1993 dicitur,
2513 1938 2702 1999 utpote
2768 1941 2986 1987 terreno
3058 1932 3327 2006 neglecto.
3384 1938 3614 2005 Quando

2034 2018 2206 2072 Adam
2236 2033 2333 2089 per
2362 2018 2784 2077 inobedientiam
2811 2023 3031 2087 cecidit,
3070 2028 3259 2094 procul
3289 2028 3457 2085 dubio
3508 2041 3618 2086 ter-

2036 2109 2446 2167 renuseﬁ‘ectus
2485 2121 2589 2178 est,
2626 2121 2682 2168 et
2724 2122 3014 2184 propterea
3069 2117 3294 2175 audivit.
3343 2120 3502 2176 Terra
3536 2112 3613 2192 es,

2032 2212 2086 2258 et
2115 2205 2170 2259 in
2202 2215 2401 2261 terram
2434 2206 2535 2265 ibis
2555 2209 2576 2239 ⁹
2596 2210 2648 2274 ⁶;
2675 2208 2731 2263 id
2775 2209 3117 2265 estdilexisti
3144 2212 3389 2281 corporis
3425 2229 3617 2269 corru-

2037 2296 2305 2364 ptionem,
2338 2297 2509 2354 habes
2543 2315 2763 2369 poenam
2797 2311 3025 2372 peccato
3046 2310 3141 2357 tuo
3165 2303 3423 2358 similem.
3455 2305 3615 2362 Chri-

2036 2396 2157 2443 stus
2178 2396 2363 2445 autem
2387 2389 2639 2446 induitur
2666 2393 2886 2463 quidem
2910 2403 3211 2458 terrenum,
3234 2396 3284 2450 id
3334 2404 3418 2449 cst
3461 2398 3616 2454 illum

2036 2477 2127 2546 qui
2149 2479 2216 2533 de
2239 2489 2380 2533 terra
2408 2490 2492 2536 est
2516 2492 2756 2538 veterem
2781 2485 3082 2543 hominem.
3109 2500 3273 2554 quem
3302 2487 3468 2540 etiam
3536 2489 3616 2540 si-

2036 2567 2147 2621 mul
2180 2566 2350 2623 allixit
2368 2571 2538 2636 cruci,
2570 2570 2645 2627 ait
2669 2573 2869 2643 quippe
2899 2573 3129 2628 Paulus:
3164 2572 3314 2645 ,Quia
3340 2587 3485 2629 vetus
3523 2581 3617 2630 Ito-

2037 2674 2121 2711 mo
2150 2669 2325 2714 noster
2343 2661 2504 2715 simul
2530 2663 2810 2732 cruci/imus
2866 2675 2961 2727 est,
2996 2674 3052 2718 ut
3086 2665 3391 2721 destruatur
3431 2686 3615 2740 corpus

2033 2753 2238 2820 peccati
2264 2751 2327 2807 ‘°.
2369 2753 2597 2809 lndutus
2654 2763 2737 2810 est
2787 2764 2969 2810 autem
3001 2766 3057 2813 et
3094 2751 3396 2827 ca'alestcm,
3452 2778 3617 2832 quem

2035 2844 2154 2915 ipse
2187 2844 2501 2901 insumavit.
2533 2845 2638 2901 Sed
2668 2846 2795 2917 quia
2826 2848 2962 2902 nihil
3019 2850 3130 2921 egit
3176 2857 3456 2906 terrenum
3502 2853 3614 2918 hic,

2036 2951 2137 2991 nec
2156 2936 2492 3006 corruptioni
2553 2937 2883 3009 proximum,
2925 2941 3115 3009 procul
3158 2941 3328 2997 dubio
3375 2943 3617 2999 cmlestis

2035 3024 2258 3091 dicitur;
2290 3025 2392 3079 hoc
2417 3023 2614 3095 Paulus
2638 3042 2920 3097 exponens
2969 3028 3101 3084 dicit
3137 3048 3151 3085 :
3202 3030 3417 3086 Primus
3461 3034 3618 3089 homo

344 3124 479 3179 Nam
501 3134 555 3180 et
593 3140 717 3179 cum
742 3124 809 3181 de
827 3140 1023 3178 manna
1047 3124 1334 3188 scriberet,
1366 3122 1512 3193 quod
1533 3121 1674 3192 gerit
1703 3119 1929 3192 ﬁguram
1957 3091 1999 3167 (ἒ
2037 3118 2101 3170 de
2128 3129 2267 3171 terra
2292 3127 2548 3185 terrenus,
2573 3126 2829 3174 secundus
2851 3122 2915 3174 de
2947 3121 3074 3175 caelo
3123 3124 3345 3179 cwlestis
3377 3126 3439 3191 ”,
3467 3130 3617 3197 quod

346 3217 523 3288 panis,
562 3217 653 3288 qui
683 3216 750 3271 de
779 3216 916 3270 coelo
941 3215 1243 3278 descendit,
1297 3214 1529 3269 verbum
1560 3212 1727 3267 etiam
1762 3211 1831 3265 de
1865 3224 1934 3263 eo

344 3307 521 3362 simile
552 3305 910 3376 praesentibus
936 3304 1093 3374 ponit
1131 3304 1363 3359 :dicens
1420 3302 1566 3357 enim
1630 3319 1642 3354 :
1693 3299 1795 3354 Hic
1848 3307 1923 3352 est

344 3398 496 3468 panis
521 3413 675 3467 quem
703 3394 844 3450 dedit
875 3394 1017 3450 vobis
1081 3391 1334 3448 Dominus
1388 3390 1657 3447 comedere
1683 3392 1724 3458 ’⁵,
1783 3391 1935 3445 illico

345 3490 582 3544 subdidit
606 3506 618 3542 :
644 3488 755 3541 Hoc
768 3496 843 3541 est
867 3488 1075 3541 verbum
1103 3487 1240 3556 quod
1264 3485 1466 3541 locutus
1489 3495 1564 3540 est
1612 3484 1865 3539 Dominus
1887 3484 1929 3534 ⁸.

349 3579 453 3633 Sed
467 3579 595 3648 quid
610 3579 864 3633 estetiam
883 3577 1025 3647 quod
1038 3592 1182 3631 nunc
1194 3578 1416 3645 exponit
1432 3578 1596 3632 Deum
1615 3576 1932 3646 praecipere.

419 3669 713 3737 Statimque
742 3668 925 3722 obtulit
957 3666 1140 3722 Aaron
1164 3677 1212 3719 et
1240 3667 1377 3735 ﬁlios
1411 3665 1549 3732 eius,
1611 3683 1831 3738 cumque
1850 3667 1935 3719 la-

346 3765 500 3820 uisset
522 3779 626 3815 eos.
656 3760 885 3826 Quando
899 3759 967 3827 is,
991 3759 1083 3829 qui
1108 3773 1237 3814 vere
1265 3768 1349 3813 est
1374 3759 1652 3822 sacerdos,
1680 3758 1934 3814 Christus

344 3856 578 3912 oiiertur
606 3851 754 3907 Patri
791 3851 1130 3907 :oblationis
1153 3852 1299 3907 enim
1355 3850 1475 3919 ejus
1522 3851 1687 3905 etiam
1747 3848 1933 3905 Daniel

346 3946 619 4009 meminit,
651 3960 774 4001 cum
806 3943 937 4003 dicit
970 3961 985 3998 :
1024 3942 1093 3996 Et
1128 3959 1242 3997 ecce
1267 3952 1323 3996 ut
1354 3940 1528 3996 Filius
1557 3941 1783 3997 hominis
1813 3957 1930 3995 cum

344 4039 567 4094 nubibus
588 4035 722 4097 creli,
747 4044 795 4090 et
821 4051 985 4105 usque
1031 4034 1102 4087 ad
1136 4032 1403 4089 Vetustum
1437 4032 1641 4086 dierum
1673 4033 1929 4101 pervenit,

345 4138 396 4183 et
419 4128 624 4182 oblatus
658 4136 732 4180 est
760 4126 813 4179 in
847 4133 1124 4194 conspectu
1146 4124 1261 4194 ejus
1291 4124 1333 4190 ⁸,
1365 4124 1537 4179 nostri
1563 4124 1751 4191 utique
1769 4138 1932 4177 causa

345 4230 403 4276 et
430 4220 734 4284 nobiscum,
769 4227 824 4272 et
851 4225 1078 4288 propter
1108 4231 1210 4271 nos
1267 4214 1518 4270 odertur.
1554 4213 1849 4285 Pr0pterca
1878 4223 1933 4268 et

274 4298 279 4304 ’
345 4327 492 4366 nunc
531 4326 806 4366 eumeum
836 4308 964 4363 ﬁliis
984 4308 1098 4366 suis
1151 4308 1284 4363 dicit
1335 4308 1601 4373 oblatum,
1656 4321 1781 4362 cum
1842 4305 1932 4373 his

344 4409 617 4472 videlicet,
667 4407 759 4478 qui
790 4404 1109 4462 sublimiora
1156 4404 1393 4475 sapiunt,
1428 4412 1482 4458 et
1512 4402 1607 4474 qui
1642 4402 1926 4457 imitantur
1958 4433 2003 4489 Β
2034 4408 2143 4466 est,
2177 4402 2340 4455 simul
2373 4410 2554 4456 autem
2584 4410 2641 4457 et

345 4516 495 4549 eum-
523 4512 786 4549 quantum
818 4498 899 4549 fas
929 4505 1014 4549 est
1045 4495 1380 4549 hominibus.
1421 4494 1563 4549 sicut
1592 4492 1794 4549 Paulus
1809 4493 1919 4548 ait:
2037 4490 2186 4546 color
2219 4492 2340 4547 coeli
2368 4500 2472 4549 est.
2500 4493 2646 4549 quod

1992 4548 1993 4551 η
2037 4493 2186 4546 color
2219 4493 2340 4547 coeli
2368 4500 2472 4558 est,
2500 4493 2646 4563 quod
2685 4508 2816 4550 vero
2849 4504 2932 4551 est
2991 4497 3141 4552 color
3190 4499 3335 4566 caeli,
3374 4500 3493 4559 'ltoc
3528 4510 3616 4559 est

345 4516 496 4560 eum,
523 4512 786 4567 quantum
818 4498 899 4552 fas
929 4505 1014 4552 est
1045 4495 1380 4558 hominibus,
1421 4494 1563 4550 sicut
1592 4492 1794 4549 Paulus
1809 4493 1919 4548 ait:

349 4592 649 4646 lmitatores
708 4590 807 4644 mei
868 4598 1052 4654 estote,
1101 4588 1234 4643 sicut
1274 4597 1325 4642 et
1366 4603 1459 4657 ego
1495 4585 1747 4643 Christi".
1815 4585 1926 4641 Sed

349 4680 549 4739 oblatio
584 4682 697 4750 ipsa
732 4696 827 4751 per
853 4679 1186 4751 baptismum
1221 4679 1552 4745 celebratur,
1609 4678 1755 4749 quod
1803 4678 1921 4733 ait:

416 4773 654 4845 Cumque
683 4773 893 4828 lavisset
917 4790 1023 4829 eos.
1053 4773 1248 4827 Certus
1267 4787 1326 4827 es
1355 4780 1561 4837 autem,
1593 4772 1738 4842 quod
1764 4771 1924 4826 Cbri-

344 4877 461 4919 stus
486 4865 555 4918 ad
591 4865 882 4918 sacrandus
904 4878 1072 4934 aquas
1116 4863 1462 4932 baptismatis
1490 4863 1688 4929 nostri,
1723 4862 1778 4921 in
1798 4863 1922 4917 Jor-

344 4959 479 5020 dane
518 4966 603 5011 est
652 4954 815 5010 ﬂuvio
844 4955 1167 5025 baptizatus.
1201 4951 1309 5013 Sed
1360 4955 1478 5011 hlBC
1502 4955 1724 5026 quidem
1772 4970 1923 5011 com-

342 5050 526 5103 munia
548 5058 678 5103 sunt
707 5049 886 5102 Aaron
920 5062 1043 5104 cum
1077 5046 1201 5102 ﬁliis
1216 5047 1357 5116 ejus,
1400 5045 1621 5102 Christo
1669 5046 1924 5101 videlicet

339 5138 982 5208 nobiscum;sequentia
1050 5152 1183 5193 vero
1231 5151 1602 5209 nequaquam.
1637 5136 1923 5193 Excedunt

339 5231 545 5300 quippe
574 5245 694 5294 nos,
722 5238 884 5300 atque
915 5228 1230 5284 sublimiora
1292 5229 1455 5284 nobis
1505 5234 1654 5292 sunt,
1709 5227 1921 5297 solique

339 5322 520 5395 primo
539 5335 603 5376 ac
626 5337 754 5376 vero
782 5322 1048 5378 sacerdoti
1076 5321 1460 5392 competentia.

416 5411 732 5482 Vestivitque
768 5412 1065 5482 pontiﬁcem
1127 5412 1381 5467 subucula
1432 5412 1593 5476 linea,
1641 5413 1920 5483 accingeris

413 5590 623 5651 ‘Hobr.
676 5611 754 5659 tv,
804 5592 890 5650 η.
1003 5596 1024 5628 ³
1052 5595 1169 5650 Act.
1209 5614 1284 5657 v1,
1309 5598 1365 5653 2.

1482 5598 1502 5630 ³
1530 5597 1670 5655 Psal.
1700 5616 1871 5668 ann,
1931 5600 2019 5656 12.

2037 3208 2249 3263 duobus
2291 3209 2466 3264 modis
2487 3209 2658 3280 accipi
2697 3219 2932 3282 oportet.
2990 3210 3205 3270 Primus
3242 3214 3389 3271 enim
3452 3218 3617 3276 homo

2037 3309 2241 3366 noster,
2295 3300 2348 3353 id
2388 3310 2474 3355 est
2506 3316 2726 3370 corpus,
2751 3317 2817 3357 ex
2857 3313 3000 3358 terra
3023 3303 3287 3363 formatus
3325 3318 3429 3377 est,
3484 3327 3615 3382 pro-

2036 3399 2157 3463 pter
2185 3389 2330 3459 quod
2375 3398 2628 3444 terrenus
2692 3391 2871 3446 dictus
2910 3406 3038 3448 est:
3109 3396 3291 3452 anima
3354 3416 3486 3457 vero
3546 3403 3616 3458 do

2036 3480 2195 3542 coelo,
2211 3480 2309 3535 Dei
2338 3489 2421 3539 est
2451 3480 2598 3557 enim
2628 3480 2944 3538 insufﬂatio.
2978 3484 3190 3542 Rursus
3214 3489 3425 3558 primus
3449 3493 3615 3548 homo

2036 3571 2359 3627 inobediens
2390 3571 2561 3626 Adam
2585 3586 2650 3626 es
2686 3579 2829 3627 terra
2869 3583 3144 3644 terrenus,
3178 3580 3304 3649 quia
3355 3584 3616 3652 operibus

1994 3732 1997 3733 ν
2035 3661 2274 3731 pulveris
2292 3660 2646 3730 semetipsum
2676 3662 2979 3733 deputavit,
3013 3668 3290 3723 secundus
3316 3670 3478 3726 homo
3506 3690 3611 3730 uo-

2034 3769 2155 3818 vus,
2187 3762 2272 3809 est
2294 3752 2563 3819 Christus,
2597 3754 2688 3824 qui
2718 3754 2787 3810 de
2813 3756 2952 3813 coelo
2979 3767 3083 3822 est,
3115 3774 3224 3819 non
3276 3761 3453 3816 solum
3488 3766 3615 3832 quia

2034 3847 2100 3904 de
2132 3847 2271 3904 etnlo
2294 3846 2597 3917 descendit,
2630 3847 2728 3903 sed
2772 3848 2900 3915 quia
2930 3858 2985 3904 et
3010 3849 3331 3922 dignitatem
3374 3856 3616 3913 cmlestis

1988 3992 1995 3997 .
2034 3940 2298 4004 servavit,
2324 3940 2453 3996 dum
2485 3955 2588 3996 nec
2612 3949 2891 3996 terrenum
2954 3941 3158 4012 aliquid
3199 3956 3458 4015 operatus
3505 3960 3611 4013 est,

2034 4048 2135 4088 nee
2162 4031 2500 4102 corruptioni
2541 4032 2874 4102 proximum.
2899 4033 3040 4105 Ergo
3058 4037 3295 4091 tunicam
3329 4040 3416 4094 hic
3437 4048 3614 4097 terre-

2033 4143 2164 4181 ntttn
2196 4126 2466 4195 appellat;
2491 4126 2559 4183 de
2591 4125 2703 4181 lino
2744 4127 2915 4192 enim,
2948 4128 3093 4197 quod
3116 4137 3202 4185 est
3232 4145 3301 4187 ex
3335 4141 3500 4193 terra,
3522 4143 3612 4188 tu-

2034 4215 2152 4271 nica
2182 4214 2325 4271 facta
2352 4225 2468 4281 est;
2498 4216 2575 4271 ait
2599 4217 2749 4272 enim
2780 4235 2794 4269 :
2827 4217 2894 4271 Et
2924 4219 3043 4289 fecit
3084 4220 3158 4274 eis
3178 4219 3384 4275 tunicas
3403 4222 3611 4290 lineas;

2035 4308 2348 4379 hypodytim
2373 4317 2556 4363 autem
2587 4309 2889 4395 cmlestem,
2917 4310 3045 4381 quia
3076 4311 3366 4384 hypodytis
3393 4315 3613 4385 poderis

2034 4408 2143 4466 est,
2177 4399 2340 4455 simul
2373 4410 2554 4456 autem
2584 4410 2641 4457 et
2693 4402 3081 4473 hyacinthinus
3122 4414 3226 4461 est.
3288 4404 3387 4463 Hic
3428 4416 3614 4465 autem

2034 4583 2175 4637 actio
2205 4582 2467 4653 cmlestis.
2508 4583 2719 4639 scilicet
2748 4594 2804 4640 et
2832 4584 3206 4654 subsistentia,
3226 4600 3454 4661 propter
3468 4591 3615 4662 quod

2034 4685 2089 4732 et
2118 4675 2358 4732 etrelestis
2376 4676 2598 4732 dicitur.
2649 4674 2816 4731 Multa
2842 4689 3024 4734 autem
3079 4688 3136 4736 et
3173 4682 3280 4738 alia
3326 4684 3615 4756 hypotlytis

2035 4767 2199 4824 habet
2222 4768 2490 4839 signantia
2518 4767 2795 4824 caelestem
2850 4768 3149 4837 hominem;
3204 4788 3325 4843 qua
3383 4775 3437 4829 iu
3475 4789 3615 4832 con-

2029 4861 2337 4916 structione
2359 4859 2716 4925 tabernaculi,
2747 4874 2871 4915 cutn
2902 4862 3271 4932 pontiﬁcalem
3295 4866 3487 4921 stolam
3514 4882 3611 4922 ex-

2033 4953 2299 5023 planaret,
2335 4952 2611 5023 legislator
2653 4957 2923 5025 exposuit.
2988 4955 3062 5010 De
3113 4956 3311 5026 quibus
3368 4957 3613 5015 dicemus
3652 4937 3658 4944 i

2031 5059 2157 5098 cum
2203 5044 2350 5099 Deus
2374 5043 2655 5112 aunuerit,
2679 5053 2741 5100 ut
2793 5059 2914 5101 eam
2982 5044 3148 5101 etiam
3202 5060 3325 5117 quae
3370 5047 3485 5104 illic
3525 5058 3612 5105 est

2030 5134 2495 5206 dispensationem
2526 5136 2928 5208 contingamus.
2949 5134 3104 5192 Nunc
3138 5145 3321 5193 autem
3346 5154 3611 5209 quacun-

2028 5241 2137 5297 que
2163 5225 2232 5281 ad
2265 5225 2370 5280 hoc
2389 5226 2534 5296 quod
2569 5236 2652 5282 est
2673 5226 2729 5280 in
2776 5226 3054 5290 manibus,
3084 5227 3398 5291 necessaria
3417 5226 3613 5286 viden-

2029 5328 2138 5384 tur,
2169 5318 2567 5389 comprehensa
2586 5327 2713 5374 sunt
2740 5329 2798 5375 ut
2820 5323 3139 5391 probaretur
3164 5324 3289 5391 quia
3322 5330 3614 5392 utrumque

2030 5422 2277 5468 nostrum
2305 5410 2559 5467 Christus
2584 5413 2826 5483 suscepit
2848 5414 3149 5480 hominem,
3183 5424 3238 5469 et
3257 5414 3615 5473 manifestum

2733 5601 2755 5632 ⁸
2777 5598 2906 5655 ibid.
2942 5600 3030 5655 16.

2127 5600 2149 5632 ⁸
2178 5600 2343 5655 l’vod.
2377 5616 2487 5664 xvr,
2534 5600 2624 5670 15.
2688 5669 2691 5670 ν
2733 5600 2906 5670 {ibid
2942 5600 3030 5655 16.
3144 5600 3167 5633 ⁸
3200 5601 3336 5659 Dan.
3376 5616 3476 5670 vn,
3524 5600 3624 5662 15;

338 5663 361 5697 ’
388 5662 627 5733 Philipp.
661 5680 756 5731 ιιι,
786 5666 873 5718 l7.
942 5665 965 5696 ⁸
993 5663 1129 5721 Gen.
1159 5682 1219 5721 tt.
1250 5669 1300 5722 7.
1370 5669 1391 5698 ’
1428 5669 1557 5731 ibid.
1632 5671 1679 5701 ⁹’
1708 5662 1920 5726 ωηιξη

2030 5673 2079 5729 9.
2167 5674 2209 5704 ιθ
2255 5672 2409 5727 llom.
2445 5662 2518 5736 Vl,
2549 5669 2601 5724 8.
2682 5669 2723 5702 “
2755 5668 2771 5721 I
2798 5667 2925 5725 Cor.
2962 5687 3051 5737 xv,
3076 5672 3169 5728 47.
3423 5691 3427 5697 ·

538 5756 819 5817 Pnaoc.
854 5757 972 5817 (is.
1009 5759 1229 5819 XCI”.

3252 5762 3330 5825 28
