4076 6188
525 259 655 324 Ἅ75

1731 255 2094 320 HESYCHII
2125 259 2598 326 PRESBYTERI

3702 261 3813 327 876

547 381 604 427 et
635 367 934 434 multum,
968 375 1023 422 et
1047 375 1328 421 terrenum
1355 373 1410 419 et
1438 363 1740 430 caelestem,
1765 363 1821 420 id
1871 374 1956 422 est
2004 379 2130 424 cor-

2250 374 2368 431 licit
2396 377 2543 432 enim
2564 380 2618 431 in
2645 375 2980 432 tabernaculi
3041 371 3450 432 constructione
3482 387 3497 428 :
3536 371 3601 428 Et
3649 373 3816 446 fades

550 481 655 536 pus
673 463 1003 534 perfectum,
1037 468 1094 512 et
1113 458 1352 512 animam
1403 456 1727 527 perfectam,
1757 464 1812 511 et
1866 457 1920 511 in
1951 459 2129 512 omni-

550 558 654 613 hus
678 556 943 623 integram
983 566 996 602 :
1041 551 1333 618 utrumque
1391 547 1560 613 enim,
1615 556 1811 618 utpote
1846 549 2132 618 utriusque

549 656 766 704 creator
804 643 1054 698 salvavit.
1085 639 1222 694 Illud
1265 638 1430 693 etiam
1474 639 1721 705 intende,
1772 631 2133 708 quemadmo-

549 741 680 795 dum
699 733 1021 806 hypodytin,
1056 731 1203 802 quod
1242 731 1481 786 diximus
1501 743 1623 784 esse
1650 730 1928 785 cmlestem
1959 731 2134 786 homi-

550 845 699 893 nem,
757 824 1050 896 epandytin
1098 823 1191 877 alii
1241 821 1570 892 interpretes
1631 820 1963 876 ediderunt:
2006 821 2133 892 quia

551 921 669 990 ipse
707 925 792 973 est
835 931 945 986 quo
979 914 1356 970 desideramus
1385 913 1686 969 secundum
1716 913 1860 983 quod
1889 913 1964 967 ait
1989 912 2133 968 Pau-

553 1014 660 1076 lus,
684 1007 1005 1080 superindui
1029 1022 1052 1073 ';
1087 1006 1218 1062 dicit
1245 1012 1428 1061 autem
1457 1005 1536 1060 sic
1564 1023 1576 1058 :
1615 1004 1864 1070 Quandiu
1893 1005 2030 1059 enim
2053 1021 2138 1059 su-

549 1122 671 1162 mus
702 1105 758 1158 in
806 1103 901 1156 hoc
926 1099 1286 1166 tabernaculo,
1352 1098 1739 1170 ingemiscimus
1796 1099 2023 1169 gravati,
2076 1113 2136 1151 eo

552 1199 692 1271 quod
721 1197 965 1251 nolumus
993 1193 1244 1266 spoliare,
1268 1193 1359 1247 sed
1383 1192 1742 1261 supervectiri,
1771 1203 1826 1245 ut
1861 1189 2137 1244 absorbea-

554 1303 644 1346 tur
661 1291 798 1359 quod
827 1287 1052 1342 mortale
1080 1294 1155 1340 est
1186 1302 1217 1338 a
1240 1284 1348 1339 vita
1382 1285 1446 1338 “.
1467 1283 1604 1349 Quia
1630 1295 1812 1337 autem
1847 1282 2134 1352 antiquum

556 1385 662 1439 hoc
727 1391 931 1438 nostra:
1009 1377 1341 1434 conditionis
1403 1376 1508 1430 fuit
1563 1375 2135 1446 superindumentum,

539 1483 612 1531 et
639 1487 790 1528 nunc
837 1469 994 1534 illud,
1033 1476 1225 1539 utpote
1259 1466 1404 1537 quod
1473 1466 1641 1521 semel
1686 1465 1995 1531 habuimus,
2047 1479 2136 1518 re-

553 1565 768 1638 cepturi
798 1577 1014 1627 sumus,
1054 1562 1111 1615 in
1139 1559 1604 1629 subsequentibus
1638 1557 1966 1628 explanavit.
2033 1555 2138 1622 Qui

556 1667 741 1714 autem
762 1653 926 1710 elﬁcit
950 1667 1054 1707 nos
1079 1651 1140 1705 in
1169 1652 1275 1704 hoc
1307 1651 1505 1720 ipsum,
1544 1650 1704 1716 Deus,
1727 1650 1819 1720 qui
1849 1648 2001 1704 dedit
2031 1663 2133 1703 no-

2234 469 2451 536 cydarin
2481 467 2768 538 byssinum,
2801 477 2848 522 et
2869 483 3080 530 zonam,
3103 481 3235 534 opus
3265 463 3648 532 varium.Quia
3666 468 3818 523 enim

2233 559 2446 630 cydaris
2472 559 2859 615 indumentum
2885 559 3081 630 capitis
3140 567 3246 623 est,
3296 572 3434 627 opus
3473 561 3657 614 autem
3689 559 3815 614 cin-

2233 647 2344 718 guli
2377 649 2494 703 sive
2545 663 2716 713 zonae,
2759 647 3071 703 confortare
3117 646 3522 716 quodammodo
3575 656 3632 704 et
3679 663 3814 705 con-

2235 738 2502 810 stringere
2533 747 2618 794 est
2643 753 2769 794 cum
2803 737 2895 808 qui
2929 735 3166 809 cingitur
3201 753 3217 788 :
3250 737 3356 791 hoc
3403 737 3693 793 ostendere
3734 739 3819 794 le-

2234 830 2462 901 gislstor
2510 830 2816 901 proposuit,
2852 828 2979 900 quia
3028 827 3280 884 Christus
3307 826 3469 882 simul
3501 837 3816 884 creaturam

2237 935 2455 976 omnem
2481 921 2868 991 recapitulans,
2906 919 3023 976 sive
3090 928 3427 984 restaurans,
3458 919 3618 973 simul
3647 918 3816 976 etiam

2239 1015 2555 1072 confortans
2585 1026 2828 1072 nostram
2859 1030 3116 1081 massam,
3179 1015 3336 1084 cuius
3364 1013 3629 1084 primitias
3667 1028 3821 1069 sum-

2237 1107 2347 1178 psit
2376 1107 2770 1162 incarnationis
2800 1106 3124 1176 dispensare
3176 1105 3517 1176 mysterium.
3578 1104 3654 1158 De
3703 1119 3821 1174 quo

2237 1195 2312 1250 ait
2345 1195 2544 1252 Paulus
2572 1213 2586 1250 :
2621 1197 2723 1262 Qui
2755 1206 2934 1250 notum
2964 1195 3109 1250 nobis
3137 1195 3259 1266 fecit
3289 1196 3596 1266 mysterium
3635 1197 3823 1250 volun-

2239 1288 2364 1342 tatis
2392 1304 2523 1354 sute,
2551 1289 2622 1342 ad
2659 1288 3102 1356 dispensationem
3155 1285 3496 1354 plenitudinis
3528 1295 3822 1358 temporum

2238 1389 2542 1434 restaurare
2562 1380 2739 1433 omnia
2765 1379 2823 1432 in
2851 1379 3078 1444 Christo,
3105 1391 3223 1448 qua:
3268 1379 3324 1430 in
3353 1378 3517 1443 caelis,
3545 1389 3593 1433 et
3617 1397 3732 1451 quae
3765 1383 3822 1436 in

2241 1479 2385 1524 terra
2403 1478 2524 1524 sunt
2551 1471 2618 1526 “.
2650 1469 2708 1524 In
2740 1470 2859 1540 ipso
2892 1478 2946 1523 et
2977 1468 3148 1523 David
3179 1485 3194 1522 :
3249 1467 3509 1525 Dominus
3561 1475 3820 1542 regnavit,

2239 1560 2476 1614 decorem
2505 1559 2678 1613 induit
2718 1558 2973 1613 Dominus
3027 1559 3413 1631 fortitudinem,
3440 1570 3489 1614 et
3544 1565 3820 1630 prwcinxit

2240 1667 2294 1705 se
2318 1651 2379 1706 ".
2409 1651 2718 1707 Manifestat
2739 1651 2901 1707 etiam
2933 1650 3072 1721 ipse,
3100 1651 3557 1722 quemadmodum
3572 1654 3828 1712 Christus

550 1751 644 1805 his
673 1750 876 1819 pignus
897 1744 1171 1814 spirit!!!“-
1214 1741 1519 1812 Hypodylin
1542 1749 1724 1794 aulem
1760 1739 1911 1794 illum
1974 1737 2138 1804 LXX.
2171 1742 2215 1799 Β
2243 1741 2572 1798 confortavit
2591 1751 2834 1798 nostram
2869 1755 3126 1809 massam,
3173 1743 3344 1799 verbo
3399 1743 3824 1814 dispensationis

557 1843 710 1899 velut
739 1841 832 1910 qui
866 1847 951 1893 est
978 1834 1229 1899 interius,
1265 1834 1346 1887 vel
1412 1832 1733 1898 absconsus,
1767 1831 1977 1886 dicunt.
2033 1828 2140 1884 Sed

561 1945 745 1990 tamen
777 1930 905 2002 quia
929 1927 1205 1984 secundus
1227 1924 1285 1978 in
1313 1923 1507 1978 ordine
1543 1921 1840 1977 creationis
1872 1921 2140 1977 deductus

551 2037 668 2092 est,
695 2041 820 2082 cum
839 2023 1017 2093 prima
1046 2019 1118 2074 sit
1137 2019 1344 2081 tunica,
1379 2030 1501 2086 qua!
1547 2015 1615 2070 de
1651 2025 1797 2070 terra
1829 2023 1935 2080 est,
1994 2015 2144 2070 hunc

560 2118 864 2176 secundum
895 2113 1205 2169 nominant.
1234 2109 1395 2179 Atqui
1462 2107 1748 2179 hypodytis
1771 2107 2003 2163 interius
2046 2121 2144 2162 ve-

559 2212 884 2268 stimentum
921 2214 1028 2270 est,
1059 2203 1322 2260 sedeer
1355 2199 1501 2271 quod
1547 2200 1784 2270 primum
1849 2214 1975 2254 eum
2031 2215 2143 2255 non

558 2303 752 2375 posuit
779 2297 1078 2357 creationls
1108 2295 1358 2352 ordinem
1382 2291 1638 2348 servavit.
1709 2290 1770 2345 ln
1800 2291 1907 2346 hoc
1955 2299 2141 2346 autem

563 2391 707 2461 quod
733 2387 1029 2460 hypodytin
1060 2385 1217 2450 dixit,
1279 2381 1522 2437 ostendit
1539 2381 1666 2451 quia
1690 2380 1808 2451 ipse
1839 2389 1924 2437 est
1979 2382 2145 2437 homo

566 2493 755 2538 noster
779 2479 1027 2534 interior.
1068 2475 1162 2530 llis
1196 2475 1473 2546 lcgislator
1501 2472 1752 2528 addidit:

641 2595 703 2649 Et
755 2595 977 2663 desuper
1014 2589 1286 2644 Immerale
1343 2588 1614 2656 imposuit,
1657 2588 1794 2656 quod
1849 2587 2146 2659 astringens

567 2683 775 2756 cingulo
806 2681 1008 2751 aptavit
1061 2674 1338 2732 rationali.
1380 2674 1521 2730 LXX
1565 2684 1746 2728 autem
1805 2674 2143 2731 ediderunt:

565 2777 634 2831 Et
656 2775 827 2847 posuit
849 2787 1006 2842 super
1030 2769 1180 2823 illum
1213 2767 1526 2837 epomidem,
1563 2774 1610 2820 et
1654 2765 1818 2820 cinxit
1865 2765 2017 2819 illum
2061 2783 2147 2821 se-

565 2870 796 2924 cundum
833 2865 1038 2920 aditum
1100 2860 1376 2930 epomidis,
1446 2867 1494 2912 et
1538 2857 1848 2911 ronstrimcit
1877 2857 2031 2911 illum
2080 2857 2150 2910 ad

568 2977 709 3016 eam.
743 2953 1206 3029 Superltutneralc
1249 2966 1424 3006 suave
1467 2948 1671 3004 Christi
1722 2949 1912 3021 iugum
1943 2954 2047 3014 est,
2093 2948 2150 3005 id

569 3063 654 3110 est
680 3051 992 3122 evangelica
1023 3048 1153 3111 vita,
1181 3059 1345 3116 quam
1395 3051 1579 3113 utpote
1599 3042 1716 3112 ipse
1737 3041 2142 3107 demonstrans,

568 3155 718 3201 recte
757 3158 920 3213 super
940 3141 1198 3196 humeros
1231 3135 1506 3208 portabat,
1567 3133 1635 3190 de
1665 3150 1772 3204 qua
1799 3134 1876 3190 ait
1906 3151 1922 3191 :
1961 3133 2146 3188 Tollite

563 3240 754 3310 jugum
790 3251 961 3290 meum
992 3249 1148 3302 super
1197 3247 1306 3294 uos,
1353 3237 1402 3282 et
1445 3228 1626 3281 discite
1656 3243 1688 3280 a
1719 3242 1819 3291 me,
1852 3226 1977 3296 quia
2007 3225 2148 3279 mitis

572 3345 712 3393 sum,
749 3336 797 3380 et
837 3323 1050 3378 liusnilis
1083 3321 1258 3382 corde,
1291 3329 1339 3372 ct
1386 3317 1660 3370 invenietis
1683 3317 1911 3386 requiem
1937 3316 2149 3369 anima-

572 3425 667 3476 bus
691 3418 892 3479 uestris,
915 3416 1105 3486 jugunt
1126 3413 1263 3466 enim
1293 3425 1463 3464 meum
1494 3407 1601 3462 leue
1622 3415 1719 3474 est,
1746 3415 1796 3461 et
1823 3421 1953 3460 onus
1977 3421 2151 3459 meum

570 3527 731 3566 suave
754 3509 817 3561 ".
846 3505 1000 3562 Unde
1057 3513 1114 3559 et
1159 3500 1329 3557 lexin
1363 3499 1552 3555 Exodo
1587 3498 1654 3552 de
1713 3495 2150 3567 superhumerali

572 3601 651 3656 sic
666 3599 798 3654 dicit
829 3612 844 3650 :
878 3595 944 3649 Et
966 3595 1127 3667 {acies
1157 3589 1592 3661 superltumerale
1623 3589 1686 3643 de
1736 3603 1871 3642 auro
1917 3596 1966 3640 et
2018 3587 2151 3656 hya-

573 3690 767 3754 cintho,
801 3697 851 3742 et
881 3702 1028 3741 cocco
1053 3685 1129 3738 bis
1151 3684 1335 3748 tincto,
1368 3691 1416 3736 et
1459 3681 1609 3750 bysso
1628 3686 1846 3743 retorta,
1875 3693 2030 3748 opere
2055 3693 2152 3747 po-

575 3781 758 3854 lymita
787 3779 852 3834 “.
880 3778 999 3845 Vel,
1039 3777 1182 3832 sicut
1210 3771 1378 3839 LXX,
1430 3787 1560 3842 apus
1591 3771 1859 3825 uariatum
1880 3767 2152 3839 epomide-

572 3891 680 3939 sco,
712 3875 964 3928 luerentes
986 3870 1213 3923 alterunt
1240 3867 1312 3921 ad
1331 3865 1580 3930 alteram,
1643 3861 1937 3932 aliquando
1989 3874 2153 3914 unam

574 3965 906 4037 epomidem,
937 3959 1229 4031 aliquando
1259 3957 1395 4013 duas
1441 3953 1742 4026 appellans,
1779 3952 1904 4023 quia
1957 3957 2013 4006 et
2045 3947 2153 4004 Do-

575 4059 760 4114 minus
792 4055 985 4126 jugict
1021 4051 1207 4106 oneris
1233 4047 1553 4104 memoriam
1619 4044 1768 4108 fecit,
1823 4044 1878 4097 in
1938 4041 2155 4097 duobus

575 4163 747 4204 unum
804 4143 1071 4207 dividens,
1141 4150 1398 4210 tanquam
1477 4135 1745 4192 divideret
1810 4133 2146 4204 epomidem,

575 4236 720 4307 quod
754 4249 865 4288 non
897 4231 1119 4292 frustra,
1162 4227 1259 4282 sed
1321 4225 1446 4296 quia
1513 4231 1732 4293 oportet
1777 4221 2154 4294 evangelicum

580 4327 885 4388 hominem,
912 4320 1049 4392 legis
1097 4317 1416 4373 mandatum
1444 4314 1590 4385 quod
1621 4313 1761 4369 dixit
1791 4331 1806 4368 :
1847 4312 1968 4367 Non
2013 4312 2154 4366 oeci-

2243 1835 2684 1906 circumcingens
2711 1833 3003 1905 primitias,
3031 1849 3193 1905 quam
3246 1843 3303 1889 et
3340 1836 3636 1906 appellavit
3662 1840 3822 1908 forti-

2245 1927 2496 1991 tudinem,
2529 1925 2656 1996 quia
2690 1927 2994 1996 peripsam
3021 1935 3077 1981 et
3116 1941 3218 1982 nos
3247 1926 3416 1982 fortes
3442 1927 3569 1984 facti
3609 1945 3822 1986 sumus.

2243 2015 2378 2084 Quis
2403 2025 2588 2072 autem
2623 2017 2694 2073 sit
2726 2018 3153 2089 dispensationis
3193 2019 3411 2086 modus,
3441 2018 3684 2075 Joannes
3708 2023 3818 2076 ait:

2247 2108 2467 2165 Verbum
2498 2126 2623 2164 caro
2643 2094 2842 2182 factum
2873 2119 2948 2164 est
2977 2110 3060 2177 ,’°.
3083 2111 3323 2181 Ideoque
3356 2111 3592 2182 cydarim
3639 2123 3696 2168 et
3727 2129 3824 2168 7.0-

2244 2217 2372 2258 nam
2399 2203 2476 2257 ait
2502 2201 2711 2276 Moyses
2742 2203 3015 2274 byssinam
3043 2217 3166 2257 esse
3195 2217 3335 2272 opus
3361 2203 3660 2269 variatum;
3697 2205 3826 2276 byso

2246 2309 2340 2351 sus
2369 2295 2516 2350 enim
2546 2295 2615 2350 de
2645 2302 2791 2350 terra
2814 2309 2938 2350 cum
2957 2293 3048 2357 sit,
3084 2309 3306 2349 carnem
3329 2295 3684 2360 demonstrat,
3702 2311 3828 2365 quas

2245 2401 2313 2442 ex
2349 2396 2489 2442 terra
2521 2398 2708 2442 nostra
2762 2396 2885 2454 est;
2922 2400 3062 2456 apus
3111 2384 3384 2456 plumarii,
3417 2383 3632 2440 Domini
3687 2385 3827 2441 Ver-

2246 2480 2400 2546 bum,
2446 2479 2540 2550 qui
2600 2478 2794 2534 artifex
2855 2488 2911 2534 et
2961 2479 3201 2533 variatur
3238 2476 3405 2532 totius
3434 2484 3518 2532 est
3539 2487 3825 2533 creaturae.

2247 2564 2369 2637 Ipso
2399 2565 2504 2622 sibi
2533 2580 2754 2621 carnem
2787 2582 2817 2620 a
2850 2566 3009 2622 nobis
3065 2574 3334 2635 sumptam
3392 2575 3648 2636 operatus
3694 2577 3820 2622 est:

2249 2657 2470 2712 varians
2496 2655 2553 2710 in
2579 2671 2643 2712 ea
2679 2655 2935 2726 mysteria
2985 2654 3406 2725 quodammodo,
3437 2664 3494 2710 et
3535 2655 3829 2711 creationis

2250 2748 2539 2805 miracula.
2581 2748 2707 2804 Post
2735 2748 2840 2804 hoc
2861 2747 3104 2804 subdidit
3163 2747 3467 2803 secundum
3518 2747 3696 2803 LXX:
3757 2749 3829 2803 Et

2249 2839 2424 2911 posuit
2453 2855 2610 2908 super
2647 2854 2708 2892 ea
2759 2837 3042 2892 rationale.
3079 2837 3147 2892 Et
3195 2837 3513 2908 quomodo:
3571 2836 3830 2903 Quzrdam

2249 2931 2562 3003 ἀντίγραφα
2601 2930 2826 2994 habent,
2866 2945 3023 2997 super
3095 2944 3258 2994 eum,
3315 2927 3415 2984 sed
3469 2937 3701 2998 utraque
3759 2929 3832 2984 ad

2252 3022 2399 3079 idem
2454 3021 2756 3094 respiciunt
2789 3039 2803 3076 :

2323 3136 2475 3203 Quod
2493 3137 2786 3208 astringens
2827 3132 3054 3206 cingulo,
3113 3135 3315 3205 aptavit
3352 3135 3602 3189 rationali
3634 3138 3690 3189 in
3728 3152 3836 3207 quo

2253 3239 2366 3284 erat
2396 3230 2636 3284 doctrina
2669 3238 2716 3282 et
2745 3229 2961 3282 veritas.
2986 3225 3125 3280 LXX
3163 3234 3349 3282 autem
3374 3226 3664 3282 ediderunt
3690 3245 3702 3280 :
3762 3227 3832 3281 Et

2252 3321 2503 3392 imposuit
2529 3319 2884 3390 superlogium
2910 3319 3262 3374 ostensionem
3312 3327 3358 3372 et
3378 3319 3672 3372 veritatem.
3719 3317 3832 3374 [loc

2253 3419 2436 3467 autem
2475 3411 2600 3465 alibi
2634 3409 3021 3465 sacerdotalem
3073 3422 3354 3478 exponens
3405 3407 3626 3471 stolam,
3664 3409 3831 3460 ratio-

2255 3504 2430 3558 nalem
2454 3503 2650 3575 judicii
2672 3500 2968 3572 appellavit
3003 3518 3016 3554 :
3061 3499 3366 3554 secundum
3392 3497 3659 3553 rationale
3687 3499 3830 3553 enim

2253 3594 2482 3658 Christi,
2525 3593 2581 3650 id
2603 3602 2687 3650 est
2745 3591 3074 3654 doctrinam,
3133 3588 3452 3660 praedicatio
3504 3588 3696 3659 iudicii
3758 3587 3835 3642 fu-

2256 3686 2362 3742 turi
2417 3685 2642 3758 regitur.
2687 3683 3070 3740 Ostensionem
3124 3697 3275 3755 ergo,
3312 3681 3365 3736 id
3393 3689 3477 3736 est
3514 3680 3835 3735 manifesta-

2259 3779 2484 3843 tionem,
2520 3786 2722 3833 etcum
2749 3791 2813 3830 ea
2856 3774 3140 3831 veritatem
3167 3772 3352 3838 habet,
3386 3781 3575 3842 utpote
3603 3771 3834 3826 manife-

2255 3873 2432 3920 stante
2482 3862 2797 3920 hominibus
2821 3862 3057 3932 ignotam
3102 3859 3484 3932 mysteriorum
3526 3860 3831 3915 veritatem.

2257 3958 2501 4024 Quatuor
2529 3963 2710 4011 autem
2739 3969 2995 4010 versuum
3052 3953 3103 4008 ei
3174 3953 3468 4017 rationale,
3530 3951 3587 4006 id
3632 3959 3721 4004 est
3769 3966 3834 4003 es

2256 4060 2494 4121 quatuor
2515 4047 2860 4120 generalibus
2893 4043 3211 4111 virtutibus,
3257 4053 3315 4099 et
3345 4043 3722 4100 ex'duodecim
3757 4041 3836 4094 ls-

2258 4140 2478 4212 pidibus
2506 4136 2824 4209 partialibus
2846 4133 3250 4206 quodammodo
3276 4141 3333 4188 et
3371 4131 3701 4204 specialibus
3720 4130 3838 4185 ﬁeri

2257 4230 2540 4302 praecepit.
2565 4229 2698 4294 Qute
2717 4237 2847 4284 sunt
2866 4238 3048 4282 autem
3101 4225 3261 4281 hanc?
3293 4225 3490 4294 Utique
3540 4223 3608 4279 de
3638 4223 3841 4292 quibus

2258 4322 2531 4378 scribebat
2561 4321 2762 4376 Paulus
2798 4319 3050 4390 :Oportet
3087 4320 3224 4375 enim
3262 4318 3557 4387 episcopum
3614 4317 3842 4384 irrrpre-

577 4419 695 4482 das,
743 4431 846 4470 non
884 4413 1150 4468 adulteres
1181 4411 1250 4475 ",
1310 4418 1365 4464 ct
1395 4408 1441 4464 si
1473 4405 1613 4479 quod
1644 4414 1729 4462 est
1751 4406 1920 4474 aliud,
1951 4421 2157 4476 nequa-
2188 4404 2234 4462 Β
2263 4413 2567 4467 liensibilem
2599 4429 2727 4478 esse,
2751 4413 2882 4467 sicut
2909 4412 3006 4466 Dei
3035 4413 3451 4479 dispensatorem
3480 4409 3544 4460 ¹⁹.
3579 4406 3842 4475 Sedquo-

576 4523 742 4581 quam
773 4505 1077 4578 praeterire,
1105 4502 1489 4574 duplicemque
1538 4499 1594 4554 in
1624 4499 1731 4556 hoc
1773 4499 1824 4556 ei
1881 4498 2158 4569 operatio-

545 4589 706 4676 inem
737 4597 1018 4662 exhibere,
1046 4595 1099 4650 id
1130 4603 1236 4657 est,
1265 4603 1324 4648 ut
1346 4608 1459 4648 non
1511 4591 1686 4647 solum
1717 4591 1786 4646 ab’
1843 4589 2157 4654 homicidio,

549 4679 672 4748 's’ed
703 4699 760 4745 et
790 4690 890 4755 ira,
918 4702 1040 4758 qua:
1058 4686 1188 4742 facit
1219 4682 1596 4749 homicidium,
1621 4682 1960 4737 abstineatur
1975 4680 2159 4747 simul,

578 4799 692 4841 non
724 4789 934 4839 tantum
970 4781 1040 4836 ab
1072 4777 1365 4843 adulterio,
1393 4776 1491 4832 sed
1524 4791 1555 4830 a
1611 4773 1888 4831 desiderio
1942 4788 2011 4829 ex
2052 4789 2161 4843 quo

578 4977 788 5036 rentes,
826 4967 930 5022 alia
956 4964 1114 5020 alteri
1168 4960 1466 5027 invenitur,
1503 4957 1628 5028 quia
1666 4967 1777 5013 non
1815 4955 1976 5012 irasci
2009 4957 2162 5012 cohi-

578 5061 691 5126 bet,
720 5069 775 5116 et
799 5066 1018 5114 cautum
1044 5054 1221 5111 reddit
1245 5052 1311 5107 ad
1327 5065 1438 5107 non
1466 5050 1774 5106 faciendum
1787 5049 2162 5106 homicidium.

579 5148 897 5205 Nocessarie
929 5155 1111 5201 autem
1131 5141 1386 5216 hypodyti
1435 5138 2017 5212 conjunxitepomida,
2073 5156 2160 5197 so-

580 5239 686 5295 lius
716 5239 863 5294 enim
893 5237 1134 5295 caelestis
1178 5235 1419 5292 hominis
1474 5236 1682 5307 jugum'
1711 5238 1992 5308 suscipere
2052 5245 2157 5303 est,

579 5331 726 5402 quod
743 5331 995 5387 Christus
1029 5329 1188 5386 dixit.
1220 5328 1376 5396 Quod
1409 5337 1494 5384 est
1523 5339 1704 5384 autem
1728 5329 2030 5400 cingulum,
2050 5339 2161 5402 quo

583 5423 820 5479 tunicam
845 5434 901 5480 et
933 5422 1228 5496 hypodytin
1251 5419 1664 5492 eiusitllpsum
1693 5435 1832 5492 opus
1862 5420 2035 5487 disce,
2073 5421 2159 5476 di-

552 4865 912 4954 :adulterium
931 4874 1166 4946 paritur.
1194 4871 1284 4928 Sic
1309 4885 1418 4926 una
1447 4865 1659 4939 epomis
1699 4866 1930 4937 duaeque
1984 4867 2160 4922 cohae-
2203 4888 2207 4892 -

2268 4503 2430 4557 modo
2451 4501 2968 4573 irreprehensihilis,
3002 4500 3056 4555 id
3085 4510 3168 4554 est
3198 4497 3548 4552 accusatione
3575 4494 3841 4557 mundus,

2265 4604 2321 4649 et
2361 4610 2391 4648 a
2415 4595 2636 4664 querela
2653 4593 2801 4648 omni
2828 4593 2966 4647 liber
2995 4591 3086 4655 sit,
3124 4591 3210 4644 his
3231 4605 3354 4659 quae
3390 4597 3578 4658 postea
3597 4601 3844 4656 sequun-

2265 4694 2355 4740 tur
2377 4685 2618 4740 ostendit
2653 4701 2668 4738 :
2697 4684 2817 4738 Non
2845 4684 3149 4753 superbum,
3197 4697 3299 4735 non
3341 4681 3678 4741 iracundum,
3744 4694 3849 4731 non

2263 4778 2607 4843 vinolentum,
2641 4793 2742 4830 non
2769 4791 3145 4846 percussorem,
3181 4789 3286 4827 non
3335 4773 3504 4840 turpis
3536 4771 3668 4823 lucri
3697 4770 3849 4837 cupi-

2267 4869 2439 4924 dum:
2477 4869 2567 4923 sed
2600 4867 2935 4938 hospitalem,
2985 4867 3285 4937 benignum,
3341 4874 3563 4928 castum,
3611 4861 3849 4931 justum,

2267 4970 2534 5024 sanctum,
2565 4960 2936 5023 continentem,
2969 4956 3370 5026 amplectentem
3387 4971 3506 5009 eum
3538 4955 3628 5024 qui
3659 4969 3850 5006 secun-

2270 5053 2396 5106 dum
2434 5052 2732 5106 doctrinam
2763 5059 2861 5113 est,
2891 5049 3096 5118 ﬁdelem
3118 5063 3410 5102 sermonem
3437 5045 3507 5098 ".
3541 5043 3668 5098 Haec
3694 5043 3853 5098 enim

2273 5143 2566 5215 unicuique
2591 5141 2808 5212 quidem
2833 5140 3090 5197 convenit
3117 5137 3358 5209 assequi,
3399 5137 3639 5191 maxime
3668 5144 3854 5187 tamen

2269 5235 2572 5293 sacerdoti.
2605 5234 2872 5306 siquidem
2901 5233 3128 5303 ﬁgurant
3164 5232 3304 5303 gerit
3331 5227 3556 5289 Christi,
3593 5227 3686 5297 qui
3706 5240 3858 5296 ιιι-πμ

2269 5326 2444 5384 dictos
2473 5327 2760 5383 duodecim
2811 5325 3042 5395 lapides,
3091 5338 3259 5394 super
3311 5330 3506 5394 pectus
3567 5318 3864 5390 proprium

2259 5420 2526 5490 portavit.
2555 5417 2755 5488 Cydari
2786 5433 2990 5488 quoque
3013 5416 3140 5470 texit
3165 5423 3343 5482 caput.
3377 5409 3527 5478 Sive,
3548 5407 3868 5465 secundum

655 5595 706 5664 ιζ
735 5592 924 5664 llCor.
953 5611 1004 5650 ν.
1029 5597 1084 5652 4.
1163 5595 1208 5628 ⁸⁸
1231 5593 1424 5650 Matth.
1456 5610 1533 5656 ιι.
1561 5595 1654 5661 29,
1686 5595 1774 5650 50.
1853 5595 1896 5627 “
1922 5595 2095 5651 Exod.

2250 5597 2422 5661 "11,6.
2493 5597 2536 5629 ¹⁸
2569 5597 2740 5652 Exod.
2787 5613 2874 5664 sx,
2928 5594 3014 5662 13,
3055 5594 3142 5653 Η.
3225 5594 3269 5628 ⁸⁸
3293 5591 3502 5664 Ephes.
3557 5587 3606 5658 Ι,
3658 5587 3720 5658 9,
3773 5585 3874 5644 10.

612 5665 633 5698 ⁷
683 5661 830 5716 Psal.
863 5678 993 5728 xcn,
1026 5665 1052 5718 l

1163 5666 1206 5696 "'
1239 5665 1390 5720 Joan.
1420 5664 1459 5730 l,
1494 5665 1580 5721 ll.
1663 5665 1750 5720 ενι
1781 5665 2023 5721 Timoth.
2048 5682 2130 5735 ιιι,
2151 5667 2208 5722 2.
2283 5667 2330 5700 ¹⁹
2361 5667 2491 5724 ibid.
2516 5666 2568 5734 5,
2606 5669 2658 5722 4.
