4076 6188
330 306 339 311 ,
408 251 538 313 :879

1621 248 1985 309 HESYCHII
2018 222 2493 312 causarum

3568 251 3679 315 880

432 365 681 434 creatura
711 354 1030 426 participata
1061 363 1307 424 cst,.qute
1333 363 1518 409 saneta
1549 354 1769 425 quidem
1818 356 1921 411 fuit
1957 365 2011 412 et
2039 378 2084 434 Α
2112 362 2353 432 guinem,
2391 372 2446 416 et
2496 361 2666 416 tincto
2693 357 2881 430 digito,
2919 356 3093 427 tetigit
3114 369 3330 411 'eornua
3368 352 3555 412 altaris
3583 373 3683 427 per

433 458 615 513 antea,
657 448 751 502 sed
782 446 1043 515 majorem
1069 444 1555 503 sanctiﬁcationcm
1578 440 1770 516 adepta
1803 456 1886 501 est
1913 462 2010 516 per

404 554 658 593 -carnem
691 539 1050 601 Dominicam,
1105 551 1265 605 quam
1298 537 1532 608 sumpsit
1577 553 1643 592 ex
1672 538 1854 593 nobis.
1892 537 2011 593 Non

434 640 621 686 autem
674 629 964 683 ridiculum
1018 627 1267 682 videatur
1316 628 1463 697 quod
1520 628 1739 696 dicitur,
1772 628 1899 698 quia
1947 643 2011 683 ea

332 707 369 730 ”
435 735 558 791 quae
591 721 646 772 in
676 718 834 771 nobis
855 716 993 771 facta
1013 725 1117 784 est,
1150 718 1582 773 sanctiﬁcatione
1609 733 2012 790 superna,par-

336 802 345 819 ’
437 813 655 882 ticipata
689 820 774 864 est
801 819 1071 873 creatura,
1101 820 1389 880 postquam
1419 827 1737 867 concessam
1766 812 1926 867 nobis
1956 812 2013 867 in

332 890 342 990 ζ
435 905 656 959 Christo
697 902 1015 972 participata
1058 912 1164 965 est,
1220 894 1469 966 scientia,
1507 904 1650 973 quod
1695 904 2011 960 manifestat

420 996 636 1051 'Paulus
665 994 852 1049 dicens
884 1013 896 1047 :
935 992 1002 1047 Ut
1034 1003 1213 1047 notum
1238 995 1389 1064 ﬁeret
1413 996 1754 1065 principibus,
1794 1006 1843 1050 et
1867 1008 2013 1067 pote-

436 1085 658 1139 statibus
714 1086 768 1138 in
831 1084 1119 1139 cazlestibus
1170 1101 1265 1154 per
1326 1084 1618 1139 Ecclesium
1680 1086 2013 1158 multiformis

338 1168 343 1187 ³
436 1176 709 1243 sapientia:
745 1174 858 1239 Dei,
914 1175 1200 1227 secundum
1248 1175 1637 1243 dispositionem
1681 1176 2011 1241 swculorum,

437 1284 596 1338 quant
633 1267 753 1338 fecit
791 1266 844 1318 in
875 1264 1083 1320 Christo
1112 1265 1235 1319 Jesu
1276 1263 1500 1318 Domino
1557 1276 1736 1319 nostra
1767 1267 1833 1320 ³¹.
1875 1265 2016 1337 Ergo

437 1376 536 1430 per
607 1359 906 1413 Ecclesium
980 1358 1228 1429 superior
1289 1367 1537 1412 creatura
1593 1358 1818 1428 majoris
1888 1373 2017 1428 par—

438 1452 615 1519 ticeps
644 1449 842 1507 eﬁ‘ecta
894 1457 979 1503 est
1022 1449 1286 1516 scientiae,
1345 1448 1610 1519 siquidem
1665 1449 1785 1520 ejus
1816 1451 2018 1505 sancti-

436 1544 620 1598 ﬁcatio
643 1548 789 1611 justa
812 1540 955 1595 dicta
979 1547 1082 1594 est.

517 1631 672 1687 Vens.
710 1632 795 1686 12.
835 1649 854 1682 ι
883 1629 982 1695 Qui
1010 1630 1245 1685 fundens
1268 1644 1433 1699 super
1462 1639 1625 1700 caput
1646 1630 1827 1686 Aaron
1862 1630 2019 1684 unxit

440 1738 587 1786 cum,
613 1730 670 1776 et
690 1721 1050 1787 consecravit,
1077 1721 1189 1775 sive
1218 1721 1595 1778 sanctiﬁcavit.
1636 1741 1655 1775 ι

508 1815 623 1870 Etsi
695 1812 897 1869 Christi
949 1821 1131 1883 caput,
1185 1814 1487 1868 secundum
1535 1813 1686 1869 Pauli
1746 1815 2014 1882 verbum,

453 1905 709 1959 divinitas
748 1903 1086 1974 intelligitur,
1119 1918 1230 1957 non
1275 1903 1476 1958 frustra
1507 1912 1709 1971 tamen,
1739 1919 1843 1959 nec
1867 1915 2018 1960 extra

441 1997 711 2063 ordinem,
766 1996 823 2049 in
882 1996 987 2050 hoc
1039 1995 1295 2067 mysterio
1347 1997 1645 2053 sacerdotis
1705 1998 1833 2069 ungi
1871 2013 2019 2053 nunc

441 2096 605 2158 caput
658 2086 935 2157 iegislator
986 2084 1251 2155 scripsit:
1310 2094 1371 2140 ut
1425 2102 1839 2157 cognoscamus,
1884 2103 2020 2159 quo-

448 2179 620 2245 niam,
672 2177 1126 2249 quemadmodum
1157 2187 1320 2246 caput
1351 2193 1380 2232 a
1416 2180 1644 2249 pedibus
1696 2180 1864 2236 dividi
1908 2196 2018 2235 non

350 2280 353 2285 '
440 2281 639 2342 potest,
673 2272 751 2326 sic
785 2285 960 2340 neque
988 2268 1191 2324 Christi
1223 2270 1482 2325 divinitas
1553 2281 1679 2342 post
1716 2273 2019 2328 unitionem

441 2364 509 2418 ab
566 2362 905 2418 humanitate
970 2361 1249 2417 dividitur.
1284 2363 1395 2418 Sed
1448 2363 1564 2419 sive
1610 2364 1737 2437 ungi
1786 2364 2017 2429 dicatur,

442 2458 556 2511 sive
584 2456 853 2535 generari,
885 2455 1004 2509 sive
1021 2457 1155 2526 pati,
1192 2456 1308 2512 sive
1343 2470 1648 2527 resurgere,
1676 2456 1792 2512 sive
1816 2454 2020 2511 assumi

441 2549 692 2612 dicimus,
724 2549 825 2602 hoc
870 2548 1210 2602 incarnatum
1247 2547 1486 2602 Verbum
1533 2562 1645 2602 non
1687 2547 2027 2611 dividentes,

442 2649 498 2695 et
527 2640 773 2694 dicentes
800 2639 1077 2694 hominem
1110 2639 1329 2711 quidem
1366 2647 1610 2703 unctum,
1642 2638 1811 2694 Deum
1835 2647 2019 2692 autem

441 2720 551 2785 neu
581 2740 826 2792 unctum.
851 2731 945 2785 sed
987 2730 1153 2784 Deum
1181 2729 1430 2784 eumdem
1456 2728 1616 2783 simul
1645 2738 1700 2783 et
1721 2729 2018 2784 hominem.

342 2900 351 2905 -
443 2821 559 2877 lloc
583 2822 730 2876 enim
760 2830 814 2876 et
850 2822 1016 2875 David
1045 2821 1165 2879 sine
1194 2820 1377 2890 aliqua
1407 2819 1688 2874 dubietate
1737 2819 2018 2890 approbat,

443 2931 568 2969 cum
598 2914 730 2968 dicit
762 2933 775 2968 :
808 2912 912 2968 Sed
937 2923 1052 2976 tua,
1080 2913 1244 2978 Deus,
1274 2912 1328 2964 in
1357 2910 1608 2966 swculum
1636 2910 1836 2974 swculi,
1872 2911 2020 2981 virga

2111 469 2323 525 gyrum.
2356 453 2477 519 Quo
2504 453 2724 522 expiato
2754 458 2810 505 et
2855 448 3210 513 sanetiﬁrato,
3251 446 3391 503 fudit
3414 447 3682 517 reliquum

2111 543 2431 614 sanguinem
2488 543 2556 597 ad
2604 542 2958 596 fundamenta
2986 540 3127 609 ejus.
3185 538 3417 608 Adipem
3452 548 3686 609 'quoque

2112 634 2206 705 qui
2236 641 2355 689 erat
2386 647 2549 704 super
2598 633 2802 697 vitalia,
2833 630 3234 699 reticulumque
3271 627 3491 701 iecoris,
3516 628 3687 683 duos-

2114 741 2220 796 que
2266 726 2617 789 renunculos,
2641 739 2763 779 cum
2796 722 3073 778 arvenulis
3108 720 3227 774 suis
3253 718 3493 774 adolevit
3521 733 3688 790 super

2114 817 2304 884 altare,
2326 816 2555 873 vitulum
2574 830 2697 870 cum
2720 814 2881 885 pelle,
2914 822 3169 877 etcarne,
3200 820 3255 865 et
3284 809 3412 864 ﬁmo
3435 824 3688 864 rremans

2115 918 2266 965 extra
2294 917 2491 976 castra,
2528 908 2670 962 sicut
2695 914 3029 977 prmceperat
3058 903 3340 958 Dominus.
3380 918 3399 953 ι
3652 924 3682 947 ι

2185 1001 2315 1065 Qua:
2339 997 2608 1069 praedictae
2647 996 2944 1051 sanctionis
2976 995 3048 1050 sit
3080 994 3272 1058 virtus,
3328 999 3384 1046 et
3414 990 3690 1061 quomodo

2118 1091 2540 1162 unumquodque
2591 1090 2710 1160 ejus
2761 1086 3060 1158 capitulum
3089 1085 3146 1139 in
3197 1083 3471 1155 Unigeniti
3524 1082 3691 1137 sacri-

2120 1184 2305 1237 ﬁcium
2341 1183 2660 1254 accipiatur,
2708 1177 3024 1251 praecedens
3074 1176 3321 1232 continet
3356 1189 3557 1228 sermo.
3589 1172 3688 1227 Vi—

2120 1277 2269 1331 tulus
2312 1290 2411 1345 pro
2460 1281 2688 1345 peccato
2745 1268 3062 1334 sacerdotis,
3123 1268 3220 1332 sed
3264 1274 3319 1319 et
3358 1281 3458 1335 pro
3503 1262 3689 1334 populi

2117 1366 2538 1438 congregatione
2586 1362 2834 1418 oﬁertur.
2888 1358 3020 1425 Quae
3082 1356 3472 1425 intelligentes,
3524 1361 3580 1406 et
3624 1366 3690 1405 ea

2119 1476 2241 1532 quae
2278 1473 2427 1514 nunc
2475 1457 2620 1513 dicta
2679 1462 2826 1519 sunt,
2876 1450 3038 1523 plene
3087 1445 3420 1503 intellecturi
3476 1459 3688 1498 sumus.

2116 1552 2248 1610 llaec
2291 1562 2473 1607 autem
2507 1563 2657 1605 nunc
2710 1546 2960 1609 dicimus,
2989 1557 3108 1612 qua:
3164 1539 3276 1594 sola
3312 1536 3380 1594 de
3409 1535 3692 1591 sanctione

2119 1645 2404 1700 immutata
2436 1650 2566 1698 sunt
2600 1658 2611 1693 :
2644 1639 2715 1694 ibi
2748 1637 2893 1693 enim
2927 1636 3111 1689 Aaron
3171 1633 3454 1701 imponere
3495 1642 3690 1683 manus

2049 1712 2089 1766 Β
2122 1737 2311 1797 vitulo,
2358 1735 2447 1790 hic
2498 1736 2762 1787 autemet
2806 1727 2947 1781 ﬁlios
2996 1726 3116 1795 ejus
3177 1738 3287 1776 non
3336 1721 3540 1774 frustra
3581 1719 3692 1775 hoc

2118 1829 2454 1890 custodiens,
2485 1824 2579 1881 sed
2595 1823 2758 1878 etiam
2782 1832 2974 1874 unctos
2990 1816 3224 1886 scripsit.
3257 1812 3488 1879 Quando
3507 1820 3690 1865 autem

2118 1927 2173 1976 et
2205 1933 2306 1972 nos
2335 1914 2607 1985 ungimur,
2643 1920 2698 1966 et
2727 1908 3007 1965 oﬁ'erimur
3041 1900 3374 1974 baptismati,
3409 1899 3541 1955 socii
3582 1899 3696 1953 Do-

2118 2007 2332 2065 minicee
2380 2004 2643 2060 efﬁcimur
2694 1997 2984 2071 passionis,
3032 1995 3191 2066 cujus
3219 1992 3359 2064 gerit
3400 1991 3695 2063 imaginem

2117 2102 2409 2173 baptisma,
2444 2095 2591 2167 quod
2637 2094 2801 2149 etiam
2848 2091 3048 2145 docent
3105 2086 3221 2140 haec
3272 2082 3427 2137 Pauli
3479 2082 3688 2136 verba:

2120 2171 2424 2257 Quicunque
2470 2184 2609 2239 enim
2661 2182 2718 2235 in
2784 2178 2989 2234 Christo
3037 2174 3293 2242 baptizati
3362 2187 3560 2234 sumus,
3624 2171 3687 2223 in

2120 2291 2286 2338 morte
2312 2279 2477 2348 ipsius
2499 2272 2755 2343 baptizuti
2777 2285 2976 2331 sumus,
3036 2262 3323 2332 consepulti
3357 2277 3476 2332 ergo
3522 2260 3569 2313 ei
3595 2276 3692 2329 per

2122 2376 2437 2444 baptismum
2466 2370 2523 2422 in
2549 2373 2769 2421 mortem
2799 2377 2912 2431 ejus
2936 2360 3002 2414 ³⁸.
3034 2354 3356 2412 Necessaria
3386 2353 3483 2407 ﬁlii
3509 2352 3695 2406 Aaron

2114 2464 2384 2524 sacriﬁcio
2437 2475 2631 2517 manus
2676 2471 2801 2512 cum
2835 2453 2946 2510 sint
2975 2452 3026 2507 ei
3064 2444 3685 2509 eommunieantes,im-

2195 2563 2346 2611 nunt.

2195 2574 2346 2611 nunL

2120 2574 2353 2704 pOVsns.
2379 2644 2565 2701 18-21.
2603 2660 2621 2692 ι
2646 2638 2857 2696 Obtulit
2883 2633 3256 2692 etarietemin
3293 2631 3693 2689 holocaustum,

2122 2757 2286 2812 super
2331 2738 2490 2809 cujus
2515 2741 2680 2805 caput
2708 2746 2831 2788 cum
2876 2725 3265 2798 imposuissent
3292 2724 3472 2776 Aaron
3502 2728 3559 2774 ct
3593 2718 3690 2772 ﬁlii

2123 2836 2244 2906 ejus
2300 2845 2498 2886 manus
2547 2840 2695 2892 suas,
2747 2819 3047 2877 immolavit
3075 2821 3327 2915 fumyet
3372 2813 3515 2868 fudit
3557 2826 3694 2866 san-

2124 2902 2341 3000 guinem
2368 2922 2489 2993 ejus
2514 2934 2613 2990 per
2645 2916 2830 2971 altaris
2857 2902 3165 2975 circuitum,
3208 2908 3498 2976 ipsumque
3544 2902 3693 2956 arie—

443 3016 584 3061 recta
614 3017 708 3071 est,
741 3008 888 3076 virga
918 3006 1060 3076 regni
1087 3005 1183 3059 tui.
1218 3002 1464 3057 Dilexisti
1479 2990 1754 3073 justitiam
1785 3012 1835 3058 et
1864 3002 2022 3057 odisti
2049 3055 2092 3114 Ο
2124 2990 2233 3075 [em
2267 3031 2364 3089 per
2390 2990 2559 3068 frusta
2613 3007 2925 3070 concidens,
2970 3010 3133 3072 caput
3184 2999 3322 3068 ejus,
3346 3007 3401 3051 et
3429 3002 3597 3058 artus,
3636 3000 3696 3047 et

443 3098 778 3170 iniquitatem
808 3115 821 3151 :
864 3107 1137 3167 propterea
1170 3097 1315 3151 unxit
1348 3105 1395 3149 te
1439 3095 1595 3160 Deus,
1639 3094 1779 3151 Deus
1811 3106 1929 3147 tuus
1954 3095 2016 3144 δ’.

444 3191 639 3246 Cernis
668 3188 836 3244 Deum
866 3190 969 3245 dici
1000 3190 1091 3259 qui
1119 3197 1316 3244 unctus
1346 3195 1447 3249 est,
1471 3186 1598 3257 quia
1627 3187 1809 3241 omnia
1846 3186 2024 3239 carnis

437 3298 559 3356 sua:
582 3282 928 3337 manifestum
954 3291 1038 3336 est
1075 3281 1217 3351 quod
1239 3279 1563 3349 sibimetipsi
1586 3278 1678 3348 qui
1702 3279 2027 3333 incarnatus

350 3448 357 3453 ν
444 3366 549 3453 est,
584 3374 845 3431 vindicat.
888 3374 1020 3439 Quae
1067 3373 1214 3440 enim
1261 3381 1317 3427 et
1348 3373 1468 3442 ejus
1505 3379 1621 3425 erat
1673 3370 1879 3433 unctio,
1920 3369 2023 3422 nisi

444 3465 670 3519 omnino
701 3466 815 3534 ipsa
851 3464 1204 3518 incarnatio?
1254 3461 1566 3517 Secundum
1610 3462 1756 3516 hunc
1796 3464 2021 3515 modum

448 3565 611 3626 caput
685 3555 1041 3625 intelligibilis
1100 3552 1398 3609 sacerdotis
1462 3551 1770 3623 ungebatur
1815 3560 1869 3605 et
1911 3551 2025 3619 ipse

350 3650 357 3655 ’
445 3647 906 3704 sanctiﬁcabatur.

517 3739 679 3816 Vjens.
718 3739 804 3792 1'5.
847 3757 865 3789 ι
888 3737 1053 3792 Filios
1076 3751 1293 3807 quoque
1315 3735 1433 3805 ejus
1451 3734 1663 3790 oblatos
1691 3732 1906 3789 vestivit
1948 3742 2025 3786 tu-

445 3830 580 3884 nicis
611 3831 770 3885 lineis
790 3839 846 3883 et
871 3828 1039 3884 cinxit
1066 3827 1305 3893 balthco,
1338 3826 1701 3897 imposuitque
1727 3825 1933 3890 mitras,
1967 3833 2027 3878 ut

350 3904 357 3917 ’
440 3920 678 3991 iusserat
718 3920 997 3973 Dominus.
1032 3936 1051 3969 ι

354 3996 361 4001 ’
518 4011 743 4066 Tunicae
772 4012 896 4066 ﬁliis
921 4012 1126 4076 Aaron,
1155 4010 1362 4066 similes
1388 4007 1590 4075 Aaron,
1628 4017 1686 4064 et
1720 4022 1893 4075 zonae,
1927 4022 2025 4063 seu

445 4104 647 4161 halthei
676 4105 903 4168 similes,
931 4113 985 4159 et
1014 4104 1237 4176 cydares
1266 4103 1379 4158 sive
1410 4103 1585 4157 mitra:
1645 4101 2023 4175 imponuntur.

445 4195 628 4266 Ipsum
659 4196 805 4250 enim
828 4195 1084 4257 induunt,
1114 4195 1232 4264 ipso
1260 4193 1574 4266 cinguntur,
1597 4191 1774 4262 ipsum
1809 4200 2027 4262 portant

446 4287 499 4340 iu
531 4287 724 4358 capite,
759 4286 903 4340 unde
924 4295 977 4340 et
1011 4285 1208 4339 Paulus
1233 4284 1365 4339 dicit
1391 4301 1403 4337 :
1437 4283 1583 4340 State
1610 4286 1874 4354 praecincti
1891 4284 2029 4341 tum-

2126 3113 2341 3183 adipem
2379 3104 2617 3164 adolevit
2649 3103 2779 3175 igni,
2820 3100 2945 3154 lotis
2991 3096 3144 3167 prius
3180 3091 3477 3155 intestinis,
3504 3097 3563 3143 et
3595 3101 3697 3156 pe-

2122 3179 2283 3258 dibus
2313 3208 2595 3268 totumque
2625 3191 2786 3249 simul
2805 3189 3028 3244 arietem
3065 3182 3311 3239 incendit
3340 3195 3504 3251 super
3528 3179 3699 3232 altare

2123 3310 2189 3350 eo
2218 3293 2361 3365 quod
2396 3297 2540 3345 esset
2587 3286 2960 3341 holocaustum
3010 3273 3318 3331 suavissimi
3353 3270 3537 3328 odoris
3586 3269 3698 3324 Do-

2126 3386 2277 3450 mini,
2307 3385 2448 3439 sicut
2478 3381 2812 3452 praeceperat
2838 3372 3117 3426 Dominus.
3154 3386 3172 3419 ι

2194 3476 2313 3531 Νοιι
2351 3488 2519 3528 unum
2541 3470 2702 3524 nobis
2732 3474 2943 3520 tantum
2975 3467 3277 3531 peccatum,
3304 3455 3399 3510 sed
3433 3453 3598 3508 multa
3631 3466 3699 3506 ex

2123 3562 2397 3636 Unigeniti
2429 3558 2698 3616 sacriﬁcio
2721 3562 2849 3610 sunt
2878 3556 3097 3613 donata,
3131 3547 3185 3603 id
3215 3554 3301 3601 est
3329 3544 3496 3599 totius
3528 3557 3701 3614 gene-

2125 3656 2200 3712 ris
2228 3635 2453 3710 humani
2487 3648 2737 3705 remissio
2766 3665 2779 3699 :
2809 3645 2916 3700 vita
2950 3644 3003 3697 in
3048 3636 3394 3712 phi1050phia
3432 3635 3699 3705 perfecta,

2124 3758 2178 3804 et
2228 3744 2518 3818 singularis
2546 3739 2933 3813 mysteriorum
2963 3734 3091 3789 novi
3149 3727 3463 3786 testamenti
3520 3727 3701 3780 intro-

2125 3816 2339 3905 ductio,‘
2360 3836 2426 3891 ad
2456 3847 2686 3905 quorum
2714 3826 3046 3897 exemplaria
3079 3829 3133 3878 et
3163 3821 3362 3892 ﬁguras
3409 3816 3697 3881 sacriﬁcia,

2122 3943 2244 4001 qua:
2292 3939 2537 3999 persona:
2573 3922 2917 3991 assignantur
2964 3912 3273 3986 pontiﬁcis,‘
3310 3910 3699 3975 offerebantur,

2125 4019 2359 4077 maxime
2389 4016 2633 4071 umbram
2682 4009 3006 4073 cmlestium,
3041 4021 3139 4076 per
3185 4018 3248 4058 ea
3276 4019 3399 4073 quae
3451 4002 3505 4055 in
3538 4002 3699 4056 terris

2125 4112 2447 4183 agebantur,
2473 4103 2836 4163 ostendentia.
2869 4099 3024 4167 Quod
3051 4096 3362 4152 manifestat
3393 4095 3590 4149 Paulus
3619 4093 3700 4147 sic

2126 4207 2194 4261 de
2226 4202 2451 4257 Domino
2483 4199 2671 4253 dicens
2701 4213 2715 4249 :
2752 4192 2809 4248 Si
2840 4193 2978 4247 enirn
3007 4198 3136 4244 esset
3167 4204 3322 4258 super
3352 4194 3569 4246 terram.
3607 4198 3700 4237 nec

2126 4303 2255 4351 esset
2303 4284 2566 4354 sacerdos,
2596 4303 2714 4341 cum
2763 4292 2929 4338 essent
2983 4281 3073 4352 qui
3125 4274 3363 4348 offerrent
3411 4274 3699 4353 secundum

450 4383 538 4430 bos
574 4384 771 4431 vestros
813 4376 869 4429 in
907 4375 1149 4437 veritate,
1180 4373 1382 4429 veritas
1415 4382 1598 4427 autem
1632 4372 1883 4429 Christus
1912 4391 1925 4428 :
1956 4374 2025 4428 Et
2057 4390 2102 4449 ο
2131 4390 2290 4459 legem
2327 4399 2545 4438 munera
2595 4380 2684 4451 qut
2731 4374 3021 4444 exenipIari
3062 4381 3112 4426 et
3159 4371 3359 4425 umbra:
3402 4367 3699 4422 deserviunt

450 4465 623 4521 induti
679 4465 842 4518 lorica
877 4464 1200 4534 justitiaz“,
1251 4465 1429 4534 ipsum
1463 4472 1645 4518 autem
1699 4464 1790 4533 qui
1851 4464 2027 4520 factus

450 4566 535 4613 est
560 4556 716 4611 nobis
752 4572 781 4611 a
818 4557 928 4610 Deo
961 4555 1227 4626 sapientia
1253 4564 1308 4609 et
1342 4552 1573 4625 justitia.
1606 4552 1716 4609 Sed
1767 4565 1824 4610 et
1878 4555 2027 4626 galea

358 4720 365 4729 _
450 4663 552 4704 nos
585 4644 776 4702 salutis
810 4642 1012 4701 Paulus
1056 4646 1206 4702 indui
1240 4636 1497 4716 praecepit
1528 4664 1541 4699 :
1588 4644 1840 4701 Christus
1879 4633 2027 4701 enim

447 4739 686 4797 Salutare
738 4746 843 4805 est,
904 4737 1042 4792 sicut
1076 4735 1306 4810 Symeon
1341 4735 1660 4791 testiﬁcatus
1700 4744 1825 4791 est:
1877 4736 2031 4792 Nunc

448 4830 672 4886 dimittis
731 4845 937 4884 seruum
973 4839 1141 4895 tuum,
1200 4826 1447 4893 Domine,
1478 4828 1764 4883 secundum
1820 4827 2037 4882 verbum

355 4918 361 4929 ’
451 4931 599 4975 tuum
657 4922 710 4975 in
764 4937 914 4993 pace,
957 4921 1082 4993 quia
1138 4921 1379 4974 viderunt
1438 4917 1576 4973 oculi
1635 4919 1735 4974 mei
1793 4916 2032 4972 saiutare

356 5002 359 5007 ’
452 5023 619 5069 tuum.
652 5012 973 5083 Quicunque
994 5013 1141 5067 enim
1184 5011 1403 5068 Christo
1432 5012 1755 5077 induuntur,
1788 5026 1885 5081 per
1904 5026 2031 5068 eum

354 5181 361 5189 .
450 5114 503 5161 et
531 5104 743 5160 Patrem
766 5106 1085 5161 induuntur.

522 5195 686 5250 Vens.
726 5196 909 5255 H-H.
956 5217 974 5250 ι
1003 5195 1213 5252 Obtulit
1243 5204 1299 5253 et
1353 5196 1586 5252 vitulum
1636 5210 1737 5266 pro
1778 5204 2025 5277 peccato.

455 5303 691 5359 cumque
722 5305 887 5360 super
916 5286 1080 5362 caput
1110 5290 1230 5362 ejus
1271 5288 1583 5365 posuissent
1604 5288 1800 5342 .Aaron
1848 5295 1905 5341 et
1935 5286 2028 5340 ﬁlii

454 5381 573 5448 ejus
614 5397 805 5436 manus
840 5398 983 5449 suas,
1044 5382 1350 5438 immolavit
1401 5396 1548 5446 eum,
1582 5380 1843 5436 hauriens
1903 5394 2030 5434 san-

531 5585 580 5655 ξξ
608 5582 803 5655 Ephes.
840 5600 923 5645 ut,
954 5589 1004 5655 9,
1042 5590 1124 5643 ιο.

460 5650 499 5680 "
538 5651 822 5717 llehrmu,
856 5657 906 5707 4.

1240 5587 1445 5642 “Psal.
1472 5601 1615 5651 xmv,
1653 5586 1703 5650 7,
1729 5585 1784 5639 8.
1856 5648 1861 5655 ⁸
1898 5584 1942 5616 ³³
1967 5580 2165 5653 Ephes.
2205 5596 2279 5641 vt,
2322 5577 2411 5631 14(

2129 4456 2412 4534 cretestium
2441 4474 2508 4526 ³⁷.
2584 4470 2727 4525 Dicit
2746 4477 2927 4522 autem
2954 4476 3071 4528 eos,
3096 4460 3191 4532 qui
3222 4458 3512 4528 in'templo
3539 4456 3704 4511 Jeru-

2093 4563 2098 4567 ’
2128 4566 2295 4622 salem
2327 4570 2458 4619 tunc
2491 4557 2866 4615 immolabant.
2906 4552 3043 4619 Quia
3072 4565 3202 4606 vero
3232 4548 3480 4620 depinxit
3530 4562 3703 4601 unum

2127 4668 2183 4713 et
2203 4655 2454 4711 eumdem
2484 4651 2782 4713 hominem,
2813 4646 3113 4708 sedentem,
3143 4649 3476 4706 currentem,
3504 4648 3558 4694 et
3578 4655 3712 4692 rur-

2131 4766 2225 4806 sus
2272 4754 2545 4804 stantem:
2579 4742 2894 4798 differentes
2945 4736 3109 4791 etiam
3136 4732 3483 4804 operationes
3512 4730 3709 4787 volens

2131 4853 2423 4912 exponere,
2451 4835 2625 4891 varias
2655 4833 2855 4904 ﬁguras
2883 4830 2951 4884 ad
2970 4825 3394 4896 unumquodque
3421 4822 3540 4894 ejus
3568 4836 3710 4892 Opus

2133 4934 2376 4991 dividere
2421 4939 2569 4984 recte
2627 4924 2995 4995 compellitur.
3033 4921 3330 4985 Propterea
3383 4916 3464 4971 lex
3521 4927 3709 4971 sacer-

2135 5028 2338 5090 dotem,
2368 5023 2426 5076 in
2454 5020 2639 5075 multis
2671 5016 2959 5086 imaginem
2990 5012 3255 5067 ferentem
3297 5008 3533 5072 Domini,
3560 5022 3715 5062 nunc

2135 5119 2368 5174 vitulum
2398 5128 2501 5185 pro
2557 5109 2793 5183 peccatis
2825 5105 3128 5170 immolare,
3173 5110 3229 5157 et
3261 5111 3414 5157 extra
3447 5100 3711 5156 taberna-

2137 5210 2319 5266 culum
2377 5204 2670 5262 incendere
2717 5198 3016 5271 praecepit:
3071 5197 3149 5251 sic
3188 5194 3335 5250 enim
3386 5204 3442 5249 et
3494 5191 3710 5248 Domini

2136 5302 2486 5366 sacriﬁcium,
2517 5298 2584 5353 ad
2638 5295 2970 5350 ablutionem
3020 5301 3232 5346 naturae
3259 5297 3463 5344 nostra
3513 5299 3710 5357 pecca-

2138 5406 2317 5453 torum
2375 5393 2578 5449 factum
2621 5397 2725 5444 est.
2770 5385 2927 5440 Nunc
2973 5392 3156 5440 autem
3193 5384 3392 5437 iterum
3437 5380 3490 5436 ei
3539 5377 3716 5435 sacri-

2517 5573 2561 5615 "
2596 5572 2727 5626 Luc.
2761 5585 2821 5635 ιι,
2853 5568 2947 5635 9.9,
2990 5569 3081 5624 30.
3183 5568 3227 5600 ³⁸
3257 5564 3414 5622 Rom.
3459 5581 3534 5631 vr,
3565 5564 3622 5632 5,
3654 5563 3713 5624 ι.
