4076 6188
445 282 546 352 881

1594 279 1677 341 ΙΝ
1712 278 2153 341 ιΕνΙΤΙωΜ.
2187 301 2249 311 ·-
2290 277 2435 336 LIB.
2477 277 2562 336 II.

3594 270 3725 334 sse-
3804 260 3817 371 _‘

450 403 630 482 ﬁcipm
659 400 802 457 aliud
850 401 906 456 in
952 401 1269 457 holocausto
1328 399 1517 455 arietis
1576 396 1837 468 praecepit
1870 380 2014 449 ﬁeri.
2044 400 2093 455 Α
2189 391 2387 463 Aperte
2414 390 2531 447 hac
2552 390 2762 444 sanctio
2797 404 2986 442 eorum
3020 384 3314 457 quae'circa
3338 400 3437 439 nos
3465 396 3699 456 aguntur

450 494 753 549 Cruciﬁxus
793 493 938 547 enim
957 493 1195 548 mundus
1220 500 1276 546 et
1302 490 1626 546 renuntians
1653 487 1857 542 mundo
1881 501 2017 540 con-

453 586 705 650 versatio,
751 601 873 654 qua:
915 594 999 639 est
1044 586 1444 649 holocaustum,
1508 582 1784 639 Christum
1847 580 2014 635 habet

452 674 737 745 primitias,
761 675 1143 744 doctoremque
1173 683 1229 728 et
1262 673 1590 744 exemplum,
1627 680 1850 742 propter
1878 668 2024 739 quod

455 765 621 820 dixit:
662 763 763 829 Qui
799 781 901 818 non
941 766 1132 833 accipit
1185 781 1408 829 crucem,
1442 773 1489 817 et
1519 764 1755 833 sequitur
1785 776 1886 824 me,
1922 775 2025 812 non

455 867 530 912 est
559 874 639 911 me
667 858 855 927 dignus
876 857 919 888 ⁸⁸
947 875 961 924 ;
994 857 1045 911 id
1078 865 1181 920 est,
1217 857 1311 926 qui
1332 857 1410 911 sic
1429 871 1539 910 non
1563 853 1842 909 renuntiat
1865 865 2025 905 mun-

456 949 546 1013 do,
578 948 717 1002 sicut
738 964 767 1002 a
796 964 882 1002 me
912 948 962 1002 ei
1009 947 1266 1002 traditum
1312 956 1413 1011 est,
1468 947 1572 1001 hoc
1604 953 1690 999 est
1727 943 1872 999 enim
1896 955 2025 995 eum

458 1036 634 1106 sequi,
667 1052 777 1092 non
801 1045 884 1092 est
908 1053 993 1092 me
1022 1038 1238 1110 dignus.
1269 1034 1374 1091 Sed
1401 1036 1558 1106 cujus
1576 1034 1654 1090 rei
1670 1033 1856 1115 ~gratia
1886 1031 2026 1087 divi-

458 1123 608 1178 ditur
634 1123 1008 1180 holocaustum
1037 1125 1060 1178 ?

532 1213 697 1268 Pedes
751 1224 927 1271 autem
973 1216 1086 1286 ejus
1138 1227 1191 1271 et
1225 1218 1495 1283 intestina,
1557 1217 1673 1271 sive
1727 1213 2030 1270 secundum

463 1303 624 1371 LXX,
666 1316 865 1370 venter,
895 1307 1161 1363 (arantur.
1206 1307 1588 1379 lnterpretatio
1621 1307 2031 1362 holocautoma-

464 1395 552 1463 tis,
588 1412 709 1466 qua:
747 1398 800 1451 in
828 1398 988 1452 initio
1017 1399 1140 1453 libri
1164 1399 1303 1467 facta
1331 1408 1437 1463 est,
1486 1397 1820 1453 suﬁleienter
1848 1395 2035 1466 exple-

463 1486 580 1541 vit:
627 1489 773 1558 quod
825 1498 1007 1544 autem
1039 1489 1292 1545 immutat
1345 1490 1413 1544 de
1462 1486 1749 1555 sacriﬁcio,
1790 1488 2033 1545 hocne-

460 1578 697 1633 eessarie
731 1578 951 1645 dicitur,
985 1580 1111 1649 quia
1145 1580 1219 1635 ibi
1265 1581 1484 1651 quidem
1511 1590 1692 1650 partes
1729 1577 1847 1632 ﬁeri
1874 1577 2031 1631 obla-

461 1668 668 1723 tionum
701 1669 854 1735 dixit,
878 1686 1076 1741 corpus
1101 1686 1198 1741 per
1224 1672 1329 1727 hoc
1353 1671 1667 1743 signiﬁcans
1696 1678 1757 1724 et
1795 1668 2033 1723 animam

2122 484 2504 555 mysteriorum
2561 480 2783 552 exponit
2824 478 3195 543 traditionem,
3246 487 3300 531 et
3331 474 3531 547 pascha
3585 493 3702 546 my-

2122 573 2338 638 sticum,
2377 573 2523 642 quod
2545 571 2795 627 Christus
2838 584 2961 624 cum
2990 566 3272 637 discipulis
3301 567 3415 621 suis
3438 566 3699 627 comedit,

2125 646 2389 734 signiﬁcat
2413 664 2555 734 quod
2577 664 2769 718 docent
2791 678 2853 717 ea
2877 677 2994 731 quae
3017 675 3113 729 per
3140 669 3322 729 partes
3352 658 3408 711 in
3437 657 3703 712 sacriﬁcio

2125 757 2307 827 peragi
2332 756 2750 826 prtecipiuntur.

2195 846 2391 903 Obtulit
2420 856 2468 901 et
2503 848 2719 901 arietem
2747 847 3029 899 secundum
3069 846 3121 897 in
3157 841 3597 896 consecrationem
3617 857 3705 893 sa-

2129 936 2573 991 cerdotum.LXX
2592 946 2771 991 autem
2803 936 2972 990 edunt
2996 951 3009 985 :
3041 931 3243 989 Obtulit
3264 932 3460 1001 Moyses
3484 931 3704 984 arietem

2127 1027 2410 1080 secundum
2439 1026 2833 1095 explicationis.
2864 1024 3035 1079 Recte
3083 1014 3277 1078 eorum
3321 1022 3469 1093 quod
3520 1021 3573 1074 in
3606 1036 3706 1075 nos

2129 1117 2457 1172 celebratum
2490 1127 2574 1172 est
2599 1116 2934 1188 mysterium,
2972 1114 3300 1170 sacriﬁcium
3325 1113 3708 1183 explicationis

2131 1208 2473 1279 appellatur;
2523 1209 2702 1278 ipsum
2740 1207 2886 1261 enim
2944 1222 3045 1261 nos
3106 1204 3335 1276 perfecit
3384 1219 3508 1282 cum
3558 1204 3709 1274 prius

2119 1283 2421 1355 'fuissemus
2437 1298 2634 1353 inﬁrmi
2654 1315 2670 1364 ;
2689 1307 2743 1352 et
2765 1298 2834 1352 ab
2862 1296 3182 1367 imperfecta
3205 1295 3361 1351 lactis
3378 1293 3702 1349 educatione

2134 1391 2407 1461 produxit,
2433 1390 2485 1444 id
2514 1398 2598 1445 est
2634 1390 2703 1444 ab
2725 1403 2791 1443 ea
2820 1404 2943 1458 quae
2985 1389 3039 1441 in
3063 1388 3180 1458 lege
3206 1395 3309 1452 est,
3340 1386 3406 1441 de
3432 1402 3536 1454 qua
3565 1384 3708 1439 Pau-

2133 1483 2219 1536 lus
2244 1481 2371 1536 dicit
2397 1498 2410 1535 :
2443 1480 2623 1536 Omnis
2648 1480 2785 1534 enim
2814 1479 2903 1550 qui
2934 1478 3085 1532 lactis
3114 1486 3190 1531 cst
3222 1477 3504 1546 particeps,
3528 1492 3710 1545 expers

2136 1583 2210 1627 est
2231 1574 2484 1627 sermonis
2515 1573 2755 1639 iustitia,
2790 1571 3041 1642 parvulus
3059 1571 3194 1623 enim
3214 1577 3288 1622 est
3310 1568 3374 1621 ‘°.
3397 1566 3707 1623 Et‘rursus:

2136 1662 2481 1723 Niltil'autem
2504 1664 2574 1718 ad
2591 1665 2877 1735 perfectum
2910 1661 3136 1715 adduxit
3168 1659 3270 1724 lex,
3299 1659 3713 1712 subintroductio

461 1758 659 1813 debere
685 1759 891 1822 olferri,
915 1761 969 1815 in
997 1762 1153 1816 nobis
1181 1770 1364 1816 autem
1402 1761 1485 1815 ha:
1507 1760 1825 1825 divisiones,
1846 1767 2035 1830 utpote

2140 1762 2312 1807 autem
2360 1754 2582 1824 majoris
2627 1754 2743 1824 spei
2792 1768 2907 1824 qua:
2944 1753 3072 1806 data
3124 1759 3219 1817 est,
3254 1752 3307 1804 in
3358 1750 3458 1804 hac
3506 1764 3597 1803 nos
3625 1765 3714 1818 spe

461 1863 582 1917 quae
631 1849 733 1903 sibi
764 1850 1000 1905 invicem
1027 1860 1154 1907 sunt
1182 1853 1493 1919 contrariae,
1537 1852 1843 1907 secundum
1886 1851 2034 1922 quod

462 1938 661 1992 Paulus
690 1939 785 2006 ait,
813 1942 1167 1996 nominantur
1193 1941 1274 2009 ⁸⁹;
1308 1942 1366 1997 in
1423 1942 1644 1998 Christo
1701 1952 1887 1998 autem
1924 1959 2036 1999 non

464 2039 592 2083 sunt
610 2030 925 2097 divisiones,
954 2031 1231 2102 hominem
1257 2034 1456 2104 quippe
1472 2033 1733 2089 mundum
1762 2051 1792 2089 a
1816 2045 2037 2105 peccato

467 2118 785 2175 incarnatus
814 2131 917 2188 est,
948 2121 1039 2192 qui
1069 2137 1177 2176 non
1200 2132 1283 2178 est
1312 2124 1518 2179 divisus
1555 2124 1611 2177 in
1636 2125 1891 2194 operibus
1921 2142 2040 2180 car-

468 2207 576 2270 nis,
612 2207 810 2276 quibus
840 2209 1159 2265 adversatur
1190 2211 1434 2280 spiritus,
1474 2221 1696 2282 propter
1743 2214 1888 2282 quod
1938 2230 2041 2273 nec

468 2297 796 2352 divisionum
819 2298 875 2352 in
905 2314 970 2353 eo
1037 2299 1302 2355 sacriﬁcio
1355 2303 1443 2356 lex
1513 2302 1831 2358 memoriam
1887 2303 2037 2360 fecit.

471 2388 577 2442 Pro
610 2404 676 2444 eo
704 2399 882 2444 autem
932 2393 1076 2461 quod
1132 2393 1363 2449 vitulum
1405 2394 1631 2464 quidem
1684 2395 1738 2449 in
1793 2405 2038 2466 peccato,

473 2478 697 2532 arietem
723 2490 902 2556 autem
937 2483 993 2536 in
1022 2483 1399 2538 holocaustum
1424 2484 1678 2539 sacerdos
1698 2485 1912 2552 oﬁ‘eret,
1937 2487 2041 2542 hoc

473 2567 720 2624 absolute
748 2572 835 2626 lex
860 2572 1144 2644 signiﬁcat,
1178 2584 1238 2629 ut
1263 2575 1388 2645 quia
1425 2576 1768 2632 conversatio
1795 2578 2042 2647 perfecta

473 2674 572 2728 per
608 2660 1058 2719 holocautomatis
1115 2666 1449 2722 oblationem
1492 2670 1857 2740 cognoscitur,
1892 2671 2040 2726 aries

473 2754 780 2808 necessario
803 2753 855 2808 in
884 2756 1212 2811 sacriﬁcium
1255 2758 1513 2815 oll'eratur
1545 2777 1561 2827 ;
1599 2761 1687 2816 hic
1713 2762 1912 2832 quippe
1942 2763 2044 2816 du-

472 2845 653 2891 catum
693 2841 935 2908 praebere
981 2843 1174 2899 ovibus
1202 2846 1465 2901 euntibus
1524 2848 1580 2901 in
1613 2864 1833 2919 pascua,
1885 2860 1940 2905 et
1976 2850 2046 2906 ad

473 2941 748 2997 egressum
784 2930 1193 3003 ingressumque
1219 2950 1248 2988 a
1282 2937 1470 3001 caulis,
1504 2948 1560 2993 et
1599 2938 1650 2992 in
1679 2941 1862 2996 caulas
1883 2941 2042 3009 solet,

473 3017 611 3071 sicut
637 3029 692 3075 et
714 3020 965 3077 Christus
996 3024 1106 3079 dux
1133 3026 1385 3095 perlecta:
1411 3032 1844 3087 conversationis
1878 3043 1982 3098 est,
2013 3050 2043 3088 a
2070 3067 2115 3124 α

471 3123 580 3178 quo
605 3109 1105 3183 videlicetsumpsit
1129 3117 1433 3183 exordium,
1465 3129 1628 3190 atque
1673 3120 1796 3176 ideo
1836 3122 2044 3180 intrare

476 3213 575 3266 per
593 3215 674 3265 se,
702 3209 758 3256 et
785 3203 934 3259 exire
963 3205 1155 3260 ovibus
1184 3208 1550 3279 praecipiebat.

544 3289 704 3346 Vens.
737 3293 926 3350 22-29.
958 3294 1169 3352 Obtulit
1216 3309 1273 3354 et
1323 3300 1549 3357 arietem
1601 3305 1923 3375 secundum,
1990 3309 2053 3364 in

476 3387 943 3474 consecrationem
1001 3393 1384 3459 sacerdotum,
1433 3408 1840 3470 posueruutque
1884 3418 2047 3474 super

476 3481 637 3539 caput
657 3473 775 3541 ejus
794 3475 995 3541 Aaron,
1017 3486 1071 3531 et
1092 3478 1185 3531 ﬁlii
1203 3480 1321 3550 ejus
1338 3497 1532 3538 manus
1552 3500 1698 3542 suas.
1722 3487 1896 3554 Quem
1922 3473 2044 3547 cum

479 3559 809 3618 immolasset
862 3566 1094 3636 Moyses,
1133 3586 1355 3626 sumens
1385 3572 1452 3627 de
1521 3578 1804 3647 sanguine,
1876 3584 2047 3654 tetigit

477 3661 781 3707 extremum
819 3656 1077 3712 auricula:
1100 3659 1303 3716 dextrae
1335 3662 1516 3717 Aaron
1554 3675 1609 3721 et
1648 3669 1892 3738 pollicem
1932 3690 2047 3729 ma-

478 3758 580 3797 nus
612 3745 731 3813 ejus
760 3746 982 3810 dextra}.
1013 3749 1264 3806 similiter
1294 3762 1348 3807 ct
1370 3755 1521 3822 pedis
1550 3756 1748 3824 dextri,
1780 3762 2047 3821 obtulitet

477 3832 614 3887 ﬁlios
640 3835 837 3891 Aaron.
871 3839 1114 3910 Cumque
1136 3842 1202 3896 de
1233 3845 1499 3913 sanguine
1543 3849 1732 3905 arietis
1780 3852 2045 3913 immolati

476 3924 736 3994 tetigisset
783 3937 1084 3984 extremum
1136 3934 1393 3989 auriculze
1450 3937 1784 4011 singulorum
1816 3945 2050 4014 dextrm,

386 4045 391 4050 ι
473 4021 526 4067 et
563 4014 781 4083 pollices
806 4036 997 4076 manus
1027 4039 1093 4078 ac
1148 4026 1299 4094 pedis
1337 4027 1536 4095 dextri,
1609 4034 1876 4103 reliquum
1906 4037 2045 4093 ludit

473 4118 638 4174 super
663 4108 829 4164 altare
858 4111 910 4164 iu
956 4114 1207 4170 circuitu.
1240 4119 1467 4190 Adipem
1503 4138 1631 4179 vero
1679 4137 1735 4180 et
1790 4131 2040 4198 caudam,

472 4210 797 4269 omnemque
819 4204 1201 4274 pinguedinem
1224 4226 1347 4279 qua:
1381 4214 1556 4281 operit
1594 4215 1871 4285 intestina,
1914 4223 2045 4275 reti-

469 4288 984 4361 culumqucjecoris,
1010 4306 1062 4351 et
1078 4298 1214 4355 duos
1236 4317 1393 4357 renes
1414 4306 1801 4376 cumadipibus
1821 4312 1953 4380 suis,
1990 4322 2045 4368 et

469 4394 620 4432 armo
645 4382 835 4438 dextro
890 4391 1180 4456 separavit.
1222 4391 1438 4448 Tollens
1488 4406 1670 4452 autem
1700 4401 1768 4455 de
1802 4404 2038 4461 canistro

2147 4397 2305 4450 super
2333 4381 2506 4436 altare
2552 4400 2644 4453 per
2671 4385 2969 4438 circuitum.
3020 4383 3154 4450 Quis
3175 4385 3251 4440 sit
3270 4386 3518 4440 sacriﬁcii
3560 4387 3720 4455 hujus
3812 4406 3818 4412 '

469 4479 961 4566 azymorum,quod
989 4488 1102 4533 erat
1130 4496 1310 4537 coram
1340 4483 1587 4554 Domino,
1614 4506 1807 4559 panem
1838 4495 2045 4566 absque

470 4558 740 4617 fermento
768 4574 822 4619 et
848 4568 1161 4639 collyridam
1188 4589 1536 4645 consparsam
1585 4558 1726 4648 oleo,
1755 4558 2045 4660 laganum-

468 4664 596 4720 que,
637 4656 817 4721 posuit
845 4675 1009 4728 super
1029 4663 1237 4733 adipes,
1281 4674 1337 4720 et
1369 4685 1579 4725 armum
1621 4656 1897 4740 dextrum,
1933 4687 2043 4732 tra~

468 4739 602 4836 deus
631 4743 792 4798 simul
816 4751 999 4803 omnia
1020 4751 1201 4807 Aaron
1224 4764 1277 4809 et
1310 4757 1433 4812 ﬁliis
1447 4759 1587 4829 ejus.
1616 4761 1717 4828 Qui
1747 4776 2035 4836 postquam

466 4830 864 4891 levaveruntea
891 4854 1071 4895 coram
1128 4843 1374 4913 Domino,
1435 4866 1650 4905 rursum
1686 4830 1936 4926 suscepta
1970 4858 2037 4913 de

464 4923 718 4981 manibus
742 4942 952 4995 eorum,
992 4933 1227 4990 adolevit
1277 4953 1444 5008 super
1495 4943 1665 4997 altare
1706 4923 2033 5012 holocausti,

464 5030 530 5068 eo
574 5020 717 5087 quod
760 5027 1187 5083 consecrationis
1233 5042 1377 5086 esset
1428 5034 1648 5096 oblatio,
1701 5037 1753 5090 in
1807 5041 2033 5096 odorem

466 5111 746 5197 suavitatis
798 5117 1046 5173 sacriﬁcii
1074 5120 1311 5176 Domini.
1361 5124 1505 5180 Tulit
1534 5135 1586 5179 et
1628 5133 2032 5197 pectusculum,

464 5196 682 5254 elevans
709 5202 838 5260 illud
867 5223 1051 5264 coram
1109 5210 1355 5278 Domino,
1396 5215 1461 5269 de
1522 5217 1694 5272 ariete
1741 5236 2033 5277 consecra-

465 5289 633 5346 tionis
683 5294 735 5349 in
769 5310 976 5366 partem
1003 5317 1182 5370 suam,
1235 5306 1378 5361 sicut
1434 5309 1693 5378 prmcepit
1746 5312 1794 5366 ei
1851 5313 2034 5370 Domi-

462 5398 588 5438 nus.
627 5403 646 5437 ι

470 5559 566 5649 LM"
597 5564 991 5649 bla_tth.ls,_‘38..
1067 5572 1111 5604 ³⁵
1149 5571 1423 5649 ῐὶοιιιζνιι,
1462 5576 1487 5629 l
1521 5593 1669 5649 seqq.

458 5646 582 5699 xxv,
627 5633 716 5689 12.
792 5637 837 5668 ⁸⁵
868 5638 1010 5695 Psal.
1057 5658 1238 5709 xxxix,
1291 5645 1344 5698 '5.

1773 5584 1815 5615 ⁵ο
1849 5583 2012 5639 llehr.
2045 5603 2098 5653 v,
2132 5587 2214 5643 lb’.
2286 5587 2327 5620 “
2359 5588 2520 5644 llebr.
2554 5605 2644 5654 vn,
2678 5589 2766 5643 49.

2138 1845 2406 1899 constituit
2441 1844 2507 1897 “L
2568 1844 2952 1900 Verumtamen
3000 1841 3327 1897 sacriﬁcium
3388 1841 3490 1896 hoc
3541 1855 3662 1894 eam
3690 1879 3704 1902 ,

2138 1950 2257 2006 qua:
2288 1935 2432 1991 dicta
2469 1945 2552 1991 est
2582 1936 2755 2006 maj‘or
2781 1950 2927 2005 spes,
2974 1949 3072 2005 per
3103 1949 3266 2004 quam
3319 1946 3536 2001 semper
3584 1946 3709 2002 pro-

2140 2028 2465 2099 pinquamus
2485 2028 2552 2083 ad
2584 2028 2930 2083 serviendum
2960 2027 3090 2091 Deo,
3125 2026 3320 2081 innuit.
3361 2025 3473 2080 Cur
3529 2032 3712 2078 autem

2140 2121 2303 2185 aries,
2329 2122 2601 2176 secundus
2642 2106 2736 2177 hic
2788 2135 2935 2175 nunc
2977 2119 3119 2174 aries
3159 2118 3521 2173 nominatur?
3578 2116 3713 2184 Quia
3792 2128 3797 2137 ‘

2142 2212 2389 2268 videlicet
2412 2212 2566 2283 prius
2592 2212 2877 2283 ﬁguratam
2914 2226 3093 2277 ovem,
3125 2225 3248 2263 cum
3303 2208 3564 2279 apostolis
3602 2222 3713 2262 cm-

2143 2320 2280 2360 nans
2317 2304 2580 2359 Dominus
2610 2312 2798 2374 postea
2840 2319 2998 2358 suum
3037 2302 3237 2357 obtulit
3287 2299 3635 2359 sacriﬁcium.
3659 2307 3715 2352 et

2144 2394 2386 2449 secundo
2418 2394 2559 2449 sicut
2606 2408 2763 2449 ovem
2794 2393 2910 2463 ipse
2938 2391 3295 2460 semetipsum
3326 2389 3548 2454 occidit,
3570 2389 3715 2458 quod

2143 2484 2519 2538 demonstrant
2545 2482 2851 2553 sequentia.
3606 2494 3610 2503 '

2218 2571 2612 2644 Posueruntque
2639 2571 2819 2626 Aaron
2840 2580 2886 2626 et
2915 2571 3014 2640 ﬁlii
3038 2588 3151 2641 ejus
3168 2587 3356 2625 manus
3393 2586 3518 2624 suas
3564 2585 3723 2639 super.

2146 2672 2301 2735 caput
2315 2665 2448 2734 ejus.
2481 2663 2642 2729 Quem
2663 2679 2781 2717 cum
2802 2662 3122 2716 immolasset
3143 2660 3367 2731 Moyses.
3392 2659 3714 2715 Necessaria

2147 2755 2306 2810 simul
2340 2770 2462 2809 cum
2488 2755 2669 2810 Aaron
2699 2761 2754 2810 et
2807 2753 2899 2808 ﬁlii
2930 2752 3049 2823 eius
3099 2767 3262 2823 super
3321 2759 3488 2821 caput
3533 2750 3721 2805 arietis

2148 2861 2343 2901 manus
2374 2846 2682 2919 imponunt,
2736 2845 2863 2916 quia
2912 2859 3261 2900 communem
3317 2857 3528 2897 caenam
3562 2840 3721 2895 festi-

2147 2936 2328 2991 vitatis
2358 2934 2636 2991 Paschalis
2680 2952 2805 2991 cum
2850 2936 2965 2990 suis
2995 2935 3245 2989 Christus
3270 2932 3549 3002 discipulis
3573 2932 3719 2986 cele-

2147 3028 2343 3085 bravit.
2368 3027 2506 3083 Cum
2546 3029 2695 3083 enim
2738 3028 3001 3098 quosdam
3043 3025 3430 3096 discipulorum
3478 3024 3547 3079 ad
3578 3039 3718 3094 pra:-

2148 3117 2484 3189 parationem
2521 3118 2737 3184 domus,
2767 3119 2821 3173 in
2845 3133 2951 3189 qua
2983 3117 3191 3171 Pascha
3213 3116 3586 3171 celebraturus
3603 3122 3722 3169 erat

2151 3208 2427 3279 dirigeret,
2461 3210 2540 3264 sic
2574 3210 2694 3264 ait:
2756 3210 2922 3263 Dicite
2964 3206 3347 3278 patrifamilias
3412 3206 3536 3277 quia
3586 3222 3707 3259 ma-

2146 3300 2526 3370 gister-dicit:
2564 3298 2660 3354 Ubi
2708 3308 2794 3353 est-
2822 3299 3168 3353 diversorium
3225 3297 3313 3351 ubi
3352 3298 3549 3367 pascha
3603 3312 3724 3349 cum

2146 3388 2419 3458 discipulis
2474 3390 2603 3443 meis
2654 3389 2963 3442 mendacem
2989 3389 3078 3442 "?
3132 3388 3237 3442 Sed
3285 3387 3493 3458 Moyses
3546 3386 3721 3440 sacri—

2147 3480 2328 3535 ﬁcium
2365 3482 2467 3535 hoc
2495 3480 2751 3542 celebrat,
2783 3481 2907 3550 quia
2942 3481 3110 3551 magis
3133 3480 3200 3534 ab
3232 3479 3351 3533 aliis
3377 3481 3490 3548 ipse
3515 3478 3741 3532 Christi

2147 3569 2369 3640 ﬁguram
2396 3570 2552 3641 gerit.
2584 3568 2738 3624 Tunc
2753 3578 2933 3625 autem
2950 3570 3191 3623 maxime
3213 3569 3538 3623 sacriﬁcium
3558 3584 3721 3622 suum

2145 3658 2393 3715 Christus
2423 3660 2735 3726 celebravit,
2766 3660 2911 3714 unde
2933 3668 2990 3714 et
3017 3659 3149 3714 illud
3178 3659 3394 3728 incipit;
3422 3658 3544 3713 vide
3573 3658 3717 3712 enim

2146 3751 2451 3822 sequentia.

2217 3840 2381 3905 Quem
2413 3858 2530 3895 cum
2568 3841 2889 3896 immolasset
2938 3841 3157 3910 Moyses,
3210 3855 3421 3894 sumens
3475 3841 3539 3893 de
3590 3856 3719 3893 san-

2144 3934 2318 4004 guine,
2376 3934 2543 4004 tetigit
2573 3943 2861 3988 extremum
2904 3931 3157 3985 auriculae
3195 3932 3392 3985 dextra:
3445 3929 3625 3984 Aaron
3669 3942 3722 3986 et

2144 4020 2381 4090 pollicem
2412 4038 2599 4076 manus
2625 4023 2737 4093 ejus
2761 4023 2956 4076 dextra:
2989 4022 3229 4075 similiter
3268 4031 3315 4074 et
3342 4022 3486 4089 pedis
3524 4022 3719 4085 dextri,

2145 4114 2331 4169 obtulit
2353 4124 2404 4169 et
2449 4115 2585 4185 filios
2633 4115 2831 4169 Aaron.
2876 4114 3108 4183 Cumque
3150 4122 3214 4168 de
3239 4115 3507 4185 sanguine.
3537 4115 3721 4169 arietis

2145 4204 2403 4258 immolati
2455 4206 2698 4275 tetigisset
2752 4215 3038 4259 extremum
3094 4196 3351 4259 auricqu
3398 4205 3735 4275 singulorum:-

2144 4293 2341 4347 ἀρχιδ-ιε
2360 4304 2407 4348 et
2424 4295 2635 4363 pollices
2662 4312 2847 4350 manus
2866 4312 2926 4349 ac
2941 4296 3085 4364 pedis
3105 4295 3296 4359 dextri,
3313 4295 3566 4366 reliquum
3586 4298 3720 4365 {adit

2148 4473 2391 4538 eﬁcctus,
2425 4475 2614 4528 unctio
2640 4475 2853 4530 aurium
2886 4486 2951 4531 et
2969 4492 3253 4542 manuum,
3286 4479 3594 4548 pedumque
3622 4479 3743 4533 tle-—

2148 4572 2411 4620 monstrat
2439 4583 2453 4620 :
2492 4580 2590 4635 pro
2609 4567 2912 4622 obedientia
2933 4569 3133 4639 quippe
3151 4579 3363 4633 nostra,
3380 4571 3524 4625 actio
3552 4571 3716 4634 bona,
3742 4610 3743 4613 η

2143 4664 2304 4725 atque
2338 4660 2681 4713 conversatio
2702 4660 3031 4714 celebratur.
3066 4661 3221 4716 Unde
3243 4670 3297 4715 et
3325 4676 3485 4715 aures
3514 4668 3743 4713 nostras

2143 4755 2440 4816 unguntur,
2513 4757 2572 4803 ut
2627 4749 2994 4805 inohedieutia
3073 4753 3240 4806 Adam
3292 4758 3540 4805 carentes
3583 4747 3750 4803 Uni-.

2144 4837 2309 4904 geniti
2342 4840 2706 4895 obedientiam
2765 4851 3189 4911 consequantur.
3225 4840 3352 4895 POst
3393 4840 3516 4893 haec.
3532 4846 3719 4892 extre-

2144 4944 2229 4981 ma
2258 4945 2517 4986 manuum
2565 4942 2839 5003 unguntur
2867 4942 2920 4986 et
2960 4935 3178 5001 pedum,
3227 4932 3350 5001 quia
3382 4946 3492 4986 non
3539 4929 3721 5001 solum

2144 5033 2360 5082 manus,
2393 5021 2487 5075 sed
2514 5031 2570 5077 et
2590 5023 2758 5091 pedes
2791 5038 2891 5090 pro
2923 5024 3136 5077 actione
3180 5021 3545 5089 accipiuntur,
3572 5019 3731 5089 quod.

2143 5110 2402 5178 probatur
2448 5128 2515 5168 cx
2544 5130 2611 5168 eo
2659 5116 2805 5183 quod
2839 5114 3004 5168 David
3044 5112 3215 5166 dicit:
3248 5111 3348 5165 Pes
3386 5128 3532 5165 meus
3574 5113 3727 5166 stetit

2142 5203 2194 5254 in
2242 5204 2327 5255 via
2386 5215 2527 5257 recta
2552 5207 2614 5257 ‘3.
2659 5205 2721 5260 Et
2773 5221 3005 5259 rursus:
3036 5204 3237 5257 Statuit
3286 5219 3450 5273 supra
3510 5212 3728 5273 petram.

2145 5295 2298 5357 pedes
2330 5307 2468 5345 meos
2489 5292 2555 5346 “.
2590 5292 2725 5358 Quia
2759 5301 2939 5347 autem
2969 5292 3218 5347 actiones
3246 5293 3507 5362 quasdam
3544 5293 3721 5348 bonas

2139 5385 2398 5454 quasdam
2418 5393 2599 5438 autem
2629 5384 2796 5438 malas
2826 5383 3108 5446 habemus,
3134 5393 3191 5438 et
3208 5370 3432 5456 ﬁguram
3451 5384 3724 5440 malorum

2883 5588 2926 5620 ”
2964 5588 3096 5643 Luc.
3132 5605 3278 5657 mi,
3301 5589 3386 5647 ll.
3494 5591 3541 5625 “
3568 5587 3713 5645 Psal.
