4076 6188
311 259 418 328 883

1519 279 1880 341 HESYCHII
1916 283 2390 350 PRESBYTER!

3473 289 3581 354 881

310 377 530 439 sinistra
579 381 739 451 gerit,
770 393 921 439 recte
972 385 1162 439 dextra
1210 387 1449 458 ungitur.
1498 388 1894 447 Confortantur

2022 416 2148 467 lqllfl.’
2189 399 2304 468 ejus
2353 399 2530 468 ﬁdeles
2583 410 2724 464 sunt,
2774 417 2944 469 regem
2991 400 3044 453 in
3071 402 3253 454 decore
3296 416 3392 463 suo
3433 403 3581 456 vids-

315 473 462 526 cuim
477 487 541 528 ea
565 489 684 542 quae
703 485 1068 550 unguntur,et
1092 477 1469 545 destruuntur,
1499 489 1663 550 atque
1683 483 1897 553 disper-

315 566 520 620 duntur
556 581 621 622 ea
673 583 794 637 qua:
818 583 928 621 non
957 577 1254 638 unguntur,
1285 571 1430 639 quod
1461 582 1648 642 aperte
1668 573 1897 630 demon-

315 669 450 715 strat
483 660 802 729 disperdeus
831 659 1121 731 Egyptum
1151 663 1397 734 angelus,
1420 665 1546 734 quia
1589 665 1678 720 ubi
1715 668 1900 722 unctio

317 753 577 807 immolati
631 752 1028 819 inveniebatur,
1091 769 1200 808 non
1260 757 1619 824 percutiebat.
1659 759 1766 813 Sed
1823 771 1899 814 ta-

319 861 443 900 men
485 846 698 916 primus
747 848 1003 902 sacerdos
1042 850 1304 920 sanguine
1333 859 1388 905 et
1448 862 1570 922 post
1619 869 1744 918 eum
1800 855 1898 909 ﬁlii

317 940 438 1006 ejus
486 940 786 993 secundum
846 940 1024 1010 legem
1076 933 1454 1014 angebantur:
1510 948 1636 1017 quia
1679 958 1734 1003 et
1786 948 1901 1018 ipse

319 1031 582 1086 Dominus
641 1029 851 1100 primus
910 1033 968 1090 in
1024 1049 1179 1090 caena
1237 1037 1448 1092 tnistica
1511 1039 1900 1112 intelligibilem

319 1125 532 1193 accepit
565 1125 906 1194 sanguinem,
949 1134 1113 1196 atque
1151 1127 1346 1183 deinde
1376 1129 1600 1184 calicem
1639 1131 1902 1200 apostolis

321 1215 488 1272 dedit.
522 1216 626 1272 Sed
666 1232 794 1271 ecce
824 1217 1100 1287 legislator
1123 1219 1211 1274 hic
1235 1231 1358 1290 post
1379 1221 1693 1277 unctionem
1720 1223 1901 1278 Aaron

322 1315 378 1362 et
415 1307 670 1372 ﬁliorum,
696 1308 936 1363 subdidit
962 1327 974 1362 :

394 1398 470 1452 De
489 1400 747 1469 sanguine
781 1399 1039 1469 reliquum
1064 1401 1198 1472 fudit
1222 1419 1378 1472 super
1401 1404 1574 1460 altare
1601 1407 1898 1468 circuitum.

393 1493 548 1560 Quod
607 1501 659 1546 et
723 1493 1001 1548 Christum
1049 1495 1242 1550 fecisse
1309 1496 1660 1566 invenimus;
1709 1499 1902 1554 bibens

326 1585 474 1639 enim
533 1584 675 1654 ipse,
727 1593 783 1639 et
827 1586 1087 1654 apostolis
1121 1586 1308 1642 bibere
1338 1588 1491 1653 dans,
1541 1598 1670 1648 tunc
1699 1589 1901 1646 intelli-

327 1675 544 1746 gibilem
596 1674 915 1746 sanguinem
963 1690 1128 1744 super
1170 1676 1381 1741 altare,
1433 1677 1690 1732 videlicet
1741 1693 1901 1733 suum

329 1781 548 1837 corpus,
583 1764 796 1821 alludit.
829 1764 1041 1833 Corpus
1073 1772 1256 1818 autem
1297 1765 1500 1819 Christi
1521 1764 1770 1821 Ecclesia
1798 1774 1900 1829 est,

329 1865 385 1911 et
435 1856 612 1912 omnis
662 1855 815 1926 plebs
871 1855 1024 1926 ejus,
1080 1854 1225 1924 quod
1278 1854 1587 1924 Speci-aliter
1632 1855 1904 1916 dicentem

331 1949 575 2005 Marcum
599 1947 908 2009 invenimus
936 1969 946 2001 :
979 1946 1044 2000 Et
1078 1963 1306 2008 sumens,
1341 1948 1546 2018 gratias
1575 1963 1734 2018 agens
1761 1948 1902 1999 dedit

331 2044 441 2096 eis:
472 2051 520 2096 et
565 2041 800 2095 biberunt
837 2056 900 2093 ea:
932 2056 995 2094 eo
1021 2055 1220 2094 omnes.
1273 2047 1321 2092 et
1364 2040 1498 2093 dixit
1537 2041 1610 2093 eis
1645 2055 1662 2092 :
1711 2039 1808 2092 llic
1837 2047 1911 2092 est

329 2135 544 2205 sanguis
575 2149 716 2186 meus
747 2132 866 2186 novi
905 2132 1226 2192 testamenti,
1264 2131 1352 2201 qui
1387 2148 1482 2200 pro
1513 2130 1692 2184 multis
1725 2131 1910 2200 e/fusus

331 2223 481 2280 est".
515 2221 610 2276 llis
632 2219 969 2280 conveniunt
1001 2235 1066 2274 ea
1094 2236 1216 2290 qua:
1250 2227 1586 2288 sequuntur:

401 2334 624 2400 Adipem
672 2341 850 2385 autem
895 2339 945 2386 et
990 2331 1239 2393 caudam,
1297 2344 1603 2398 omnemque
1635 2329 1913 2398 pinguedi-

332 2443 450 2481 nem
495 2441 612 2496 qua:
653 2425 820 2490 operit
865 2423 1133 2485 intestina,
1182 2419 1562 2489 reticulumque
1597 2421 1812 2489 jecoris,
1864 2429 1912 2474 et

332 2519 462 2570 duos
510 2531 654 2568 renes
693 2529 806 2566 cum
839 2513 1082 2580 adipibus
1129 2511 1260 2574 suis,
1307 2521 1352 2562 et
1381 2525 1530 2562 armo
1565 2509 1747 2562 dextro
1771 2524 1916 2573 sepa-

332 2611 488 2664 ravit.
537 2606 640 2661 Pro
683 2605 852 2660 cauda
903 2601 1044 2658 LXX
1095 2601 1347 2659 lumbum.
1398 2608 1453 2653 et
1503 2615 1602 2668 pto
1636 2599 1912 2665 intestinis,

331 2695 696 2760 ventriculum,
730 2703 784 2748 et
817 2707 914 2762 pro
944 2690 1162 2748 reticulo
1191 2689 1410 2759 jecoris,
1451 2690 1670 2758 pinnam
1714 2689 1917 2759 Itepatis

333 2790 646 2848 ediderunt.
693 2785 864 2853 Cujus
909 2791 1093 2840 autem
1145 2781 1263 2836 haec
1309 2780 1536 2851 ﬁguram
1583 2788 1814 2851 gerunt,
1863 2779 1915 2834 iu

335 2880 559 2938 salutari
611 2875 907 2941 sacriﬁcio,
948 2889 1045 2930 seu
1099 2871 1482 2944 paciﬁcorum,
1540 2888 1639 2944 per
1708 2871 1918 2942 singula

335 2975 643 3030 discussum
672 2980 776 3026 est.
799 2969 918 3025 Non
947 2967 1148 3023 frustra
1179 2973 1361 3020 autem
1386 2981 1448 3020 ea
1476 2980 1626 3020 nunc
1659 2964 1713 3020 in
1744 2964 1916 3020 ariete

337 3062 832 3122 consummationis
899 3067 1312 3126 commemorat,
1376 3058 1472 3115 sed
1532 3057 1658 3128 quia
1718 3055 1921 3112 Christi

339 3157 632 3228 mysticum
670 3153 902 3219 Pascha,
933 3159 990 3209 et
1019 3166 1210 3206 eorum
1251 3148 1559 3221 perceptio,
1590 3147 1659 3203 ad
1688 3146 1918 3202 salutem

342 3247 628 3302 hominum
672 3243 943 3314 provenit,
998 3241 1199 3312 quibus
1245 3241 1534 3297 doctorum
1585 3236 1924 3309 supersediﬁ-

343 3355 471 3395 care
500 3335 808 3408 sequentia,
835 3333 1008 3390 nostri
1043 3332 1287 3404 mysterii
1324 3340 1596 3403 praeparat
1623 3331 1818 3386 virtus.

417 3427 618 3482 Tollens
681 3435 860 3480 autem
907 3425 971 3478 de
1015 3422 1243 3476 canistro
1273 3437 1600 3492 azymorum,
1647 3421 1786 3490 quod
1813 3429 1928 3473 erat

347 3535 526 3578 coram
572 3517 813 3577 Domino,
863 3530 1053 3582 panem
1094 3513 1286 3583 absque
1327 3515 1600 3582 fermento,
1637 3521 1686 3564 et
1715 3509 1929 3579 collyri-

348 3616 474 3673 dam
503 3627 834 3681 conspersum
856 3609 988 3669 oleo,
1012 3607 1385 3679 laganumque.
1407 3603 1512 3659 Pro
1536 3602 1769 3656 canistro
1801 3617 1930 3670 (ην-ε

352 3721 581 3768 morum,
619 3701 764 3757 LXX
793 3701 1082 3758 canistrum
1127 3695 1592 3754 consummationis
1620 3692 1927 3748 ediderunt.

352 3795 458 3854 Per
501 3793 799 3850 canistrum
867 3799 1050 3847 autem
1112 3783 1634 3848 consummationis,
1693 3781 1933 3853 linguam

354 3884 569 3942 Domini
609 3881 1001 3952 intelligimus;
1058 3877 1171 3932 sola
1217 3876 1418 3946 quippe
1448 3873 1776 3944 praecipuam
1807 3885 1933 3941 per-

355 3975 658 4044 lectamque
703 3971 1008 4028 doctrinam
1063 3965 1384 4024 introduxit.
1421 3963 1648 4034 Propter
1677 3960 1820 4030 quod
1853 3959 1935 4013 die

356 4069 542 4125 cebat:
594 4065 714 4120 Non
757 4064 872 4119 veni
913 4062 1110 4119 soluere
1155 4059 1337 4130 legem,
1365 4057 1454 4118 sed
1499 4053 1715 4125 implere
1733 4052 1814 4120 “;
1848 4060 1934 4106 ut-

357 4171 486 4235 pote
528 4161 644 4232 ipse
684 4157 919 4228 implens
952 4169 1073 4225 quae
1117 4152 1298 4212 minus
1329 4148 1569 4206 erantin
1619 4147 1754 4217 lege.
1790 4145 1937 4202 Bene

357 4261 539 4310 autem
587 4267 706 4307 cam
747 4260 802 4305 et
845 4246 1166 4308 canistrum,
1209 4251 1320 4298 tam
1350 4248 1571 4312 propter
1625 4244 1938 4292 contextum

360 4345 628 4400 dictorum
683 4339 914 4402 vocavit,
968 4352 1092 4392 cum
1139 4333 1306 4390 multa
1337 4331 1393 4387 in
1419 4329 1691 4401 parabolis
1718 4327 1934 4391 dixerit,

1999 491 2123 544 bunt
2141 492 2206 544 ⁵⁸.
2257 490 2500 562 Apostoli
2551 500 2733 546 autem
2782 491 3002 546 uberius
3043 501 3326 561 exponunt
3369 491 3596 548 Christi-

1999 583 2314 654 mysterium
2341 622 2354 647 ,
2403 584 2546 638 unde
2591 599 2692 639 nee
2739 584 3030 654 laganum,
3086 597 3190 637 nec
3233 582 3572 653 collyridam,

1999 688 2169 744 panes
2217 684 2399 728 autem
2447 675 2728 740 doctrinm,
2791 686 2981 745 utpote
3018 674 3191 746 magis
3241 674 3571 739 nutrientes,

2000 765 2275 821 dicuntur.
2326 767 2474 832 Quos
2524 767 2669 820 enim
2704 767 3004 822 secundum
3039 766 3129 822 hic
3187 765 3326 820 LXX
3358 767 3426 827 de
3458 768 3582 822 oleo

2001 871 2170 924 panes
2195 856 2623 930 appellaverunt,
2668 856 2768 910 hos
2793 856 3090 910 secundum
3128 856 3227 918 hos
3264 857 3410 926 ipsos
3438 856 3582 911 LXX

2001 949 2288 1022 collyridas
2317 949 2370 1003 in
2411 950 2732 1021 sccnopegia
2759 949 3056 1003 canistrum
3093 931 3581 1004 consummationis

2002 1057 2304 1111 exponens,
2337 1041 2480 1112 quod
2531 1041 2901 1112 accipiebatur
2933 1041 2986 1094 in
3028 1041 3286 1096 unctione
3327 1043 3582 1095 sacerdo-

2005 1134 2094 1199 tis,
2128 1132 2401 1204 legislator
2441 1133 2748 1201 appellavit,
2783 1147 2881 1202 per
2912 1132 3227 1202 collyridatn
3269 1133 3582 1203 signiﬁcans

2001 1224 2134 1294 legis
2174 1225 2470 1297 eloquium.
2511 1225 2787 1290 Quantum
2816 1233 2997 1278 autem
3040 1223 3317 1295 collyridaa
3341 1224 3577 1277 deterio-

2003 1331 2092 1371 res
2133 1325 2262 1370 sunt
2307 1315 2556 1384 panibus,
2592 1313 2726 1368 nulli
2762 1323 2846 1368 est
2877 1313 3123 1369 dubium.
3158 1313 3313 1369 Unde
3358 1325 3581 1385 aposto-

2002 1406 2176 1460 lorum
2201 1418 2500 1464 sermones,
2530 1402 2915 1474 prophetarum
2945 1414 2999 1458 et
3027 1404 3162 1475 legis
3189 1415 3587 1474 praeponuntur

2003 1494 2386 1548 sermonibus:
2431 1493 2556 1563 quia
2605 1493 2864 1562 majorem
2913 1504 3278 1564 perceperunt
3327 1495 3582 1565 gratiam,

2004 1582 2079 1637 ita
2120 1593 2180 1637 ut
2214 1581 2414 1636 Paulus
2448 1583 2695 1638 diceret:
2733 1580 2914 1635 Posuit
2949 1583 3086 1636 Deus
3113 1583 3168 1636 in
3205 1581 3441 1638 Ecclesia
3465 1587 3581 1654 pri-

2005 1692 2148 1729 mum
2213 1674 2493 1745 apostolos,
2556 1674 2737 1727 deinde
2794 1673 3151 1744 prophetas".
3222 1675 3433 1734 Deinde
3483 1676 3584 1747 ipsi

2013 1775 2135 1836 post
2179 1765 2543 1838 evangelicum
2583 1765 2944 1830 traditionem,
2991 1766 3348 1824 introducunt
3385 1767 3590 1824 Christi

2011 1857 2281 1928 mysteria,
2312 1857 2664 1911 introducunt
2692 1867 2896 1922 autem,
2928 1856 3060 1928 legis
3095 1858 3594 1929 prophetarumque

2012 1955 2227 2002 utentes
2291 1944 2643 2000 testimoniis.
2693 1943 2918 2013 Propter
2967 1933 3111 2016 quod
3162 1947 3244 2001 eis
3290 1948 3584 2018 eollyridm,

2010 2046 2066 2093 et
2111 2037 2303 2106 lagana
2342 2034 2503 2090 simul
2543 2035 2786 2105 subjecta
2834 2044 2982 2102 sunt,
3035 2044 3090 2090 et
3134 2035 3446 2106 conjuncta.
3478 2036 3586 2092 Sed

2010 2126 2140 2198 quid
2172 2127 2255 2180 his
2282 2126 2501 2195 adjiciat
2529 2125 2896 2182 intendamus.

2083 2219 2264 2273 Posuit
2301 2234 2459 2286 super
2514 2218 2718 2287 adipem
2748 2227 2796 2271 et
2826 2235 3036 2273 orntum
3067 2219 3332 2284 dextrum,
3371 2219 3585 2273 tradens

2011 2310 2170 2365 simul
2201 2309 2377 2364 omnia
2411 2309 2589 2362 Aaron
2627 2326 2689 2363 ac
2715 2310 2842 2378 ﬁliis
2871 2313 3006 2380 ejus.
3038 2310 3175 2364 illud
3205 2309 3290 2364 lex
3318 2320 3593 2364 contesta-

2016 2413 2124 2466 tur,
2151 2402 2275 2471 quia
2320 2417 2483 2456 omne
2526 2401 2882 2465 desiderium,
2935 2416 3266 2471 omnemque
3319 2401 3592 2474 actionem

2015 2495 2214 2550 bonam
2243 2490 2426 2548 ot‘ferri
2462 2493 2720 2564 mysterio
2752 2494 2822 2548 sit
2847 2509 3092 2559 necesse,
3125 2495 3169 2548 si
3202 2503 3381 2547 tamen
3413 2494 3494 2548 vis
3533 2493 3597 2547 il-

2015 2585 2104 2639 lud
2136 2585 2434 2640 secundum
2467 2583 2555 2638 Dei
2587 2585 2944 2640 intentionem
3000 2585 3243 2657 legisque
3294 2585 3590 2655 Suscipere.

2018 2675 2123 2731 Sed
2147 2685 2202 2730 et
2227 2675 2544 2744 praedictum
2571 2690 2806 2746 sequens
2832 2676 3105 2742 ordinem,
3135 2676 3210 2730 ait
3235 2693 3249 2729 :

2091 2765 2319 2819 Tradens
2357 2765 2516 2818 simul
2561 2765 2738 2818 omnia
2785 2765 2960 2819 Aaron
3000 2767 3225 2837 ﬁliisque
3273 2767 3407 2836 ejus.
3441 2767 3602 2822 Prius

2020 2855 2287 2927 siquidem
2339 2855 2591 2909 Christus
2620 2870 2717 2909 sua
2749 2858 3002 2925 mysteria
3033 2857 3332 2918 inchoavit,
3383 2866 3436 2909 et
3471 2862 3600 2908 tunc

2023 2964 2087 3004 ea
2135 2947 2314 3011 nobis,
2355 2948 2447 3018 qui
2493 2947 2620 3002 facti
2652 2963 2841 3003 sumus
2885 2947 2976 3002 lilii
3023 2949 3140 3018 ejus
3189 2964 3285 3017 per
3326 2949 3598 3002 lavacrum

2028 3037 2460 3112 regenerationis
2484 3038 2720 3093 tradidit.

2096 3130 2164 3184 Et
2189 3129 2485 3184 levaverunt
2511 3146 2572 3185 ea
2605 3146 2784 3183 coram
2821 3129 3065 3184 Domino.
3100 3130 3280 3200 lpsum
3311 3129 3456 3183 enim
3489 3144 3601 3198 my-

2026 3219 2276 3285 sterium,
2326 3219 2471 3289 quod
2517 3219 2675 3274 nobis
2727 3219 2965 3284 tradidit,
3015 3221 3119 3276 hoc
3155 3236 3275 3273 cuzn
3311 3235 3407 3274 sua
3434 3233 3602 3273 carne

2027 3312 2082 3366 in
2114 3311 2282 3368 caelos
2317 3309 2539 3366 levavit.
2578 3311 2774 3364 Dieens
2819 3321 3001 3385 autem
3049 3311 3244 3365 levavit
3275 3327 3392 3365 eam
3422 3325 3604 3363 coram

2032 3403 2281 3468 Domino,
2312 3401 2532 3456 modum
2577 3416 2684 3470 quo
2723 3401 2980 3456 obtulerit
3013 3401 3110 3465 cis,
3163 3401 3254 3471 qui
3285 3411 3406 3471 post
3439 3399 3606 3453 futuri
3655 3427 3658 3430 -

2031 3501 2206 3556 erant,
2241 3493 2515 3564 exposuit.

2107 3586 2435 3656 Rursumque
2478 3593 2715 3652 suscepta
2749 3584 2812 3637 de
2859 3583 3100 3638 manibus
3149 3599 3351 3649 eorum,
3383 3582 3610 3641 adolevit

2033 3695 2191 3747 super
2225 3678 2396 3731 altare
2434 3676 2724 3732 holocausti
2757 3692 2816 3729 eo
2857 3677 2995 3746 quod
3037 3678 3440 3731 consecrationis
3483 3689 3610 3734 esset

2035 3771 2232 3827 oblatio
2263 3772 2316 3823 in
2345 3771 2558 3824 odorem
2583 3769 2859 3826 suavitatis
2882 3769 3130 3837 sacriﬁcii
3168 3768 3242 3823 Do
3265 3770 3395 3823 nini.
3432 3772 3613 3824 Altare

2037 3863 2362 3926 holocausti,
2397 3861 2598 3921 Christi
2626 3876 2827 3930 corpus
2856 3860 3077 3923 dicitur,
3110 3860 3204 3914 sed
3233 3869 3288 3914 et
3316 3861 3451 3916 odor
3484 3877 3612 3916 sua-

2038 3953 2318 4019 vissimus,
2371 3952 2438 4007 de
2479 3948 2701 4010 Christo
2732 3951 2877 4005 enim
2905 3961 3096 4021 aperte
3123 3951 3176 4004 in
3203 3951 3446 4006 Canticis
3483 3968 3615 4006 can-

2041 4047 2270 4100 ticorum
2314 4042 2555 4098 dicitur:
2619 4042 2946 4112 Unguentum
2997 4042 3212 4110 elfusum
3281 4051 3354 4094 est
3431 4057 3618 4094 nomen

2042 4146 2209 4201 tuum,
2237 4143 2511 4204 propterea
2550 4131 2950 4186 adolescentqu
2977 4132 3270 4185 dilexerunt
3305 4140 3354 4183 te
3371 4131 3437 4184 ⁸⁸.

362 4435 437 4489 ηε
484 4442 545 4487 ιη
587 4430 756 4486 ιυαωί
803 4445 911 4484 non
960 4427 1140 4482 omnia
1188 4423 1572 4494 intelligerent,
1617 4434 1778 4494 qua!“
1809 4419 1937 4488 quia
1974 4426 2016 4482 ι)
2114 4405 2258 4462 Sicut
2303 4405 2570 4459 mandavit
2617 4402 2886 4458 Dominus.
2941 4403 3061 4473 lpse
3119 4403 3264 4457 enim
3323 4401 3619 4456 mandavit.

364 4524 633 4580 ferculum
685 4519 1106 4592 quodammodo,
1157 4526 1211 4572 et
1253 4529 1440 4572 mensa
1471 4512 1636 4568 totius
1677 4509 1940 4568 doctrinae

364 4624 500 4674 erat.
550 4612 688 4681 Quia
744 4627 872 4683 ergo
919 4608 1180 4665 rationale
1225 4614 1344 4663 erat
1390 4603 1728 4677 mysterium,
1780 4611 1835 4658 et
1879 4616 1942 4655 ea

365 4721 487 4777 quae
535 4702 865 4764 eﬁiciuntur,
921 4716 988 4758 ex
1036 4699 1246 4754 ratione
1289 4696 1615 4759 subsistunt,
1677 4701 1828 4748 recte
1878 4691 1946 4748 de

365 4795 608 4852 (antistro
655 4788 1162 4852 consummationis,
1202 4788 1253 4843 id
1281 4796 1386 4849 est,
1419 4786 1486 4844 de
1517 4785 1697 4856 lingua
1727 4799 1822 4839 sua
1853 4797 1948 4852 pa-

367 4905 494 4946 nem
555 4883 840 4957 mysticum
898 4883 1171 4955 proponit.
1248 4880 1533 4948 Quomodo
1588 4889 1772 4933 autem
1824 4890 1948 4930 eum

369 4977 628 5050 proponit
669 4975 906 5047 panem?
953 4973 1170 5043 Absque
1216 4972 1507 5034 fermento,
1553 4978 1606 5026 ct
1638 4966 1950 5037 collyridam

373 5085 720 5140 conspersam
766 5069 908 5132 oleo,
951 5066 1002 5121 id
1063 5074 1147 5121 est
1212 5063 1562 5134 apostolicam
1621 5059 1948 5121 doctrinam,

372 5159 711 5231 legalemque
738 5167 793 5214 et
823 5157 1218 5230 propheticam.
1248 5153 1356 5208 Lex
1390 5152 1534 5206 enim
1567 5160 1622 5204 et
1652 5149 1950 5220 pI'OpllelaB,

375 5260 433 5307 et
478 5251 704 5324 apostoli
755 5251 875 5321 ejus
919 5247 1238 5307 memoriam
1283 5243 1514 5306 faciunt,
1569 5242 1654 5296 lex
1689 5239 1953 5310 -quidem,

675 5343 780 5399 Hic
827 5352 902 5398 est
954 5341 1107 5411 panis
1150 5355 1301 5408 quem
1343 5336 1486 5391 dedit
1521 5334 1662 5389 vobis
1703 5331 1959 5386 Dominus

380 5437 649 5494 comedere
666 5434 728 5489 ".
780 5433 1067 5505 Propheta:
1098 5440 1314 5491 autem:
1370 5427 1530 5491 Panis
1565 5426 1612 5480 si
1647 5423 1880 5486 dabitur,
1914 5428 1962 5474 et

378 5342 569 5400 dicens
612 5360 625 5396 :

456 5637 689 5694 “Marc.
727 5654 838 5701 ιμ’,
869 5637 961 5700 εδ.
989 5636 1080 5691 21.
1156 5635 1202 5669 ⁸⁸
1228 5633 1420 5689 Matth.
1461 5649 1512 5698 ν,
1551 5630 1634 5685 17.
1714 5627 1756 5660 ⁸⁷
1800 5624 1970 5682 Exod.
2001 5638 2109 5690 XVI,
2149 5622 2231 5676 15.

389 5711 434 5753 ’θ
465 5707 624 5772 Cant.
647 5723 687 5779 ι,
721 5708 776 5766 2.
851 5706 943 5766 ⁸⁸1
977 5705 1100 5766 Cor.
1137 5721 1212 5777 ιι,
1244 5703 1335 5761 26.

2038 4499 2449 4567 Quotiescunque
2463 4499 2556 4550 hoc
2581 4497 2770 4561 bibitis,
2791 4505 3009 4550 mortem
3038 4495 3248 4550 Domini
3275 4496 3327 4548 in
3348 4495 3623 4550 vobismet-

2043 4593 2168 4662 ipsis
2201 4591 2515 4644 ummntiate
2531 4591 2599 4644 ⁸¹.

2117 4681 2256 4736 Tulit
2287 4690 2334 4735 et
2376 4681 2753 4752 pectusculum,
2790 4680 2996 4734 elevans
3025 4679 3157 4732 illud
3184 4695 3364 4732 coram
3403 4677 3627 4732 Domino

2047 4773 2110 4826 de
2137 4772 2299 4825 ariete
2327 4769 2750 4830 consecrationis.
2783 4765 2890 4822 Seu
2925 4767 3224 4822 secundum
3261 4766 3406 4820 LXX
3435 4785 3449 4821 :
3485 4764 3628 4821 Con-

2049 4862 2418 4918 summationis
2473 4863 2528 4914 in
2573 4870 2777 4931 partem
2819 4873 2991 4922 suam,
3051 4857 3185 4910 sicut
3233 4866 3550 4926 prwceperat
3583 4856 3632 4910 ei

2051 4955 2326 5008 Dominus.
2370 4950 2523 5008 Sicut
2561 4951 2615 5005 in
2657 4948 2924 5006 sacriﬁcio
2955 4948 3326 5016 paciﬁcorum,
3358 4963 3451 5001 seu
3485 4947 3634 5001 salu-

2054 5046 2152 5102 tari
2191 5045 2588 5116 pectusculum,
2620 5043 2698 5098 sic
2717 5049 2774 5099 et
2804 5040 2892 5094 hic
2935 5039 3185 5105 oﬁ‘ertur,
3217 5040 3405 5109 utique
3432 5038 3635 5092 intelli~

2054 5139 2201 5212 gibili
2237 5137 2424 5208 Moysi,
2455 5136 2507 5191 id
2539 5143 2622 5191 est
2646 5135 2862 5190 Christo
2893 5131 3273 5204 pectusculum
3298 5129 3485 5182 arietis
3504 5143 3639 5183 con-

2062 5229 2417 5293 secrationis,
2467 5241 2563 5282 seu
2610 5222 3098 5281 consummationis
3139 5230 3460 5292 separatur,
3513 5217 3640 5288 quia

2065 5338 2164 5393 per
2225 5319 2622 5392 pectusculum,
2677 5315 2809 5371 ﬁdes
2870 5322 2928 5370 et
2973 5312 3303 5368 conﬁdentia
3356 5309 3640 5381 ﬁguratur,

2068 5417 2212 5472 sicut
2235 5413 2440 5486 pridem
2486 5411 2744 5467 diximus.
2779 5407 2914 5463 Cmn
2963 5415 3144 5461 autem
3175 5403 3348 5473 ipsius
3376 5401 3446 5456 sit
3475 5397 3643 5454 sacri-

2313 5619 2357 5653 “
2392 5617 2492 5674 lsa.
2557 5631 2749 5681 χχχιιι,
2816 5614 2898 5680 16,
2943 5613 3029 5668 17.
3132 5612 3176 5644 δ’
3205 5609 3224 5664 l
3257 5608 3385 5666 Cor.
3419 5621 3517 5673 ιιι,
3553 5601 3644 5660 9.8.

3199 5816 3336 5842 ται-ιη
