4076 6188
356 208 470 275 885

1400 205 1404 209 ⁴
1484 205 1568 267 ΙΝ
1607 203 2043 267 LEVITICUM.
2094 228 2158 242 -
2196 202 2344 265 LIB.
2386 205 2469 264 Il.

3503 208 3618 271 886.

355 322 563 388 ﬁcium,
610 337 837 380 necesse
881 331 966 378 est
1005 327 1069 378 ut
1097 328 1154 378 et
1178 321 1314 378 ﬁdes
1341 320 1466 392 ipsi,
1491 337 1614 392 quae
1644 321 1702 376 in
1729 335 1796 376 eo
1821 327 1929 386 est,
1957 325 2007 383 Α
2033 320 2214 378 Aaron
2247 329 2304 376 et
2336 319 2433 375 ﬁlii
2463 319 2583 390 ejus
2631 318 2924 374 comedent
2951 330 3068 375 eos.
3106 318 3383 390 Quidquid
3425 331 3616 380 autem

356 416 666 487 deputetur.
725 416 1004 470 Assumens
1059 431 1182 486 ergo
1232 420 1574 483 unguentum,
1629 421 1681 466 et
1715 413 1935 482 sangui-

360 523 475 562 nem
499 509 588 578 qui
625 517 740 561 erat
769 508 826 560 in
851 507 1016 561 altari
1027 549 1039 569 ,
1063 507 1288 576 aspersit
1310 522 1466 575 super
1493 504 1675 558 Aaron
1703 513 1752 558 et
1774 504 1933 558 vesti-

360 609 534 653 menta
586 599 700 666 eius
748 608 797 653 et
851 615 1010 668 super
1044 599 1181 667 ﬁlios
1242 597 1375 667 ejus,
1422 613 1487 650 ac
1533 604 1696 650 uestes
1735 609 1933 648 eorum.

360 687 590 759 Cumque
622 690 1001 759 sanctiﬁcasset
1043 704 1128 742 eos
1158 689 1213 741 in
1240 689 1430 743 vestitu
1461 702 1575 740 suo.
1621 683 1777 750 Quod
1800 682 1936 738 Uni-

360 777 524 847 geniti
556 777 796 848 sanguis,
850 786 908 831 et
936 777 1125 830 unctio
1166 776 1420 846 Spiritus,
1470 775 1635 828 unius
1665 773 1776 828 sint
1804 786 1937 842 ope-

361 868 585 923 rationis
602 877 763 938 atque
781 869 1017 932 virtutis,
1050 877 1105 922 et
1135 867 1298 921 nimis
1334 875 1480 920 recte
1510 865 1692 920 oleum
1721 863 1940 920 unctio-

361 960 467 1023 nis,
498 969 554 1014 et
582 961 899 1030 sanguinem
931 959 1139 1023 altaris,
1174 959 1227 1014 id
1261 967 1366 1022 est,
1397 956 1661 1012 Dcminici
1693 957 1942 1027 corporis

364 1049 638 1121 legislator
682 1052 922 1113 unxerit,
965 1051 1090 1106 audi
1121 1051 1387 1106 Joannem
1445 1050 1760 1106 dicentem:
1815 1050 1938 1105 Tria

362 1151 484 1194 sunt
523 1159 638 1212 qua:
669 1145 1022 1196 testimonium
1079 1143 1332 1213 prwbent,
1383 1151 1434 1195 et
1474 1153 1576 1196 tres
1605 1158 1767 1195 unum
1795 1150 1937 1208 sunt,

365 1229 614 1300 Spiritus,
645 1235 879 1304 sanguis,
908 1244 958 1287 et
986 1234 1202 1304 aqua".
1264 1232 1444 1288 Unum
1475 1233 1625 1288 enim
1684 1232 1940 1288 effectum

363 1323 812 1378 sanctificationis
843 1325 1064 1379 habent.
1100 1323 1322 1379 Multum
1350 1332 1498 1380 recte
1525 1331 1732 1380 vestem
1760 1325 1943 1380 Aaron

365 1411 435 1464 ab
471 1411 626 1466 stolis
657 1411 891 1466 ﬁliorum
931 1412 1112 1468 Aaron
1141 1411 1227 1468 lex
1257 1413 1548 1484 separavit.
1579 1414 1714 1468 Nam
1747 1414 1846 1470 etsi
1876 1415 1944 1471 ad

365 1500 721 1555 imitationem
777 1502 992 1558 Domini
1052 1512 1285 1567 vestem,
1333 1505 1428 1574 qui
1478 1505 1546 1559 ab
1581 1519 1646 1559 eo
1703 1504 1944 1574 adoptati

364 1604 577 1655 sumus,
608 1592 892 1658 habemus,
924 1609 1116 1648 verum
1143 1603 1326 1650 tamen
1357 1601 1620 1664 quantum
1667 1594 1942 1664 pontiﬁcis

2037 410 2307 482 reliquum
2355 409 2523 466 fuerit
2564 409 2632 466 de
2654 424 2817 465 carne
2841 416 2896 465 et
2923 409 2992 464 de
3025 410 3280 479 panibus,
3305 411 3450 484 ignis
3477 425 3611 472 con-

2038 503 2220 557 sumit.
2269 501 2346 557 De
2406 502 2546 558 ostio
2601 516 2817 573 quoque
2875 501 3210 556 tabernaculi
3252 518 3363 558 non
3394 504 3616 562 exibitis

2038 599 2247 660 septem
2302 591 2498 648 diebus
2550 607 2724 662 usque
2769 591 2838 646 ad
2883 590 3029 646 diem
3082 607 3192 660 quo
3242 593 3613 662 complebitur

2041 689 2256 750 tempus
2280 681 2710 737 consecrationis
2752 689 2967 737 vestrte.
3003 680 3223 750 Septem
3246 681 3394 736 enim
3423 683 3621 740 diebus

2040 766 2227 821 ﬁnitur
2259 769 2624 832 consecratio,
2675 769 2821 824 sicut
2859 778 2915 824 et
2968 769 3024 825 in
3069 770 3360 840 prasentia
3412 771 3617 828 factum

2040 867 2146 923 est,
2193 867 2255 914 ut
2293 860 2429 916 ritus
2467 859 2716 915 sacriﬁcii
2771 861 3155 931 compleretur.
3213 862 3309 917 Die
3355 878 3418 919 ac
3456 876 3622 921 nocte

2043 950 2333 1006 manebitis
2390 951 2444 1004 in
2508 951 2856 1007 tabernaculo
2911 953 3268 1010 observantes
3343 957 3619 1012 custodias

2042 1038 2278 1106 Domini.
2330 1055 2401 1095 ne
2446 1041 2795 1109 moriamini;
2833 1043 2913 1098 sic
2942 1043 3090 1099 enim
3121 1045 3256 1100 mihi
3287 1056 3618 1117 prmeeptum

2041 1140 2145 1187 est.
2210 1131 2585 1203 Feceruntque
2644 1133 2825 1189 Aaron
2874 1144 2929 1189 et
2967 1135 3061 1191 ﬁlii
3107 1137 3228 1207 ejus
3260 1149 3455 1195 cuncta
3500 1156 3622 1210 qua:

2041 1223 2302 1292 praecepit
2333 1223 2596 1280 Dominus
2642 1239 2740 1294 per
2767 1241 2985 1281 manum
3019 1226 3287 1298 M0ysi..s.

2115 1311 2394 1384 Praecipua
2454 1328 2602 1369 nunc
2656 1314 2934 1386 legislator
2998 1318 3286 1388 providit,
3331 1320 3621 1376 discrevit-

2045 1417 2151 1474 que
2183 1405 2458 1474 mysteria,
2489 1416 2544 1463 et
2576 1407 2872 1479 ﬁguraliter
2901 1425 3000 1480 per
3035 1426 3098 1465 ea
3142 1427 3442 1481 qumounc
3485 1427 3622 1466 con-

2049 1495 2337 1565 temptatus
2367 1505 2484 1559 est,
2537 1497 2775 1562 tradidit,
2827 1499 2970 1557 intra
3019 1499 3318 1554 Ecclesium
3374 1516 3437 1555 ea
3493 1516 3619 1570 per-

2049 1583 2135 1638 ﬁci
2176 1593 2231 1640 et
2269 1585 2582 1643 nullatenus
2636 1588 2987 1658 profanorum
3034 1591 3223 1646 usibus
3282 1601 3341 1646 et
3401 1593 3626 1646 auribus

364 1680 581 1736 differat
622 1683 810 1749 vestis,
863 1700 961 1753 per
1007 1685 1283 1740 anteriora
1323 1685 1634 1747 didicimus,
1684 1695 1778 1740 aut
1807 1685 1937 1755 quid
1972 1682 2013 1736 Β
2041 1676 2324 1745 publicari,
2369 1693 2472 1733 nec
2490 1679 2714 1735 cuilibet
2765 1681 2969 1735 volenti
3021 1681 3347 1751 profanandi
3381 1697 3442 1737 ca
3502 1697 3624 1737 esse

366 1773 454 1838 sit,
488 1779 544 1828 et
575 1788 737 1844 quam
782 1775 1084 1845 multiplex.
1140 1774 1403 1832 Tunicam
1438 1775 1583 1830 enim
1631 1774 1774 1830 illam
1807 1775 1946 1830 dixit

366 1862 568 1919 habere
609 1865 1078 1934 superhumcrale,
1127 1873 1184 1920 et
1211 1866 1496 1932 rationale,
1537 1867 1686 1922 unde
1716 1875 1866 1923 recte
1893 1877 1950 1923 et

366 1969 513 2010 nunc
544 1955 827 2025 pluraliter
857 1956 1190 2011 nominatur.
1221 1957 1297 2012 Ea
1327 1967 1509 2012 autem
1539 1973 1662 2028 quas
1689 1966 1776 2013 est
1805 1958 1947 2012 ﬁlio-

367 2062 490 2100 rum
537 2047 740 2109 Aaron,
785 2047 887 2101 etsi
944 2047 1237 2102 uniformis
1283 2056 1368 2102 est
1419 2047 1622 2112 tunica,
1672 2061 1854 2104 tamen
1888 2056 1947 2101 et

369 2135 483 2205 ipsa
517 2144 618 2189 est.
661 2134 766 2190 Sed
809 2135 936 2206 quia
987 2137 1194 2191 multas
1215 2137 1447 2191 virtutes
1474 2151 1582 2190 una
1614 2135 1820 2202 tunica,
1848 2151 1948 2191 seu

369 2225 508 2279 stola
559 2225 743 2288 habet,
786 2225 990 2279 Christi
1021 2225 1166 2280 enim
1197 2227 1378 2282 tunica
1424 2226 1538 2280 sive
1564 2227 1724 2293 stola,
1755 2242 1860 2296 qua
1891 2227 1947 2282 hi

372 2316 464 2386 qui
514 2317 582 2372 ab
644 2334 710 2372 eo
781 2318 930 2372 uncti
1009 2327 1156 2384 sunt,
1227 2318 1530 2374 induuntur
1599 2321 1947 2390 adoptionem

371 2408 595 2472 habere,
645 2408 1111 2478 incorruptionem
1177 2409 1400 2475 habere,
1454 2419 1511 2464 et
1571 2410 1625 2464 iu
1677 2411 1829 2466 cmlis
1857 2426 1948 2466 re-

374 2497 580 2566 quiem,
627 2506 682 2551 ct
709 2497 810 2550 alia
839 2496 962 2550 talia
991 2497 1353 2568 cognoscitur.
1386 2507 1674 2567 propterea
1706 2497 1950 2568 appella-

377 2597 466 2640 tur
510 2587 690 2642 tunica
743 2588 857 2642 sive
909 2587 1066 2650 stola,
1111 2587 1239 2642 licet
1269 2603 1375 2640 una
1412 2588 1484 2642 sit
1510 2589 1780 2642 omnium.
1813 2587 1949 2653 Qui-

375 2695 577 2748 cunque
628 2680 764 2731 enim
796 2680 849 2730 in
888 2678 1089 2733 Christo
1135 2680 1392 2749 baptizali
1437 2696 1637 2744 sumus,
1684 2678 1950 2735 Christum

375 2770 546 2822 induti
597 2770 856 2823 sumus”.
906 2769 1011 2823 Sed
1067 2779 1246 2824 tamen
1296 2779 1520 2839 propter
1555 2771 1948 2826 abundantiam

375 2862 662 2925 doliorum,
689 2877 810 2931 qum
843 2877 909 2915 ex
944 2878 1006 2914 ea
1038 2871 1166 2915 sunt
1207 2861 1509 2930 pluraliter,
1545 2862 1862 2916 nominatur
1892 2870 1950 2917 et

376 2953 538 3007 nimis
581 2962 748 3016 recte,
783 2962 1004 3024 propter
1031 2953 1313 3007 veritatem
1341 2969 1462 3022 qua:
1489 2953 1543 3006 in
1570 2968 1634 3007 ea
1663 2953 1944 3024 ﬁguratur.

377 3038 641 3110 Figurans
697 3057 818 3095 eam
867 3042 1060 3106 forma,
1093 3043 1210 3097 sine
1241 3042 1586 3098 districtione
1624 3043 1758 3109 acri,
1801 3045 1948 3099 viam

377 3148 498 3200 quae
551 3133 604 3187 in
646 3148 708 3187 ea
756 3142 858 3196 est,
899 3134 1316 3202 praetermittere
1358 3133 1588 3204 cogitur.
1634 3133 1771 3189 Ecce
1803 3135 1952 3191 enim

377 3238 501 3279 cum
531 3224 818 3279 uniformis
844 3225 915 3279 sit
938 3225 1140 3290 tunica,
1173 3225 1286 3281 sive
1315 3225 1452 3279 stola
1483 3225 1718 3280 ﬁliorum
1747 3229 1952 3295 Aaron,

378 3315 573 3370 multas
625 3325 836 3376 tamen.
879 3325 933 3369 et
973 3331 1078 3369 non
1126 3331 1287 3369 unam
1337 3316 1575 3370 tunicam
1621 3317 1952 3374 nominavit.

381 3403 439 3456 Si
466 3415 644 3458 autem
670 3405 1059 3475 iutelligibilem
1083 3405 1408 3460 sanctiﬁcari
1434 3406 1610 3463 Aaron
1635 3409 1954 3478 aspersione

380 3495 661 3564 sanguinis
719 3503 774 3548 et
823 3495 926 3549 olei
983 3495 1375 3566 cognovimus,
1445 3513 1555 3552 non
1619 3498 1955 3554 admiremur

379 3582 524 3650 quod
553 3582 756 3638 dictum
789 3594 890 3648 est,
937 3585 1051 3654 ipse
1081 3585 1228 3639 enim
1260 3587 1513 3642 Christus
1548 3589 1614 3643 ad
1647 3591 1956 3648 sanctiﬁca-

384 3671 589 3725 tionem
647 3682 909 3737 nostram,
941 3674 1257 3744 aspersione
1307 3679 1509 3746 proprii
1548 3681 1830 3746 sanguinis
1870 3683 1954 3738 vi-

381 3759 597 3823 delicet,
656 3762 965 3829 passionem
998 3779 1150 3822 suam
1205 3780 1302 3834 pro
1331 3767 1490 3821 nobis
1535 3768 1752 3825 obtulit.
1797 3771 1955 3828 Unde

383 3849 521 3903 ﬁlios
553 3851 730 3904 Aaron
763 3861 818 3905 et
850 3853 1062 3907 tunicas
1097 3867 1194 3907 seu
1224 3854 1392 3909 stolas
1422 3870 1544 3909 cum
1593 3858 1774 3913 Aaron
1816 3859 1956 3916 dixit

381 3940 724 4004 sanctiﬁcari,
759 3944 884 4011 quia
916 3958 1254 4014 quacunque
1299 3945 1354 3998 in
1400 3946 1558 4000 nobis
1603 3949 1952 4020 contingunt,

381 4032 450 4086 ad
485 4047 630 4098 eum,
671 4041 732 4086 ut
763 4042 927 4103 caput
967 4035 1176 4089 scilicet
1215 4036 1380 4090 totius
1419 4039 1665 4108 corporis
1695 4055 1954 4096 necessa-

383 4123 465 4178 rio
493 4123 847 4179 reducuntur.
876 4124 959 4179 Ad
989 4124 1366 4198 probationem
1390 4134 1574 4186 autem
1604 4141 1800 4182 eorum
1828 4145 1953 4198 quae

382 4215 524 4270 dicta
577 4223 726 4279 sunt,
782 4216 994 4275 Domini
1047 4232 1326 4272 sumamus
1370 4217 1580 4283 verba;
1636 4233 1762 4273 cum
1808 4220 1957 4275 enim

2046 1764 2381 1822 facultatem.
2409 1764 2566 1822 Unde
2591 1768 2718 1837 quia
2763 1769 3171 1824 tabernaculum
3205 1767 3498 1823 testimonii
3529 1767 3626 1822 Dei

2046 1855 2244 1910 caelum
2271 1871 2412 1922 esse,
2444 1857 2640 1914 atrium
2665 1867 2847 1913 autem
2875 1858 3214 1914 tabernaculi
3245 1859 3408 1927 huius
3439 1856 3627 1916 Eccle-

2048 1945 2204 2011 siam,
2258 1947 2384 2017 quia
2421 1949 2534 2017 ipsa
2580 1959 2663 2005 est
2693 1961 2820 2005 ante
2852 1950 2974 2006 εωιί
3022 1950 3303 2007 introitum
3340 1951 3624 2016 collocata,

2047 2035 2165 2106 ipsa
2225 2037 2527 2093 Jerusalem
2581 2039 2786 2111 quippe
2829 2041 3068 2097 cmlestis
3111 2049 3260 2097 tenet
3311 2041 3624 2112 imaginem,

2049 2129 2190 2183 sicut
2239 2129 2368 2183 olim
2416 2131 2794 2200 praediximus,
2837 2132 2984 2189 intus
3020 2133 3093 2189 in.
3119 2147 3339 2188 carnem
3370 2131 3623 2187 sacriﬁcii

2049 2219 2204 2289 coqui
2235 2221 2512 2292 praecepit.
2545 2223 2634 2296 Ait
2661 2223 2806 2278 enim
2834 2241 2866 2281 ε,

2125 2310 2380 2380 Pracepit
2405 2314 2478 2368 eis
2506 2315 2681 2372 dicens
2705 2330 2724 2369 :
2755 2314 2969 2386 Coquite
2997 2331 3179 2369 carnes
3209 2325 3332 2371 ante
3363 2317 3501 2386 fores
3541 2324 3627 2369 ta-

2049 2403 2344 2469 bernaculi,
2377 2415 2426 2460 et
2449 2407 2522 2460 ibi
2549 2407 2809 2463 comedite
2829 2424 2939 2461 eas.
2974 2406 3058 2473 Et,
3079 2408 3438 2463 sicutaddunt
3465 2407 3626 2473 LXX,

2050 2496 2105 2548 in
2158 2497 2270 2552 loco
2323 2508 2528 2553 sancto.
2588 2500 2685 2556 Est
2739 2510 2921 2556 autem
2968 2502 3122 2557 locus
3167 2511 3393 2558 sanctus
3435 2503 3629 2568 altare,

2051 2585 2124 2640 ibi
2171 2585 2314 2641 enim
2365 2589 2597 2644 Sanctus
2645 2597 2958 2646 sanctorum
2995 2592 3305 2663 reqnicscit.
3358 2591 3465 2648 Sed
3498 2593 3630 2662 quid

2053 2675 2296 2732 addidit?

2121 2764 2190 2818 Et
2237 2766 2312 2820 ibi
2338 2769 2561 2822 comedit
2598 2784 2708 2823 eas.
2746 2768 2918 2824 Panes
2957 2786 3160 2840 quoque
3203 2773 3629 2838 consecrationis,

2053 2848 2190 2915 sive,
2236 2859 2296 2906 ut
2351 2851 2495 2906 LXX
2527 2853 2719 2918 edunt,
2766 2865 2814 2908 et
2855 2873 3018 2926 panes
3055 2859 3146 2926 qui
3173 2867 3292 2914 sunt
3316 2861 3372 2914 in
3402 2862 3642 2918 canistra

2053 2946 2539 3010 censummationis,
2563 2948 2718 3012 edite,
2751 2949 2887 3002 sicut
2917 2951 3164 3020 prwcepit
3195 2952 3321 3005 mihi
3345 2951 3628 3010 Dominus.

2053 3031 2236 3086 Aaron
2274 3041 2323 3088 et
2366 3033 2468 3102 ﬁlii
2505 3033 2619 3104 ejus
2664 3037 2929 3090 comedent
2959 3053 3060 3091 eos.
3095 3037 3382 3103 Quomodo
3418 3056 3548 3112 ergo
3575 3041 3628 3096 in

2053 3123 2138 3178 his
2184 3139 2295 3178 non
2347 3125 2665 3182 admiranda
2715 3128 2784 3183 sit
2830 3129 3095 3198 sapientia
3128 3131 3398 3200 spiritus?
3429 3132 3632 3188 nullam

2051 3217 2258 3288 quippe
2303 3217 2637 3276 dubietatem
2671 3221 2983 3291 hujusmodi
3013 3223 3316 3280 intellectui
3349 3225 3582 3295 deliquit
3617 3247 3630 3281 :

2052 3317 2342 3376 propterea
2376 3323 2569 3364 carnes
2612 3325 2737 3364 cum
2768 3311 3001 3380 panibus
3032 3313 3243 3367 comedi
3279 3314 3630 3384 praecipiens,

2055 3409 2116 3454 ut
2141 3414 2242 3454 nos
2273 3398 2724 3471 intelligeremus,
2773 3400 2904 3454 illud
2943 3402 3013 3456 ab
3039 3417 3105 3458 eo
3139 3405 3460 3473 mysterium
3501 3405 3632 3469 dici,

2055 3490 2200 3560 quod
2229 3490 2390 3545 simul
2427 3491 2604 3561 panis,
2632 3500 2688 3546 et
2723 3506 2853 3546 caro
2874 3499 2975 3554 est,
3010 3492 3150 3546 sicut
3193 3509 3394 3562 corpus
3427 3494 3635 3550 Christi

2057 3581 2213 3650 panis
2251 3581 2383 3644 vini,
2419 3581 2511 3650 qui
2561 3581 2629 3636 de
2663 3581 2802 3636 caelo
2847 3581 3152 3636 descendit.
3204 3582 3434 3652 Propter
3487 3587 3634 3653 quod

2057 3673 2186 3726 Elia:
2235 3674 2532 3728 secundum
2569 3671 2710 3726 LXX
2749 3672 3066 3737 editionem,
3099 3688 3296 3728 carnes
3327 3689 3506 3739 mane,
3537 3690 3635 3744 pa-

2055 3780 2154 3818 nes
2188 3775 2368 3819 autem
2411 3763 2621 3833 vesperi
2663 3763 2979 3819 deferebant
3020 3765 3167 3820 corvi
3198 3780 3458 3834 superne,
3491 3781 3632 3835 pra:-

2057 3856 2293 3927 ligurare
2345 3857 2450 3912 hoc
2512 3856 2833 3927 mysterium
2889 3855 3120 3911 Domino
3170 3857 3428 3913 volente:
3483 3858 3630 3928 quod

2057 3946 2206 4000 intus
2246 3954 2461 4016 oportet
2521 3945 2577 4000 in
2630 3945 2894 4012 Ecclesia,
2936 3944 2994 4000 in
3047 3945 3173 4025 loco
3196 3955 3408 4009 sancto,
3445 3945 3496 4000 id
3524 3953 3628 4011 est,

2056 4037 2125 4091 ad
2156 4037 2328 4092 altare
2353 4036 2527 4107 coqui
2550 4045 2606 4092 et
2630 4036 2880 4092 comedi:
2931 4034 3060 4091 alibi
3102 4051 3234 4094 vero
3263 4051 3630 4106 nequaquam.

2058 4127 2290 4198 Propter
2357 4127 2505 4198 quod
2581 4127 2782 4182 Paulus
2852 4125 3155 4181 Corinthiis
3226 4127 3580 4197 pracipicbat
3617 4144 3653 4187 ;_

2061 4217 2496 4275 Canoenientibus
2541 4225 2721 4272 autem
2758 4217 2900 4269 vobis
2938 4216 2992 4269 in
3031 4232 3215 4280 unum,
3258 4215 3386 4284 jam.
3420 4231 3522 4272 non
3561 4225 3636 4270 est

383 4305 780 4377 cruciﬁgendns
827 4315 974 4362 esset
1016 4321 1124 4376 pro
1151 4308 1327 4371 nobis,
1381 4309 1496 4364 haec
1538 4309 1643 4364 sub
1692 4310 1956 4367 orationis
1988 4327 2034 4386 ι)
2067 4308 2394 4363 Dominicam
2427 4323 2627 4365 aenum
2680 4308 3000 4361 manducare
3034 4323 3053 4362 :
3105 4307 3460 4380 unusquisque
3501 4309 3640 4361 enim

385 4397 594 4462 forma,
643 4399 710 4454 ad
745 4399 1120 4456 instruendam
1165 4399 1529 4456 obedientiam
1585 4402 1957 4471 apostolorum

387 4489 560 4545 dixit:
590 4489 736 4544 Sicut
772 4507 851 4544 me
889 4491 1028 4549 misit
1050 4491 1216 4545 Pater
1243 4492 1299 4544 in
1321 4492 1590 4558 mundum,
1631 4502 1679 4548 et
1702 4510 1796 4564 ego
1834 4495 1961 4548 misi

388 4595 472 4632 ses
513 4581 571 4632 in
608 4583 877 4645 mundum,
923 4591 971 4635 et
997 4597 1092 4650 pro
1121 4582 1197 4638 eis
1232 4598 1324 4653 ego
1371 4583 1638 4652 sancti/ica
1683 4585 1958 4654 meipsum,

389 4678 447 4723 ut
487 4671 628 4740 _sint
697 4682 748 4728 et
805 4673 905 4739 ipsi
975 4672 1294 4741 sanctiﬁcati
1348 4673 1406 4725 in
1454 4672 1758 4730 veritate“.
1821 4673 1962 4746 Ergo

389 4769 576 4830 aperte
606 4762 1090 4822 sanctiﬁcationem
1136 4763 1462 4823 sacriﬁcium
1489 4765 1639 4834 quod
1670 4779 1768 4834 pro
1799 4765 1961 4824 nobis

388 4852 624 4917 obtulit,
684 4867 752 4913 ex
805 4867 914 4924 quo
969 4864 1024 4912 et
1085 4854 1242 4913 nobis
1292 4855 1649 4916 sanctiﬁcatio
1707 4856 1964 4926 proﬁcit.

391 4944 704 5012 appellavit.

467 5032 623 5090 Vsus.
687 5035 876 5092 δίηὸϐ.
933 5056 952 5090 s
1011 5036 1260 5108 Cumque
1316 5037 1704 5095 sanctiﬁcassct
1755 5053 1850 5094 eos
1907 5040 1968 5099 in

394 5125 590 5179 vestitu
646 5143 746 5182 suo
800 5129 1054 5196 praecepit
1109 5128 1189 5183 eis
1238 5128 1468 5185 dicens:
1520 5127 1748 5196 Coquite
1777 5143 1969 5188 carnes

391 5224 522 5273 ante
566 5216 710 5272 fores
752 5219 1102 5283 tabernaculi,
1146 5228 1203 5276 et
1230 5219 1306 5275 ibi
1338 5219 1605 5274 comedite
1643 5233 1754 5275 eas.
1792 5219 1970 5276 Panes

391 5325 610 5380 quoque
651 5313 1073 5368 consecrationis
1127 5312 1306 5378 edite,
1364 5312 1457 5384 qui
1526 5312 1683 5382 positi
1739 5321 1868 5370 sunt
1913 5314 1969 5368 in

395 5405 632 5462 canistro
693 5407 834 5462 sicut
886 5407 1146 5478 pmcepit
1198 5407 1332 5461 mihi
1387 5407 1672 5474 Dominus,
1725 5407 1967 5464 dicens:

2064 4416 2220 4455 suam
2257 4416 2458 4454 canam
2503 4400 2775 4470 prwsumit
2805 4399 2877 4452 ad
2923 4400 3374 4460 manducandum.
3403 4399 3472 4454 Et
3503 4399 3648 4456 alius.

2066 4493 2276 4559 quidem
2317 4493 2503 4554 esurit,
2537 4491 2676 4546 alius
2705 4501 2884 4546 autem
2926 4492 3098 4561 ebrius
3137 4501 3232 4546 est.
3266 4493 3522 4564 Nunquid
3544 4493 3637 4545 do-

2068 4601 2179 4642 mos
2208 4601 2312 4638 non
2347 4585 2546 4638 habetis
2566 4584 2636 4639 ad
2655 4585 3088 4642 manducandum
3111 4593 3162 4640 et
3202 4580 3501 4649 bibendum,
3547 4592 3642 4637 aut

2072 4679 2360 4734 Ecclesium
2409 4678 2508 4732 Dei
2570 4679 2932 4746 despicitis“?
2985 4678 3055 4733 Et
3102 4678 3208 4734 hoc
3257 4678 3403 4744 ideo,
3433 4684 3494 4734 ut
3529 4675 3640 4729 illic

2069 4769 2318 4824 absolute
2354 4769 2580 4840 mystica
2619 4784 2775 4825 coena
2805 4769 3032 4827 deberet
3057 4769 3341 4826 celebrari.
3375 4767 3557 4820 Aaron
3587 4773 3644 4818 et

2071 4859 2164 4914 ﬁlii
2213 4858 2332 4928 ejus
2370 4859 2499 4914 illud
2525 4869 2680 4916 recte
2715 4861 3032 4925 comedunt,
3063 4859 3173 4915 nisi
3203 4858 3353 4912 enim
3387 4853 3677 4931 Christus.

2072 4956 2292 5019 rogatus
2339 4965 2436 5004 ore
2487 4950 2850 5014 sacerdotum,
2906 4949 3022 5019 ipse
3077 4945 3284 5001 venerit
3328 4952 3384 4998 et
3428 4955 3643 4995 caenam

2073 5039 2492 5097 sanctiﬁcaverit
2516 5056 2598 5107 ea,
2631 5057 2752 5113 qua:
2781 5049 3036 5111 aguntur,
3082 5035 3394 5090 nullatenus
3437 5031 3642 5086 sacriﬁ-

2074 5133 2224 5191 cium
2248 5131 2588 5194 Dominicum
2618 5132 2774 5188 ﬁunt.
2809 5131 2916 5185 Sed
2963 5131 3066 5184 hoc
3089 5125 3234 5197 quod
3263 5125 3532 5194 reliquum
3563 5128 3653 5178 est.

2075 5227 2146 5282 de
2175 5225 2454 5290 carnibus.
2503 5233 2559 5280 et
2594 5226 2848 5294 panibus,
2882 5223 2936 5276 in
2965 5223 3086 5292 igne
3113 5219 3327 5273 incendi
3363 5213 3644 5287 praecepit.

2075 5317 2231 5385 Quod
2261 5332 2410 5372 nunc
2445 5316 2698 5370 videmus
2739 5315 2903 5368 etiam
2952 5309 3286 5367 sensibiliter.
3322 5309 3375 5364 in
3407 5305 3656 5366 Ecclesia

2078 5409 2213 5476 ﬁeri,
2269 5409 2484 5481 ignique
2516 5406 2655 5461 tradi
2711 5418 3052 5476 quaecunque
3083 5416 3370 5458 remanere
3399 5395 3643 5468 contige-

465 5576 510 5610 "
542 5579 744 5636 lJoan.
774 5598 827 5642 v.
863 5580 916 5635 8.
993 5582 1037 5614 "
1071 5579 1242 5636 Galat.
1270 5580 1462 5643 111,27.
1537 5581 1583 5614 "
1611 5548 1928 5650 ιῐοθηξιγιι,

2087 5585 2166 5638 l9.
2241 5584 2285 5618 "
2317 5580 2482 5636 lCor.
2518 5593 2595 5643 ιι,
2625 5575 2818 5635 20-22.
