4076 6188
375 204 479 268 88⁸7

1572 205 1934 265 HESYCHII
1973 205 2442 265 PRESBYTERI

3538 203 3643 266 888

375 321 450 376 rit
471 324 875 391 inconsumpta,
919 337 1029 376 non
1073 321 1300 375 omnino
1331 337 1393 375 ea
1427 338 1546 391 qua:
1588 337 1695 376 una
1725 321 1837 386 die,
1875 322 1957 377 vel
1987 327 2032 382 Α
2061 338 2238 388 suam,
2261 321 2673 393 reprehendens
2717 319 2968 375 dicebat:
3019 319 3208 374 Omnes
3237 326 3488 388 quotquot
3521 327 3645 371 ante

377 413 616 478 duabus,
682 423 776 469 aut
817 414 1004 469 multis
1031 422 1244 468 servata
1281 423 1448 478 sunt;
1483 414 1626 469 sicut
1661 416 1808 469 enim
1859 430 1955 484 ap-

377 514 552 574 paret,
597 521 708 560 non
741 505 844 560 hoc
892 504 1166 576 legislator
1192 505 1472 574 praecepit,
1526 505 1622 560 sed
1647 506 1794 575 quod
1824 504 1952 559 reli-

376 611 546 664 quum
571 604 676 660 est,
702 595 922 650 incendi
969 596 1145 662 jubet.
1199 596 1324 651 Dies
1367 605 1551 652 autem
1581 611 1689 650 non
1713 610 1955 650 comme-

316 699 341 764 τέ
379 685 634 750 moravit,
692 694 752 739 ut
813 701 1154 756 quaecunque
1214 688 1591 757 cujuscunque
1647 688 1727 741 rei
1793 702 1958 743 causa

319 767 336 780 λ’
381 784 696 845 emergente
745 776 1564 846 remanserint-inconsumpta,
1597 777 1712 831 sive
1743 786 1960 846 tempus

379 869 436 921 in
489 881 650 920 causa
693 866 785 928 sit.
837 865 953 921 sive
996 868 1130 937 quid
1162 867 1307 922 aliud
1341 867 1524 934 fuerit,
1564 868 1704 939 ignis
1740 883 1879 938 opus
1905 877 1961 922 et

382 956 730 1027 consumptio
765 957 876 1012 ﬁat.
921 958 1064 1030 Ergo
1115 975 1180 1013 ex
1221 960 1324 1013 hoc
1356 959 1500 1028 quod
1527 959 1706 1029 agitur
1736 958 1963 1014 sensibi-

381 1045 526 1107 litcr,
560 1044 886 1114 signiﬁcatio
922 1046 1206 1115 cujusdam
1244 1048 1599 1118 intelligibilis
1629 1049 1728 1112 rei,
1757 1049 1838 1103 eis
1868 1048 1961 1118 qui

383 1132 695 1196 intendunt,
743 1134 992 1202 provenit
1047 1152 1060 1186 :
1108 1146 1167 1188 ut
1220 1135 1440 1205 quando
1471 1135 1536 1189 ad
1567 1136 1961 1191 comestionem

383 1223 633 1278 sacriﬁcii
679 1224 963 1280 deﬁcimus
1018 1234 1074 1280 et
1129 1227 1569 1282 comedereillud
1603 1227 1814 1298 integra
1853 1243 1961 1282 non

385 1333 678 1387 possumus
701 1328 885 1375 mente
917 1319 1100 1375 forsan
1123 1321 1474 1387 lassescente,
1503 1321 1620 1375 sive
1649 1320 1962 1384 deﬁciente,

387 1417 570 1462 utrum
627 1424 690 1462 ea
736 1424 858 1480 quas
907 1410 1184 1476 videntur,
1216 1426 1417 1480 corpus
1455 1418 1710 1481 oporteat
1735 1410 1962 1481 intelligi

390 1498 625 1564 Domini,
663 1500 717 1553 in
765 1501 910 1570 quod
958 1501 1131 1556 oculis
1174 1518 1275 1555 nec
1312 1502 1488 1571 angeli
1552 1511 1790 1571 possunt
1831 1518 1968 1572 pro-

392 1590 633 1659 spicere,
659 1607 770 1646 non
798 1592 1030 1662 relinqui
1061 1631 1075 1657 ,
1107 1594 1202 1648 sed
1233 1594 1398 1648 etiam
1420 1594 1558 1648 tradi
1587 1609 1651 1648 ea
1682 1594 1793 1665 igni
1812 1608 1972 1664 opor-

2063 433 2144 469 me
2185 425 2452 476 venerunt,
2511 414 2653 482 [ures
2709 414 2943 482 fuerunt,
2987 421 3033 467 et
3079 411 3347 477 latrones,
3405 426 3493 464 seu
3543 425 3646 462 non

2063 508 2344 561 audierunt
2363 523 2448 560 eos
2469 522 2584 559 oves
2600 506 2664 556 ⁵⁷.
2694 504 2760 558 Ει
2787 513 2910 574 post
2937 503 3054 557 haec
3080 501 3323 557 subdidit
3347 517 3360 553 :
3389 499 3503 570 Ego
3529 517 3650 553 sum

2064 598 2274 656 ostium,
2307 613 2399 664 per
2426 613 2506 649 me
2525 596 2572 648 si
2599 595 2714 665 quis
2736 593 3030 655 intraverit,
3073 592 3398 661 ingredietur
3419 600 3468 644 et
3498 608 3650 659 egre-

2064 686 2256 746 dietur,
2294 693 2342 737 et
2390 700 2586 754 pascua
2623 684 2930 738 inveniet”.
2972 683 3280 753 lngressum
3313 697 3411 752 per
3439 691 3649 735 semet-

2066 776 2267 845 ipsum,
2336 776 2384 830 ei
2438 791 2717 846 egressum
2765 775 3074 830 divinarum
3112 775 3520 843 Scripturarum
3547 790 3650 844 ap-

2067 865 2276 934 pellans
2321 864 2645 935 profectum.
2694 863 2798 928 Qui
2847 873 3032 918 autem
3084 865 3378 932 completio
3428 865 3647 918 dierum

2070 957 2160 1011 illa
2191 955 2424 1010 maxime
2449 954 2669 1019 dicitur,
2715 955 2877 1024 plane
2911 970 3010 1024 per
3042 954 3242 1008 Lucam
3276 954 3503 1024 spiritus
3536 963 3649 1006 tra-

2069 1047 2192 1103 dit:
2241 1047 2309 1102 Et
2360 1047 2486 1099 dum
2545 1045 2929 1114 complerentur
2959 1046 3070 1099 dies
3116 1045 3460 1109 Pentecostes,
3495 1054 3654 1098 erant

2071 1152 2246 1194 omnes
2273 1134 2465 1190 simul:
2496 1135 2669 1204 {actus
2699 1142 2771 1187 est
2797 1142 2977 1186 autent
3009 1142 3218 1201 repente
3239 1134 3303 1186 de
3327 1132 3452 1187 calo
3471 1149 3654 1197 sonus,

2073 1237 2328 1295 tanquam
2361 1223 2682 1278 advenientis
2725 1224 2943 1291 spiritus
2970 1224 3307 1284 vehementis,
3353 1232 3399 1275 et
3438 1223 3657 1289 replevit

2075 1327 2240 1393 totam
2267 1317 2507 1382 domum,
2538 1317 2592 1368 in
2619 1332 2721 1385 qua
2753 1315 3038 1368 sedebant:
3071 1323 3119 1366 et
3162 1323 3525 1382 apparuerunt
3549 1314 3659 1365 illis

2073 1407 2358 1476 dispertita:
2401 1405 2613 1474 linguae,
2665 1405 2801 1457 sicut
2827 1404 2983 1473 ignis,
3009 1403 3246 1471 seditque
3281 1419 3443 1470 supra
3465 1403 3650 1471 singu-

2077 1497 2153 1551 los
2209 1512 2408 1556 eorum,
2465 1504 2514 1548 et
2558 1495 2740 1562 repleti
2783 1501 2904 1547 sunt
2941 1508 3120 1545 omnes
3155 1490 3362 1560 Spiritu
3391 1493 3654 1544 sancto".

2075 1585 2194 1639 Non
2250 1583 2450 1638 frustra
2515 1597 2645 1652 ergo
2699 1581 2818 1636 dies
2879 1579 3264 1650 completionis
3321 1580 3554 1643 dierum,
3603 1589 3661 1632 et

393 1690 472 1736 tet
497 1683 744 1752 spiritus,
783 1692 843 1738 ut
878 1699 941 1739 ea
998 1685 1275 1749 comedat,
1320 1700 1442 1755 quae
1498 1686 1656 1740 nobis
1721 1695 1850 1740 sum,
1902 1701 1969 1739 ex
2001 1672 2049 1733 Β
2078 1673 2561 1730 consummationis
2598 1673 2950 1727 Pentecostes
2998 1671 3222 1730 dicitur,
3263 1670 3361 1724 sed
3410 1678 3469 1723 ut
3507 1685 3660 1723 com-

392 1772 708 1828 inﬁrmitate
776 1774 1065 1829 inesibilia.
1112 1774 1397 1840 Quomodo
1449 1785 1634 1830 autem
1693 1774 1965 1840 comedat,

394 1880 519 1919 cum
566 1867 1007 1936 cOgitaverimus,
1060 1867 1251 1922 virtuti
1286 1867 1511 1936 spiritus
1541 1883 1665 1922 esse
1689 1867 1973 1936 possibilia

393 1969 480 2016 ea,
511 1969 632 2023 quae
665 1955 825 2009 nobis
852 1955 1211 2024 impossibilia
1250 1956 1529 2011 videntur.
1571 1955 1726 2010 Unde
1753 1964 1810 2010 et
1838 1955 1975 2010 sub-

395 2054 690 2112 sequenter
727 2045 1009 2115 disputare
1052 2047 1330 2118 lcgislator
1366 2048 1598 2102 videtur.
1658 2047 1794 2104 Dicit
1827 2048 1972 2101 enim

393 2147 508 2187 Gtc:
783 2187 790 2194 κ
1023 2164 1042 2179 -
1565 2148 1572 2153 ’

467 2219 544 2273 De
586 2223 716 2275 ostio
758 2239 961 2295 quoque
1015 2227 1344 2281 tabernaculi
1393 2244 1494 2282 non
1522 2229 1729 2283 exibitis
1778 2238 1974 2298 septem

397 2312 594 2365 diebus.
675 2314 895 2385 Septem
955 2320 1083 2372 cur?
1148 2319 1285 2386 Quia
1344 2321 1796 2392 quinquagesima
1855 2320 1977 2376 dies

399 2405 712 2472 septenario
763 2422 992 2462 numero
1039 2412 1091 2464 in
1141 2413 1438 2482 semetipso
1487 2413 1871 2481 multiplicato,
1923 2421 1979 2467 et

403 2508 513 2546 uno
539 2494 588 2548 ei
629 2495 841 2566 adjecto
869 2500 1168 2568 perﬁcitur.
1211 2501 1364 2558 Unde
1408 2511 1464 2557 et
1512 2503 1977 2558 hebdomadarum

401 2597 524 2637 eam
576 2585 927 2643 festivitatem
973 2591 1117 2660 apud
1168 2590 1387 2662 Moysen
1431 2593 1536 2647 dici
1566 2632 1580 2654 ,
1627 2591 1981 2647 manifestam

402 2679 720 2746 sequentia;
787 2679 862 2734 ait
890 2681 1057 2747 enim,
1114 2682 1418 2737 secundum
1468 2683 1647 2737 LXX:
1715 2685 1883 2754 Usque
1911 2684 1982 2736 ad
2027 2719 2030 2724 ι

323 2841 332 2846 _
401 2767 926 2840 dienrcornpletionis
951 2774 1336 2844 quinquaginta
1364 2775 1586 2838 dierum,
1621 2783 1978 2843 pentecostcn

403 2858 630 2928 dicens;
670 2864 906 2932 complet
945 2864 1094 2918 enim
1145 2865 1520 2935 septenarium
1575 2881 1867 2920 numerum
1925 2866 1978 2920 in

403 2953 700 3021 semetipso
777 2955 1214 3023 multiplicatum.
1292 2957 1361 3010 Et
1428 2957 1585 3026 cujus
1670 2957 1748 3009 rei
1806 2957 1977 3027 gratia

403 3042 616 3098 dierum
643 3049 1125 3103 consummationis
1164 3049 1442 3114 dicuntur,
1473 3049 1755 3120 sequentia
1795 3058 1980 3105 osten-
2009 3023 2052 3081 θ

404 3135 560 3188 dunt.

477 3225 684 3296 Septem
710 3231 848 3283 enim
867 3230 1049 3284 diebus
1063 3232 1249 3300 ﬁnitur
1267 3233 1606 3296 consecratio,
1621 3234 1727 3286 sive
1746 3247 1986 3285 consum-

407 3316 596 3380 matio,
613 3316 747 3370 sicut
769 3317 820 3369 in
845 3320 1246 3385 prazsentiarum
1270 3320 1468 3390 factum
1490 3328 1585 3373 est.
1606 3318 1742 3384 Quia
1765 3334 1874 3372 non
1901 3334 1987 3372 se-

411 3405 516 3458 mel
544 3421 638 3460 eos
660 3410 1006 3464 consecravit
1040 3411 1325 3481 sanguine,
1356 3422 1412 3466 et
1437 3411 1702 3481 panibus;
1731 3411 1810 3466 sic
1839 3410 1985 3465 enim

409 3495 762 3566 cognovimus
788 3497 840 3550 in
863 3500 1302 3568 praecedentibus
1320 3510 1595 3570 peractam
1619 3499 1988 3554 consecratio-

408 3602 534 3643 nem
557 3603 652 3643 seu
688 3593 1240 3647 consummationem.
1264 3593 1359 3648 llis
1379 3593 1578 3648 similia
1602 3601 1651 3647 et
1681 3592 1856 3647 Lucas
1879 3601 1990 3646 tra-

412 3678 522 3744 dit;
561 3678 636 3732 ait
669 3680 815 3733 cnim
865 3680 934 3735 de
969 3681 1217 3747 Domino,
1261 3689 1318 3736 et
1351 3682 1667 3752 discipulis:
1705 3683 1908 3749 Quibus
1935 3693 1983 3737 et

415 3773 752 3838 prwscntavit
779 3774 1117 3841 semetipsum
1148 3783 1261 3842 post
1298 3783 1515 3828 mortem
1540 3791 1694 3828 suam
1725 3775 1783 3828 in
1812 3775 1992 3829 multis

415 3863 758 3932 argumentis,
779 3880 872 3931 per
899 3865 1010 3917 dies
1039 3866 1395 3934 quadraginta
1414 3882 1676 3935 apparens
1708 3868 1803 3934 eis,
1836 3877 1884 3920 et
1917 3867 1993 3920 lo-

418 3969 579 4024 quens
597 3955 660 4007 de
680 3971 837 4025 regno
861 3955 976 4020 Dei,
1001 3967 1048 4009 et
1083 3972 1404 4021 convestens,
1437 3959 1683 4027 prwcepit
1707 3959 1772 4011 ab
1805 3958 1982 4012 Hiero-

417 4043 634 4115 solymis
659 4062 720 4099 ne
741 4047 1084 4114 discederent,
1100 4050 1190 4102 sed
1212 4058 1571 4117 exspectarent
1593 4053 1992 4120 promissionem

416 4137 664 4206 patris".
717 4137 912 4193 Cernis
942 4140 1216 4208 quomodo
1260 4141 1639 4204 consecrabat,
1687 4142 1800 4196 sive
1829 4143 1994 4212 perﬁ-

417 4230 595 4285 ciebat
642 4245 758 4295 eos,
801 4246 1072 4300 apparens
1105 4233 1204 4298 eis,
1241 4241 1297 4287 et
1341 4234 1545 4288 docens
1574 4235 1641 4289 de
1671 4249 1839 4306 regno
1873 4235 1990 4300 Dei,

415 4329 473 4376 et
500 4335 858 4376 convescens.
892 4323 1090 4378 Dicens
1120 4333 1300 4378 autem
1342 4325 1410 4378 ab
1451 4325 1840 4396 Hierosolymis
1879 4341 1992 4381 non

419 4410 719 4474 discedere,
770 4427 883 4465 non
923 4415 1182 4482 praecepit
1228 4415 1451 4484 januam
1499 4415 1834 4469 tabernaculi
1865 4432 1993 4485 pro-

420 4499 570 4569 gredi
609 4500 694 4553 vel
742 4501 949 4571 egredi,
985 4502 1040 4556 id
1070 4511 1174 4568 est,
1213 4518 1324 4556 non
1353 4503 1621 4573 permittit
1671 4505 1990 4575 praedicare,

419 4605 590 4661 usque
628 4589 758 4644 dum
806 4593 1227 4661 promissionem
1275 4595 1518 4665 spiritus,
1574 4613 1694 4667 quae
1743 4597 1885 4653 facta
1913 4609 1999 4654 est

417 4682 866 4754 quinquagesima
919 4685 1026 4749 die,
1077 4687 1408 4757 acciperent.
1454 4689 1574 4745 Non
1621 4699 1805 4747 autem
1846 4692 1999 4747 exire

419 4777 487 4831 de
513 4777 680 4846 janua
715 4777 1049 4832 tabernaculi
1085 4781 1402 4846 testimonii,
1437 4797 1631 4838 vacare
1659 4796 1743 4839 est
1772 4801 1800 4838 a
1830 4785 1999 4840 verbo

420 4868 704 4934 doctrinae,
743 4875 800 4922 et
832 4883 939 4923 non
963 4871 1258 4939 praedicare
1277 4872 1579 4938 evidenter,
1607 4876 1734 4944 quia
1758 4876 1995 4931 hostium

421 4962 774 5031 semetipsum
807 4960 1080 5029 Christus,
1112 4972 1301 5033 utpote
1330 4964 1422 5034 qui
1447 4965 1663 5020 initium
1693 4978 1778 5022 est
1814 4971 1997 5023 omnis

422 5052 590 5106 divini
618 5054 792 5119 verbi,
825 5063 880 5110 et
910 5054 1174 5120 scientiae,
1210 5056 1526 5112 insinuavit.
1559 5056 1787 5114 Introire
1815 5071 2002 5114 autem

423 5144 546 5213 ejus
570 5146 792 5209 ostium,
833 5155 890 5200 et
916 5148 1121 5217 egredi,
1157 5157 1216 5202 ut
1247 5164 1576 5217 prensumere
1611 5150 1666 5205 in
1691 5151 1810 5221 ipso
1841 5153 2002 5208 intel-

423 5233 679 5306 ligamus,
717 5237 832 5307 ipse
860 5239 1016 5293 nobis
1050 5239 1270 5293 tradidit
1295 5241 1511 5308 quando
1533 5243 1795 5310 quosdam
1822 5244 1997 5299 aliena

425 5325 703 5393 docentes,
735 5337 790 5383 et
828 5330 884 5384 in
917 5346 1108 5387 errore
1136 5331 1435 5398 mittentes,
1479 5343 1607 5389 ante
1647 5334 1996 5404 przesentiam

2075 1767 2368 1838 pletionem
2400 1765 2623 1834 quidem
2670 1763 2883 1818 dierum
2915 1773 3268 1832 septenarum
3314 1763 3542 1823 habens,
3570 1776 3664 1832 ge-

2075 1875 2204 1915 rens
2269 1868 2453 1912 autem
2499 1857 2729 1926 spiritus
2801 1854 3200 1925 plenitudinem
3277 1854 3513 1922 implcns
3565 1867 3663 1906 eos

2075 1951 2433 2022 perfectione,
2480 1948 2680 2018 quibus
2726 1946 3050 2001 infundebat
3091 1945 3365 2015 spiritum.
3417 1943 3569 2009 Quod
3617 1943 3664 1997 si

2076 2044 2308 2107 dicatur,
2353 2040 2480 2111 quia
2531 2039 2889 2109 quadraginta
2933 2037 3155 2106 quidem
3211 2036 3329 2091 dies
3372 2051 3494 2090 cum
3521 2051 3661 2104 apo-

2077 2134 2250 2196 stolis,
2283 2131 2571 2202 perﬁciens
2609 2145 2704 2184 eos
2730 2129 2983 2184 Christus
3019 2127 3122 2182 fuit
3166 2146 3179 2180 :
3228 2127 3315 2195 qui
3347 2135 3532 2179 autem
3565 2140 3658 2178 se-

2077 2224 2317 2280 cundum
2360 2223 2529 2293 legem
2562 2229 2689 2275 sunt
2713 2219 3068 2289 perfectionis
3099 2227 3306 2287 septem
3338 2217 3477 2277 dies,
3513 2215 3664 2268 inte-

2079 2332 2271 2388 gram,
2333 2313 2475 2368 sicut
2538 2312 2818 2372 diximus,
2900 2309 3258 2363 Pentecosten
3324 2305 3664 2360 describunt.

2079 2407 2374 2463 Sciendum
2410 2413 2492 2459 est
2533 2404 2659 2473 quia
2705 2417 2808 2457 nec
2850 2402 2903 2455 in
2954 2401 3153 2454 mediis
3198 2399 3339 2452 inter
3377 2396 3666 2451 Ascensiu-

2080 2517 2205 2557 nem
2241 2507 2296 2554 ct
2326 2498 2689 2553 Pentecosten
2740 2493 2955 2558 diebus,
2988 2493 3056 2546 ab
3087 2491 3347 2559 apostolis
3380 2499 3670 2557 separatus

2080 2604 2195 2650 est:
2250 2606 2379 2646 nam
2434 2587 2708 2658 quomodo
2767 2586 2904 2640 dixit
2937 2585 3054 2639 eis:
3119 2583 3249 2636 Ecce
3280 2596 3372 2650 ego
3406 2579 3668 2632 vobiscum

2079 2700 2196 2738 sum
2229 2678 2468 2735 omnibus
2497 2675 2767 2730 diebus“?
2821 2674 2886 2729 Et
2921 2689 3112 2727 rursus
3145 2688 3158 2722 :
3216 2671 3338 2723 Non
3371 2669 3668 2734 relinquam

2082 2790 2169 2826 vos
2202 2771 2480 2840 orphanos,
2519 2765 2725 2819 veniam
2756 2765 2825 2818 ad
2859 2766 3024 2819 vos“.
3052 2762 3350 2831 Propterea
3392 2757 3673 2829 lcgislator

2084 2862 2326 2918 subdidit
2347 2879 2360 2914 :
3526 2864 3529 2866 ·

2155 2953 2300 3008 Sicut
2333 2953 2388 3006 in
2423 2953 2823 3021 pra'scntiarum
2859 2950 3056 3018 factum
3091 2955 3183 3006 est,
3218 2951 3272 2995 ut
3304 2943 3435 2994 ritus
3461 2939 3672 3006 sacrifi-

2085 3044 2153 3098 cii
2183 3043 2550 3112 compleretur.
2586 3039 2706 3103 Vel,
2735 3038 2876 3092 sicut
2905 3034 3068 3097 LXX,
3103 3031 3169 3085 In
3203 3032 3287 3084 die
3310 3031 3403 3082 hoc
3425 3026 3501 3079 sic
3532 3043 3676 3094 pra:-

2087 3138 2219 3204 cepit
2267 3136 2520 3189 Dominus
2551 3135 2742 3204 facere,
2777 3138 2833 3183 ut
2869 3129 3002 3182 detis
3031 3141 3126 3194 pro
3151 3123 3316 3178 vobis.
3357 3121 3412 3176 In
3451 3137 3556 3192 qua
3586 3120 3678 3174 dic

2087 3229 2232 3282 enim
2269 3225 2488 3281 tradidit
2517 3237 2687 3278 ccente
2744 3219 3083 3291 mysterium,
3127 3215 3181 3268 in
3230 3213 3421 3268 eadem
3457 3213 3547 3265 die
3577 3211 3675 3262 de-

2088 3318 2493 3390 precationem,
2551 3316 2667 3368 sive
2723 3309 3160 3379 propitiatiouem
3227 3301 3554 3364 insinuavit,
3624 3299 3680 3352 id

2089 3418 2192 3475 est,
2248 3416 2595 3478 peccatorum
2665 3398 3080 3459 remissionem,
3147 3396 3378 3450 dicens:
3447 3391 3549 3445 llic
3602 3400 3679 3444 est

2090 3517 2236 3555 meus
2273 3497 2492 3568 sanguis
2521 3496 2637 3548 novi
2685 3492 3008 3555 testamenti,
3042 3490 3131 3560 qui
3164 3505 3258 3557 pro
3285 3486 3465 3540 multis
3509 3486 3680 3554 eﬂun-

2089 3594 2261 3657 detur,
2311 3590 2368 3643 in
2411 3587 2762 3642 remissionem
2817 3592 3150 3654 peccatorum
3167 3583 3234 3633 “.
3274 3578 3468 3633 Verbis
3504 3575 3678 3630 etiam

2090 3684 2243 3755 ipsis,
2278 3698 2342 3738 ea
2375 3696 2497 3752 quae
2538 3680 2593 3733 in
2640 3676 2934 3747 Evangelio
2959 3673 3160 3744 scripta
3189 3681 3354 3736 sunt;
3408 3666 3682 3740 praedicit,

2091 3777 2234 3832 sicut
2322 3785 2658 3844 cognoscere
2737 3785 2803 3824 ex
2876 3768 2963 3822 his
3039 3780 3162 3836 qua:
3264 3763 3684 3830 subsequuntur

2091 3877 2268 3938 potes.

2172 3962 2264 4014 Die
2296 3976 2359 4013 ac
2385 3967 2530 4012 nocte
2560 3955 2836 4010 manebitis
2879 3956 2936 4008 in
2975 3949 3338 4006 tabernaculo.
3387 3946 3507 4008 Vel,
3539 3943 3687 3999 sicut

2094 4052 2272 4108 LXX:
2309 4052 2394 4104 Ad
2441 4050 2672 4119 januam
2718 4044 3046 4100 tabernaculi
3107 4039 3394 4096 testimonii
3439 4037 3686 4092 sedebitis

2093 4155 2284 4216 septem
2315 4142 2512 4205 diebus,
2544 4142 2630 4194 die
2662 4156 2725 4192 ac
2751 4147 2918 4192 nocte.
2959 4135 3226 4191 Dominus
3254 4147 3387 4186 vero
3417 4127 3689 4199 apostolis

2096 4239 2172 4292 ait
2203 4255 2216 4292 :
2251 4237 2345 4290 Vos
2369 4245 2544 4287 autem
2585 4231 2827 4286 sedebitis
2860 4231 2914 4283 in
2966 4229 3203 4290 civitate,
3238 4241 3400 4292 usque
3437 4223 3564 4276 dum
3597 4221 3688 4272 in-

2098 4329 2340 4384 duamini
2369 4327 2560 4380 virtute
2587 4341 2651 4378 ex
2679 4323 2870 4388 alto”,
2896 4321 2975 4375 sic
3001 4319 3163 4389 plane
3197 4315 3458 4376 sedebitis,
3494 4313 3588 4365 ait.
3618 4311 3690 4365 Et

2099 4421 2214 4490 ipse
2258 4417 2552 4487 discipulos
2581 4412 2983 4469 hebdomadam
3013 4409 3247 4471 dierum,
3289 4405 3426 4459 nihil
3459 4409 3690 4473 agentes

2099 4524 2342 4574 manere,
2377 4517 2566 4562 etnon
2599 4504 2896 4574 praedicare
2949 4498 3226 4570 praicepit.
3263 4495 3421 4550 Unde
3470 4509 3538 4547 ex
3571 4500 3688 4546 toto

2099 4619 2209 4659 non
2261 4601 2525 4656 docentes
2572 4597 2885 4668 apostolos,
2937 4602 3230 4661 antequam
3277 4588 3690 4658 complerentur

2100 4691 2346 4764 praedicti
2377 4690 2494 4745 dies
2527 4687 2869 4750 invenimus;
2919 4683 3210 4752 completis
3247 4689 3429 4734 autem
3467 4677 3687 4738 diebus,

2104 4783 2299 4839 Petrus
2331 4796 2458 4836 mox
2487 4777 2930 4850 pradicationem
2960 4773 3175 4843 incipit,
3227 4770 3448 4840 quando
3475 4777 3530 4822 et
3588 4766 3693 4820 ad—

2099 4877 2226 4931 dita:
2275 4883 2406 4929 sunt
2458 4872 2656 4926 anima:
2701 4869 2924 4924 circiter
2977 4867 3078 4921 tria
3122 4864 3328 4918 millia:
3366 4861 3447 4915 sic
3482 4867 3538 4913 et
3583 4856 3690 4925 ipsi

2101 4985 2198 5038 per
2243 4967 2454 5037 singula
2490 4963 2807 5018 mandatum
2849 4961 2956 5014 hoc
2984 4957 3395 5016 custodierunt,
3433 4961 3487 5006 et
3514 4947 3694 5004 maxi-

2103 5079 2190 5118 me
2224 5064 2276 5117 in
2307 5061 2386 5116 eis
2423 5057 2765 5130 complentur
2806 5069 2890 5118 ea,
2923 5067 3046 5122 qua:
3111 5050 3166 5104 in
3223 5041 3692 5116 subsequentibus

2103 5154 2384 5208 dicuntur.

2177 5243 2513 5298 Observantes
2542 5238 2821 5292 custodias'
2854 5235 3084 5297 Domini,
3133 5241 3188 5284 ut
3220 5245 3322 5282 nou
3361 5224 3692 5280 moriamini.

2093 5337 2195 5391 'Sic
2260 5336 2398 5389 enim
2465 5333 2590 5386 mihi
2667 5329 2915 5399 pra’cepit
2975 5326 3248 5380 Dominus.
3337 5320 3697 5385 Feceruntqus

2876 3768 2963 3822 his
3039 3780 3162 3836 quae

497 5527 546 5609 1'.
573 5527 692 5609 sm-
727 5543 762 5588 ι.
795 5529 848 5590 δ.
885 5530 968 5609 ις,
1016 5531 1240 5609 «ais...
1364 5534 1416 5588 ε.
1491 5533 1694 5609 um
1723 5538 1775 5594 9.
1936 5542 1973 5595 Α

2098 5559 2155 5609 ιι,
2189 5542 2302 5596 1-5.
2373 5542 2415 5571 εθ
2447 5537 2635 5595 .‘rlatth.
2667 5550 2854 5600 xxvnt,
2891 5530 2982 5586 20.
3061 5529 3101 5562 ⁸⁸
3139 5526 3300 5583 Joan.
3327 5539 3441 5593 xxv,
3476 5518 3562 5574 l8.

500 5597 547 5629 ”
573 5595 735 5651 Marc.
768 5615 878 5668 xiv,
907 5601 997 5656 ‘24.
1070 5603 1112 5634 ⁸³
1172 5605 1304 5660 Luc.
1325 5595 1483 5673 'xxrv,
1509 5605 1596 5662 49.
