4076 6188
370 252 477 317 889

1518 254 1599 314 ΙΝ
1636 242 2079 316 ιΕνΙΤιρυΜ.
2113 278 2180 289 -η
2219 255 2366 315 LIB.
2400 254 2485 317 II.

3521 252 3699 315 890‘

366 375 546 428 Aaron
575 380 624 427 et
655 371 749 435 ﬁlii
780 371 894 440 eius
925 379 1111 426 cuncta
1132 411 1148 437 ,
1191 384 1308 439 qua
1338 368 1538 423 locutus
1580 378 1654 423 est
1700 368 1953 423 Dominus
1986 374 2028 428 Α
2055 369 2148 438 qui
2183 369 2314 424 dicti
2344 377 2495 433 sunt,
2527 367 2804 423 aediﬁcans
2846 365 3208 421 vocationem.
3246 363 3402 420 Tunc
3425 365 3628 437 quippe

369 484 462 536 per
488 480 702 520 manum
734 464 923 535 Moysi.
959 464 1015 520 Si
1045 462 1306 532 quaeritur
1343 476 1441 515 cur
1471 460 1654 514 Aaron
1685 459 1812 515 ﬁliis
1834 460 1948 514 suis

370 558 684 627 conjungat,
737 554 1046 609 invenietur
1069 568 1232 607 causa
1264 551 1491 605 omnino
1521 546 1855 613 necessaria,
1889 556 1947 605 et

370 648 436 702 ad
468 647 542 702 rei
569 644 1060 700 considerationem
1092 650 1418 710 opportuna.
1455 640 1574 694 Non
1623 641 1769 695 enim
1798 640 1949 694 exire

371 739 439 793 de
480 738 644 808 janua
692 734 1023 789 tabernaculi
1072 730 1388 795 testimonii,
1437 731 1619 793 idest,
1665 746 1775 784 non
1809 730 1949 783 inte-

374 828 476 882 rim
504 826 784 883 attrectari
815 823 1183 896 evangelicum
1233 821 1702 892 prmdicationem,
1731 820 1818 874 his
1851 818 1948 889 qui

373 917 617 988 praedicti
657 924 785 971 sunt
834 914 1111 986 praecepit.
1162 913 1301 969 Cum
1344 928 1473 984 ergo
1499 910 1752 966 Christus
1778 925 1951 981 appa-

376 1009 485 1064 ruit
512 1008 791 1077 apostolis,
822 1021 975 1060 suam
998 1004 1221 1074 januam
1248 1018 1359 1056 non
1391 1001 1800 1073 egrediebatur,
1829 1000 1950 1070 ipse

375 1094 642 1165 siquidem
698 1104 831 1159 erat,
882 1092 974 1164 qui
1014 1101 1069 1146 et
1113 1091 1494 1162 praedicandus
1542 1099 1659 1144 erat
1686 1099 1740 1143 et
1766 1090 1860 1160 qui
1896 1089 1951 1143 in

306 1258 311 1265 ε
379 1186 639 1258 apostolis
689 1186 1027 1256 loquebatur.
1071 1182 1365 1253 PrOpterea
1417 1196 1539 1237 cum
1591 1180 1717 1235 ﬁliis
1746 1189 1802 1235 et
1833 1180 1952 1247 ipse

284 1348 291 1360 ι
380 1277 561 1332 Aaron
604 1276 935 1341 consecrari,
962 1290 1057 1329 seu
1089 1272 1458 1329 consummari
1485 1271 1788 1327 dicebatur.
1821 1267 1957 1335 Quis

284 1366 289 1372 ’
382 1368 452 1421 sit
491 1376 672 1423 autem
711 1380 1037 1421 consecrans
1074 1365 1189 1419 sive
1222 1377 1612 1419 consummans
1656 1360 1953 1432 legislator,

383 1471 721 1526 nequaquam
742 1456 1013 1520 subdidit;
1050 1455 1124 1508 ait
1161 1455 1331 1514 enim.
1385 1451 1592 1523 Septem
1628 1454 1808 1507 diebus
1837 1452 1959 1521 ﬁni-

385 1557 472 1601 tur
517 1548 861 1610 consecratio,
902 1547 1014 1601 sive
1050 1546 1350 1601 secundum
1382 1544 1545 1611 LXX,
1576 1545 1957 1599 consummavit

384 1655 572 1692 manus
595 1649 814 1704 vestras,
838 1640 970 1692 sicut
1004 1647 1054 1691 et
1084 1638 1224 1707 fecit.
1268 1635 1611 1691 Manifestum
1629 1645 1714 1691 est
1750 1644 1956 1702 autem,

2051 462 2205 531 prius
2227 466 2588 515 convocatum
2616 467 2703 513 est
2726 456 2982 511 Ecclesiae
3008 458 3400 525 spectaculum,
3434 456 3491 511 in
3515 471 3626 526 qua

2050 551 2405 622 intelligibilis
2442 550 2647 612 Aaron,
2700 548 2753 602 id
2786 555 2870 602 est
2909 546 3179 612 Christus,
3222 547 3475 601 sacerdos
3503 562 3628 603 esse

2051 644 2293 699 creditur
2329 663 2342 697 :
2387 642 2483 695 ﬁlii
2518 649 2702 696 autem
2749 640 2889 709 ejus,
2922 638 3014 707 qui
3055 638 3306 692 sublimis
3334 647 3464 692 sunt
3491 654 3630 694 con-

2052 736 2393 797 versationis,
2422 742 2477 789 et
2501 735 2624 788 ideo
2650 732 2938 787 sacerdotii
2967 730 3236 795 ministri,
3269 738 3327 783 et
3365 742 3630 798 coepera-

2052 837 2199 883 tores
2213 834 2359 881 sunt.
2371 824 2634 893 Majorum
2647 831 2776 877 natu
2792 831 2972 876 autem
2989 818 3177 885 Israel,
3191 819 3633 889 presbyterorum

2052 919 2187 974 ordo
2208 927 2311 981 est,
2331 932 2396 971 ex
2428 916 2514 970 his
2531 916 2733 984 quippe
2759 929 2959 982 corpus
2986 911 3243 966 Ecclesiae
3263 909 3633 978 componitur.

2054 1009 2160 1066 Sed
2189 1008 2371 1063 Aaron
2405 1006 2625 1076 quidem
2656 1004 2868 1074 accepit
2903 1003 2980 1057 ibi
3004 1002 3233 1057 vitulum
3260 1016 3359 1071 pro
3387 1006 3633 1069 peccato,

2054 1109 2110 1157 et
2124 1099 2348 1155 arietem
2371 1098 2429 1153 in
2452 1097 2855 1157 holocaustum,
2880 1103 3174 1162 utrumque
3206 1091 3636 1155 immaculatum,

2056 1200 2111 1248 et
2165 1190 2363 1247 obtulit
2422 1203 2608 1245 coram
2666 1186 2917 1242 Domino.
2974 1176 3132 1239 Tunc
3190 1183 3337 1239 enim
3390 1181 3641 1237 Christus

2056 1279 2379 1336 sacriﬁcium
2409 1295 2567 1334 suum
2595 1278 2940 1331 innotescere
2972 1274 3158 1345 erepit,
3186 1289 3256 1329 ex
3287 1288 3396 1344 quo
3415 1272 3641 1342 spiritus

2058 1372 2375 1437 adveniens,
2433 1369 2687 1432 Parthos,
2742 1375 2800 1422 et
2859 1366 3066 1426 Medos.
3128 1373 3184 1420 et
3238 1364 3517 1426 Elamitas,
3578 1371 3635 1415 et

2059 1460 2302 1516 omnium
2325 1459 2569 1530 gentium
2591 1456 2880 1527 primitias,
2900 1454 2965 1508 ad
2984 1454 3352 1523 apostolorum
3369 1439 3646 1507 coenaeuli

2061 1552 2344 1621 superiora
2374 1550 2611 1620 collegit.
2644 1549 2870 1618 Accepit
2893 1556 3076 1600 autem
3107 1553 3161 1598 et
3203 1543 3340 1598 ordo
3373 1542 3643 1611 majorum

2062 1652 2192 1698 natu
2238 1641 2432 1707 Israel,
2487 1654 2650 1709 quem
2702 1637 3148 1707 presbyterorum
3201 1647 3323 1687 esse
3383 1631 3643 1691 diximus,

386 1731 529 1799 quod
555 1730 670 1799 ipse
696 1739 813 1785 erat
849 1731 941 1801 qui
972 1730 1109 1785 ﬁlios
1135 1730 1514 1793 consecrabat,
1551 1729 1666 1784 sive
1704 1728 1959 1800 perﬁcie-
1993 1711 2037 1766 Β
2072 1742 2258 1804 utpote
2287 1734 2404 1802 ipse
2438 1740 2661 1796 sortem,
2696 1738 2749 1784 et
2779 1729 3003 1798 ﬁguram
3035 1726 3318 1780 doctorum
3351 1737 3564 1793 gerens,
3590 1730 3649 1774 et

388 1822 498 1885 bat,
534 1822 629 1890 qui
673 1830 728 1876 et
751 1821 938 1892 perﬁci
966 1822 1021 1876 in
1071 1822 1153 1876 eis
1175 1822 1289 1876 sive
1322 1820 1653 1887 consecrari,
1681 1830 1870 1893 utpote
1911 1819 1967 1875 in

387 1912 648 1968 membris
696 1912 952 1983 propriis,
993 1913 1299 1968 dicebatur.

1001 2062 1229 2119 CAPUT
1266 2063 1362 2118 IX.

461 2178 623 2235 Vsus.
668 2181 786 2235 1-4.
854 2178 1065 2233 «Facto
1116 2187 1298 2233 autem
1352 2187 1544 2234 octavo
1598 2178 1688 2233 die
1756 2176 1974 2234 vocavit

390 2271 603 2342 Moyses
665 2273 845 2325 Aaron
897 2280 951 2324 et
1017 2269 1157 2324 ﬁlios
1219 2270 1360 2339 ejus,
1426 2284 1490 2323 ac
1545 2270 1779 2338 majores
1840 2277 1972 2323 natu

392 2360 583 2425 Israel,
641 2360 888 2429 dixitque
943 2359 1010 2413 ad
1058 2358 1238 2412 Aaron
1280 2376 1292 2410 :
1337 2358 1533 2412 Tollite
1584 2357 1815 2412 vitulum
1872 2373 1974 2427 pro

393 2461 640 2523 peccato,
714 2460 770 2505 et
826 2451 1053 2505 arietem
1116 2449 1169 2502 in
1230 2448 1639 2515 holocaustum,
1712 2459 1975 2519 utrosque

395 2543 796 2609 immaculatos,
842 2552 897 2596 ct
935 2541 1073 2597 oﬁ‘er
1116 2541 1237 2615 illos
1280 2556 1462 2595 coram
1511 2541 1759 2595 Domino.
1807 2542 1875 2596 Et
1906 2541 1973 2595 ad

395 2631 539 2685 ﬁlios
572 2628 739 2685 Israel
775 2631 1016 2700 loqueris
1058 2648 1071 2683 :
1119 2629 1313 2683 Tollite
1343 2629 1555 2682 hircum
1600 2645 1698 2699 pro
1726 2643 1971 2699 peccato,

396 2729 452 2775 et
477 2721 727 2784 vitulum,
756 2730 919 2790 atque
944 2736 1142 2791 agnum
1172 2720 1487 2774 anniculnm
1515 2729 1569 2774 et
1602 2720 1721 2775 sine
1743 2722 1974 2785 macula,

398 2812 450 2864 in
482 2812 885 2877 holocaustum,
914 2812 1133 2873 bovem,
1161 2819 1216 2865 et
1240 2811 1466 2865 arietem
1498 2825 1597 2879 pro
1627 2812 1888 2880 paciﬁcis,
1922 2819 1977 2866 ct

399 2903 678 2957 immolate
698 2918 792 2957 eos
813 2917 995 2957 coram
1012 2902 1243 2955 Domino
1262 2903 1316 2955 in
1333 2902 1600 2956 sacriﬁcio
1619 2903 1975 2973 singulorum,

397 2994 629 3048 similam
677 2994 798 3049 oleo
843 3010 1195 3063 conspersum
1244 2994 1557 3061 oﬁ'erentes,
1620 2994 1779 3049 hodie
1828 2996 1974 3049 enim

399 3084 662 3142 Dominus
684 3088 971 3157 apparebit
1005 3088 1180 3141 vobis.
1226 3105 1245 3137 ι

469 3179 624 3233 Sicut
666 3178 957 3247 aliquando
1006 3178 1185 3248 imago
1236 3177 1487 3232 animalis
1527 3178 1834 3248 cujusdam,
1879 3188 1976 3235 aut

398 3269 613 3341 virgulti
651 3270 789 3326 forte
833 3270 1169 3340 depingitur,
1218 3278 1312 3324 aut
1358 3269 1619 3323 scribitur
1652 3270 1833 3323 autin
1864 3287 1975 3326 tere

400 3360 741 3431 exprimitur,
777 3370 833 3415 et
870 3375 981 3414 non
1012 3361 1236 3430 quidem
1279 3369 1464 3429 aperta
1501 3360 1557 3414 in
1593 3360 1749 3415 initio
1780 3377 1976 3430 opera-

404 3451 587 3513 tionis,
636 3458 731 3505 aut
778 3451 1082 3520 scripturas,
1140 3459 1233 3505 aut
1288 3450 1412 3504 teris
1453 3451 1735 3519 expressio
1763 3460 1868 3516 est,
1921 3453 1978 3506 in

404 3554 661 3610 processu
688 3549 871 3594 autem
905 3540 1108 3609 operis,
1146 3539 1448 3610 participali
1485 3549 1781 3609 augmento
1813 3540 1977 3610 perﬁ-

404 3632 565 3697 citur,
614 3631 693 3686 sic
726 3638 780 3686 et
822 3646 1163 3702 quascunque
1210 3631 1485 3702 legislator
1532 3646 1678 3687 nunc
1725 3632 1779 3685 in
1809 3631 1980 3704 ﬁgura

403 3727 629 3797 exponit
692 3726 922 3781 clariora
989 3727 1364 3782 additamento
1441 3740 1653 3794 eorum,
1710 3742 1833 3797 quae
1882 3742 1981 3796 per

405 3828 587 3889 partes
633 3819 830 3883 sancit,
868 3828 925 3874 et
968 3819 1212 3889 planiora
1252 3818 1406 3872 ﬁunt.
1471 3816 1608 3883 Quia
1661 3834 1792 3888 ergo
1834 3818 1979 3872 diem

406 3908 914 3972 consummationis,
980 3924 1078 3964 seu
1134 3906 1566 3963 consecrationis
1616 3907 1977 3962 Pentecosten

406 3999 630 4071 intelligi
658 4008 902 4070 oportet,
929 3999 1291 4061 ostendimus,
1311 4008 1365 4054 et
1392 3997 1521 4067 quia
1550 4013 1723 4067 uSque
1752 3997 1819 4052 ad
1852 4012 1979 4052 eum

403 4092 546 4148 diem
596 4090 877 4146 Dominico
921 4090 1175 4144 mandato
1218 4088 1532 4159 praedicatio
1582 4088 1812 4143 inhibita
1870 4097 1979 4153 est,

404 4194 694 4257 propterea
733 4199 847 4239 non
878 4182 1029 4237 exire
1056 4181 1279 4252 januam
1315 4179 1651 4236 tabernaculi
1679 4179 1977 4235 testimonii

406 4279 547 4333 ﬁlios
578 4276 757 4332 Aaron
803 4275 1083 4346 przeccpit.
1112 4273 1599 4348 Considerandum
1655 4280 1741 4327 est
1799 4271 1979 4341 qualia

406 4366 774 4424 consummari
798 4375 853 4422 et
878 4366 931 4419 in
963 4367 1067 4421 hac
1088 4365 1176 4421 die
1200 4365 1284 4420 lex
1335 4363 1613 4434 praecepit.
1646 4361 1798 4415 Diem
1830 4361 1977 4414 enim

408 4468 661 4518 octavum
706 4459 1064 4514 Pentecosten
1126 4457 1379 4527 appellat,
1437 4458 1562 4526 quia
1618 4455 1977 4509 Pentecostes

404 4552 526 4607 dies
568 4550 762 4606 incidit
805 4551 860 4606 in
910 4552 1031 4616 hac,
1063 4565 1169 4618 qua
1207 4548 1456 4603 Salvator
1499 4545 1813 4609 resurrexit,
1856 4559 1977 4618 quae

408 4658 529 4700 esse
550 4652 737 4699 octava
759 4643 1030 4698 creditur:
1060 4617 1186 4712 quia
1213 4640 1437 4710 ﬁguram
1455 4638 1593 4710 gerit
1614 4617 1977 4707 primitiarum

407 4735 602 4798 futuri,
656 4734 749 4790 sed
793 4742 848 4788 et
900 4731 1386 4788 consummationis
1433 4728 1718 4799 praesentis
1764 4726 1975 4791 saeculi,

405 4842 529 4897 quae
560 4826 615 4880 in
643 4834 849 4895 septem
876 4825 1172 4881 revolvitur
1193 4824 1411 4880 diebus.

475 4916 828 4972 Pentecostes
858 4925 1039 4970 autem
1070 4914 1308 4970 circulus
1329 4913 1431 4967 sub
1456 4910 1979 4983 prmdicto'uumero

407 5019 513 5077 est,
554 5026 683 5081 ergo
726 5017 876 5064 recte
927 5008 1118 5064 incidit
1162 5008 1216 5061 in
1260 5003 1515 5076 praesenti
1567 5003 1787 5058 saeculo.
1833 5001 1981 5055 Con-

409 5100 851 5164 summationem,
892 5098 1161 5167 simulque
1214 5090 1667 5150 resurrectionem
1716 5091 1984 5162 signiﬁcat

410 5192 762 5246 Pent9costes
793 5192 911 5247 dies
944 5210 957 5244 :
1009 5188 1295 5265 oportebpt
1339 5186 1507 5251 enim,
1554 5191 1616 5238 ut
1649 5182 1703 5236 in
1750 5198 1856 5253 qua
1895 5182 1984 5237 die

410 5282 649 5338 surrexit
701 5281 954 5337 Christus
1001 5280 1057 5334 in
1127 5279 1318 5334 eadem
1377 5285 1432 5332 et
1486 5277 1623 5330 ritus
1670 5275 1977 5330 adveniret.

410 5372 567 5429 ’I‘unc
601 5388 740 5447 ergo
776 5374 961 5430 vocari
1010 5370 1213 5435 Aaron,
1261 5378 1317 5425 et
1345 5369 1483 5424 ﬁlios
1512 5367 1631 5438 ejus
1659 5374 1715 5422 et
1753 5368 1981 5437 majores

408 5473 541 5521 natu
569 5464 736 5522 Israel
760 5464 853 5532 ait,
879 5462 1171 5519 Ecclesium
1194 5458 1614 5532 quodammodo.
1645 5473 1741 5529 per
1766 5472 1979 5523 eorum,

478 5643 525 5676 “
560 5641 605 5699 il
625 5642 753 5699 Cor.
776 5655 860 5711 tu,
888 5641 975 5696 I7.
1049 5640 1093 5671 “
1119 5638 1238 5694 Act.
1276 5653 1334 5706 ιι,
1361 5636 1417 5691 3.
1504 5616 1511 5621 ’

2073 1825 2163 1895 qui
2202 1824 2269 1879 ad
2307 1823 2583 1878 docendos
2621 1835 2724 1875 nos
2764 1819 2909 1873 utilis
2953 1826 3037 1872 est
3078 1816 3353 1884 vitamque
3383 1811 3647 1883 perﬁcere

2075 1919 2129 1971 in
2155 1916 2397 1971 Ecclesia
2420 1913 2862 1970 convenientium
2889 1919 3088 1981 potest.
3136 1907 3269 1973 Quae
3301 1913 3485 1960 autem
3518 1912 3649 1959 sunt

2076 2003 2190 2057 haec
2212 2018 2334 2071 qua:
2359 2000 2615 2071 accepit?

2142 2094 2364 2152 Hircum
2415 2109 2510 2163 pro
2567 2100 2801 2163 peccato.
2870 2089 2976 2145 Pro
3026 2086 3349 2160 paenitentia
3393 2085 3649 2143 videlicet

2076 2184 2427 2239 sacriﬁcium.

2144 2274 2213 2329 Et
2243 2275 2464 2329 uitulum
2513 2283 2562 2328 et
2610 2289 2805 2345 agnum
2843 2272 3150 2326 anniculnm
3191 2272 3244 2324 in
3284 2269 3651 2323 holocaustum

2074 2368 2462 2421 immaculatos.
2492 2365 2793 2431 Perfectum
2820 2365 3089 2424 videlicet.
3121 2371 3175 2417 et
3207 2371 3649 2417 consummatam

2076 2462 2264 2525 vitam,
2303 2460 2418 2514 sive
2466 2457 2959 2520 conversationem,
3000 2470 3121 2525 quae
3174 2469 3273 2523 per
3317 2454 3545 2518 hostias,
3596 2452 3652 2505 id

2076 2561 2160 2607 est
2183 2567 2281 2621 per
2305 2551 2622 2605 holocausta
2663 2547 3020 2618 signiﬁcatur.

2147 2642 2216 2695 Et
2237 2643 2434 2705 bovem,
2465 2649 2514 2694 et
2540 2640 2753 2693 arietem
2783 2654 2876 2708 pro
2912 2636 3162 2707 paciﬁcis.
3198 2633 3305 2688 Sed
3336 2633 3402 2686 ad
3450 2629 3653 2685 sacriﬁ-

2077 2734 2223 2789 cium
2270 2732 2507 2786 salutare
2555 2747 2569 2785 :
2615 2730 2945 2784 mediocrem
2996 2725 3488 2787 conversationem,
3532 2734 3653 2791 qua:

2076 2834 2259 2880 tamen
2302 2831 2480 2894 potest
2519 2824 2727 2877 salvare
2766 2836 2861 2875 eos
2904 2820 2995 2890 qui
3038 2818 3294 2880 offerunt,
3324 2818 3461 2871 sicut
3490 2827 3655 2883 supra

2079 2917 2335 2973 diximus.
2385 2916 2583 2971 Coram
2641 2912 2873 2968 Domino
2925 2921 3105 2966 autem
3162 2908 3343 2963 omnia
3397 2904 3655 2977 praecepit

2081 3009 2244 3065 ﬁeri:
2294 3015 2513 3078 oportet
2561 3005 2761 3076 quippe
2811 3018 2971 3060 omne
3004 3002 3221 3058 virtutis
3265 3014 3423 3070 opus,
3470 3003 3657 3065 utpote

2076 3101 2296 3156 vidente
2318 3100 2449 3165 Deo,
2470 3097 2675 3169 peragi,
2699 3105 2753 3152 et
2780 3110 2887 3149 non
2911 3092 3210 3163 corrumpi,
3236 3104 3413 3160 neque
3437 3087 3615 3142 vitiari
3639 3104 3653 3138 :

2079 3208 2202 3249 cum
2237 3191 2629 3261 permiscemus
2660 3187 2710 3243 ei
2751 3187 3081 3241 voluntatem
3108 3192 3374 3237 nostram.

2150 3282 2485 3351 Sacrificium
2535 3282 2726 3334 simin
2786 3291 3079 3344 conspersa:
3122 3274 3255 3328 oleo.
3307 3267 3656 3338 'I'henlogiam

2078 3384 2202 3424 cum
2262 3370 2631 3438 eleemosyna,
2698 3365 2804 3419 hoc
2863 3363 3010 3417 enim
3072 3360 3330 3431 praedicta
3393 3354 3657 3411 sacriﬁcia

2080 3461 2358 3517 subtiliter
2406 3459 2567 3514 nobis
2617 3457 2746 3510 olim
2800 3455 3046 3508 discussa
3091 3452 3468 3505 innatuerunt.
3516 3446 3658 3511 Quid

2079 3560 2259 3606 autem
2291 3551 2375 3604 his
2402 3563 2548 3603 nunc
2576 3545 2862 3600 subdidit?

2149 3640 2286 3707 Quia
2335 3640 2487 3693 hodie
2535 3637 2794 3690 Dominus
2837 3633 3112 3705 apparebit
3151 3631 3311 3689 vobis.
3360 3627 3474 3682 Hoc
3523 3642 3658 3682 con-

2081 3731 2253 3789 clusio
2282 3739 2337 3786 et
2367 3727 2616 3799 probatio
2646 3734 2751 3790 est,
2794 3726 2923 3794 quia
2947 3725 3015 3779 de
3046 3724 3367 3777 Pentecoste
3398 3717 3656 3789 prtedicta

2081 3823 2263 3879 omnia
2307 3821 2671 3876 dicebantur:
2708 3817 2759 3869 in
2789 3831 2851 3871 ea
2882 3810 3027 3871 enim
3074 3813 3155 3867 eis
3197 3811 3449 3881 apparuit
3478 3808 3656 3863 Domi-

2083 3931 2207 3980 nus,
2260 3913 2486 3983 spiritus
2535 3910 2810 3973 videlicet,
2874 3908 2940 3962 de
2992 3920 3101 3975 quo
3150 3903 3353 3957 Paulus
3402 3902 3654 3957 dicebat:

2082 4008 2336 4064 Dominus
2386 4011 2566 4058 autem
2627 4002 2845 4071 spiritus
2897 4008 2973 4054 est
3002 3997 3066 4050 “.
3126 3994 3415 4059 Quomodo
3474 4000 3658 4046 autem

2083 4095 2367 4167 apparebit
2392 4094 2448 4148 in
2478 4094 2579 4155 eis,
2598 4091 2733 4149 dixit
2759 4090 2963 4144 Lucas:
2989 4088 3120 4142 Visa:
3140 4096 3261 4141 sunt
3282 4087 3354 4140 eis
3374 4083 3661 4155 dispertita:

2083 4187 2312 4259 linguaz,
2379 4187 2512 4239 sicut
2570 4184 2739 4256 ignis,
2796 4191 2844 4236 et
2901 4182 3145 4235 sederunt
3202 4193 3368 4247 supra
3425 4173 3662 4246 singulos

2084 4296 2266 4334 eorum
2290 4278 2355 4331 ⁸⁸.

2016 4391 2058 4443 ι)
2158 4368 2321 4423 Vsus.
2362 4366 2412 4421 5.
2458 4385 2476 4418 ο
2515 4361 2781 4418 Tulerunt
2825 4375 2957 4431 ergo
3008 4367 3206 4415 cuncta
3249 4372 3371 4427 qua:
3423 4356 3663 4426 jusserat

2077 4460 2285 4531 Moyses
2340 4456 2407 4511 ad
2461 4453 2662 4510 ostium
2721 4450 3077 4515 tabernaculi,
3134 4465 3257 4503 cum
3342 4445 3417 4501 ibi
3484 4443 3665 4499 omnis

2080 4559 2255 4606 staret
2285 4546 2604 4603 multitudo.
2646 4563 2665 4595 ι

2150 4642 2353 4711 Aperte
2386 4638 2476 4694 hic
2514 4636 2813 4692 Ecclesiam
2845 4632 3122 4703 exposuit.

2078 4722 2085 4731 ’
2150 4732 2232 4784 Ad
2250 4730 2442 4784 ostium
2472 4726 2819 4781 tabernaculi.
2841 4723 2959 4790 Vel,
2980 4724 3120 4779 sicut
3149 4719 3309 4784 LXX,
3338 4728 3461 4772 ante
3485 4714 3663 4768 taber-

2083 4821 2331 4876 naculum
2368 4819 2669 4883 testimonii,
2707 4817 2966 4873 videlicet
2990 4814 3137 4868 cmli.
3161 4811 3218 4865 Si
3246 4809 3390 4863 enim
3422 4802 3662 4859 Ecclesia

2080 4907 2386 4978 frequentia
2420 4896 2504 4963 est
2534 4907 2853 4976 angelorum
2887 4900 3319 4972 primitivorum,
3345 4893 3435 4962 qui
3470 4888 3661 4978 scripti

2080 4977 2209 5053 sunt
2243 4997 2296 5051 in
2329 4997 2481 5052 cmlis
2506 5005 2633 5050 ante
2668 4990 3085 5049 tabernaculum
3123 4979 3447 5042 testimonii,
3486 4977 3541 5032 id
3576 4986 3663 5032 est

2080 5097 2209 5144 ante
2244 5087 2437 5142 faciem
2471 5086 2616 5151 cmli,
2668 5085 2748 5140 sic
2806 5083 2953 5136 enim
2989 5088 3044 5133 et
3073 5074 3269 5145 Aquila
3318 5080 3440 5123 ante
3471 5070 3663 5141 faciens

2082 5183 2472 5251 interpretatus
2516 5187 2621 5240 est,
2663 5177 2770 5230 hoc
2802 5172 2947 5243 quod
2972 5170 3178 5224 dictum
3219 5171 3323 5228 est,
3359 5160 3663 5215 secundum

2088 5272 2251 5339 LXX,
2278 5280 2400 5325 ante
2432 5268 2730 5321 Dominum.
2765 5265 2822 5319 Si
2857 5278 2988 5333 ergo
3018 5261 3091 5314 ita
3132 5263 3238 5318 est,
3279 5269 3380 5325 pro
3417 5268 3484 5309 eo
3514 5252 3661 5321 quod

2089 5364 2155 5421 ad
2182 5365 2327 5419 illam
2349 5378 2406 5417 se
2424 5358 2900 5416 conversationem
2923 5362 3069 5425 apta,
3094 5356 3222 5404 ante
3254 5343 3661 5402 tabernaculum

2091 5465 2238 5511 recte
2269 5449 2602 5522 intelligitur.
2642 5446 2740 5501 llic
2768 5453 2948 5500 autem
2989 5440 3168 5499 omnis
3203 5436 3514 5502 multitudo,
3545 5432 3662 5488 sivo
