4076 6188
405 241 512 313 89!

1597 227 1958 294 HESYCHII
1993 222 2469 290 PRESBYTER]

3541 212 3648 278 892

401 367 673 430 synagoga
701 350 882 409 omnis
911 348 1141 414 accedit,
1175 347 1227 402 id
1257 356 1360 413 est,
1379 361 1446 402 ea
1471 362 1593 417 quae
1619 361 1687 401 ex
1711 343 1968 400 omnibus
1995 341 2043 398 Α
2068 338 2245 399 factus
2281 343 2366 391 est
2399 331 2736 430 propitiatio.
2793 329 2902 388 Sed
2941 338 2996 384 et
3041 342 3142 400 pro
3171 326 3502 430 semetipso,
3543 341 3649 430 cur

403 457 462 504 et
491 447 734 516 undique
766 453 850 498 est
882 439 1248 512 congregatio,
1281 437 1458 494 omnis
1489 437 1694 508 quippe
1742 434 1976 490 contrita

405 538 624 598 anima,
675 544 732 590 et
779 533 958 590 omnis
1004 537 1256 601 peccator
1282 571 1296 594 ,
1331 529 1509 584 omnis
1549 525 1978 582 misericordiam

405 626 771 684 necessariam
798 623 1025 688 habens,
1053 623 1233 678 omnis
1253 623 1320 676 ab
1345 636 1529 676 errore
1549 635 1608 674 se
1631 627 1975 683 convertens,

405 719 466 773 in
515 719 620 772 hac
647 714 888 770 Ecclesia
921 721 1304 783 congregatur,
1359 727 1471 765 non
1513 710 1689 765 solum
1729 719 1846 772 eos,
1885 707 1978 776 qui

377 808 475 880 de.
505 806 702 877 plateis
752 813 804 860 et
834 804 970 859 vicis
1013 812 1160 867 sunt,
1205 802 1301 857 sed
1332 809 1388 856 et
1416 815 1511 855 eos
1557 800 1648 870 qui
1678 799 1746 854 de
1775 798 1898 861 viis,
1926 805 1982 852 et

406 899 476 954 de
516 898 742 968 sepihus
791 895 972 950 vocari
1003 895 1349 964 praecipiens,
1391 902 1452 948 ut
1495 890 1731 962 regalem
1767 904 1979 946 omnem

408 988 778 1058 ingredientes
805 985 1125 1056 implerent.

481 1077 726 1133 Vens.6.
765 1095 784 1129 ι
819 1077 909 1131 Ait
956 1076 1209 1146 Moyses:
1257 1074 1364 1131 Iste
1420 1083 1506 1131 est
1559 1089 1759 1141 sermo,
1817 1087 1981 1143 quem

410 1170 669 1239 praecepit
733 1167 1017 1231 Dominus,
1078 1165 1270 1230 facite,
1347 1171 1403 1219 et
1469 1163 1756 1234 apparebit
1827 1161 1983 1220 vobis

412 1259 582 1330 gloria
613 1258 754 1327 ejus.
793 1275 812 1310 ι

478 1349 718 1404 Gloriam
743 1363 865 1404 esse
884 1348 1097 1404 Domini
1124 1348 1395 1418 Spiritum,
1430 1346 1719 1400 manifeste
1739 1345 1982 1401 ostendit

413 1439 559 1508 quod
595 1437 795 1493 Paulus
849 1439 920 1493 ad
965 1437 1282 1493 Corinthios
1335 1436 1554 1506 scripsit
1593 1453 1606 1488 :
1655 1435 1760 1489 Nos
1806 1451 1982 1490 omnes

413 1523 645 1577 revelata
675 1525 812 1594 facie
829 1523 1056 1593 gloriam
1075 1524 1282 1578 Domini
1298 1523 1641 1592 speculantes,
1667 1524 1722 1576 in
1746 1524 1983 1576 eamdem

411 1614 698 1683 imaginem
745 1615 1209 1682 transformamur,
1263 1615 1326 1666 de
1389 1613 1557 1684 gloria
1617 1614 1672 1666 in
1735 1614 1979 1683 gloriam,

419 1705 556 1756 sicut
584 1719 616 1756 a
646 1702 858 1756 Domini
903 1702 1089 1770 spiritu
1126 1703 1190 1754 νδ.
1249 1700 1316 1756 Ut
1365 1716 1494 1772 ergo
1539 1701 1707 1772 gloria
1765 1702 1981 1756 Domini

412 1793 714 1855 videretur,
750 1792 800 1846 id
829 1802 931 1855 est,
965 1801 1026 1846 ut
1047 1791 1314 1845 adventus
1342 1791 1707 1846 celebraretur
1737 1791 1981 1860 spiritus,

413 1881 516 1934 iste
546 1889 630 1934 est
680 1895 878 1942 sermo,
933 1880 1131 1948 inquit,
1170 1895 1330 1948 quem
1381 1881 1641 1950 prmcepit
1686 1880 1980 1936 Dominus:

415 1971 600 2025 Facite
625 1971 880 2026 videlicet
902 1972 1162 2042 mysticus
1195 1971 1263 2026 de.
1295 1987 1405 2041 quo
1436 1981 1772 2041 praeceperat
1804 1972 1986 2028 Domi-

413 2076 538 2116 nus.
602 2061 714 2117 Hoc
778 2063 937 2132 facite
994 2063 1049 2115 in
1105 2079 1276 2116 meum
1338 2065 1888 2119 commemorationem
1916 2065 1982 2144 Ἰ.

413 2147 731 2204 Sermonem
769 2159 952 2204 autem
997 2150 1268 2221 legislator
1298 2167 1365 2205 ex
1411 2152 1804 2206 consuetudine
1853 2152 1984 2208 illud

409 2249 590 2305 vocat,
611 2241 736 2310 quia
761 2241 884 2310 plus
915 2256 1168 2296 sermone
1192 2242 1439 2297 subsistit
1465 2242 1629 2313 huius
1650 2243 1985 2313 dispensatio

412 2331 676 2400 mysterii,
702 2330 937 2385 maxime
962 2330 1242 2386 Dominico
1272 2332 1440 2386 verbo
1467 2347 1529 2386 ea
1551 2347 1672 2401 quae
1701 2341 1982 2401 apparent,

411 2421 466 2475 in
497 2421 647 2476 aliud
673 2421 874 2491 aliquid
903 2422 1081 2491 majus
1120 2430 1177 2476 et
1220 2422 1562 2492 intelligibile
1599 2421 1982 2478 transferente.

410 2510 567 2565 Unde
639 2526 765 2564 cum
843 2527 1042 2565 manna
1125 2513 1416 2583 imaginem
1472 2513 1630 2583 panis
1687 2513 1830 2578 vitaz,
1893 2513 1986 2582 qui

413 2601 699 2656 descendit
741 2601 810 2656 de
865 2602 1024 2661 caelo.
1081 2613 1441 2673 pra-sentaret
1483 2621 1497 2658 :
1553 2604 1658 2657 llic
1694 2613 1768 2658 est
1809 2605 1981 2672 panis,

413 2691 511 2756 ait,
557 2707 709 2760 quem
749 2691 892 2745 dedit
936 2693 1077 2746 vobis
1128 2693 1382 2747 llonzinus
1419 2695 1488 2748 ad
1521 2696 1892 2749 comedendum
1916 2696 1981 2759 ⁸⁸,

414 2780 502 2834 hic
527 2788 612 2836 est
633 2795 814 2835 sermo
838 2797 1000 2851 quem
1031 2784 1315 2837 constituit
1359 2783 1641 2839 Dominus.
1677 2784 1816 2849 Quid
1857 2799 1986 2856 ergo

414 2885 481 2924 ex
523 2871 628 2936 his,
679 2887 800 2941 qua:
844 2873 987 2926 dicta
1027 2884 1174 2939 sunt,
1230 2873 1502 2946 legislator
1551 2875 1838 2946 signiﬁcat,
1879 2877 1985 2930 nisi

415 2962 541 3030 quia
573 2961 694 3015 sine
735 2962 903 3016 dubio
943 2963 1230 3034 agentibus
1253 2964 1332 3017 eis
1365 2971 1613 3018 sanctum
1649 2965 1982 3036 mysterium,

416 3061 472 3107 et
494 3053 828 3108 Dominicam
862 3069 1074 3109 caenam
1107 3056 1530 3120 celebrantibus,
1572 3057 1794 3113 advenit
1826 3059 1989 3128 spiri-

418 3152 507 3197 tus
543 3144 749 3208 ?Quod
795 3146 896 3200 etsi
948 3161 1058 3199 non
1088 3146 1304 3216 planius
1349 3149 1656 3218 expositum
1702 3149 1990 3214 hebennus,

418 3235 590 3292 multa
639 3237 840 3306 quippe
903 3238 1087 3292 studio
1138 3239 1419 3295 brevitatis
1466 3241 1745 3310 Scriptura
1811 3242 1991 3296 divina

420 3327 785 3395 praetermisit,
842 3343 964 3396 quae
1015 3327 1096 3382 fas
1151 3337 1327 3383 estex
1376 3330 1494 3384 aliis
1538 3331 1812 3401 colligere.
1864 3331 1996 3386 Erat

420 3418 574 3486 enim,
597 3418 714 3472 dies
744 3419 835 3488 qui
867 3421 1170 3488 appellatur
1198 3421 1533 3489 Dominicus,
1559 3425 1612 3478 in
1639 3441 1748 3494 quo
1776 3433 1995 3495 oporte-

419 3509 514 3563 bat
543 3507 715 3563 modis
743 3509 996 3563 omnibus
1015 3526 1172 3580 agere
1190 3514 1466 3581 apostolos
1487 3497 1712 3585 mystica
1736 3526 1790 3570 ct
1819 3531 1992 3570 sacra.

420 3597 554 3652 Nam
583 3608 640 3653 et
665 3613 764 3653 nos
795 3599 1010 3653 illorum
1044 3611 1337 3670 sequentes
1361 3605 1730 3672 traditionem,
1759 3607 1998 3661 Domini-

419 3703 538 3743 cam
611 3689 756 3744 diem
841 3689 1041 3744 divinis
1115 3691 1475 3747 conventibus
1567 3704 1993 3763 sequestramus.

421 3780 735 3835 Invenimus
809 3789 993 3834 autem
1069 3792 1124 3836 et
1193 3783 1472 3838 Christum
1553 3784 1804 3839 similiter
1875 3798 1997 3856 post

421 3872 878 3927 resnrrecﬁonem
923 3887 952 3926 a
982 3874 1233 3937 mortuis,
1280 3889 1378 3944 per
1408 3875 1655 3944 mystica:
1703 3891 1896 3942 coenae,
1942 3887 1999 3933 et

415 3960 578 4042 panis
659 3959 981 4020 fractionem
1061 3961 1531 4018 manifestatum:
1595 3965 1741 4034 quod
1810 3975 1999 4034 aperte

411 4051 640 4120 .quidem
675 4050 873 4120 Lucas,
907 4053 1122 4123 plenius
1160 4064 1342 4108 tamen
1364 4055 1530 4111 etiam
1557 4055 1798 4114 Joannes
1829 4073 1997 4112 evan-

414 4140 615 4223 gelista
645 4143 827 4198 tradit.

496 4229 656 4285 Vens.
691 4231 740 4284 7.
777 4251 795 4283 ι
840 4233 976 4287 Dixit
1027 4232 1092 4287 ad
1131 4232 1312 4288 Aaron
1346 4252 1359 4288 :
1403 4233 1616 4290 Accede
1649 4237 1717 4290 ad
1745 4237 1916 4293 altare
1945 4247 2000 4294 et

2077 427 2202 490 hoc,
2231 441 2358 480 cum
2407 421 2847 494 propitiationem
2891 434 3001 472 non
3033 421 3209 488 egeat,
3245 413 3417 486 magis
3464 423 3648 468 autem

2077 516 2192 587 ipse
2257 523 2478 587 praestet
2539 510 2982 584 propitiationem
3029 508 3053 560 ἲ
3115 507 3220 562 Sed
3261 515 3340 575 ~ut
3399 513 3649 559 nostrum

2078 616 2358 678 peccatum
2415 604 2740 674 suscipiens,
2785 601 2948 656 etiam
2989 615 3086 668 pro
3131 598 3427 667 semetipso
3456 597 3652 666 depre-

2079 708 2234 754 catur
2268 714 2284 752 :
2316 697 2600 754 evidenter
2628 694 2776 748 enim
2815 692 2919 746 hoc
2965 689 3202 744 hominis
3236 698 3341 750 est,
3369 697 3424 742 et
3451 687 3576 752 Dei,-
3595 686 3650 743 id

2079 800 2187 856 est,
2225 791 2365 845 sicut
2406 789 2644 843 hominis
2698 785 3133 857 propitiationcm
3181 782 3546 850 suscipientis,
3594 789 3651 835 et

2071 881 2222 940 sicut
2277 879 2373 934 Dei
2429 879 2646 933 sibimet
2703 874 3032 945 praestantis.
3093 872 3244 926 Alter
3291 871 3440 925 enim
3487 871 3650 928 homo

2081 965 2400 1036 sibimetipsi
2432 962 2877 1034 prepitiationem
2910 966 3170 1029 praestare
3200 972 3309 1011 non
3341 965 3538 1027 potest.

2150 1057 2314 1114 Vens.
2361 1055 2510 1110 8—H.
2580 1073 2598 1104 ι
2644 1053 2948 1122 Statimque
3009 1052 3190 1103 Aaron
3255 1048 3521 1102 accedens
3580 1047 3652 1102 ad

2080 1149 2270 1213 altare,
2312 1147 2612 1201 immolavit
2655 1143 2886 1199 vitulum
2937 1157 3037 1211 pro
3077 1149 3304 1210 peccato
3347 1154 3468 1204 suo,
3495 1139 3652 1206 cujus

2081 1239 2399 1309 sanguinem
2457 1236 2770 1291 obtulerunt
2815 1233 2867 1288 ei
2910 1233 3005 1286 ﬁlii
3047 1231 3151 1286 sui.
3192 1229 3252 1286 In
3289 1247 3398 1301 quo
3439 1231 3654 1302 tingens

2082 1331 2328 1400 digitum,
2366 1327 2542 1396 tetigit
2566 1341 2768 1382 cornua
2787 1324 2996 1389 altaris,
3035 1309 3090 1376 et
3115 1321 3257 1377 fudit
3283 1321 3559 1376 residuum
3584 1323 3654 1377 ad

2083 1420 2252 1475 basim
2274 1416 2770 1487 ejus.Adipemquc
2796 1431 2859 1470 ac
2891 1417 3245 1481 renunculos,
3279 1424 3334 1470 et
3365 1416 3654 1470 reticulum

2079 1505 2298 1575 jecoris,
2329 1519 2450 1572 quae
2476 1512 2603 1557 sunt
2629 1519 2724 1572 pro
2744 1514 2986 1572 peccato,
3011 1504 3246 1558 adolevit
3272 1520 3437 1574 super
3459 1505 3651 1570 altare,

2084 1597 2224 1651 sicut
2266 1603 2596 1666 praeceperat
2642 1595 2905 1648 Dominus
2957 1594 3146 1665 Moysi.
3195 1593 3401 1649 Carnes
3429 1611 3556 1648 vere
3597 1605 3653 1650 et

2087 1684 2281 1754 pellem
2307 1683 2425 1752 ejus
2449 1691 2598 1737 extra
2624 1685 2812 1749 jcastra
2843 1682 3142 1736 combussit
3185 1682 3318 1752 igni.
3355 1680 3658 1735 lmmolavit

2085 1786 2138 1830 et
2187 1774 2489 1829 holocausti
2535 1774 2834 1829 victimam.
2882 1771 3316 1842 Obtuleruntque
3365 1773 3412 1826 ei
3442 1771 3537 1826 ﬁlii
3569 1772 3656 1826 sui

2085 1867 2403 1936 sanguinem
2425 1866 2574 1936 ejus:
2598 1880 2761 1934 quem
2782 1865 2925 1919 fudit
2951 1879 3116 1934 super
3136 1863 3320 1918 altaris
3343 1863 3654 1918 circuitum.

2086 1955 2261 2024 Ipsam
2283 1955 2442 2008 etiam
2469 1955 2700 2007 hostiam
2724 1955 2777 2007 in
2806 1953 2978 2008 frusta
2995 1955 3289 2016 concisam,
3308 1968 3429 2007 cum
3456 1953 3654 2021 capite,

2086 2055 2140 2100 ει
2173 2047 2434 2100 membris
2461 2046 2688 2116 singulis
2738 2045 3074 2100 obtulerunt.
3106 2045 3237 2110 Quae
3274 2045 3449 2098 omnia
3485 2059 3659 2111 super

2085 2139 2254 2192 altare
2285 2136 2545 2191 cremavit
2571 2137 2701 2209 igni,
2737 2135 2862 2190 lotis
2888 2136 3041 2204 prius
3068 2149 3209 2204 aqua
3267 2133 3558 2200 intestinis,
3595 2140 3657 2188 et

2085 2228 2337 2298 pedibus.
2375 2245 2392 2278 ι

2159 2318 2223 2371 Ει
2249 2317 2404 2386 cujus
2433 2316 2508 2370 rei
2543 2317 2713 2386 gratia
2761 2315 2877 2368 haec
2904 2313 3066 2368 etiam
3097 2313 3150 2366 in
3177 2313 3282 2366 hoc
3318 2311 3440 2368 loco
3483 2313 3662 2367 sacri-

2088 2408 2204 2464 ﬁcia
2225 2417 2579 2477 peraguntur,
2601 2403 3124 2474 superiusdiximus.
3140 2403 3257 2458 Non
3279 2418 3409 2472 ergo
3429 2418 3663 2457 necesse

2086 2508 2188 2562 est,
2241 2498 2437 2552 iterum
2485 2511 2676 2550 eorum
2729 2495 2985 2550 virtutem
3034 2511 3133 2564 per
3189 2495 3399 2564 singula
3453 2495 3658 2555 dicere,

2085 2605 2203 2658 quae
2229 2588 2280 2641 in
2324 2589 2426 2641 hoc
2455 2587 2719 2640 sacriﬁcio
2750 2595 3080 2655 peraguntur
3110 2603 3123 2650 ;
3160 2601 3283 2638 cum
3315 2585 3444 2638 olim
3469 2601 3530 2641 ea
3564 2602 3663 2652 per

2086 2678 2332 2732 ordinem
2378 2676 2799 2730 discusserimus
2862 2684 2918 2728 et
2990 2675 3149 2743 cujus
3194 2675 3657 2743 comparationem

2087 2781 2276 2843 gerant
2300 2771 2435 2824 nihil
2469 2770 2891 2824 intermittentes
2915 2767 3337 2820 ostenderimus.
3373 2765 3438 2820 Et
3467 2782 3628 2834 quem

2088 2863 2375 2916 admodum
2400 2862 2451 2914 in
2470 2861 2682 2914 Domini
2705 2858 2990 2922 sacriﬁcio,
3018 2857 3159 2926 quod
3187 2873 3309 2911 cum
3340 2873 3510 2911 unum
3563 2858 3661 2919 sit,

2092 2967 2199 3004 non
2241 2960 2448 3004 tantum
2477 2949 2636 3002 nobis
2683 2957 3032 3018 peccatorum
3082 2955 3347 3015 praestans
3381 2946 3662 2999 remissio-

2091 3056 2240 3106 nem,
2294 3039 2391 3093 sed
2443 3047 2498 3094 et
2542 3039 2708 3092 vitam
2764 3037 3064 3106 perfectam
3117 3036 3171 3089 in
3213 3036 3577 3105 philosophia,
3610 3045 3668 3089 et

2094 3139 2524 3186 consummatam
2577 3127 2836 3192 efﬁciens,
2879 3127 3184 3181 necessarie
3214 3136 3268 3180 et
3309 3127 3363 3179 in
3401 3126 3654 3186 vitulum,

2093 3221 2185 3291 qui
2230 3236 2329 3290 pro
2371 3227 2593 3290 peccato
2638 3227 2740 3284 est,
2780 3227 2836 3271 et
2900 3218 2953 3270 in
2996 3216 3220 3270 arietem
3258 3217 3424 3281 hunc,
3467 3217 3558 3284 qui
3611 3216 3664 3268 in

2095 3312 2470 3366 holocaustum
2503 3309 2836 3373 immolatur,
2871 3315 3086 3376 oportet
3117 3307 3399 3375 reputari:
3436 3307 3583 3360 unde
3615 3315 3670 3359 et

2096 3403 2151 3456 in
2181 3417 2409 3472 persona
2467 3400 2765 3453 sacerdotis
2789 3407 3084 3466 utrumque
3117 3397 3473 3467 perspicimus
3513 3396 3668 3450 obla-

2095 3501 2209 3547 tum
2238 3513 2250 3546 :
2275 3493 2386 3562 jam
2413 3507 2543 3562 ergo
2581 3500 2635 3543 et
2662 3491 2728 3544 ad
2758 3489 3147 3558 subsequentia
3172 3489 3477 3543 veniamus.

2165 3582 2328 3636 Vens.
2361 3581 2551 3635 lli-2|.
2591 3599 2608 3629 ι
2644 3580 2710 3633 Et
2759 3595 2858 3647 pro
2907 3587 3132 3647 peccato
3175 3579 3364 3648 populi
3407 3578 3667 3640 offerens,

2095 3671 2356 3728 mactavit
2382 3670 2619 3734 hircum,
2651 3669 2974 3737 cxpiatoque
3022 3668 3200 3732 altari,
3238 3667 3368 3720 fecit
3413 3667 3674 3721 holocau—

2097 3775 2264 3828 stum,
2294 3764 2500 3818 addens
2544 3763 2597 3815 in
2653 3762 2921 3816 sacriﬁcio
2961 3762 3254 3815 libamenta
3301 3776 3423 3829 qua:
3465 3761 3677 3830 pariter

2097 3855 2415 3915 offerantur,
2479 3861 2534 3905 et
2596 3851 2820 3904 adolcns
2869 3866 2930 3905 ea
2995 3866 3162 3919 super
3225 3850 3414 3915 altare,
3468 3851 3679 3918 absque

2099 3943 2444 4000 caeremoniis
2518 3943 2824 3996 holocausti
2885 3941 3158 3994 matutini.
3239 3940 3547 3993 lmmolavit
3621 3948 3681 3993 et

2097 4038 2292 4092 bovem
2341 4045 2503 4102 atque
2575 4035 2824 4099 arietem,
2884 4033 3090 4086 hostias
3155 4033 3410 4101 paciﬁcas
3465 4030 3674 4101 populi.

2099 4127 2531 4194 Obtuleruntque
2577 4125 2626 4178 ei
2673 4123 2763 4176 ﬁlii
2801 4122 2887 4177 sui
2929 4124 3270 4193 sanguinem,
3318 4139 3479 4192 quem
3527 4123 3683 4176 fudit

2100 4231 2263 4286 super
2298 4216 2466 4269 altare
2509 4215 2562 4266 in
2609 4214 2879 4268 circuitu:
2928 4213 3143 4282 adipem
3181 4221 3362 4267 autem
3396 4214 3571 4276 bovis,
3621 4221 3683 4266 et

418 4321 642 4383 immola
677 4337 774 4391 pro
809 4333 1032 4392 peccato
1062 4333 1173 4390 tuo,
1210 4325 1449 4380 offerens
1495 4327 1896 4394 holocaustum,
1940 4338 1989 4383 et

2100 4309 2326 4366 caudam
2353 4307 2557 4372 arietis,
2599 4307 3038 4374 rcnunculosque
3083 4320 3206 4359 cum
3256 4305 3508 4374 adipibus
3537 4304 3680 4368 suis,

416 4411 721 4480 deprecare
742 4427 838 4480 pro
868 4421 940 4477 te,
963 4423 1015 4465 et
1044 4428 1142 4482 pro
1168 4415 1385 4483 populo,
1411 4431 1646 4486 cumque
1675 4418 2000 4472 mactaveris

422 4499 661 4567 hostiam
704 4500 935 4570 populi,
987 4517 1081 4555 ora
1130 4518 1230 4572 pro
1277 4519 1364 4568 eo,
1414 4505 1559 4558 sicut
1601 4505 1848 4575 praecipit
1892 4507 2001 4560 Do-

423 4604 626 4670 minus.
669 4607 688 4640 ι

497 4677 597 4735 Ubi
631 4686 820 4737 nostra
851 4682 1132 4736 translatio
1165 4681 1378 4752 planius
1404 4682 1587 4748 habet,
1623 4701 1718 4754 pro
1747 4694 1797 4739 te
1835 4694 1888 4739 et
1911 4702 2005 4755 pro

422 4771 637 4852 populo,
667 4788 763 4841 pro
790 4773 971 4842 teipse,
1003 4783 1051 4827 et
1075 4789 1169 4842 pro
1199 4775 1352 4829 domo
1379 4786 1469 4831 tua
1493 4776 1635 4832 LXX
1685 4777 1998 4832 ediderunt.

425 4863 532 4928 Qui
592 4872 776 4918 autem
839 4871 969 4919 sunt
1028 4865 1222 4921 domus
1286 4867 1641 4938 intelligibilis
1707 4867 2005 4924 sacerdotis

425 4951 595 5016 Paulo
625 4952 862 5019 dicente,
893 4970 1187 5024 cognosce;
1224 4957 1300 5010 ait
1336 4957 1481 5012 enim
1521 4975 1534 5011 :
1569 4957 1802 5012 Christus
1827 4968 2006 5013 autem

427 5053 484 5111 μι
509 5044 650 5112 ﬁlius
681 5046 736 5100 in
764 5048 918 5101 domo
954 5065 1052 5102 sua
1073 5048 1116 5081 ⁸³
1137 5065 1152 5114 ;
1176 5064 1299 5118 qua:
1331 5049 1527 5104 domus
1572 5064 1675 5105 nos
1706 5064 1919 5116 sumus,
1959 5049 2007 5104 si

427 5135 682 5202 ﬁduciam
711 5145 769 5191 et
823 5137 1050 5208 gloriam
1101 5139 1216 5209 Spei
1276 5154 1448 5209 usque
1487 5139 1554 5194 ad
1591 5139 1754 5194 ﬁnem
1795 5140 2008 5194 ﬁrmam

430 5225 782 5290 retineamus.
809 5229 950 5300 Ergo
980 5229 1034 5286 hi
1056 5230 1147 5299 qui
1179 5229 1550 5300 profecerunt,
1575 5239 1632 5286 et
1653 5231 2010 5300 perfectiores

2098 4411 2155 4456 et
2232 4399 2520 4454 reticulum
2577 4397 2798 4466 jecoris,
2851 4405 3154 4465 posuerunt
3215 4411 3381 4465 super
3437 4400 3681 4463 pectora.

2099 4493 2342 4561 Cumque
2372 4491 2594 4544 cremati
2625 4497 2808 4544 essent
2833 4489 3019 4558 adipes
3049 4503 3219 4556 super
3235 4488 3426 4551 altare,
3459 4494 3683 4556 pectora

2101 4599 2311 4648 eorum,
2348 4591 2404 4636 et
2435 4598 2616 4635 armos
2647 4582 2868 4634 dextros
2905 4580 3178 4648 separavit
3221 4578 3426 4638 Aaron,
3458 4579 3688 4632 elevans

2103 4691 2285 4730 coram
2325 4674 2570 4735 Domino,
2601 4675 2743 4726 sicut
2770 4679 3102 4742 prteceperat
3131 4671 3181 4724 ei
3207 4671 3441 4740 Moyses.
3482 4687 3501 4719 ι

2175 4767 2341 4833 Cujus
2389 4765 2611 4834 ﬁguram
2663 4779 2726 4816 ca
2783 4778 2904 4831 qua:
2957 4762 3100 4816 dicta
3165 4767 3294 4818 sunt
3344 4759 3602 4815 habeant.
3629 4767 3689 4812 et

2102 4855 2560 4928 quemadmodum
2623 4869 2721 4923 pro
2791 4862 3017 4922 peccato
3094 4852 3280 4905 hircus
3341 4849 3690 4920 poenitentiae

2104 4947 2428 5003 sacriﬁcium
2480 4946 2764 5014 signiﬁcet,
2833 4946 3148 4998 holocausta
3203 4952 3383 4996 autem
3435 4941 3685 4995 crucifixi

2105 5041 2572 5098 conversationem
2603 5057 2616 5094 :
2645 5037 2994 5106 Theologiam
3017 5052 3146 5090 vero
3178 5035 3374 5089 similia
3404 5057 3414 5086 :
3449 5033 3690 5086 salutare

2115 5144 2318 5194 autem.
2377 5147 2473 5188 seu
2524 5130 2873 5200 paciﬁcorum
2939 5127 3289 5189 sacriﬁcium,
3349 5126 3518 5178 vitam
3569 5139 3692 5192 qua:

2118 5243 2218 5282 nos
2267 5227 2475 5279 salvare
2521 5229 2717 5293 potest,
2759 5221 2923 5275 etiam
2979 5219 3328 5273 mediocriter
3369 5217 3688 5286 sapientes:

439 5325 590 5382 sunt,
635 5317 830 5373 domus
867 5319 987 5388 ejus
1035 5319 1177 5389 iuste
1223 5319 1568 5389 appellantur
1614 5337 1627 5372 :
1678 5335 1778 5389 pro
1812 5319 2014 5389 quibus
2120 5314 2794 5379 sacriﬁciorumdiscussio
2813 5313 3144 5383 praecedens,
3173 5311 3490 5366 unctionem
3513 5321 3696 5363 sacer.

436 5406 776 5475 deprecatur,
808 5416 864 5463 et
892 5425 990 5478 pro
1019 5410 1168 5464 omni
1203 5410 1420 5480 p0pulo,
1455 5419 1641 5480 utpote
1689 5409 1780 5478 qui
1823 5420 2012 5466 nostra
2121 5407 2264 5463 dotis
2313 5405 2570 5462 ostendit.
2620 5403 2759 5473 Ergo
2810 5402 2901 5472 qui
2960 5402 3123 5471 hujus
3173 5399 3470 5455 sanctionis
3521 5395 3696 5451 nescit

518 5599 562 5630 “
591 5597 633 5653 ιι
657 5597 784 5656 Cor.
822 5613 903 5666 ut,
932 5601 1016 5656 18.
1089 5604 1129 5635 ⁸⁷
1163 5604 1294 5661 Luc.
1328 5621 1458 5670 xm,
1499 5605 1582 5659 15.
1660 5605 1704 5638 ⁸⁸
1735 5603 1909 5659 Exod.
1942 5620 1989 5656 xi

2091 5601 2178 5656 15.
2247 5603 2286 5632 δί’
2322 5597 2485 5654 ilcbr.
2521 5612 2597 5660 ιιι,
2631 5595 2684 5658 6.
