4076 6188
245 305 348 370 893

1367 288 1448 349 IN
1487 277 1922 346 LEVITICUM.
1956 302 2023 314 -
2053 274 2200 337 LIB.
2232 272 2320 333 II.

3367 219 3476 304 '39:.

245 420 702 493 explanationem,
759 419 868 473 illic
921 413 1045 471 cum
1109 407 1410 466 subtilitate
1458 397 1803 472 perquirens,
1835 399 1879 453 Α
1907 391 2070 446 etiam
2099 386 2300 445 Paulus
2325 379 2612 438 intellexit.
2652 373 2798 431 Dicit‘
2819 381 2999 428 autem
3030 368 3110 424 sic
3145 383 3160 420 :
3191 361 3314 420 νοιο
3334 361 3479 417 uiros

2094 481 2106 493 -
2298 477 2309 488 ο
2337 474 2374 493 n-
2394 489 2438 493 --
2493 470 2718 493 tum...“
2740 478 2905 493 ...η-ι..
2927 473 3115 493 “um...
3135 456 3179 486 it
3221 452 3479 493 τρηιιρη,

232 508 410 570 'etiam
468 513 585 568 haec
641 525 740 582 per
778 506 986 584 singula
1038 503 1192 560 sciet.
1249 497 1382 553 Illud
1427 502 1606 549 autem
1658 501 1808 543 nunc

246 605 553 661 necessarie
577 604 846 666 addimus,
893 597 1068 655 sancti
1097 594 1331 664 Spiritus
1364 589 1420 643 in
1450 587 1806 641 Pentecosten

247 697 562 767 provenisse
591 693 1024 752 descensionem,
1051 701 1175 742 cum
1206 683 1262 736 in
1301 693 1469 734 unum
1501 670 1809 745 congregati

247 797 434 845 essent
507 785 777 858 apostoli,
841 781 1024 838 omnia
1085 791 1205 848 quae
1272 772 1572 830 secundum
1636 767 1812 836 legem

248 879 504 936 Ecclesiae
535 885 776 950 agerent,
805 872 1109 943 signiﬁcare
1135 862 1497 924 consideravit
1519 857 1811 931 legislator,

252 980 397 1028 recte
444 970 754 1042 praecedere
806 962 1104 1021 sacerdotis
1159 955 1444 1019 sacriﬁcia,
1502 966 1566 1006 ac
1615 947 1815 1004 deinde

253 1039 546 1120 subinferri
583 1060 767 1132 populi
805 1054 1102 1128 praecepit:
1131 1056 1345 1122 oportet
1381 1045 1527 1101 enim
1559 1039 1816 1096 Ecclesiae

252 1155 560 1210 doctrinam
588 1169 616 1206 a
641 1148 908 1207 sacriﬁcio
936 1143 1204 1214 Unigeuiti
1238 1138 1516 1200 inchoare,
1550 1141 1610 1187 ut
1639 1131 1817 1184 intro-

254 1247 522 1301 ducantur
571 1244 852 1304 docentes‘,
905 1236 1032 1306 quid
1081 1234 1238 1289 nobis
1293 1228 1476 1301 passio
1533 1221 1818 1279 Dominica

251 1333 566 1418 profecerit,
609 1339 703 1385 aut
747 1325 1075 1384 contulerit:
1123 1331 1284 1392 atque
1329 1319 1404 1374 ita
1451 1313 1821 1372 subinl'eratur

257 1439 438 1480 sermo
461 1419 818 1494 pmnitentiae.
844 1431 1006 1486 quem
1022 1427 1215 1469 omnes
1237 1411 1444 1479 utique,
1465 1414 1527 1461 ut
1543 1403 1816 1465 homines,

258 1513 628 1569 necessarium
683 1509 968 1564 habemus.
1020 1503 1180 1560 Unde
1236 1509 1293 1556 et
1337 1496 1604 1554 Dominus
1653 1505 1820 1548 unam

259 1605 561 1663 doctrinam
589 1600 864 1672 praedicat,
901 1597 955 1652 id
1000 1605 1084 1650 est
1114 1589 1510 1664 paenitentiam,
1540 1592 1824 1651 totumque

259 1697 532 1769 perfectus
544 1691 836 1749 subinferri
850 1704 1020 1743 conve
1028 1686 1310 1747 rsationes,
1325 1689 1488 1748 atque
1501 1672 1822 1743 theologiam
1857 1717 1899 1773 Β

261 1791 368 1845 illis
398 1784 845 1858 permiscendas:
885 1779 1069 1835 subdit
1090 1785 1295 1837 autem,
1327 1780 1381 1828 et
1402 1783 1522 1841 qua:
1555 1765 1829 1836 corrigen-

262 1893 366 1945 tes,
415 1879 530 1934 sive
587 1874 736 1932 uncti
787 1872 982 1928 salvari
1030 1880 1347 1940 possumus,
1409 1858 1660 1931 quamvis
1717 1869 1829 1909 non

263 1971 572 2028 sublimiter
637 1977 1046 2024 conversemur.
1124 1957 1185 2012 ln
1250 1956 1338 2011 his
1401 1950 1547 2007 enim
1615 1952 1832 2017 oportet

265 2064 564 2121 Ecclesiam
628 2054 978 2129 congregari,
1052 2061 1109 2106 et
1175 2043 1667 2103 manifestationem
1736 2034 1831 2090 Dei

266 2159 451 2232 gloriae
474 2155 770 2225 suscipere.
793 2151 920 2206 Haec
942 2149 1060 2203 sine
1083 2141 1246 2200 dubio
1267 2139 1460 2196 diebus
1484 2135 1834 2204 Pentecostes

267 2222 504 2304 maxime
530 2222 762 2316 agebant
791 2237 1040 2308 discipuli
1071 2230 1307 2295 Domini,
1359 2235 1581 2300 propter
1606 2223 1749 2294 quod
1779 2222 1851 2275 in'

270 2354 442 2396 unum
475 2347 606 2391 tunc
646 2331 860 2388 collecti
899 2335 1072 2390 erant,
1121 2322 1265 2392 quod
1314 2317 1625 2375 manifestat
1661 2315 1838 2370 Lucas

270 2431 462 2486 dicens
487 2447 501 2483 :
529 2427 596 2482 Et
624 2427 749 2479 dum
777 2419 1154 2488 complerentur
1171 2415 1283 2467 dies
1301 2411 1649 2472 Pentecostes,
1685 2412 1836 2460 erant

273 2535 451 2574 omnes
465 2517 625 2571 simul
655 2487 974 2566 unanimiter
992 2506 1059 2556 7°.
1085 2501 1224 2567 Quid
1246 2507 1426 2554 autem
1457 2500 1612 2550 erant
1628 2487 1838 2545 collecti

275 2626 455 2684 agere,
507 2607 610 2661 nisi
659 2619 723 2659 ea
770 2600 947 2656 modis
988 2595 1263 2656 omnibus,
1315 2603 1436 2658 qua
1479 2585 1622 2640 dicta
1671 2577 1842 2636 sunt?

274 2678 412 2757 Nam
466 2696 570 2752 etsi
613 2694 792 2765 palam
831 2703 940 2743 non
1007 2680 1397 2754 praedicabant,
1451 2684 1506 2729 et
1555 2678 1839 2742 propterea

277 2794 424 2850 intus
450 2795 625 2851 erant,
656 2785 709 2838 in
727 2777 1102 2852 superioribus
1130 2772 1402 2831 sedentes,
1421 2768 1653 2820 necdum
1677 2758 1842 2815 verba

275 2847 715 2941 disseminantes.
747 2847 862 2927 sive
907 2867 1080 2937 palam
1119 2864 1426 2931 loquentes,
1453 2853 1579 2924 quia
1611 2851 1680 2907 de
1702 2847 1843 2903 ostio

279 2968 610 3030 tabernaculi
632 2959 928 3021 testimonii
953 2973 1060 3012 non
1083 2961 1238 3012 erant
1261 2947 1399 3020 jussi
1432 2942 1637 3017 egredi,
1670 2953 1845 3009 usque

279 3065 406 3120 dum
458 3059 528 3115 de
597 3054 810 3111 excelso
880 3016 1276 3104 induerentur-
1305 3016 1540 3109 Spiritus
1596 3032 1838 3089 virtute:
1873 3055 1915 3113 ο
1949 3019 2158 3079 Domini
2201 3016 2284 3072 sui

1764 3123 1848 3177 ni-
1873 3073 1915 3113 υ
1947 3112 2170 3170 modum
2197 3107 2403 3177 Moyses
2431 3099 2719 3156 exsistens,
2749 3093 2980 3147 idoneus
3000 3092 3085 3139 est
3114 3081 3181 3136 ad
3211 3073 3516 3131 donandum

280 3163 648 3213 vetumtamen
677 3149 733 3202 in
757 3140 1066 3210 semetipsis
1096 3135 1220 3207 quia
1247 3133 1365 3189 haec
1392 3128 1641 3200 agebant,
1673 3139 1761 3179 ma

284 3243 482 3298 festum
530 3245 648 3294 est:
675 3244 731 3289 et
763 3240 1098 3302 quaecunque
1140 3223 1335 3278 decent
1379 3213 1700 3277 Ecclesiam,
1730 3224 1848 3265 me-

285 3333 444 3390 ditari
473 3346 585 3385 non
601 3299 886 3382 cessabant
906 3327 966 3374 ut
994 3319 1169 3386 ipsum
1191 3309 1444 3368 videlicet
1469 3306 1525 3360 in
1543 3299 1852 3370 semetipsis

289 3423 554 3478 baberent
581 3416 882 3477 Christum,
916 3408 1007 3478 qui
1059 3413 1142 3460 est
1186 3408 1349 3471 caput
1378 3395 1656 3453 Ecclesiae.
1698 3391 1854 3448 Unde

289 3518 345 3565 et
367 3507 642 3562 Matthiam
663 3502 727 3556 ad
744 3497 1126 3569 apostolatum,
1143 3505 1265 3546 cum
1283 3486 1642 3543 concionatus
1663 3479 1858 3535 fuisset

292 3600 486 3654 Petrus
517 3603 572 3651 et
613 3590 984 3665 proposuisset
1013 3584 1209 3640 divinae
1237 3578 1534 3648 Scriptum
1561 3569 1858 3642 expositio-

293 3706 441 3754 nem,
491 3697 653 3756 atque
707 3678 1034 3742 testimonia,
1079 3681 1223 3730 sorte
1276 3672 1689 3738 separaverunt.
1735 3659 1860 3714 Sive

294 3791 475 3836 autem
524 3771 856 3836 concienari,
902 3769 955 3823 id
990 3775 1074 3821 est
1118 3761 1377 3833 populum
1417 3751 1712 3816 exhortari,
1745 3749 1860 3805 sive

297 3870 591 3942 prophetas
609 3857 970 3930 interpretari,
985 3855 1222 3910 etcleros
1236 3849 1464 3906 sociare,
1483 3839 1861 3900 ecclesiastica:

297 3956 720 4034 dispensationis
749 3962 802 4006 et
830 3949 1038 4005 ordinis
1069 3946 1190 4000 fuit.
1217 3941 1358 4010 Ergo
1381 3935 1726 3993 manifestum
1757 3939 1859 3995 est,

298 4056 426 4127 quia
471 4045 926 4122 quemadmodum
970 4041 1025 4094 in
1072 4033 1343 4091 Ecclesias
1400 4024 1612 4083 collecti
1669 4023 1724 4077 in
1758 4021 1864 4076 illis

300 4113 505 4202 diebus.
541 4147 716 4202 erant,
765 4138 911 4205 quod
967 4140 1022 4185 et
1070 4126 1340 4199 legislator
1387 4118 1562 4174 modis
1612 4113 1867 4170 omnibus

302 4231 591 4306 signiﬁcari
645 4226 1026 4286 considerans,
1086 4218 1485 4284 consequenter
1534 4216 1591 4263 et
1631 4221 1695 4261 ea
1746 4218 1868 4274 qua:

301 4313 712 4392 subsequuntur
745 4313 954 4369 addidit
979 4330 992 4365 :

1909 497 2060 536 orare
2089 481 2141 533 in
2167 477 2309 531 omni
2332 474 2464 534 loco,
2490 470 2718 524 levantes
2740 478 2906 535 puras
2927 473 3115 514 manus
3135 456 3203 507 ".
3221 452 3480 507 Tendens

1911 848 2169 914 praestent
2195 833 2492 892 ostendunt
2519 825 2828 899 sequentia.

1983 929 2144 986 Vens.
2170 929 2260 983 2'5.
2311 944 2329 978 ι
2365 920 2604 994 ingressi
2667 925 2847 971 autem
2918 909 3128 978 Moyses
3187 909 3241 957 et
3302 900 3484 952 Aaron

1916 1019 2320 1078 tabernaculum
2394 986 2688 1068 testimonii
2715 1045 2730 1068 ,
2795 1009 2860 1073 ζει
2931 998 3192 1063 deinceps
3258 986 3482 1058 egressi,

1917 1111 2314 1170 benedixerunt
2347 1103 2567 1176 populo.
2607 1119 2626 1152 ι

1987 1201 2351 1270 Quamobrem
2390 1194 2543 1265 prius
2609 1191 2664 1244 in
2724 1179 3132 1240 tabernaculum
3190 1171 3487 1230 testimonii

1921 1292 2316 1365 ingrediuntur,
2364 1260 2419 1340 et
2465 1290 2651 1354 postea
2703 1271 3137 1332 benedictionem
3179 1260 3482 1334 praestant?

1920 1391 2024 1447 nisi
2047 1397 2108 1444 ut
2133 1400 2241 1442 non
2274 1384 2602 1453 ignoremus,
2627 1372 2751 1442 quia
2781 1371 2849 1425 de
2883 1361 3202 1433 intelligibili
3230 1357 3487 1412 taberna-

1921 1480 2063 1543 culo,
2099 1444 2353 1530 videlicet
2407 1468 2475 1522 de
2516 1464 2674 1525 coelo,
2717 1454 3150 1514 benedictionem
3204 1444 3500 1516 proferunt:

1923 1567 2251 1627 sacerdotes,
2283 1560 2531 1616 dicentes
2561 1553 2704 1609 sicut
2732 1548 2966 1604 Paulus:
2998 1539 3308 1596 Benedictus
3334 1534 3489 1594 Deus,

1925 1671 1972 1714 et
2018 1658 2179 1712 Pater
2229 1649 2438 1706 Domini
2482 1644 2644 1699 nostri
2688 1640 2817 1694 Iesu
2843 1633 3058 1696 Christi,
3107 1628 3196 1698 qui
3236 1623 3495 1678 benedixit

1931 1768 2022 1806 nos
2051 1751 2105 1803 in
2142 1745 2284 1801 omni
2318 1737 2669 1796 benedictione
2707 1725 2996 1801 spirituali,
3038 1724 3093 1774 in
3120 1715 3404 1774 cwiestibus
3442 1712 3503 1764 in

1929 1834 2352 1898 Christu".}loc
2377 1830 2522 1885 enim
2553 1823 2710 1880 nobis
2742 1829 2798 1876 et
2828 1819 2943 1888 ipse
2975 1812 3192 1867 tradens
3213 1805 3494 1862 Dominus,

1929 1934 2169 2003 quinque
2203 1938 2392 1997 panes,
2441 1929 2496 1974 et
2545 1928 2737 1970 rursus
2777 1918 2985 1979 septem
3023 1898 3376 1959 benedicens,
3429 1893 3494 1946 ad

1931 2022 2129 2078 uelum
2169 2012 2513 2084 respiciebat.
2543 2007 2653 2060 Cur
2706 2010 2888 2056 autem
2942 2011 3055 2052 non
3108 1992 3258 2046 solus
3293 1987 3502 2048 Aaron,

1933 2072 2374 2176 sewdietMog'ses
2417 2100 2775 2170 Synagogam,
2826 2105 2924 2144 seu
2970 2081 3226 2156 populum
3274 2072 3499 2130 benedi-

1934 2203 2102 2259 cunt?
2131 2199 2234 2255 nisi
2255 2167 2326 2250 'ut
2367 2167 2677 2253 discamus,
2718 2183 2843 2252 quia
2889 2193 2999 2233 non
3041 2171 3262 2245 propria
3301 2167 3501 2233 virtute

1933 2294 2242 2351 sacerdotes
2261 2281 2697 2343 benedictionem
2716 2277 2996 2345 praestant,
3019 2264 3114 2320 sed
3133 2262 3257 2332 quia
3277 2258 3500 2326 ﬁguram

1935 2389 2127 2442 ferunt
2168 2379 2398 2442 Christi,
2438 2379 2668 2445 possunt
2709 2371 2931 2436 propter
2983 2372 3106 2412 cum
3152 2351 3244 2422 qui
3289 2349 3342 2401 in
3371 2345 3504 2414 ipsis

1936 2487 2038 2543 est,
2065 2483 2324 2547 praestare
2363 2438 2763 2523 benedictionis
2803 2447 3218 2525 plenitudinem.
3251 2438 3408 2496 Unde
3448 2443 3505 2488 et

1939 2526 2038 2543 νη,

1939 2570 2166 2640 Moyses,
2198 2569 2388 2632 utpote
2444 2555 2529 2612 cui
2557 2554 2734 2622 imago
2786 2554 2872 2601 est
2920 2536 3136 2598 Domini
3182 2531 3385 2588 credita
3439 2526 3506 2579 ad

2819 2637 2830 2640 “
2948 2632 3002 2640 ··ν
3134 2625 3167 2640 Η
3225 2623 3238 2640 I
3301 2627 3344 2640 ,ι
3380 2616 3506 2640 ειι..,1

1938 2616 2368 2714 benedicendum
2411 2654 2561 2701 recte
2595 2616 3098 2709 comprehenditur.
3134 2623 3242 2680 Sed
3293 2627 3349 2674 et
3380 2616 3509 2670 illud

1940 2765 2035 2821 per
2085 2762 2148 2800 ea
2190 2757 2311 2814 qua:
2351 2739 2492 2793 dicta
2535 2741 2682 2797 sunt,
2737 2729 2821 2782 lex
2867 2720 3130 2792 signiﬁcat
3174 2733 3188 2768 :
3231 2711 3355 2782 quia
3400 2722 3510 2762 non

1941 2797 2026 2821 l'"
2092 2797 2147 2800 "‘
2205 2797 2222 2814 1

1941 2839 2116 2896 solum
2146 2835 2192 2889 is
2215 2831 2309 2902 qui
2332 2823 2698 2884 sacerdotium
2727 2815 2955 2872 sortitus
2986 2817 3091 2872 est,
3121 2805 3215 2860 sed
3242 2810 3297 2856 et
3332 2797 3513 2854 omnis

1940 2935 2122 3005 justus
2163 2927 2443 2984 Christum
2488 2919 2697 2974 habens
2741 2913 2796 2966 in
2841 2904 3154 2973 semetipso,
3201 2907 3255 2952 et
3289 2895 3513 2964 ﬁguram

3013 2997 3024 3005 ·
3266 2980 3483 3005 -υΑ-..ιλ

2330 3028 2427 3084 per
2471 3011 2668 3064 bonam
2723 2997 3213 3058 conversationem,
3255 2980 3516 3054 quemad-

1949 3163 2404 3258 bcnedictionem.
2459 3188 2586 3242 llaec
2625 3197 2753 3253 ergo
2795 3172 3077 3244 discipulis
3107 3163 3316 3222 Domini
3353 3175 3518 3231 agen—

1957 3293 2120 3354 tibus,
2181 3285 2404 3356 spiritus
2455 3275 2694 3338 advenit,
2766 3274 2990 3340 propter
3044 3258 3188 3331 quod
3239 3253 3524 3310 audiamus

1956 3377 2238 3448 sequentia
2249 3414 2262 3428 .

2024 3434 2188 3523 Unas.
2228 3465 2320 3518 24.
2391 3479 2409 3512 ι
2440 3453 2813 3526 Apparuitque
2873 3443 3040 3517 gloria
3104 3435 3316 3493 Domini
3371 3434 3522 3486 omni

1959 3555 2313 3616 multitudini.
2363 3553 2430 3605 Et
2485 3523 2613 3602 ecce
2676 3540 2816 3613 ignis
2886 3546 3138 3606 egressus
3193 3544 3221 3581 a
3278 3523 3528 3581 Domino,

1960 3647 2244 3708 devoravit
2289 3643 2686 3698 holocaustum,
2738 3638 2792 3685 et
2840 3627 3052 3694 adipem
3084 3618 3175 3689 qui
3207 3623 3323 3670 erat
3367 3625 3532 3678 super

1962 3737 2150 3793 altare.
2203 3730 2356 3799 Quod
2418 3741 2540 3781 cum
2603 3720 2869 3775 vidissent
2920 3711 3121 3772 turbae,
3175 3703 3535 3759 laudaverunt

1964 3825 2254 3882 Dominum
2286 3827 2506 3875 ruentes
2546 3813 2600 3866 in
2635 3809 2802 3865 facies
2837 3817 2985 3859 suas.
3025 3819 3044 3852 ι

2034 3917 2201 3972 Putas
2227 3927 2300 3968 ne
2345 3908 2522 3977 aliqua
2569 3895 3021 3969 interpretatione
3056 3882 3340 3960 praesentia
3373 3878 3537 3938 verba

1965 3968 2289 4079 legislatoris
2351 3968 2489 4069 opus
2556 3968 2824 4049 habent?
2881 3984 3002 4055 Ipsa
3069 3989 3304 4045 namque
3357 3968 3541 4027 verbis

1967 4060 2300 4157 cgncordant
2345 4060 2454 4154 bis,
2504 4100 2626 4157 qua:
2673 4087 2802 4142 sunt
2837 4076 2906 4132 de
2949 4073 3188 4129 adventu
3220 4063 3454 4136 Spiritus
3485 4060 3543 4127 in

1969 4185 2282 4261 apostolicis
2307 4180 2518 4236 actibus
2544 4174 2768 4242 scripta.

2042 4276 2301 4349 Apparuit
2328 4273 2486 4336 enim,
2517 4241 2707 4336 inquit,
2748 4261 2919 4334 gloria
2958 4252 3164 4310 Domini
3192 4247 3333 4306 omni
3363 4241 3543 4298 multi-

373 4334 466 4379 bse
509 4334 712 4375 uuntut‘
745 4334 954 4369 auuluit
979 4334 992 4365 :
2089 4334 2101 4349 .
2125 4334 2136 4348 ,
2474 4334 2480 4336 ἡ
2587 4334 2596 4336 _

373 4340 535 4466 γωέ
563 4409 652 4462 22.
688 4426 708 4458 ι
735 4406 805 4460 Ει
849 4401 1078 4460 tendens
1109 4409 1332 4450 manum
1367 4397 1556 4446 contra
1583 4384 1866 4456 populum,
1902 4373 1952 4430 ο,
1973 4370 2162 4427 tudini.
2193 4363 2498 4432 QuomOdO.
2544 4359 2690 4412 dicat
2742 4351 2965 4408 forsitan
3011 4338 3324 4415 quispiam?
3347 4334 3546 4413 Utique

2032 4461 2065 4466 --
2301 4456 2313 4466 ·
2477 4451 2516 4466 n
2621 4445 2728 4466 a_2_|
2796 4455 2959 4466 ..η-νυ...
3032 4431 3306 4466 Phor-“hin
3377 4425 3544 4466 vitam

302 4503 583 4562 benedixit
629 4499 701 4553 ei.
734 4497 930 4564 Sicque
957 4487 1240 4559 completis
1270 4483 1461 4539 hostiis
1485 4495 1585 4550 pro
1622 4482 1869 4548 peccato,

305 4604 362 4652 et
392 4589 745 4652 holocaustis,
777 4595 832 4641 et
862 4581 1116 4655 paciﬁcis,
1150 4573 1448 4633 descendit.
1484 4590 1502 4622 ι

377 4685 619 4748 Intende,
670 4679 794 4750 quia
844 4689 1060 4731 omnem
1121 4669 1277 4727 nobis
1330 4665 1610 4721 evidenter
1647 4661 1871 4730 ﬁguram

305 4779 562 4835 Ecclesia:
618 4773 737 4829 vult
798 4780 1121 4837 exponere:
1179 4775 1306 4815 nam
1368 4765 1651 4828 postquam
1713 4752 1872 4816 dixit,

307 4867 586 4926 descendit
609 4873 894 4936 postquam
922 4857 1049 4913 fecit
1069 4869 1166 4926 pro
1187 4858 1428 4923 peccato,
1453 4859 1507 4903 et
1525 4841 1872 4906 holocaustis,

309 4971 365 5018 et
397 4932 662 5032 paciﬁcis,
705 4951 945 5010 ostendit
971 4948 1096 5018 quia
1133 4939 1553 5012 completionem
1581 4932 1880 4990 sacriﬁcio-

311 5066 455 5112 rum,
492 5044 758 5103 intellexit
796 5037 1191 5112 expositionem
1239 5043 1452 5092 eorum,
1499 5032 1554 5078 et
1593 5029 1880 5092 propterea

311 5141 469 5203 dixit,
489 5135 770 5197 descendit,
796 5105 893 5202 per
912 5121 1326 5184 descensionem
1345 5110 1677 5170 doctoralem
1696 5105 1880 5161 sedem

312 5229 626 5300 designans,
675 5225 741 5279 de
787 5197 894 5291 qua
923 5224 1043 5287 post
1095 5208 1492 5281 expositionem
1545 5197 1882 5258 sacerdotes,

314 5292 514 5394 quibus
584 5317 753 5386 ﬁgura
828 5303 1182 5378 intelligibilis
1245 5300 1427 5354 Aaron
1496 5292 1700 5348 credita
1763 5296 1882 5350 est,

316 5409 675 5472 descendunt,
726 5413 780 5459 et
823 5418 920 5471 per
965 5396 1268 5453 orationem
1316 5401 1510 5444 manus
1567 5383 1634 5436 ad
1691 5379 1886 5434 C(Bllllll

317 5503 518 5561 levant.
573 5495 942 5552 Etevatiouem
1015 5489 1161 5545 enim
1218 5497 1519 5541 manuum,
1587 5474 1892 5530 orationem

391 5679 438 5715 ὀ
461 5679 678 5743 Act._tt,
717 5673 766 5728 l.
840 5671 879 5703 ⁷¹
920 5667 1102 5722 lTim.
1135 5680 1194 5730 tt,
1219 5663 1271 5723 8,
1307 5657 1351 5690 "
1380 5655 1423 5710 ll
1451 5655 1575 5710 Cor.
1603 5669 1638 5717 I,
1671 5651 1723 5702 5.

1978 4425 2120 4524 talis,
2192 4425 2405 4528 qualem
2475 4445 2731 4506 Ezechiel
2795 4455 2959 4511 super
3032 4431 3308 4489 Cherubin
3377 4425 3547 4488 visain

1974 4525 2284 4621 descripsit,
2311 4555 2406 4602 aut
2429 4543 2647 4614 qualem
2670 4537 2946 4595 Michieas,
2976 4527 3062 4584 vel
3084 4525 3253 4580 lsaias
3279 4538 3292 4575 :
3317 4530 3551 4588 quorum

1977 4661 2120 4702 unus
2171 4640 2392 4712 quidem
2453 4630 2720 4702 Seraphin
2782 4628 2839 4680 in
2900 4619 3173 4682 circuitu,
3232 4614 3370 4668 alter
3425 4621 3556 4662 vero

1976 4702 2252 4792 caelestem
2282 4725 2582 4782 exercitum
2606 4720 2760 4777 vidit.
2789 4715 2897 4771 Sed
2921 4721 3264 4782 nequaquam
3295 4702 3396 4756 fuit
3423 4711 3551 4764 una,

1977 4785 2107 4897 quae:
2119 4820 2392 4883 omnibus,
2413 4826 2468 4871 et
2485 4814 2686 4883 ubique
2711 4805 3044 4880 spiritalibus
3077 4796 3328 4869 apparuit
3365 4785 3553 4858 gloria,

1980 4874 2076 4974 sed
2112 4912 2428 4969 diﬂerentes
2457 4874 2714 4967 visiones,
2741 4874 2944 4967 vutpotc
2979 4874 3555 4956 incOmprehensibiles

1980 5008 2256 5083 praebebat
2307 5001 2653 5058 videntibus:
2686 5003 2929 5064 praesens
2981 4994 3162 5040 tamen
3212 4969 3404 5029 similis
3440 4968 3557 5031 erat

1983 5056 2081 5166 illi,
2280 5056 2637 5163 intelligibilis
2679 5056 2933 5155 egressus
2976 5083 3062 5130 est
3095 5067 3239 5140 ignis
3271 5079 3300 5117 a
3333 5056 3556 5114 Domino

1988 5195 2074 5249 die
2099 5168 2472 5247 Pentecostes,
2506 5188 2730 5253 propter
2761 5170 2906 5243 quod
2931 5168 3039 5222 ait:

2061 5243 2320 5353 Apparuit
2347 5243 2523 5349 gloria.
2541 5243 2772 5332 Domini,
2798 5272 2845 5318 et
2867 5270 3100 5329 egressus
3122 5260 3198 5306 est
3226 5247 3358 5332 ignis
3379 5262 3411 5298 a
3432 5243 3558 5298 Deo.

1997 5337 2154 5448 Ergo.
2197 5375 2251 5427 in
2318 5337 2498 5439 specie
2525 5363 2666 5435 ignis
2723 5355 2993 5425 apparuit,
3025 5337 3481 5418 quemadmodum
3511 5341 3564 5388 et

2002 5425 2174 5522 Luucas
2204 5425 2424 5534 exponit
2456 5478 2466 5511 :
2516 5425 2578 5510 Evt
2613 5453 2784 5525 factus
2815 5453 2887 5499 est.
2915 5448 2977 5496 de
3005 5439 3130 5494 ca'lo
3166 5448 3323 5490 sonus
3352 5425 3562 5500 spiritus
