4076 6188
472 316 581 382 895

1682 306 2040 380 HESYCIIII
2079 304 2550 366 PRESBYTERI

472 423 809 487 sehenientis,
843 431 892 477 et
917 422 1147 491 implevit
1180 428 1344 473 totam
1372 418 1591 472 domum
1640 420 1694 472 in
1740 436 1846 488 qua
1897 426 2052 472 erant
2084 428 2129 477 Α
2156 418 2439 481 docentes,
2470 416 2647 488 punit.
2687 415 2754 471 Hi
2789 429 2973 471 coram
3022 413 3255 470 Domino
3282 411 3614 477 moriuntur,
3650 413 3744 470 vi-

474 518 727 573 sedcntes.
751 524 798 568 et
816 516 939 567 uisa:
958 523 1080 566 sunt
1096 512 1203 564 illis
1226 512 1404 563 divisa:
1435 510 1659 580 linguae,
1690 511 1821 563 sicut
1838 510 2054 580 ignis".

480 606 668 676 Populi
703 606 864 660 etiam
923 604 1101 656 omnis
1152 603 1470 656 memoriam
1548 602 1826 671 legislator
1867 600 2052 653 facit:

479 698 625 763 quod
656 705 712 749 et
736 695 911 748 Lucas
934 695 1036 747 hoc
1069 695 1231 747 modo
1261 694 1480 760 exponit
1516 710 1529 742 :
1554 691 1621 744 Et
1643 702 1795 745 erant
1825 692 1880 743 in
1900 689 2060 743 Jeru-

479 782 645 836 salem
662 783 957 835 habitantes
1006 780 1204 842 Ιιιάωὶ,
1259 780 1359 833 viri
1415 777 1670 847 religiosi,
1708 781 1773 832 de
1822 778 2060 831 omnibus

482 872 717 939 gentibus
746 887 863 940 qua:
884 872 976 924 sub
1004 871 1129 925 caelo
1143 880 1285 925 sunt.
1316 869 1485 923 Facta
1546 880 1722 924 autem
1779 870 1875 924 hac
1917 885 2059 934 uoce,

484 965 719 1018 convenit
744 963 1052 1025 multitudo,
1095 973 1144 1016 et
1206 972 1376 1016 mente
1436 965 1656 1020 confusa
1707 970 1783 1015 est
1808 963 1881 1017 ⁷⁸.
1924 961 2063 1027 Quia

483 1053 630 1106 enim
662 1069 770 1106 non
796 1054 968 1107 solum
1001 1054 1276 1116 convenit,
1336 1052 1435 1108 sed
1473 1053 1710 1123 expavit,
1746 1061 1802 1107 et
1822 1053 1940 1122 ipse
1958 1052 2065 1107 hoc

484 1143 844 1206 demonstrat,
869 1144 1055 1198 dicens
1090 1161 1102 1195 :
1148 1145 1597 1205 Obstupescebant
1616 1144 1780 1204 enim,
1803 1151 1851 1196 et
1885 1143 2065 1196 admi-

487 1232 762 1296 rabnntur,
796 1233 892 1286 sed
920 1243 975 1287 et
1001 1249 1166 1302 super
1196 1233 1391 1287 faciem
1449 1234 1786 1296 ceciderunt,
1810 1231 1912 1286 etsi
1950 1246 2063 1286 non

490 1323 594 1377 hoc
617 1318 969 1388 sensibilitcr,
1009 1334 1189 1379 tamen
1222 1325 1639 1397 intelligibiliter
1668 1324 2014 1394 pertulerunt
2047 1342 2060 1378 :

489 1432 599 1470 non
632 1418 776 1471 enim
808 1417 1182 1486 intelligebant
1233 1420 1383 1486 quod
1413 1419 1613 1472 factum
1638 1426 1777 1483 erat,
1812 1416 1952 1470 alter
1968 1431 2067 1469 au-

491 1515 601 1560 tem
631 1508 697 1561 ad
724 1509 954 1561 alterum
990 1509 1204 1563 dicebat
1228 1525 1243 1561 :
1307 1509 1484 1563 Musto
1509 1509 1652 1576 pleni
1677 1516 1797 1561 sunt
1817 1508 1892 1569 lii,
1920 1506 2067 1576 quod

490 1597 767 1665 proprium
790 1607 909 1651 erat
939 1598 992 1651 in
1013 1607 1210 1651 terram
1245 1598 1446 1653 faciem
1472 1599 1671 1653 mentis
1706 1605 2066 1667 prosternen-

492 1688 649 1741 tium.
686 1690 821 1754 Quid
856 1697 1036 1744 autem
1093 1704 1349 1759 egressus
1402 1690 1540 1759 ignis
1579 1687 1741 1743 fecit?
1778 1683 2068 1747 Devoravit

492 1780 673 1833 omnia
708 1796 829 1849 qure
861 1788 1018 1835 erant
1046 1796 1211 1850 super
1260 1782 1428 1836 altare
1478 1781 1911 1835 holocautamata
1944 1816 1960 1842 ,
2010 1784 2069 1831 et

493 1870 704 1939 adipes,
736 1887 855 1939 qua:
887 1886 952 1924 ex
979 1872 1245 1938 pacificis.
1280 1883 1335 1926 et
1386 1886 1483 1939 pro
1512 1878 1734 1940 peccata
1764 1868 1966 1929 oblata,
1987 1866 2069 1920 al-

494 1960 597 2013 tari
617 1962 957 2030 superposita
997 1971 1172 2015 erant.
1222 1963 1412 2017 Tradit
1464 1976 1595 2033 ergo
1652 1960 1811 2019 nobis
1863 1974 2066 2024 sermo,

493 2051 619 2117 quia
656 2065 880 2103 necesse
917 2050 987 2104 sit
1017 2051 1277 2119 praedicta
1311 2051 1593 2113 sacrificia,
1628 2057 1682 2103 et
1723 2062 1919 2103 eorum
1971 2063 2069 2101 ex-

496 2142 795 2209 positiones
818 2156 1194 2209 superponere
1226 2142 1553 2212 intelligibili
1608 2140 1766 2195 altari
1813 2138 2065 2207 corporis

493 2230 716 2289 Christi.
746 2240 805 2283 ut
838 2232 905 2284 ad
930 2231 1061 2284 illud
1096 2231 1322 2286 festinet
1347 2239 1537 2297 nostra
1578 2231 1830 2294 imitatio,
1862 2237 1918 2284 et
1935 2237 2067 2283 tunc

494 2321 826 2375 nutrimenta
863 2322 1224 2392 intelligihilis
1256 2323 1415 2393 ignis,
1459 2324 1513 2377 id
1542 2330 1628 2376 est
1654 2322 1879 2391 spiritus
1909 2320 2066 2384 fiunt,

496 2416 563 2470 de
584 2430 693 2485 quo
717 2416 921 2470 dictum
946 2426 1029 2471 est
1056 2435 1071 2470 :
1100 2418 1352 2471 Dominus
1388 2418 1523 2471 Deus
1554 2427 1761 2479 noster;
1789 2415 1926 2485 ignis
1944 2430 2072 2468 con-

494 2519 702 2558 sumens
739 2514 814 2557 est
846 2505 912 2558 ⁷⁸.
941 2504 1099 2559 Unde
1128 2515 1183 2559 et
1210 2520 1358 2559 nunc
1384 2520 1485 2574 pro
1512 2507 1782 2568 devorare,
1817 2502 2067 2571 Symma-

496 2593 634 2647 chus
662 2608 962 2647 consumere
991 2596 1181 2652 edidit.

1121 2748 1352 2805 CAPUT
1390 2749 1458 2802 Χ.

570 2855 733 2913 Vens.
769 2860 820 2914 i.
856 2878 874 2910 ι
902 2857 1264 2930 Arreptisquo
1298 2861 1510 2924 Nadab,
1530 2869 1586 2915 et
1607 2859 1747 2913 Abiu
1774 2856 1865 2911 lilii
1884 2855 2070 2909 Aaron

500 2949 817 3011 thuribulis,
857 2960 1159 3020 posuerunt
1185 2952 1388 3022 ignem,
1417 2959 1472 3005 et
1511 2950 1795 3006 incensum
1837 2946 2074 3012 desuper

2157 513 2322 567 dente
2348 512 2487 581 ipso,
2519 512 2654 567 etin
2683 511 2787 565 hac
2833 523 2928 563 eos
2964 515 3141 562 ωσι-ιε
3182 506 3608 569 condemnante,
3660 522 3738 561 ne
3834 570 3839 575 η

2159 603 2568 659 imitationesui
2619 603 2741 657 aliis
2789 615 3009 656 causam
3075 598 3359 669 prabeant
3412 598 3625 651 mortis.
3672 597 3739 651 In

2158 710 2268 764 quo
2296 703 2353 749 et
2380 694 2543 749 nimis
2563 691 3173 763 admiraturlegislator,
3199 704 3299 743 cur
3318 703 3385 741 ex
3415 703 3482 742 eo
3504 704 3612 757 quo
3638 688 3743 741 de-

2160 788 2394 842 buerant
2422 788 2530 843 vita
2563 786 2690 853 frui,
2727 786 2783 841 id
2828 797 2910 840 est
2934 798 3116 839 coram
3156 781 3409 840 Domino.
3463 781 3749 835 sustinent

2162 888 2414 944 mortem,
2447 894 2610 950 quam
2639 878 2780 934 male
2836 877 3262 945 interpretantes
3292 871 3506 926 divinas
3559 871 3747 938 εει-ζμ-

2163 980 2335 1033 turas.
2366 970 2649 1039 patiuntur
2672 987 2697 1023 λ
2732 969 2788 1023 in
2820 982 2884 1021 ea
2935 981 2994 1021 re
3026 980 3092 1019 ex
3138 979 3244 1034 qua
3307 977 3404 1017 eos
3453 962 3660 1029 oportc‘
3687 970 3748 1013 at

2162 1061 2599 1117 benedictionem
2641 1056 2962 1130 promereri,
3023 1052 3402 1111 maledictioni
3447 1068 3505 1108 se
3559 1051 3746 1120 subji-

2164 1153 2391 1209 cientes.
2416 1149 2764 1217 Videtamen
2795 1146 2976 1219 qualia
3004 1144 3270 1201 subdidit.

2234 1243 2401 1299 Vens.
2430 1243 2482 1298 3.
2511 1260 2532 1294 r
2567 1240 2821 1310 Dixitque
2847 1237 3058 1308 Moyses
3112 1235 3178 1289 ad
3211 1234 3391 1287 Aaron
3428 1250 3441 1285 :
3490 1229 3605 1286 Hoc
3654 1241 3751 1285 est

2166 1332 2315 1404 quod
2344 1331 2559 1385 locutus
2603 1338 2689 1385 est
2726 1328 3021 1403 Dominus.
3069 1322 3465 1381 Sanctificabor
3521 1322 3575 1374 in
3655 1321 3752 1373 his

2166 1425 2258 1495 qui
2285 1421 2726 1493 appropinquant
2742 1419 2874 1474 mihi
2891 1428 2945 1473 et
2970 1419 3023 1472 in
3042 1424 3337 1485 conspectu
3360 1413 3538 1468 omnis
3556 1412 3749 1482 pepuli

2168 1514 2528 1585 glorificabor.
2561 1510 2718 1577 Quod
2738 1510 2969 1565 audiens
3018 1507 3186 1562 tacuit
3204 1508 3403 1570 Aaron,
3448 1522 3467 1553 ι
3512 1504 3625 1557 sive
3685 1510 3749 1556 ut

2169 1606 2330 1671 LXX,
2364 1606 2556 1670 edunt,
2585 1623 2603 1656 ‹
2644 1609 2701 1658 et
2734 1610 3098 1672 compunctus
3124 1607 3209 1653 est
3248 1597 3431 1650 Aaron
3470 1614 3487 1647 ι

2238 1695 2307 1750 Et
2367 1695 2459 1750 ubi
2520 1692 2746 1748 omnino
2782 1691 2895 1745 haec
2938 1688 3108 1743 Deum
3153 1686 3355 1742 dixisse
3384 1684 3739 1739 invenimus?

2168 1784 2398 1852 Quando
2419 1783 2669 1838 videlicet
2698 1780 2858 1851 Moysi
2888 1780 3099 1835 dicebat
3129 1798 3141 1833 :
3195 1777 3524 1831 Descendens
3557 1786 3747 1830 conte-

2167 1887 2311 1931 stare
2341 1876 2674 1945 populumne
2703 1874 2835 1944 forte
2861 1871 3276 1941 appropinquent
3336 1869 3407 1921 ad
3444 1867 3635 1931 Deum,
3697 1877 3748 1919 el

2168 1966 2326 2019 cadat
2355 1981 2419 2020 ea:
2470 1964 2544 2017 eis
2575 1962 2893 2016 multitudo:
2919 1960 2983 2014 Et
3013 1960 3307 2012 sacerdotes
3338 1959 3428 2028 qui
3458 1958 3723 2028 appropin

2168 2064 2331 2126 quant
2360 2055 2583 2108 Domino
2619 2053 2727 2106 Deo
2762 2051 3172 2119 sanctiﬁcantur,
3194 2066 3254 2102 ne
3279 2050 3411 2118 forte
3443 2048 3651 2101 recedat
3676 2045 3747 2100 ab

2169 2151 2242 2204 eis
2298 2148 2549 2202 Dominus
2574 2146 2639 2198 ⁷³.
2695 2144 2821 2199 llaec
2872 2158 2998 2214 ergo
3021 2142 3125 2197 etsi
3168 2140 3346 2195 verbis
3379 2139 3562 2194 abhis
3616 2155 3748 2207 quin

2169 2240 2313 2297 dicta
2365 2246 2512 2301 sunt,
2576 2236 2854 2299 dill'erunt,
2922 2244 3301 2288 verumtamen
3370 2230 3749 2284 intentionem

2170 2329 2350 2399 ipsam
2378 2324 2789 2381 immutabiliter
2826 2323 3047 2377 habent.
3084 2318 3349 2388 Praecepit
3382 2318 3525 2371 enim
3566 2333 3750 2388 popu-

2169 2418 2282 2471 lum
2333 2430 2440 2470 non
2497 2414 2871 2484 approximare
2943 2410 3070 2473 Deo,
3142 2415 3194 2461 et
3242 2421 3591 2476 cognoscere,
3635 2422 3748 2459 non

2169 2508 2625 2581 quemadmodum
2655 2505 2905 2560 invidens
2933 2503 3013 2559 eis
3071 2502 3362 2567 visionem,
3405 2502 3499 2555 sed
3532 2510 3588 2554 ut
3644 2500 3751 2552 im-

2169 2600 2442 2672 perfectis,
2471 2608 2527 2653 et
2556 2598 2735 2665 minus
2769 2605 2930 2649 tantae
2980 2591 3463 2662 contemplationis
3525 2590 3750 2659 capaci-

2168 2692 2272 2748 bus
2310 2705 2558 2762 parcens.
2603 2688 2926 2743 Sacerdotes
2960 2695 3167 2741 ~antcm
3244 2684 3754 2753 appmpinquantes

2171 2780 2803 2849 sanetilicarijubct,'ut
2841 2776 2988 2846 digni
3032 2776 3099 2830 ad
3159 2773 3456 2827 videndum
3509 2781 3564 2827 et
3615 2788 3753 2826 con-

2171 2872 2543 2942 templandum
2580 2870 2774 2924 fierent
2815 2867 2982 2921 Deum
3016 2867 3180 2937 :quia
3225 2880 3409 2919 veram
3460 2864 3755 2918 scientiam

2171 2980 2201 3019 a
2228 2965 2337 3020 Deo
2358 2978 2518 3018 nemo
2540 2970 2720 3031 potest
2741 2960 2860 3014 sine
2902 2956 3340 3013 sanctificatione
3400 2956 3753 3025 conquirere.

501 3038 798 3139 Oﬁerenies
826 3055 1008 3094 00mm
1044 3041 1484 3139 nomingnilincm
1520 3041 1783 3139 illicitum,
1811 3034 1958 3139 ‘1‘de
1987 3032 2070 3086 eis
2097 3067 2151 3139 α’
2172 3055 2403 3125 Propter
2426 3053 2572 3123 quod
2613 3051 2813 3106 Paulus
2848 3066 2862 3102 :
2922 3048 3136 3113 Pacem,
3207 3045 3404 3116 inquit,
3471 3044 3758 3115 sequimini

503 3137 839 3197 praeceptum
867 3144 976 3182 non
1011 3140 1147 3184 erat.
1188 3148 1206 3180 ι
1230 3130 1331 3185 llic
1373 3146 1468 3185 eos
1491 3131 1583 3200 qui
1615 3130 1793 3184 aliena
1847 3127 2070 3181 docent.

504 3219 598 3288 qui
634 3219 689 3272 in
721 3219 900 3288 ipsum
933 3219 1194 3289 Spiritum
1224 3222 1317 3276 Dei
1343 3222 1743 3291 blasphemant,
1774 3218 1870 3289 qui
1894 3216 2070 3287 inspi-

504 3316 678 3364 ratam
756 3310 826 3364 ab
894 3324 960 3365 eo
1023 3310 1355 3382 Seripturam
1417 3313 1484 3367 de
1541 3328 1646 3382 qua
1703 3310 1777 3365 ait
1832 3308 2072 3371 Paulus,

503 3398 687 3455 Omnis
752 3400 1029 3472 Scriptura
1095 3422 1126 3457 a
1189 3404 1296 3457 Deo
1360 3406 1656 3473 iuspirata,.
1703 3402 1843 3456 utilis
1899 3409 1976 3455 est
2004 3402 2074 3466 ⁷⁸,

505 3492 663 3546 aliter
726 3493 1189 3563 interpretantur,
1260 3495 1572 3550 necessarie
1632 3495 1715 3549 ab.
1750 3492 2073 3563 intelligibili

508 3580 630 3649 igne
693 3581 873 3649 puniri
936 3578 1122 3652 po'suit
1179 3601 1192 3636 :
1259 3585 1354 3652 qui
1424 3584 1514 3637 lilii
1593 3585 1797 3647 Aaron,
1856 3592 1916 3637 ut
1973 3583 2073 3637 do-

505 3678 714 3725 ctorum
772 3671 1039 3727 habentes
1086 3674 1355 3737 habitum,
1414 3682 1470 3729 et
1537 3675 1802 3744 spiritalia
1877 3674 2076 3729 docere

508 3761 812 3830 fingentes,
896 3762 1172 3817 dicuntur.
1251 3763 1407 3818 Unde
1482 3774 1538 3818 et
1615 3765 1810 3833 lingua:
1884 3779 2075 3819 eorum

507 3851 951 3922 ignisappellata:
980 3863 1147 3909 sunt:
1196 3856 1504 3910 audivimus
1546 3855 1772 3925 quippe,
1837 3856 1963 3925 quia
2020 3856 2077 3909 in

507 3943 686 4011 specie
718 3945 995 4014 ignearum
1027 3946 1331 4016 linguarum
1386 3947 1613 4015 spiritus
1644 3948 1882 4002 advenit.
1928 3946 2077 4017 Thy-

508 4033 706 4087 miama
739 4044 920 4090 autem
950 4038 1263 4103 thuribulis,
1296 4039 1384 4094 vel
1408 4039 1625 4110 ignibus
1653 4038 1961 4110 linguarum
1981 4054 2078 4093 su-

510 4126 921 4196 perimponant,
959 4129 1146 4198 legalia
1182 4139 1237 4185 et
1282 4132 1670 4200 prophetarum
1700 4132 1976 4203 dogmata,
2007 4130 2079 4186 de

510 4216 707 4285 quibus
740 4216 978 4272 Ecclesia
1011 4220 1229 4273 Christo
1258 4220 1309 4273 in
1342 4219 1585 4275 Canticis
1604 4221 1944 4276 canticorum
1993 4220 2080 4275 di-

511 4305 666 4359 cebat
700 4321 712 4357 :
753 4306 892 4361 Odor
916 4318 1296 4375 unguentorum
1318 4319 1527 4364 tuorum
1551 4327 1709 4379 super
1737 4312 1914 4365 omnia
1950 4328 2076 4365 aro-

2174 3165 2290 3203 cum
2319 3145 2576 3209 omnibus,
2598 3152 2647 3198 et
2667 3141 3093 3199 sanctimoniam.
3113 3139 3226 3193 sine
3249 3155 3351 3208 qua
3387 3154 3536 3191 nemo
3558 3136 3756 3190 videbit

2175 3235 2429 3290 Deum”.
2458 3233 2823 3301 Conspectum
2841 3229 2982 3299 ejus,
3014 3226 3300 3282 scientiam
3316 3227 3435 3295 ejus
3457 3225 3669 3285 dicens,
3704 3223 3756 3277 id

2173 3325 2383 3395 estejus
2397 3318 2909 3391 contemplationem
2920 3360 2933 3380 ,
2950 3316 3092 3369 unde
3106 3314 3416 3369 saecrdbtes
3429 3310 3759 3366 sanetilicari

2173 3414 2450 3487 praecepit.
2481 3411 2614 3467 Vide
2628 3409 2899 3480 quomodo
2923 3408 3160 3460 minatur
3178 3405 3231 3458 in
3256 3403 3755 3473 subsequentibus.

2246 3504 2325 3559 Ne
2345 3505 2477 3575 {orte
2499 3501 2703 3555 recedat
2732 3498 2798 3553 ab
2833 3498 2906 3551 eis
2957 3496 3231 3549 Dominus.
3271 3492 3326 3548 id
3350 3502 3434 3547 est
3463 3509 3531 3546 ne
3587 3491 3763 3563 fugiat

2176 3594 2244 3648 ab
2264 3592 2345 3647 eis
2372 3608 2435 3646 ea
2464 3605 2587 3660 quae
2625 3588 2719 3642 Dei
2775 3596 2858 3641 est
2886 3585 3137 3645 scientia,
3164 3583 3398 3654 perditio
3447 3582 3594 3636 enim
3649 3582 3755 3644 eis,

2163 3683 2419 3739 ’scientite
2451 3680 2708 3736 discessio
2735 3678 2812 3733 lit.
2834 3678 2941 3734 Sed
2957 3690 3199 3739 nuncea,
3219 3690 3340 3744 quas
3367 3674 3507 3729 sicut
3528 3690 3593 3727 ex
3625 3688 3759 3742 per-

2178 3789 2309 3831 sona
2328 3774 2420 3828 Dei
2451 3788 2545 3843 per
2562 3770 2783 3841 Moysen
2818 3769 2957 3822 dicta
2978 3778 3124 3825 sunt.
3152 3767 3315 3818 verba
3349 3763 3756 3834 aggrediamur.

2248 3864 2314 3917 Et
2335 3860 2703 3930 sancti/imber
2745 3859 2798 3911 in
2839 3858 2918 3910 his
2980 3858 3069 3926 qui
3115 3856 3542 3923 appropinquant
3604 3854 3759 3907 mihi.

2179 3950 2673 4006 Sanctiﬁcationem
2746 3962 2896 4000 suam
2974 3953 3129 3999 vocat
3180 3943 3532 4013 profanorum
3568 3982 3583 4005 ,
3643 3942 3762 3995 sive

2178 4044 2444 4098 malorum
2465 4038 2932 4101 emundationcm,
2963 4036 3084 4106 (μῘΩ
3117 4050 3318 4104 corpus
3369 4049 3470 4087 nos
3532 4033 3699 4086 habet
3739 4048 3755 4083 :

2179 4133 2420 4202 corporis
2443 4139 2625 4185 autem
2654 4128 2990 4192 emundatio,
3052 4125 3295 4181 sordium
3359 4124 3595 4195 abjectio
3651 4133 3755 4177 est.

2181 4223 2294 4280 Hoc
2320 4239 2447 4294 ergo
2490 4231 2550 4278 ut
2575 4222 2772 4285 bonus,
2798 4230 2854 4275 et
2884 4221 3006 4290 pius
3055 4220 3107 4272 in
3192 4219 3275 4273 his
3340 4217 3431 4286 qui
3498 4216 3762 4286 approxi-

2179 4324 2330 4371 mant
2363 4316 2431 4380 ei,
2460 4314 2759 4369 secundum
2826 4310 3234 4365 multitudinem
3289 4308 3541 4361 videlicet
3576 4306 3763 4361 sciet:-

512 4402 657 4446 ma‘“
691 4394 756 4489 ᾗ·
801 4394 908 4489 Sed
945 4395 1125 4489 ίςηρηι
1160 4398 1396 4452 alienum
1427 4399 1684 4462 οίτθτιιηῑν
1732 4401 2073 4469 nequeenim
2108 4435 2152 4489 ι)
2182 4410 2289 4472 tiae,
2341 4408 2424 4462 vel
2453 4405 2751 4462 secundum
2775 4403 2990 4472 aliquod
3050 4401 3296 4456 divinum
3364 4398 3760 4461 ministerium,

512 4485 810 4539 secundum
834 4487 1216 4554 intentionem,
1280 4500 1375 4544 aut
1419 4490 1670 4546 virtutem
1707 4491 1943 4561 Spiritus
1989 4494 2076 4547 in-

516 4581 900 4641 terpretantur.
938 4576 1032 4630 llis
1048 4580 1327 4649 egreditur
1363 4580 1501 4651 ignis
1531 4597 1560 4633 a
1597 4582 1826 4636 Domino
1847 4598 1958 4638 non
1978 4586 2080 4641 ab-

515 4663 707 4729 solute,
743 4667 916 4735 qualis
947 4668 1120 4737 prius.
1151 4670 1252 4723 Per
1286 4671 1435 4724 illum
1464 4673 1611 4727 enim
1664 4673 1931 4729 sacrificia
1997 4675 2083 4729 in-

513 4757 1020 4825 eendit.Dominus,
1056 4770 1112 4816 et
1146 4761 1313 4832 gloria
1352 4763 1564 4820 Domini
1621 4767 1801 4822 dictus
1844 4775 1950 4832 est,
1993 4768 2085 4824 hic

515 4855 694 4902 autem
730 4849 867 4920 ignis
901 4854 1128 4921 poenalis
1145 4863 1247 4907 est.
1279 4853 1583 4925 Utrumque
1637 4859 1785 4912 enim
1839 4858 2081 4914 Ecclesia

517 4937 697 5003 habet,
739 4939 887 4994 hunc
918 4942 1135 5010 quidem
1174 4944 1242 4997 ad
1279 4944 1732 5001 illuminationem
1783 4948 2081 5018 justorum,

516 5039 567 5083 et
582 5032 884 5087 oblator-um
912 5035 1301 5103 perfectionem
1337 5055 1349 5088 :
1378 5037 1527 5091 illum
1558 5048 1739 5093 autem
1766 5040 1833 5094 ad
1864 5055 2083 5110 pinnam

520 5120 807 5190 impiorum
843 5139 1003 5194 quam
1054 5127 1140 5181 his
1179 5128 1269 5195 qui
1327 5128 1710 5198 blasphemant
1769 5130 2085 5186 sacerdotes

522 5211 786 5280 indicunt,
821 5231 883 5269 ex
909 5218 1416 5274 subministratione
1463 5220 1717 5288 Spiritus,
1751 5237 1874 5290 qua:
1900 5222 1957 5276 in
2001 5222 2085 5277 eis

524 5306 834 5373 requiescit,
861 5324 985 5363 eum
1012 5312 1425 5365 succendentes.
1461 5311 1688 5381 l’roptcr
1706 5313 1851 5383 quod
1872 5322 1928 5368 et
1944 5314 2083 5366 Pau-

524 5390 606 5446 lus
641 5393 710 5447 υ.
733 5394 1067 5465 Hymeneum
1091 5400 1558 5464 ctAlexandrum,
1595 5411 1654 5456 ut
1706 5403 1814 5456 alia
1875 5402 2086 5458 scilicet

596 5596 644 5627 "
677 5598 794 5650 Act.
826 5613 885 5658 ll,
915 5597 1004 5652 ‘23.

596 5601 644 5627 "
677 5601 794 5650 Act.
826 5613 885 5658 ll,
915 5601 1004 5652 ‘23.
1083 5602 1127 5631 7"
1158 5601 1284 5655 ibid.
1328 5601 1381 5663 5,
1414 5601 1467 5655 6.

529 5659 568 5689 τι
609 5665 757 5689 ι’-.ηι
818 5683 899 5689 μ--.
955 5670 1014 5689 an
1123 5669 1169 5689 ιιι
1206 5671 1298 5689 η..
1412 5688 1417 5689 ,
1464 5687 1467 5689 .

607 5665 778 5720 Emd.
816 5683 922 5732 xix,
955 5670 1016 5721 2|

1563 5603 1605 5633 ⁷⁸
1638 5601 1801 5656 llehr.
1834 5618 1931 5666 XII,
1961 5602 2055 5657 29.

2159 5604 2204 5636 ⁷⁸
2234 5601 2276 5656 ιι
2306 5601 2446 5656 Tim.
2481 5618 2558 5661 Ill.
2586 5601 2671 5653 16.
2750 5598 2794 5630 ⁷⁷
2817 5598 2974 5653 Cant.
3004 5615 3076 5657 tv.
3116 5598 3196 5650 lO.

1123 5669 1169 5701 ⁸ο
1206 5671 1367 5725 Hebr.
1405 5687 1501 5736 xii,
1544 5672 1625 5727 ll.
1697 5672 1737 5702 ’ί
1777 5671 1917 5727 i‘sal.
1954 5690 2007 5739 κ,
2035 5673 2068 5724 8

2172 5674 2203 5704 ¹¹
2245 5673 2360 5728 Act.
2395 5688 2468 5739 Ix,
2498 5672 2548 5724 4.
2623 5672 2667 5701 ⁸³
2695 5668 2942 5733 δίποδι,
2967 5668 3053 5721 56.

2180 4508 2455 4570 operatur,
2489 4505 2548 4551 ut
2574 4512 2669 4565 per
2700 4497 2848 4565 ipsos
2873 4501 3096 4554 terreat,
3129 4500 3184 4547 et
3216 4492 3269 4545 in
3317 4499 3618 4559 compecto
3675 4498 3763 4541 to-

2184 4592 2292 4645 tius
2316 4588 2500 4659 populi
2536 4586 2886 4656 gloriﬁcetur,
2919 4584 2968 4638 id
3002 4592 3085 4637 est
3132 4581 3386 4635 laudetur
3420 4588 3475 4633 et
3528 4578 3764 4632 manife-

2186 4690 2359 4736 stetur
2385 4698 2399 4735 :
2427 4690 2717 4749 utrumque
2740 4678 2888 4733 enim
2939 4672 3348 4746 gloriﬁcationis
3372 4671 3604 4724 verbum
3645 4686 3765 4723 ma-

2185 4770 2424 4832 nifestat.
2459 4779 2515 4823 et
2552 4785 2673 4839 qu;c
2693 4783 2759 4822 ex
2787 4767 2892 4821 hoc
2917 4765 3038 4819 laus
3096 4762 3213 4824 Dei,
3277 4769 3334 4815 et
3383 4756 3769 4814 'manifcstatio

2191 4863 2280 4916 sit.
2313 4861 2476 4915 David
2534 4861 2711 4913 dicit:
2778 4857 2916 4922 Quia
2960 4856 3139 4925 justus
3192 4852 3448 4906 Dominus
3494 4850 3768 4919 justitiam

2192 4955 2397 5016 dilexit,
2427 4954 2726 5023 (equitatem
2756 4950 2886 5004 vidit
2916 4947 3087 5001 vultus
3113 4946 3225 5014 ejus
3255 4944 3322 4997 θί.

2263 5043 2324 5096 In
2355 5042 2433 5094 liis
2454 5041 2618 5093 tacuit
2634 5039 2828 5091 Aaron.
2866 5037 2990 5090 Sive
3026 5044 3084 5089 ut
3105 5033 3264 5099 LXX,
3320 5041 3657 5102 compunctus
3690 5043 3771 5083 est

2193 5135 2392 5189 Aaron.
2436 5130 2670 5186 Ecclesia
2700 5127 2975 5187 videlicet.
3003 5141 3108 5196 qua
3163 5139 3361 5192 corpus
3411 5120 3771 5191 intelligihilis

2192 5226 2370 5278 Aaron
2406 5220 2641 5275 ECelesia
2681 5226 2785 5282 est,
2811 5217 2956 5272 unde
2987 5217 3103 5285 ipse
3125 5213 3259 5266 dixit
3293 5229 3305 5262 :
3338 5210 3521 5274 Saule,
3580 5208 3767 5273 Saule,

2193 5315 2319 5380 quid
2351 5330 2431 5367 me
2457 5311 2778 5381 persequeris
2797 5309 2868 5363 ⁸⁸.
2896 5308 3031 5363 Item
3061 5304 3344 5374 discipulis
3365 5303 3432 5356 de
3460 5300 3768 5370 suscipien-

2193 5407 2341 5461 tibus
2370 5419 2464 5458 eos
2489 5403 2624 5458 dixit
2653 5419 2666 5455 :
2696 5399 2797 5465 Qui
2818 5416 2905 5454 vos
2944 5398 3180 5465 suscipit,
3216 5412 3296 5449 me
3319 5394 3538 5462 suscipit
3567 5392 3636 5446 ⁸³.

3300 5597 3343 5624 τ’
3379 5595 3394 5648 l
3430 5594 3573 5648 Tim.
3605 5609 3645 5658 r,
3675 5591 3771 5647 20.

3627 300 3841 363 896-.
