4076 6188
324 253 429 318 80⁸1

1458 252 1541 312 IN
1564 254 2031 316 -I.EVITICUM.
2070 281 2136 290 --
2179 257 2327 319 LIB.
2360 258 2442 318 II.

3473 268 3582 335 898

400 385 418 417 ι
468 364 689 420 Voeavit
756 371 967 427 autem.
996 362 1207 436 Moyses
1260 364 1545 423 Mizaelem
1607 374 1665 419 et
1737 366 1907 423 Elisa-
1938 374 1979 428 Α
2010 369 2341 433 moriamini,
2377 378 2432 424 et
2459 385 2625 441 super
2669 385 2887 428 omnem
2936 381 3138 430 coetum
3193 374 3403 432 oriatur
3435 376 3581 435 indi-

323 456 472 525 phan
525 455 661 511 ﬁlios
712 453 896 510 Ozibel
938 456 1116 526 patrui
1155 457 1356 522 Aaron,
1391 464 1447 511 et
1495 456 1571 511 ait
1625 457 1692 512 ad
1754 474 1849 513 eos
1888 478 1901 512 :

327 545 424 608 ite,
479 546 648 600 tollite
669 548 866 600 fratres
896 557 1108 603 vestros
1152 548 1220 603 de
1256 555 1553 618 conspectu
1584 551 1900 615 sanctuarii,

326 646 379 691 et
428 646 705 707 asportate
768 647 920 694 extra
995 649 1193 694 castra.
1258 638 1562 709 Statimque
1621 649 1906 710 pergentes

327 729 566 784 tulerunt
609 745 704 785 eos
745 725 887 785 sicut
923 731 1214 799 jaeebant,
1264 731 1491 785 vestitos
1564 731 1723 786 lineis
1757 732 1903 785 tuni-

326 817 423 883 cis,
459 827 516 874 et
562 820 842 889 ejecerunt
871 821 1035 885 foras,
1067 831 1127 875 ut
1165 821 1265 877 sibi
1293 821 1471 876 fuerat
1496 820 1839 894 imperatum.
1879 841 1897 873 ι

394 910 476 964 Ah
511 911 598 965 his
639 913 731 980 qui
758 928 853 967 eos
879 913 1182 980 ejecerunt,
1233 928 1328 968 eos
1382 912 1474 982 qui
1507 913 1728 974 sublati,
1786 913 1903 967 sive

322 999 481 1069 ejecti
511 1009 671 1071 sunt,
702 1002 971 1072 intellige.
1014 1002 1118 1067 Qui
1150 1010 1332 1057 autem
1359 1001 1601 1061 fuerunt,
1651 1001 1743 1071 qui
1779 1016 1900 1056 sus-

325 1087 613 1141 tulerunt?
672 1088 857 1142 Mizael
891 1098 948 1144 et
1005 1088 1321 1159 Elisaphau,
1372 1091 1487 1144 sive
1536 1089 1793 1155 Misaddai
1848 1098 1903 1145 et

322 1175 642 1247 Elisaphan,
675 1195 912 1248 quorum
949 1194 1091 1233 unus
1107 1181 1409 1233 attrectatio
1428 1178 1548 1240 Dei,
1572 1179 1622 1233 id
1656 1188 1740 1233 est
1771 1178 1899 1234 Mis-

324 1267 481 1320 addai
519 1286 532 1322 :
570 1267 860 1339 Elisaphan
916 1277 1097 1323 autem
1135 1268 1226 1323 Dei
1253 1270 1354 1323 mei
1386 1269 1597 1339 specula
1627 1269 1897 1338 interpre-

324 1362 489 1410 tatur.
509 1355 828 1426 Quicunque
845 1373 973 1429 ergo
1005 1359 1105 1412 scit
1138 1367 1427 1413 attrectare
1460 1359 1651 1423 Deum,
1675 1359 1898 1429 insuper

324 1456 506 1501 autem
561 1457 616 1502 et
664 1449 953 1517 Speculari,
1021 1456 1077 1503 et
1139 1447 1341 1504 Christi
1413 1450 1635 1520 quidem
1676 1465 1894 1505 carnem

322 1550 713 1596 contrectare:
757 1542 1026 1612 speculari
1076 1553 1257 1597 autem
1316 1558 1415 1613 per
1459 1543 1648 1598 oculos
1696 1543 1897 1598 mentis

320 1632 1118 1698 divinitatem,sicntThomas
1160 1650 1322 1687 manu
1381 1642 1728 1688 contrectans
1771 1649 1894 1687 car-

324 1741 470 1789 nem,
503 1734 559 1779 et
588 1724 691 1778 ﬁde
714 1725 1006 1792 speculans
1030 1724 1392 1791 divinitatem,
1425 1725 1638 1780 dicebat
1669 1741 1682 1776 :
1714 1725 1888 1779 Domi-

324 1833 420 1870 nus
456 1833 600 1871 mens
630 1824 678 1868 et
724 1814 862 1868 Deus
888 1832 1031 1868 meus
1054 1815 1120 1869 ⁸⁵.
1154 1814 1449 1887 Hicignem
1479 1816 1668 1871 alienae
1693 1816 1897 1871 doctri-

325 1922 407 1961 na:
434 1907 665 1971 auferre,
700 1915 755 1959 et
808 1905 1007 1975 ejicere
1049 1906 1199 1959 illum
1240 1922 1362 1961 cum
1410 1906 1632 1973 tunicis,
1684 1923 1714 1961 a
1762 1907 1901 1961 facie

324 2006 634 2052 sanctorum
669 2005 876 2066 potest,
925 1998 1054 2066 quia
1108 2013 1358 2066 personae
1413 2009 1724 2053 sanctorum
1775 2007 1902 2052 sunt

324 2087 631 2143 sacerdotes
650 2103 662 2136 :
681 2085 877 2140 tunicae
895 2096 1073 2139 autem
1093 2087 1459 2153 sacerdotum,
1475 2087 1818 2141 conversatio
1847 2098 1902 2141 et

323 2180 454 2243 \ita,
496 2195 617 2249 quae
645 2179 698 2232 in
738 2177 1028 2233 sacerdotii
1054 2178 1355 2232 induuntur
1386 2178 1757 2250 habitu.Ergo
1779 2195 1901 2234 cum

324 2271 654 2335 sacerdotio,
683 2269 828 2339 quod
869 2271 918 2323 ei
949 2277 1095 2324 sorte
1146 2270 1389 2332 obvenit,
1440 2286 1469 2324 a
1519 2270 1772 2342 portione
1818 2287 1902 2326 sa-

325 2364 587 2419 cerdotali
614 2364 982 2432 expelluntur,
1012 2378 1121 2417 non
1152 2364 1327 2419 solum
1368 2373 1549 2420 autem
1579 2380 1610 2419 a
1644 2365 1900 2421 sacerdo-

325 2463 463 2520 tum,
494 2454 662 2509 sedet
684 2453 889 2523 populi,
919 2452 1067 2508 unde
1098 2454 1300 2508 addicit
1330 2473 1343 2508 :
1596 2502 1599 2505 ,

398 2542 568 2597 Extra
630 2543 1051 2597 tabernaculum.
1097 2544 1538 2600 Tabernaculum
1586 2546 1731 2601 enim
1782 2543 1896 2610 Dei,

323 2634 583 2690 Ecclesiae
609 2635 843 2705 populus
862 2643 947 2690 est
984 2651 997 2687 :
1030 2634 1122 2689 ﬁlii
1144 2644 1324 2689 autem
1357 2637 1535 2706 patrui
1562 2637 1763 2702 Aaron,
1787 2638 1899 2691 sive

324 2724 507 2779 fratris
532 2724 735 2791 Aaron,
771 2725 823 2779 hi
848 2725 939 2794 qui
958 2726 1074 2780 haec
1091 2725 1274 2780 facere
1304 2734 1553 2795 possunt,
1591 2726 1893 2781 rationabi-

322 2819 447 2871 liter
479 2816 853 2871 nominantur.
882 2818 939 2872 Si
969 2818 1111 2872 enim
1148 2828 1302 2889 pater
1333 2819 1689 2889 intelligibilis
1715 2808 1899 2874 Aaron

307 2906 618 2976 .ltavid'rst,
653 2920 708 2965 et
758 2927 855 2981 per
886 2926 1009 2965 eum
1058 2926 1219 2967 onme
1255 2928 1451 2982 corpus
1510 2915 1897 2985 prophetarum

320 3002 581 3056 creditur.
608 3002 908 3071 Prorihctiae
933 3002 1131 3073 quippe
1144 3018 1267 3057 eum
1300 3004 1648 3059 manifestum
1669 3006 1896 3073 faciunt,
1925 3027 1966 3082 ο

322 3102 484 3163 atque
508 3093 908 3163 quodammodo
970 3095 1349 3164 ignorantibus
1394 3098 1633 3166 pariunt.
1701 3096 1895 3153 Frater

320 3193 497 3238 autem
525 3198 813 3257 germanus
842 3192 916 3247 et,
949 3192 1008 3237 ut
1032 3183 1105 3236 ita
1126 3184 1357 3250 dicatur,
1398 3186 1567 3241 frater
1590 3188 1894 3257 prophetia

320 3273 668 3344 Evangelium
698 3282 781 3327 est
810 3292 821 3327 :
854 3273 1035 3326 (nnnia
1101 3275 1243 3327 enim
1310 3291 1430 3344 qua:
1473 3276 1530 3330 in
1586 3277 1893 3357 Evangeliis

319 3374 437 3419 acta
479 3375 625 3431 sunt,
649 3380 678 3418 a
704 3365 987 3434 prophetis
1020 3365 1279 3433 prmdicta
1320 3375 1465 3421 sunt.
1503 3367 1891 3438 Propterquod

319 3451 638 3523 prophetico
661 3470 911 3508 sermone
929 3454 1169 3522 adjuvari
1186 3457 1251 3508 ad
1268 3455 1561 3524 perfectam
1580 3460 1888 3526 scientiam,

319 3545 442 3614 quia
481 3544 645 3598 frater
665 3546 885 3599 fratrem
914 3546 1196 3614 adjuvans,
1229 3546 1371 3601 sicut
1398 3548 1591 3602 civitas
1617 3549 1771 3604 ﬁrma
1788 3552 1893 3606 Pe-

321 3645 439 3689 trus
466 3635 758 3704 praecepit;
803 3636 878 3689 ait
912 3637 1058 3689 enim
1091 3652 1107 3691 :
1147 3635 1419 3690 Habemus
1450 3626 1737 3705 ﬁrmiorem
1765 3658 1892 3711 pro-

317 3727 580 3798 pheticum
609 3741 920 3787 sermonem,
945 3727 1031 3778 cui
1066 3727 1370 3797 benefacitis
1395 3728 1739 3796 intendentes,
1757 3733 1891 3785 sicut

318 3818 543 3872 lacerate
559 3818 611 3869 in
643 3818 855 3870 obscuro
878 3818 1010 3878 loco,
1046 3834 1207 3888 usque
1237 3819 1363 3872 dum
1386 3820 1495 3873 dies
1529 3820 1822 3889 illucescat,
1838 3836 1889 3877 et

316 3907 525 3977 Lucifer
548 3907 755 3959 oriatur
782 3907 837 3959 in
869 3905 1109 3960 cordibus
1140 3909 1323 3961 vestris
1344 3909 1421 3975 ⁸³;
1468 3908 1521 3964 id
1585 3922 1668 3965 est
1715 3928 1887 3982 usque

314 3995 442 4049 dum
473 3995 712 4049 in‘vobis
742 3995 1054 4066 evangelica
1111 3997 1339 4052 scientia
1370 3999 1590 4054 clareat.
1619 4001 1737 4055 Filii
1775 4002 1887 4057 fra-

314 4087 413 4140 tris
441 4088 609 4156 patris
636 4086 837 4151 Aarou,
871 4088 1010 4141 bene
1041 4096 1094 4142 et
1122 4087 1287 4142 nimis
1315 4096 1443 4157 apte
1472 4088 1551 4155 hi,
1576 4089 1668 4159 qui
1714 4105 1887 4147 evan-

296 4177 541 4247 'gelicam
570 4178 1044 4233 conversationem
1112 4178 1440 4245 didicerunt,
1503 4180 1782 4247 dicuntur,
1832 4192 1888 4238 et

315 4266 413 4319 hns
439 4266 529 4335 qui
561 4266 663 4321 alia
700 4267 921 4331 docent,
948 4283 1176 4338 arguere
1237 4277 1292 4323 et
1344 4271 1632 4340 repellere,
1695 4281 1886 4342 utpote

2009 460 2217 531 guatio.
2268 460 2488 517 Fratres
2534 462 2722 529 vestri,
2781 472 2837 517 et
2862 462 3043 519 omnis
3104 464 3300 523 domus
3344 466 3583 523 ﬁliorum

2008 551 2175 605 Israel
2211 550 2469 623 plangant
2507 552 2840 620 incendium,
2885 555 3031 623 quod
3055 554 3318 611 Dominus
3349 558 3585 612 suscita-

2008 641 2104 695 vit.
2129 640 2238 696 Vos
2263 652 2448 698 autem
2490 660 2603 697 non
2649 645 2979 716 egredimini.
3022 645 3170 700 fores
3221 648 3579 716 tabernaculi,

2006 733 2240 801 alioquin
2260 734 2527 803 peribitis,
2557 735 2737 790 oleum
2760 736 2959 805 quippe
2977 745 3179 790 sancta:
3211 738 3484 791 unctionis
3497 747 3583 793 est

2005 840 2171 892 super
2183 840 2295 879 vos.
2313 824 2414 890 Qui
2431 824 2678 881 fecerunt
2694 827 3037 895 omniajuxta
3052 827 3580 897 prteceptumllloysi.

2074 907 2194 961 Non
2227 908 2539 978 ignoramus
2567 911 2695 979 quid
2730 912 2956 981 cydares
2986 911 3297 983 significent
3326 913 3582 967 sacerdo-

2005 1007 2143 1067 tum,
2179 1000 2388 1053 scilicet
2408 1000 2534 1069 quia
2566 1001 2746 1055 omnis
2775 1000 2879 1054 viri
2929 1011 3095 1071 caput
3126 1001 3399 1068 Christus,
3419 1011 3585 1073 caput

2001 1088 2200 1143 Christi
2246 1090 2612 1155 antem,Deus
2648 1110 2663 1146 :
2691 1092 2999 1146 necessarie
3025 1094 3237 1163 eydaris
3258 1094 3581 1162 signiﬁcatio

2001 1180 2398 1247 quadammodo
2429 1187 2511 1236 cst
2557 1181 2715 1235 simul
2773 1180 3045 1254 Unigeniti
3100 1183 3477 1246 humanitatis,
3527 1190 3584 1238 et

1999 1268 2301 1325 divinitatis
2331 1289 2344 1323 :
2373 1272 2476 1326 hoc
2505 1272 2651 1326 enim
2680 1282 2734 1327 et
2782 1288 2879 1342 per
2898 1256 3109 1343 cydaris
3123 1276 3581 1345 compositionem

1999 1362 2250 1431 superius
2282 1362 2796 1417 demonstravimus.
2818 1366 2959 1434 Ergo
2994 1373 3581 1434 quae‘oporteatcusto-

1997 1450 2114 1504 dire
2147 1451 2457 1505 sacerdotes
2487 1462 2540 1505 et
2575 1451 2827 1507 doctores
2857 1453 3117 1523 praecepit
3150 1454 3243 1507 :id
3277 1463 3581 1517 est,utnee

1998 1540 2336 1596 divinitatem
2368 1541 2593 1604 Christi,
2616 1558 2719 1596 nec
2780 1543 3178 1598 humanitatem
3212 1552 3436 1615 negent,
3476 1560 3580 1601 nec

1957 1665 1965 1699 L
1997 1630 2392 1695 contradicunt,
2420 1630 2544 1699 quia
2571 1630 2714 1686 Deus
2744 1646 2814 1686 ex
2842 1631 2978 1696 Deo,
3008 1639 3063 1687 et
3090 1632 3327 1687 Verbum
3371 1642 3455 1688 cst
3509 1648 3580 1690 ex

2000 1721 2177 1775 Patre.
2214 1719 2326 1776 Hoc
2354 1734 2433 1777 est
2465 1723 2610 1777 enim
2650 1723 2891 1794 cydarim
2917 1739 3026 1777 non
3066 1723 3284 1778 auferre
3311 1740 3340 1779 e
3375 1725 3578 1795 capite,

2000 1813 2257 1868 videlicet
2277 1830 2389 1868 non
2424 1814 2634 1869 nudare
2684 1814 3256 1886 intelligibilicydare.
3313 1814 3422 1871 Sed
3477 1832 3583 1871 nec

2001 1903 2472 1972 dispensationem
2542 1914 2801 1969 renuant,
2865 1915 2960 1959 aut
3017 1906 3420 1976 blasphement.
3476 1908 3580 1973 Qui

2001 1996 2144 2049 enim
2171 1995 2376 2050 Christi
2401 1997 2860 2066 dispensationem
2885 1998 3285 2067 blasphemant,
3321 1995 3578 2055 saect’do.

2005 2086 2163 2140 talem
2201 2096 2459 2156 rumpunt
2489 2088 2679 2141 stolam
2713 2105 2726 2141 :
2775 2088 2901 2158 quia
2929 2104 3120 2144 omnes
3150 2090 3366 2160 quidem
3393 2092 3573 2147 homi-

2001 2190 2102 2229 nes
2127 2175 2217 2245 q'ui
2253 2175 2305 2229 in
2338 2176 2618 2230 Christum
2662 2177 3032 2244 crediderunt,
3067 2180 3239 2234 multo
3259 2181 3430 2251 magis
3477 2198 3578 2237 au-

2004 2276 2111 2322 tem
2151 2268 2462 2322 sacerdotes
2499 2265 2626 2322 suht
2655 2267 2744 2338 qui
2789 2268 3067 2324 Christum
3109 2271 3449 2326 induerunt:
3500 2274 3577 2327 si-

2001 2359 2218 2428 quidem
2237 2359 2548 2429 quicunque
2576 2358 2629 2413 in
2649 2359 2866 2414 Christo
2897 2361 3152 2430 baptizati
3187 2378 3396 2427 sumus,
3415 2363 3576 2419 Chri-

2003 2459 2144 2503 stum
2176 2449 2473 2515 induimur,
2517 2451 2634 2505 haec
2688 2458 2910 2521 agentes
2940 2451 3272 2520 sacerdotes,
3309 2468 3411 2508 nec
3455 2469 3576 2509 mo-

2001 2542 2228 2603 ricntur,
2278 2556 2377 2596 nec
2436 2542 2838 2613 congregationi
2918 2543 3353 2613 superinducunt
3412 2546 3571 2602 iram.

2001 2629 2419 2700 I‘rarpositurnm
2447 2633 2589 2684 enim
2617 2631 2741 2685 vitia
2790 2630 3175 2686 oﬁ'endiculum
3204 2641 3334 2686 sunt
3383 2633 3581 2702 subje-‘

1999 2722 2122 2786 ctis,
2143 2731 2198 2777 et
2218 2722 2388 2776 multo
2411 2722 2582 2793 magis
2612 2722 2896 2777 doctorum
2930 2723 3214 2794 discipulis
3252 2741 3442 2779 eorum
3478 2723 3576 2779 irae

1998 2814 2092 2867 Dei
2123 2812 2259 2867 ﬁunt
2280 2815 2512 2868 occasio.
2545 2813 2775 2883 Propter
2816 2815 2962 2884 quod
3014 2822 3069 2869 et
3102 2830 3319 2870 omnem
3348 2817 3572 2872 domum

1999 2904 2187 2971 Israel,
2228 2920 2445 2959 omnem
2492 2905 2743 2959 videlicet
2800 2904 3119 2972 Ecclesiam,
3178 2903 3435 2978 plangere
3485 2908 3573 2961 in-

1998 2990 2247 3044 cendium
2276 3006 2384 3059 quo
2405 2990 2611 3045 incensi
2632 3002 2761 3045 sunt
2790 3007 2819 3045 a
2848 2992 2956 3047 Deo
2976 2992 3092 3047 vult
3120 3012 3133 3047 :
3158 2996 3282 3063 quia
3311 2996 3571 3050 damnum

2000 3081 2257 3136 Ecclesiae
2310 3082 2474 3136 unius
2520 3082 2773 3147 membri,
2833 3092 2888 3136 et
2918 3084 3207 3152 cujuslibet
3261 3100 3419 3140 casus
3465 3095 3567 3151 est,

1999 3181 2204 3243 quanto
2232 3174 2400 3243 magis
2431 3173 2736 3240 doctorum,
2812 3185 2866 3229 et
2892 3162 3233 3230 sacerdotum
3297 3178 3572 3247 perditio?

1999 3264 2078 3318 Ita
2108 3274 2168 3319 ut
2198 3264 2397 3320 Paulus
2427 3266 2493 3320 de
2510 3281 2575 3321 eo
2593 3266 2685 3336 qui
2715 3266 3015 3322 fornicatus
3042 3267 3239 3334 fuerat,
3272 3269 3571 3325 Corinthiis

2000 3353 2203 3408 scribat
2234 3370 2247 3405 :
2282 3353 2349 3407 Et
2370 3370 2457 3408 vos
2490 3356 2665 3425 inﬂati
2701 3356 2846 3421 estis,
2881 3366 2931 3409 et
2986 3372 3090 3409 non
3138 3360 3308 3428 magis
3370 3358 3568 3414 luctum

1999 3444 2256 3498 habuistis
2288 3445 2353 3499 ⁸⁷.
2382 3444 2437 3498 Si
2485 3454 2665 3498 autem
2717 3461 2827 3498 uno
2874 3461 2939 3499 ex
2986 3446 3188 3515 populo
3242 3449 3563 3513 fornieaute,

1999 3550 2215 3590 omnem
2269 3536 2564 3591 Ecclesiam
2620 3536 2802 3606 lugere
2844 3538 3121 3607 prtecepit,
3169 3539 3339 3592 multo
3396 3536 3567 3611 magis

1997 3631 2214 3699 quando
2239 3632 2572 3697 sacerdotes,
2598 3641 2670 3707 et
2716 3633 2966 3685 doctores
2998 3633 3160 3702 impie
3186 3644 3427 3704 agentes,
3482 3637 3566 3689 vel

1996 3720 2439 3790 blasphemantcs
2478 3722 2850 3776 inveniuntur.
2880 3723 2975 3778 llis
3014 3725 3087 3778 ita
3115 3740 3172 3779 se
3211 3726 3563 3793 balantibus,

1995 3812 2126 3867 illud
2148 3813 2316 3882 quaeri
2339 3822 2573 3883 Oportet,
2601 3813 2873 3882 quomodo
2901 3830 3023 3869 eum
3050 3831 3150 3884 per
3165 3817 3564 3885 pra‘eedentem

1995 3902 2361 3966 sanctionem,
2386 3911 2598 3971 septem
2620 3902 2764 3957 solos
2787 3903 2904 3957 dies
2942 3919 3050 3957 non
3080 3905 3260 3974 egredi
3283 3905 3350 3960 de
3384 3908 3566 3960 taber-

1993 3998 2194 4053 naculo
2224 3998 2522 4053 testimonii
2555 3998 2926 4068 praecepisset,
2980 3999 3065 4054 his
3090 4000 3393 4070 completis,
3448 4002 3568 4057 haec

1994 4089 2140 4144 enim
2160 4088 2216 4142 in
2243 4096 2430 4141 octava
2461 4087 2550 4141 die
2572 4095 2827 4157 aguntur,
2873 4102 3062 4141 rursus
3082 4088 3161 4142 eis
3185 4089 3391 4159 Moyses
3421 4105 3566 4159 pra:-

1993 4181 2156 4250 cepit,
2188 4179 2257 4234 de
2293 4178 2435 4233 ostio
2465 4178 2795 4232 tabernaculi
2834 4193 2944 4232 non
2994 4179 3217 4249 egredi?
3268 4179 3384 4233 Non
3435 4196 3568 4252 ergo

1993 4269 2265 4325 contraria
2303 4269 2402 4323 sibi
2455 4270 2648 4335 sancit,
2718 4269 2812 4324 sed
2876 4269 3223 4324 manifestum
3286 4280 3369 4326 est
3418 4272 3565 4341 quod

312 4354 608 4427 perfectam
628 4359 892 4414 habentes
928 4361 1233 4424 scientiam,
1265 4361 1574 4415 necessario
1602 4371 1732 4417 sunt
1765 4363 1882 4418 dis-
1913 4365 1961 4424 D
1987 4360 2155 4415 alium
2179 4358 2269 4413 hic
2299 4358 2378 4412 eis
2407 4372 2686 4429 egressum
2749 4360 2870 4411 ostii
2907 4358 3238 4411 tabernaculi
3268 4358 3562 4413 testimonii

311 4446 495 4516 positi.
549 4447 626 4501 De
646 4464 754 4517 quo
806 4447 1045 4517 Joannes
1072 4448 1304 4503 dicebat.
1353 4448 1532 4505 Omnis
1562 4451 1653 4520 qui
1689 4467 1886 4519 prtere-

312 4536 409 4597 dit,
436 4547 484 4591 et
512 4555 616 4591 non
639 4549 811 4593 manet
832 4541 885 4593 in
906 4541 1144 4594 doctrina
1176 4540 1390 4603 Christi,
1436 4541 1601 4596 Deum
1648 4559 1752 4597 non
1786 4544 1886 4597 Ita-

311 4628 413 4682 bet.
451 4627 552 4693 Qui
601 4642 775 4684 manet
808 4633 864 4684 in
892 4633 1151 4697 doctrina,
1174 4630 1257 4685 hic
1279 4642 1326 4685 et
1360 4631 1531 4701 ﬁlium
1581 4643 1630 4687 et
1682 4643 1886 4703 patrem

311 4721 483 4774 habet.
518 4714 713 4793 Siquis
742 4724 879 4777 venit
909 4726 980 4778 ad
1028 4740 1134 4791 vos,
1184 4735 1230 4778 et
1268 4725 1404 4778 hanc
1432 4727 1729 4781 doctrinam
1783 4743 1884 4782 non

311 4812 512 4882 afferet,
543 4815 703 4868 nolite
734 4817 965 4884 recipere
994 4834 1110 4870 eum
1137 4819 1188 4869 in
1235 4818 1469 4883 domum,
1502 4835 1592 4872 nec
1613 4819 1661 4873 ei
1684 4820 1884 4873 dixeri-

310 4902 524 4966 tis,Ave
547 4902 613 4957 ⁸⁸.
650 4902 791 4975 Ergo
844 4905 1122 4975 prpprium
1170 4914 1254 4960 est
1299 4921 1511 4970 eorum,
1566 4904 1659 4974 qui
1706 4904 1883 4960 edocti

309 5004 432 5047 sunt
466 4996 832 5066 evangelicum
867 4998 1190 5058 doctrinam,
1230 5013 1325 5052 eos
1355 4996 1446 5066 qui
1477 4997 1783 5051 adulterina
1830 5007 1886 5053 et

308 5081 485 5133 aliena
528 5084 844 5151 pradicant,
877 5100 904 5138 a
940 5084 1078 5139 facie
1124 5093 1434 5138 sanctorum
1463 5094 1517 5138 et
1548 5084 1883 5140 tabernaculi

307 5173 578 5242 expellere
615 5184 775 5244 atque
809 5178 1097 5247 projicere.

278 5270 285 5273 '
382 5263 544 5318 Vens.
574 5263 626 5330 6,
658 5266 707 5320 7.
749 5285 766 5317 ς
805 5267 1043 5323 Locutu‘s
1072 5278 1157 5324 est
1182 5268 1392 5339 Moyses
1420 5268 1486 5323 ad
1525 5268 1705 5322 Aaron
1733 5276 1787 5323 et
1814 5269 1881 5323 ad

307 5359 551 5433 Eleazar,
580 5366 744 5429 atque
769 5360 834 5415 ad
865 5360 1105 5415 Ithamar
1124 5360 1260 5415 ﬁlios
1291 5360 1411 5430 ejus
1448 5376 1460 5413 :
1491 5358 1682 5430 Capita
1701 5367 1881 5415 vestra

308 5451 477 5506 nolite
496 5451 705 5529 nudare
729 5459 784 5506 et
819 5452 1136 5507 vestimenta
1165 5452 1333 5507 nolite
1362 5452 1632 5521 scindere,
1652 5469 1719 5508 ne
1739 5453 1879 5508 forte

1994 4450 2256 4522 praecepit
2278 4450 2571 4505 custodire.
2595 4449 2729 4503 Nam
2759 4448 2997 4503 addidit:

2071 4539 2134 4594 Ut
2165 4555 2265 4592 non
2291 4540 2615 4594 moriemini.
2645 4539 2805 4608 Atqui
2827 4541 2941 4595 haec
2975 4555 3084 4595 non
3112 4540 3328 4610 scripsit
3353 4542 3408 4595 in
3464 4557 3561 4596 su-

1993 4632 2300 4702 perioribus
2327 4646 2340 4685 :
2373 4632 2510 4702 Ergo
2537 4633 2906 4688 additamenta
2930 4637 3390 4699 comminationis,
3414 4636 3557 4689 aliud

1994 4724 2269 4793 quidpiam
2312 4738 2370 4778 se
2409 4724 2653 4780 sanxisse
2707 4725 3072 4797 signiﬁcavit:
3131 4728 3255 4796 quia
3308 4726 3449 4795 enim
3499 4736 3558 4777 ut

1995 4812 2173 4884 ignem
2190 4813 2379 4868 alienae
2402 4813 2662 4870 doctrinae
2691 4815 2984 4871 oni-rentes
3006 4816 3223 4887 quidam
3250 4815 3558 4870 sacerdotes

1984 4903 2284 4975 perierunt.
2318 4905 2453 4961 Aliis
2477 4920 2590 4961 non
2644 4907 2793 4961 exire
2820 4907 3043 4978 januam
3068 4908 3329 4969 scientirr,
3364 4903 3551 4958 videli-

1985 5001 2073 5049 cet
2104 4992 2326 5060 Christi,
2356 5004 2409 5048 et
2438 4995 2744 5050 traditionis
2782 4998 2921 5066 ejus,
2972 5011 3071 5065 per
3100 5010 3163 5048 ea
3215 5009 3335 5064 quae
3408 4990 3549 5045 dicta

1985 5094 2113 5141 sunt
2138 5086 2415 5155 praecepit,
2453 5085 2505 5140 id
2528 5095 2611 5140 est
2640 5102 2751 5140 non
2775 5086 3076 5157 transgredi
3108 5099 3226 5139 eam
3262 5096 3414 5152 quam
3435 5080 3549 5150 ipse

1983 5176 2261 5233 mandavit
2327 5177 2789 5245 praedicationem.
2864 5179 2958 5233 sed
3011 5176 3163 5245 sequi
3212 5171 3544 5230 Dominicum

1988 5275 2322 5341 praeceptum
2343 5281 2443 5336 per
2472 5268 2652 5321 omnia
2686 5287 2699 5324 :
2738 5268 2817 5324 sic
2841 5267 2984 5321 enim
3022 5265 3389 5335 unusquisque
3439 5276 3544 5317 non
3584 5328 3585 5331 η

1986 5360 2267 5416 morietur.
2296 5358 2410 5413 Hoc
2436 5359 2814 5413 sacerdotibus
2843 5358 3123 5427 praecepit,
3143 5358 3336 5427 quibus
3352 5363 3409 5409 ut
3430 5366 3542 5407 ma-

1983 5453 2182 5524 gistris,
2202 5460 2255 5507 et
2276 5451 2720 5522 praedicatoribus
2766 5450 2916 5504 verbi
2944 5450 3300 5506 ministerium
3321 5463 3379 5502 ex
3408 5446 3549 5502 dono

380 5622 599 5679 “Joan.
638 5639 730 5690 xx,
767 5622 858 5680 28.
898 5708 901 5711 Α
937 5626 984 5659 ιι
1012 5623 1057 5680 u
1086 5621 1235 5680 Petr.
1266 5624 1411 5691 1,19.
1487 5624 1533 5657 σε
1559 5624 1776 5679 lIJoan.
1809 5624 1861 5689 9,

2059 5627 2104 5659 ’⁸⁷
2135 5625 2303 5681 ICor.
2343 5642 2396 5691 v,
2421 5624 2476 5677 2.
2523 5651 2529 5657 ι
