4076 6188
599 302 712 367 8:9

1787 290 2148 354 HESYCHII
2196 291 2671 356 PRESBYTER!

3755 297 3868 365 900

598 413 823 486 :piritus
874 410 1139 470 creditum
1191 419 1295 478 est,
1322 409 1390 466 de
1438 419 1548 480 quo
1582 421 1733 464 nunc
1760 407 2039 478 legislator
2069 409 2178 462 ait:
2212 417 2258 474 Α
2285 417 2468 464 autem
2495 417 2711 480 Oportet
2758 423 3006 480 quaerere
3034 409 3178 482 quod
3240 419 3366 465 cum
3432 417 3494 463 ea
3563 421 3686 478 quae
3732 409 3872 482 legis

670 507 856 564 Oleum
882 507 1072 577 quippe
1104 511 1304 558 sancta:
1347 503 1610 557 unctionis
1643 510 1716 556 est
1744 513 1901 569 super
1929 517 2034 554 vos.
2072 500 2185 553 Hu-

593 603 687 671 jus
721 609 904 654 autem
941 596 1217 651 unctionis
1250 603 1532 661 virtutem,
1575 593 1814 648 Joannes
1841 592 1997 647 nobis
2016 608 2184 646 evan-

603 692 794 763 gelista
829 690 1189 750 demonstrat,
1219 686 1411 741 dicens
1443 703 1456 740 :
1490 687 1558 740 Et
1588 702 1676 739 vos
1703 685 1998 749 unctionem
2027 701 2186 753 quam

600 781 876 849 accepistis
911 779 976 832 ab
1008 796 1088 842 eo,
1121 787 1331 831 moneat
1388 779 1445 831 in
1480 778 1642 831 vobis.
1705 777 1771 830 Et
1823 793 1924 828 non
1983 791 2187 828 necesse

599 873 821 934 habetis,
851 880 906 924 ut
948 870 1142 939 aliquis
1187 875 1372 924 doceat
1418 887 1531 933 vos,
1572 870 1662 922 sed
1686 869 1820 922 sicut
1853 868 2028 920 unctio
2073 866 2186 935 ejus

599 965 743 1017 docet
768 980 857 1016 vos
891 963 954 1016 de
984 961 1246 1025 omnibus,
1300 971 1348 1014 et
1375 977 1551 1014 verum
1588 969 1684 1023 est,
1725 969 1779 1012 et
1810 975 1908 1012 non
1939 968 2010 1011 est
2043 973 2188 1011 men-

598 1056 808 1108 dacium
839 1055 907 1106 ⁸³.
941 1053 1066 1107 "me
1105 1051 1320 1120 Moyses
1366 1067 1463 1120 per
1492 1051 1747 1119 spiritum
1791 1051 2069 1118 pra-cepit,
2131 1058 2186 1102 et

597 1147 840 1200 Ecclesia
870 1147 1130 1199 custodit.
1160 1143 1303 1215 Ergo
1327 1154 1737 1211 consequenter
1763 1141 2040 1212 legislator
2055 1139 2184 1194 sub-

593 1237 732 1295 didit
764 1257 775 1291 :
818 1236 920 1301 Qui
951 1238 1187 1306 fecerunt
1200 1237 1360 1305 juxta
1394 1245 1711 1304 prteceptum
1740 1233 1928 1302 Moysi.

669 1328 830 1383 Vsus.
862 1329 1012 1383 8-H.
1047 1347 1065 1380 ι
1108 1327 1255 1381 Dixit
1322 1341 1538 1396 quoque
1575 1324 1837 1379 Dominus
1867 1324 1932 1377 ad
1965 1325 2181 1377 Aaron:

595 1422 798 1476 Vinum
826 1433 877 1475 et
906 1437 1068 1477 onme
1097 1421 1240 1491 quod
1308 1419 1580 1474 inebriare
1619 1426 1814 1488 potest,
1842 1433 1949 1470 non
1982 1416 2184 1470 bibetis

596 1524 654 1568 tu
684 1524 738 1566 et
772 1514 862 1566 ﬁlii
896 1513 996 1575 tui,
1031 1513 1249 1581 quando
1273 1511 1488 1565 intratis
1519 1511 1572 1563 in
1598 1509 2008 1563 tabernaculum
2039 1507 2183 1561 testi-

598 1602 788 1664 monii,
817 1617 884 1655 ne
915 1599 1244 1664 moriamini,
1270 1599 1397 1668 quia
1430 1607 1760 1668 praeceptum
1790 1595 2179 1666 sempiternum

600 1692 657 1746 in
691 1692 1074 1761 generationes
1104 1699 1338 1754 vestras,
1361 1698 1439 1754 et,
1481 1699 1542 1743 ut
1597 1688 1843 1742 habeatis
1895 1685 2178 1741 scientiam

2289 512 2440 570 sunt,
2465 503 2664 560 docere
2703 504 2844 560 ﬁlios
2865 503 3360 560 lsraelsaeerdotes
3387 503 3672 573 praecepit,
3716 505 3874 559 locu-

2290 604 2403 650 tum
2427 612 2547 652 esse
2577 597 2746 652 Deum
2771 613 2870 668 per
2911 596 3150 668 Moysen,
3185 612 3296 651 non
3338 611 3436 666 per
3462 595 3724 666 linguam,
3773 597 3871 651 sed

2289 701 2390 756 per
2416 702 2637 742 manum
2666 687 2816 742 dicit.
2847 689 2955 742 Aut
2984 687 3210 742 omnino
3246 686 3565 758 dignitatem
3599 687 3733 758 legis
3778 703 3873 742 os-

2289 778 2518 859 tendere
2553 779 2741 845 voluit,
2770 779 2896 849 quia
2935 779 3187 849 exposuit
3239 778 3458 848 quidem
3511 793 3629 832 eam
3698 777 3868 845 Deus,

2289 871 2507 941 scripsit
2536 883 2718 926 autem
2769 873 2996 944 Moyses,
3033 873 3248 943 excepit
3269 887 3398 926 vero
3431 888 3572 938 eam,
3600 873 3708 926 Deo
3743 889 3872 943 qua:

2288 960 2551 1029 disposita
2570 973 2698 1016 sunt
2723 963 2974 1032 jubente.

2369 1047 2741 1105 Vans.l2-15.
2780 1071 2798 1103 ε
2825 1051 3170 1121 Loeutusque
3205 1059 3288 1104 est
3324 1050 3532 1120 Moyses
3547 1050 3614 1104 ad
3658 1052 3868 1116 Aaron,

2288 1150 2346 1194 et
2378 1140 2446 1194 ad
2477 1142 2722 1210 Eleazar,
2748 1153 2909 1213 atque
2938 1143 3178 1198 lthamar
3203 1143 3341 1198 ﬁlios
3387 1145 3507 1213 ejus
3533 1143 3625 1212 qui
3659 1145 3871 1199 residui

2293 1245 2452 1290 erant
2489 1253 2503 1289 :
2539 1235 2734 1289 Tollite
2787 1235 3111 1290 sacriﬁcium
3148 1235 3292 1303 quod
3330 1235 3593 1288 remansit
3621 1235 3686 1289 de
3707 1236 3873 1289 obla-

2291 1327 2441 1381 tione
2475 1327 2714 1389 Domini,
2759 1334 2815 1380 et
2844 1327 3112 1380 comedite
3174 1326 3303 1380 illud
3341 1325 3548 1395 absque
3598 1326 3873 1383 fermento

2282 1420 2434 1488 juxta
2464 1419 2656 1484 altare,
2683 1418 2806 1487 quia
2852 1419 3112 1472 Sanctum
3145 1427 3460 1471 sanctorum
3515 1426 3619 1472 est.
3673 1419 3874 1474 Come-

2290 1509 2431 1565 detis
2463 1518 2645 1562 autem
2677 1509 2880 1562 inloco
2947 1518 3155 1571 sant-to,
3205 1509 3348 1576 quod
3403 1509 3590 1562 datum
3611 1518 3693 1562 est
3741 1512 3872 1578 tibi,

2285 1612 2339 1656 et
2372 1601 2498 1655 ﬁliis
2538 1601 2646 1655 tuis
2679 1601 2747 1655 de
2777 1600 3148 1654 oblationibus
3202 1600 3436 1662 Domini.
3487 1601 3625 1655 sicut
3656 1618 3872 1670 praece-

2233 1761 2251 1786 ν
2288 1699 2440 1759 ptum
2468 1699 2550 1744 est
2580 1689 2735 1743 mihi.
2759 1687 3140 1743 Peetusculum
3165 1703 3384 1758 quoque
3422 1689 3565 1758 quod
3615 1691 3870 1745 oblatum

598 1784 947 1838 discernendi
989 1785 1132 1837 inter
1161 1791 1408 1836 sanetum
1467 1793 1521 1834 et
1583 1780 1895 1850 profanum,
1929 1788 1986 1833 et
2038 1779 2180 1832 inter
2214 1759 2252 1811 B
2281 1792 2443 1837 estet
2471 1797 2681 1836 armum
2706 1782 2795 1850 qui
2828 1792 3112 1851 separatus
3144 1791 3247 1842 est.
3279 1781 3456 1836 edetis
3478 1783 3532 1835 in
3566 1783 3872 1838 locontun-

595 1875 862 1945 pollutum
897 1885 952 1930 et
975 1877 1257 1940 mundttm,
1279 1875 1630 1943 doceatisque
1661 1873 1979 1927 ﬁlioslsrael
1998 1871 2177 1926 omnia

594 1963 836 2034 legitima
871 1981 1010 2027 mea,
1049 1981 1171 2034 qua:
1197 1965 1416 2018 locutus
1453 1972 1537 2016 est
1579 1961 1844 2016 Dominus
1867 1961 1931 2015 ad
1956 1977 2051 2015 eos
2081 1977 2180 2029 per

595 2069 818 2106 manum
846 2052 1038 2121 Moysi.
1082 2071 1100 2103 ι

668 2159 817 2215 llanc
845 2176 1016 2229 usque
1050 2176 1199 2215 nunc
1247 2161 1422 2232 legem
1455 2159 1507 2213 in
1552 2158 1814 2214 Ecelesiis
1844 2159 2055 2213 invenis
2082 2175 2178 2214 cu»

594 2252 784 2306 Stodiri
821 2252 1044 2321 :Neque
1068 2253 1218 2306 enim
1249 2252 1569 2306 omnimodo
1611 2252 1889 2306 abstinere
1947 2261 1986 2305 ‘a
2055 2252 2179 2306 vino

591 2341 870 2411 praecepit,
905 2342 1000 2396 sed
1033 2341 1254 2410 quando
1283 2341 1349 2396 ad
1399 2341 1807 2396 tabernaculum
1859 2340 2176 2406 testimonii,

591 2443 687 2486 aut
722 2433 789 2486 ad
813 2435 983 2486 altare
1009 2433 1380 2498 ascendimus,
1418 2432 1471 2487 id
1517 2442 1602 2486 est
1643 2433 1862 2501 quando
1891 2434 2178 2502 quodcun-

599 2536 706 2588 que
743 2521 1108 2573 ministerium
1161 2521 1428 2575 doctrinm
1488 2521 1732 2576 caelestis
1787 2523 2172 2592 contingimus.

593 2610 878 2663 Ministerii
901 2612 1070 2674 enim,
1099 2611 1267 2665 altare
1291 2611 1461 2681 ﬁgura
1497 2622 1582 2664 est
1614 2612 2061 2666 :tabernaculum
2077 2628 2177 2667 au-

598 2708 706 2756 tem
746 2701 1068 2766 testimonii,
1131 2703 1435 2757 caelestium
1477 2718 1660 2756 rerum
1711 2706 2174 2771 contreetationis,

594 2791 742 2846 unde
772 2802 827 2846 et
855 2792 1146 2847 Timotheo
1195 2792 1395 2847 Paulus
1457 2793 1748 2848 scribebat.
1784 2795 1910 2849 Vino
1975 2799 2177 2852 modico

593 2894 757 2949 utere,
800 2894 1013 2954 propter
1039 2886 1367 2938 stomachum
1405 2900 1572 2949 tuum,
1640 2897 1687 2940 ct
1735 2889 2030 2958 frequentes
2056 2901 2175 2946 tuas

591 2976 931 3045 inﬁrmitates
967 2975 1033 3028 δ’.
1066 2977 1166 3042 Qui
1189 2986 1372 3031 autem
1409 2978 1626 3033 modico
1660 2982 1850 3045 utitur,
1890 2982 1981 3036 hic
2028 2990 2172 3038 tem-

2280 1874 2507 1927 dissimo
2533 1883 2588 1927 tu
2619 1881 2674 1926 et
2715 1872 2805 1924 ﬁlii
2841 1873 2937 1936 tui,
2961 1888 3023 1926 ac
3050 1872 3292 1926 ﬁlimtua:
3321 1883 3519 1927 tecum.
3553 1871 3672 1928 Tibi
3711 1875 3868 1929 enim

2274 1980 2344 2018 ac
2381 1963 2568 2016 liberis
2603 1964 2710 2017 tuis
2739 1963 2977 2032 reposita
3019 1973 3147 2017 sunt
3174 1965 3242 2019 de
3287 1965 3482 2019 hostiis
3527 1966 3870 2021 salutaribus

2281 2054 2517 2109 ﬁliorum
2556 2053 2738 2118 Israel,
2765 2071 2830 2108 eo
2859 2055 3006 2124 quod
3058 2070 3294 2119 armum,
3328 2065 3382 2110 et
3413 2066 3620 2125 peetus,
3649 2067 3704 2111 et
3739 2059 3869 2112 adi-

2275 2164 2399 2218 pes,
2425 2149 2516 2219 qui
2546 2157 2860 2202 cremantur
2889 2149 2942 2201 in
2965 2147 3143 2212 altari,
3170 2147 3363 2201 elevati
3388 2149 3495 2202 sint
3521 2164 3706 2203 coram
3741 2150 3862 2205 Do-

2285 2241 2435 2294 mino
2474 2251 2529 2294 et
2560 2241 2874 2310 pertineant
2905 2240 2971 2294 ad
3001 2249 3073 2300 te,
3101 2248 3156 2292 et
3186 2239 3250 2293 ad
3285 2238 3420 2292 ﬁlios
3449 2249 3568 2294 tuos
3591 2241 3711 2312 lege
3733 2259 3868 2310 per-

2273 2342 2460 2402 petua,
2489 2331 2630 2385 sicut
2654 2331 2912 2400 praecepit
2938 2331 3222 2383 Dominus.
3255 2349 3274 2380 ι

2347 2420 2481 2486 Quia
2503 2421 2876 2490 peetusculum
2911 2419 3294 2475 conﬁdentiam
3354 2419 3726 2484 oﬂ'erentium,
3806 2433 3864 2476 et

2277 2512 2438 2567 ﬁdem
2487 2513 2791 2584 signiﬁcat:
2847 2523 2903 2567 et
2983 2513 3288 2577 brachium,
3340 2514 3619 2582 promissae
3665 2514 3736 2569 ab
3777 2515 3864 2569 eis

2279 2604 2718 2659 conversationis
2751 2605 3044 2666 actionem,
3105 2607 3576 2658 eteorrectionem
3612 2620 3624 2655 :
3659 2606 3792 2659 satis
3829 2621 3862 2660 a

2278 2695 2508 2750 nobisin
2535 2695 2620 2750 his
2649 2712 2770 2764 qua:
2799 2695 2866 2750 de
2894 2695 3157 2749 sacriﬁcio
3192 2695 3562 2764 paciﬁcorum,
3588 2711 3681 2750 seu
3708 2697 3863 2750 saluo

2279 2786 2374 2840 tari
2404 2803 2501 2857 per
2521 2797 2703 2856 partes
2751 2789 2992 2842 discussa
3050 2796 3198 2851 sunt,
3254 2787 3683 2841 demonstratqu
3751 2797 3859 2841 est.

2279 2880 2384 2934 Sed
2407 2879 2761 2950 quamobrem
2792 2881 2970 2933 Aaron
2995 2877 3187 2933 etﬁliis
3216 2881 3355 2948 ejus,
3411 2895 3474 2934 ea
3535 2896 3656 2949 qua:
3707 2879 3860 2935 dicta

2277 2983 2428 3037 sunt,
2458 2971 2759 3041 deputavit,
2790 2970 2900 3024 illic
2928 2970 3072 3025 enim
3097 2978 3152 3025 et
3194 2985 3382 3024 eorum
3431 2963 3860 3025 distinctionem

592 3083 727 3138 pore
757 3067 1048 3122 ministerii
1078 3069 1332 3122 videlicet
1357 3079 1412 3122 et
1452 3069 1734 3134 doctrinm,
1790 3071 1858 3124 ab
1915 3073 2064 3126 omni
2089 3073 2170 3127 vi-
2196 3081 2241 3140 α
2283 3061 2563 3133 Ιθεὶειόιοι·
2591 3062 2862 3132 exposuit,
2901 3062 3045 3131 quod
3070 3061 3124 3115 hi
3152 3061 3369 3130 quidem
3393 3061 3486 3130 qui
3512 3063 3698 3114 Aaron
3727 3071 3859 3116 sunt

590 3159 834 3214 uolentia
868 3167 923 3213 et
967 3159 1232 3213 ebrietate
1269 3175 1327 3214 se
1358 3159 1616 3214 abstinet.
1670 3160 1932 3216 Similiter
1988 3171 2172 3218 autent

592 3261 655 3307 ut
686 3251 998 3305 sacerdotes
1023 3251 1077 3305 hi
1107 3252 1198 3320 qui
1229 3251 1452 3306 student
1478 3252 1651 3323 legem
1688 3255 2026 3319 custodiunt,
2048 3271 2175 3326 pro-

591 3345 718 3410 pter
747 3340 892 3409 quod
915 3356 1026 3394 non
1059 3342 1236 3395 sol-um
1276 3342 1476 3405 Aaron,
1521 3342 1618 3396 sed
1647 3351 1703 3397 et
1737 3343 1860 3398 ﬁliis
1888 3345 2030 3414 ejus,
2076 3361 2172 3401 su-

591 3433 842 3488 blimiora
873 3432 1384 3502 videlicetadeptis,
1429 3433 1744 3488 mandatum
1800 3436 1904 3491 hoc
1927 3437 2167 3494 tradidit.

589 3523 798 3578 Similia
832 3531 1017 3578 autem
1055 3523 1140 3576 bis
1170 3533 1222 3578 et
1245 3523 1445 3578 Paulus
1496 3524 1566 3579 ad
1606 3525 1876 3595 Ephesios
1929 3528 2168 3598 scripsit.

594 3613 774 3668 Nolite
800 3615 1057 3668 inebriari
1083 3615 1227 3676 uino,
1254 3614 1306 3668 in
1335 3631 1436 3685 quo
1487 3625 1561 3669 est
1600 3618 1770 3670 omnis
1794 3617 2031 3680 luxuria,
2079 3621 2170 3674 sed

580 3707 760 3776 magis
794 3705 1088 3776 implemini
1114 3704 1319 3774 Spiritu
1361 3698 1544 3760 sancti)
1568 3708 1651 3774 ’°;
1687 3708 1937 3762 hebetem
1967 3709 2169 3779 quippe

577 3797 825 3852 ebrietas
874 3806 1117 3852 tuentem
1181 3798 1381 3862 reddit,
1447 3809 1504 3853 et
1547 3799 1898 3855 sobrietatem
1943 3803 2062 3872 ejus
2112 3803 2168 3858 in

576 3887 834 3943 'deterius
860 3889 1044 3956 vertit,
1081 3898 1142 3943 ut
1167 3905 1280 3943 non
1325 3889 1699 3960 intelligantur
1732 3906 1854 3961 qua:
1909 3903 2164 3964 aguntur,

552 3965 712 4048 iqua:
741 3979 1065 4035 testiﬁcatur
1097 3979 1282 4045 Isaias,
1308 3979 1502 4034 dicens
1535 3997 1548 4034 :
1577 3980 1662 4035 Vte
1713 3983 1803 4051 qui
1848 3985 2169 4056 consurgitis

589 4085 754 4122 mane
773 4070 844 4122 ad
875 4070 1176 4123 ebrietatem
1213 4071 1540 4137 sectandam,
1566 4080 1614 4124 et
1667 4074 1954 4140 potandum
2009 4091 2168 4146 usque

576 4160 658 4213 had
719 4174 1008 4228 vesperum,
1056 4172 1113 4212 ut
1150 4161 1270 4214 uino
1349 4162 1597 4216 a’stuetis.
1663 4161 1881 4217 Cithara
1942 4173 1989 4217 et
2026 4165 2162 4235 lyra,

576 4259 637 4303 «et
672 4258 1004 4320 tympanum,
1031 4260 1079 4303 et
1100 4251 1252 4316 tibia,
1279 4260 1326 4304 et
1366 4252 1544 4305 uinum
1588 4253 1644 4306 in
1674 4255 1920 4308 conuiuiis
1958 4257 2164 4320 uestris,

575 4349 635 4393 *et
665 4356 792 4408 opus
838 4342 1047 4394 Domini
1106 4359 1210 4396 non
1267 4344 1545 4412 respicitis.
1597 4360 1688 4398 nec
1711 4362 1868 4414 opera
1911 4363 2163 4401 manuum

2276 3153 2393 3219 ﬁlii,
2424 3154 2554 3223 quid
2581 3162 2762 3208 autem
2794 3155 2911 3224 ipse.
2944 3156 3123 3208 Aaron
3155 3153 3318 3207 habet
3344 3154 3701 3223 praecipuum.
3756 3153 3859 3208 Sa-

2275 3244 2541 3299 criﬁcium
2567 3245 2710 3298 enim
2749 3246 2892 3314 quod
2925 3245 3185 3300 remansit
3224 3246 3289 3298 de
3317 3246 3613 3312 oblatione,
3640 3248 3758 3302 sive
3787 3249 3857 3302 ab

2271 3336 2614 3392 holocaustis
2665 3335 2901 3401 Domini,
2954 3338 3056 3391 hoc
3086 3338 3244 3404 dixit,
3310 3339 3455 3408 quod
3491 3350 3750 3410 superest
3786 3342 3857 3397 de

2275 3429 2478 3486 simila.
2502 3429 2706 3498 Aperte
2727 3445 2856 3500 ergo
2895 3430 3089 3498 Aquila
3137 3430 3330 3492 edidit,
3362 3431 3592 3484 dicens:
3644 3431 3853 3486 Donum

2273 3523 2412 3594 quod
2431 3520 2690 3591 reliquum
2711 3531 2781 3574 est
2816 3524 2878 3574 de
2907 3521 3188 3591 frumento.
3243 3523 3418 3591 Hujus
3469 3523 3854 3594 interpretatio

2272 3622 2357 3669 est
2385 3613 2588 3668 :etiam
2622 3613 2726 3666 hoc
2756 3613 2901 3682 quod
2923 3613 3198 3683 legislator
3243 3613 3507 3676 subdidit,
3539 3615 3616 3667 ait
3645 3617 3798 3670 enim
3836 3631 3851 3668 :

2345 3701 2411 3756 Et
2436 3705 2688 3756 comedite
2707 3702 3167 3773 abs'quefermento
3186 3704 3347 3771 juxta
3393 3704 3582 3757 altare.
3630 3703 3846 3775 Ubique

2271 3794 2576 3849 doctrinam
2595 3794 2878 3864 theologia:
2905 3793 3046 3846 hanc
3086 3792 3357 3863 signiﬁcat
3380 3793 3710 3848 sacriﬁcium
3771 3796 3842 3850 si-

2272 3887 2416 3941 mila:
2447 3887 2568 3942 sine
2599 3887 2868 3941 fermento
2888 3896 3315 3954 esse,quantum
3372 3886 3438 3940 ad
3511 3888 3851 3945 exteriorem

2269 3977 2578 4033 doctrinam
2619 3979 2828 4043 volens,
2860 3977 3112 4032 similiter
3155 3979 3319 4031 etiam
3381 3979 3699 4043 ostendens,
3724 3983 3856 4050 quia

2272 4070 2605 4141 partieipalis
2625 4070 2874 4139 quaedam
2897 4069 3041 4140 apud
3070 4085 3170 4125 nos
3191 4078 3276 4124 est
3307 4071 3573 4141 theologia
3604 4089 3617 4123 :
3649 4072 3704 4126 in
3731 4087 3856 4128 co:-

2272 4162 2339 4215 lis
2366 4163 2571 4232 quippe
2601 4162 2722 4230 ejus
2751 4171 2836 4216 est
2864 4161 3170 4232 plenitudo.
3240 4161 3472 4232 Propter
3533 4163 3681 4232 quod
3747 4164 3858 4219 hoc

2268 4253 2414 4323 quod
2443 4253 2704 4310 remansit
2762 4253 2816 4307 id
2844 4262 2930 4307 est
2958 4253 3063 4308 hoc
3092 4253 3236 4323 quod
3293 4261 3566 4322 superest,
3633 4255 3854 4309 comedi

2269 4345 2548 4414 pra-cepit,
2579 4354 2638 4399 ut
2659 4345 2911 4399 ostendat
2939 4360 3212 4398 summum
3263 4345 3404 4414 apud
3428 4360 3554 4398 eum
3581 4360 3724 4407 esse.
3762 4356 3855 4400 at-

577 4424 702 4492 tejus
733 4429 1081 4482 consideratis
1109 4429 1178 4482 “.
1211 4428 1315 4494 Qui
1346 4409 1531 4484 autem
1583 4409 1754 4501 opera
1795 4433 2008 4488 Domini
2053 4452 2160 4489 non
2193 4409 2240 4464 ί)
2267 4409 2372 4506 que.
2407 4409 2633 4490 servari.
2654 4437 3080 4508 Oportetautem
3112 4453 3231 4491 eam
3282 4409 3494 4491 eotnedi
3557 4438 3710 4505 juxta
3773 4439 3854 4493 al-

584 4516 794 4582 vident,
827 4519 1102 4586 quomodo
1123 4519 1370 4574 dividere
1407 4520 1552 4574 inter
1592 4531 1778 4577 sancta
1834 4532 1888 4578 et
1917 4525 2161 4593 profana,

578 4616 683 4660 aut
722 4609 921 4663 munda
958 4616 1015 4664 e’t
1051 4610 1353 4672 immunda,
1377 4611 1463 4665 vel
1493 4615 1768 4682 quomodo
1787 4616 2162 4680 exhortari,et

593 4697 908 4754 illuminare
931 4701 1190 4770 pupulum
1237 4701 1304 4755 de
1345 4699 1640 4772 Scripturis
1699 4707 1960 4774 possunt?
2005 4707 2161 4763 Unde

581 4787 691 4840 hoc
720 4790 1033 4844 mandatum
1062 4791 1352 4846 sublimius
1379 4793 1670 4848 ostendere
1686 4797 1941 4865 cupiens,
1979 4801 2155 4869 ipsum

582 4878 692 4932 hoc
714 4880 789 4934 ait
813 4881 1053 4936 locutum
1077 4881 1244 4938 fuisse
1268 4882 1578 4939 Dominum.
1595 4885 1700 4940 Sed
1723 4887 2162 4960 intende,quem-

577 4969 872 5025 admodum
913 4987 1014 5028 nec
1076 4974 1178 5028 hoc
1217 4989 1248 5028 a
1299 4975 1638 5031 districtione
1684 4993 1874 5033 eorum
1929 4997 2056 5052 quae
2099 4982 2155 5036 in

2267 4539 2400 4592 tare,
2441 4529 2492 4583 id
2515 4539 2600 4583 est
2630 4529 2831 4583 Christi
2858 4543 3078 4596 corpus,
3136 4545 3199 4582 ex
3229 4545 3296 4582 eo
3316 4529 3461 4582 enim
3495 4529 3654 4584 nobis
3684 4530 3851 4586 theo—

2267 4619 2405 4690 logia
2426 4620 2604 4674 omnis
2627 4620 2988 4674 ministratur.

2333 4710 2438 4764 Sed
2467 4712 2604 4781 quod
2631 4696 2895 4764 remansit
2916 4711 2979 4764 de
2999 4711 3175 4764 simila
3205 4711 3384 4765 Aaron
3410 4713 3510 4765 erit
3539 4722 3586 4766 et
3609 4711 3850 4780 ﬁliorum

2266 4801 2398 4869 ejus.
2428 4801 2555 4864 Qua:
2581 4818 2700 4855 vero
2731 4802 2794 4855 de
2821 4800 3097 4870 sacrificiis
3131 4803 3475 4872 paciﬁcorum
3495 4805 3602 4858 sive
3634 4804 3850 4859 saluta-

2269 4893 2410 4946 ribus
2443 4902 2564 4947 sunt
2597 4897 2776 4946 Aaron
2800 4903 2848 4947 et
2875 4893 3105 4962 ﬁliorum
3136 4894 3250 4962 ejus
3293 4909 3311 4946 :
3372 4896 3487 4948 sive
3540 4897 3846 4950 secundum

2267 4983 2405 5038 LXX
2433 4995 2478 5039 et
2507 4987 2684 5038 domui
2717 4986 2850 5052 eius,
2886 4987 3060 5038 omnis
3093 4985 3330 5038 videlicet
3368 4986 3570 5054 populi.
3603 4987 3846 5042 Theolo-

583 5053 912 5118 Pcntecoste
939 5073 1058 5118 acta
1091 5075 1240 5131 sunt,
1290 5066 1528 5120 alienum
1560 5069 1650 5122 sit.
1679 5068 1833 5134 Quod
1865 5073 2010 5126 enim
2070 5074 2157 5130 hic
2259 5077 2363 5148 giae
2384 5077 2584 5145 quippe
2609 5075 2831 5129 studere
2855 5090 2966 5130 non
2990 5076 3231 5128 omnium
3254 5053 3480 5136 est,ised
3503 5075 3844 5142 sublimium,

582 5157 846 5224 praecepit
869 5172 977 5210 non
1017 5157 1156 5222 ﬁeri,
1200 5156 1404 5212 factum
1455 5174 1578 5213 esse
1615 5163 1941 5230 quibusdam
1977 5167 2158 5236 suspi-

591 5243 855 5309 cantibus,
885 5248 1101 5316 quando
1135 5248 1372 5318 Spiritus
1417 5251 1592 5320 gratia
1619 5253 1860 5319 advenit,
1893 5266 1948 5310 et
1970 5257 2160 5312 dicen-

2263 5177 2317 5221 et
2367 5166 2922 5236 appropinquantitnm
2981 5166 3230 5229 Domino,
3281 5175 3445 5236 atque
3495 5182 3687 5222 eorum
3747 5171 3844 5237 qui

2261 5265 2566 5324 sequuntur
2587 5255 2884 5310 Christum.
2908 5255 3180 5324 Consequi
3209 5262 3390 5309 autem
3442 5271 3564 5325 qua:
3617 5256 3683 5312 ad
3739 5271 3850 5327 ps-

595 5327 751 5386 tibus.
782 5332 915 5399 Quia
940 5352 1107 5393 musta
1138 5339 1279 5409 pleni
1302 5352 1422 5393 sum
1452 5344 1525 5406 hi,
1557 5341 1748 5400 Petrus
1804 5355 1863 5400 ut
1913 5348 2160 5416 prohibi-
2259 5347 2438 5412 eiﬁca,
2473 5363 2568 5402 seu
2608 5348 2842 5402 salutem
2896 5347 3195 5417 pertinent,
3243 5348 3408 5403 totius
3456 5349 3632 5418 plebis
3685 5359 3848 5415 sunt,

592 5426 702 5473 tum
734 5428 968 5494 negavit,
998 5431 1234 5487 dicens:
1282 5433 1401 5488 Non
1419 5435 1553 5489 enim
1602 5435 1735 5488 sicut
1790 5452 1877 5490 vos
1924 5439 2162 5508 θεωρίδα-

587 5510 738 5576 mini,
770 5515 965 5570 hiebrii
993 5534 1136 5588 sunt,
1165 5542 1278 5578 cum
1301 5527 1367 5578 sit
1433 5530 1561 5578 liora
1606 5527 1709 5578 diei
1745 5528 1898 5580 tertia
1931 5529 1998 5580 ".
2027 5529 2157 5582 Illud

2259 5456 2380 5509 quae
2412 5442 2609 5496 domus
2633 5439 2987 5511 intelligihilis
3025 5439 3322 5494 sacerdotis
3358 5439 3692 5496 nominatur.
3744 5439 3854 5497 Est

2259 5540 2438 5583 autem
2468 5529 2730 5594 Ecclesia,
2766 5531 2834 5585 de
2862 5547 2966 5599 qua
2999 5539 3054 5585 et
3079 5529 3278 5585 Paulus
3307 5531 3482 5586 dixit:
3527 5531 3594 5586 In
3639 5549 3849 5605 magna

657 5683 704 5716 ⁸⁸
737 5681 758 5738 Ι
798 5685 952 5746 Joan.
987 5709 1050 5763 tt,
1099 5695 1190 5751 27.
1250 5697 1310 5768 *⁸³
1341 5697 1529 5771 l_Tim.
1557 5716 1609 5765 ν,
1632 5699 1724 5758 25.
1797 5701 1842 5733 ’⁸
1875 5699 2076 5772 Ephes.
2112 5719 2165 5770 v,

2277 5741 2290 5755 .
2369 5706 2408 5736 "
2436 5704 2572 5760 Psal.
2606 5723 2658 5772 v,
2699 5705 2785 5772 il,
2815 5658 2902 5762 i2.
2981 5707 3026 5740 ”
3053 5705 3175 5762 Act.
3201 5705 3374 5777 ".15.
