4076 6188
398 295 503 364 sot
915 361 928 372 ,
1101 265 1108 269 ’
1515 289 1597 356 IN
1632 291 2069 356 LEVITICUM.
2107 317 2174 329 —
2212 291 2359 352 LIB.
2393 288 2474 354 Il.
3550 303 3658 367 ωε

398 415 559 470 domo
581 431 682 470 non
710 421 833 468 sunt
855 412 1024 469 solum
1053 423 1217 467 aurea
1243 427 1390 477 vasa,
1417 419 1468 464 et
1493 418 1766 480 argentea,
1795 409 1885 464 sed
1917 409 1982 462 li-
2011 411 2059 469 Δ
2086 405 2257 461 hostia
2301 409 2369 461 ”.
2425 408 2689 465 Dominus
2741 418 2927 469 autem,
2969 400 3101 467 dicit
3125 421 3139 468 :
3170 411 3334 468 Omne
3385 429 3660 484 peccatum

398 521 530 578 gnea
549 515 596 560 et
613 506 800 578 ﬁctilia
815 505 1122 577 “.Propter
1133 504 1278 575 quod
1297 518 1403 558 non
1414 503 1748 572 esﬁomnium
1765 501 1978 558 theolo-
2079 498 2368 552 dimittitur
2392 494 2708 565 hominibus,
2724 499 3045 570 blasphemia
3067 513 3246 558 autem
3274 515 3454 560 contra
3483 506 3662 574 Spiri-

400 598 538 669 giam
562 595 799 665 assequi.
2084 597 2330 641 tum-non
2355 589 2671 659 relinquitur
2692 591 2760 645 ’°.
2793 591 2906 646 Hoc
2921 593 3114 648 Petrus
3131 595 3250 664 ipso
3279 612 3444 666 opere
3473 608 3660 654 osten-

470 687 632 742 Vcas.
667 685 855 741 lii-18.
911 702 931 736 ‹
970 684 1120 740 inter
1170 684 1288 739 haec
1339 685 1552 739 hircum
1618 684 1707 752 qui
1765 683 1980 738 oblatus
2078 678 2192 744 dit;
2223 679 2350 748 quia
2381 681 2526 734 enim
2554 683 2797 737 Ananias
2825 693 2881 738 et
2908 683 3178 754 Sapphira
3207 687 3434 756 Spiritui
3464 699 3657 748 sancto

399 778 576 833 fuerat
602 793 700 847 pro
750 785 996 847 peccato,
1043 790 1166 829 cum
1199 785 1463 844 qumreret
1497 775 1704 845 Moyses
1729 783 1977 828 exustum
2079 770 2297 825 mentiti
2324 781 2475 839 sunt,
2507 773 2670 827 aitad
2697 789 2793 828 eos
2826 793 2840 829 :
2875 773 3053 839 Quare
3078 781 3293 831 cwcavit
3315 779 3548 836 Satanas
3570 800 3660 838 cor

401 870 624 939 reperit.
653 868 934 937 [ratusque
964 875 1154 922 contra
1203 865 1423 920 Eleazar
1448 878 1504 920 et
1549 865 1788 920 Ithamar
1838 863 1979 919 ﬁlios
2029 931 2032 936 ν
2078 869 2308 916 vestrum
2340 864 2550 916 mentiri
2571 862 2798 932 Spiritui
2823 869 3050 921 sancto?
3110 869 3230 922 Non
3283 873 3406 925 estis
3454 878 3660 930 mentiti

401 959 606 1022 Aaron,
641 959 731 1028 qui
767 963 1143 1013 remanserant
1193 957 1287 1010 ait.
1341 956 1452 1012 Cur
1501 973 1614 1012 non
1667 955 1982 1012 comedistis
2078 953 2393 1021 hominibus,
2423 956 2513 1008 sed
2544 954 2734 1008 Deo".
2771 957 3011 1028 Tempus
3036 960 3182 1035 enim
3214 964 3551 1031 poenitentiae
3579 968 3660 1023 eis

401 1051 635 1106 hostiam
674 1065 773 1120 pro
825 1057 1053 1119 peccato
1087 1048 1290 1102 inloco
1349 1058 1558 1112 sancto,
1617 1064 1738 1118 qum
1782 1047 1981 1102 Sancta
2078 1058 2190 1100 non
2219 1045 2387 1110 dedit,
2409 1045 2590 1100 sciens
2620 1048 2745 1116 quia
2788 1063 2884 1102 cor
2933 1061 3195 1105 caecatum
3247 1053 3302 1106 in
3354 1063 3661 1127 transgres-

403 1148 716 1195 sanctorum
743 1139 959 1203 dicitur,
994 1147 1047 1192 et
1068 1138 1190 1192 data
1225 1145 1309 1192 est
1343 1137 1515 1203 vobis,
1543 1147 1603 1192 ut
1624 1137 1852 1207 portetis
1891 1138 1979 1191 in-
2079 1133 2253 1198 sione,
2307 1142 2361 1187 et
2418 1134 2755 1203 blasphemia
2805 1136 3032 1205 spiritus
3084 1140 3368 1202 habentes.
3395 1146 3662 1213 poenitere

403 1230 686 1300 iquitatem
711 1227 1101 1293 multitudinis,
1117 1236 1172 1283 et
1201 1228 1368 1283 oretis
1393 1242 1492 1298 pro
1519 1242 1582 1282 ea
1606 1227 1662 1280 in
1685 1237 1978 1296 conspectu
2079 1237 2188 1276 non
2221 1233 2562 1292 paterentur.
2596 1224 2722 1280 Mox
2745 1227 2890 1281 enim
2922 1243 3018 1285 eos
3044 1234 3242 1300 poenali
3275 1238 3662 1294 condemnavit

405 1320 618 1375 Domini
649 1337 663 1374 :
697 1319 999 1390 presertim
1027 1334 1152 1375 cum
1175 1319 1244 1374 de
1278 1318 1540 1390 sanguine
1580 1317 1725 1374 illius
1771 1332 1880 1389 non
1911 1316 1983 1372 sit
2079 1319 2274 1366 morte.
2307 1314 2385 1368 Ea
2410 1329 2539 1385 ergo
2557 1330 2681 1384 quae
2710 1329 3035 1387 sequuntur,
3083 1324 3254 1394 magis
3297 1335 3566 1394 astruere,
3606 1337 3663 1384 et

403 1412 614 1466 illarum
645 1412 784 1465 intra
813 1409 1030 1478 Sancta,
1058 1420 1114 1466 et
1137 1412 1424 1466 comedere
1448 1426 1568 1466 eam
1585 1409 1900 1466 debueratis
1925 1407 1981 1462 in
2077 1403 2374 1473 explanare
2401 1419 2462 1458 ea
2486 1421 2608 1474 qua:
2641 1423 2790 1464 nunc
2820 1411 2966 1465 dicta
2998 1422 3146 1476 sunt,
3175 1428 3424 1484 possunt.

399 1503 732 1567 sanctuario,
761 1504 902 1558 sicut
930 1511 1258 1573 praeceptum
1284 1511 1369 1557 est
1397 1502 1553 1557 mihi.
2150 1493 2313 1550 Vsus.
2352 1496 2440 1562 l9,
2471 1497 2562 1552 20.
2607 1517 2624 1550 ι
2661 1497 2968 1569 Respondit
2995 1502 3175 1557 Aaron
3246 1523 3259 1558 :
3319 1506 3510 1564 Oblata
3576 1525 3662 1568 εει

471 1593 608 1660 Quia
639 1607 801 1649 omne
828 1603 1112 1664 peccatum
1141 1611 1240 1665 per
1260 1593 1636 1664 paenitentiam
1666 1592 1900 1656 deletur,
1927 1600 1984 1648 et

2082 1581 2246 1638 hodie
2271 1583 2490 1639 victima
2520 1601 2620 1654 pro
2645 1597 2869 1656 peccato
2895 1589 2951 1641 in
2982 1589 3300 1645 holocausto
3334 1608 3518 1648 coram
3554 1597 3658 1653 Do-

397 1684 525 1753 quia
556 1682 611 1737 hi
639 1683 731 1752 qui
767 1683 1085 1753 prmdictum
1133 1691 1416 1752 peccatum
1446 1683 1671 1738 alterius
1698 1682 1980 1750 doctrinae,

2081 1674 2266 1740 mino;
2294 1674 2427 1729 mihi
2456 1685 2639 1730 autem
2671 1678 2870 1732 accidit
2889 1680 3034 1747 quod
3064 1681 3230 1735 vides.
3255 1681 3538 1746 Quomodo
3566 1702 3662 1756 po-

400 1781 456 1825 et
486 1771 826 1840 blasphemia
862 1771 1276 1839 commiserunt,
1305 1772 1498 1827 saivati
1527 1788 1640 1826 non
1671 1781 1821 1837 sunt,
1847 1788 1982 1828 cau-
2014 1781 2057 1836 Β
2085 1764 2162 1819 illi
2200 1765 2491 1821 comedere
2528 1783 2670 1832 eam.
2704 1777 2801 1822 θυι
2843 1770 3118 1837 (Ιυοῐηοάο
3173 1772 3390 1841 Placere
3435 1775 3664 1832 Domino

400 1877 517 1916 sam
545 1860 822 1931 legislator
847 1861 1033 1931 huius,
1062 1877 1186 1932 qua:
1205 1862 1287 1918 eis
1316 1863 1435 1918 sine
1464 1863 1840 1920 misericordia
1882 1881 1981 1920 ve-
2082 1853 2138 1908 in
2165 1857 2508 1911 caremoniis
2534 1868 2717 1912 mente
2745 1858 2997 1929 lugubri?
3043 1860 3199 1926 Quod
3249 1879 3375 1918 cum
3423 1867 3665 1922 audisset

401 1952 504 2020 nit,
538 1951 733 2007 mortis
758 1951 1002 2022 exponit.
1033 1951 1174 2008 Ilinc
1200 1951 1502 2008 introducit
1526 1952 1736 2023 Moyses
1767 1953 1980 2008 hircum
2085 1947 2314 2019 Moyses,
2353 1949 2560 2019 recepit
2584 1950 3033 2006 satisfactionem.
3075 1972 3092 2004 ι

399 2061 501 2116 pro
527 2055 773 2115 peccato,
798 2045 1141 2115 poenitentiae
1173 2045 1428 2101 videlicet
1449 2046 1779 2101 oblationem
1811 2063 1826 2101 :
1857 2047 1982 2116 quia
2158 2040 2348 2103 Hodie,
2413 2043 2555 2110 qmid
2611 2051 2824 2111 tempus
2873 2052 3126 2112 oporteat
3186 2046 3432 2119 intelligi,
3478 2060 3666 2120 aperte

399 2151 654 2207 quaerens
681 2136 995 2206 exquisivit,
1055 2137 1199 2192 sicut
1254 2136 1398 2192 LXX
1431 2138 1620 2204 edunt,
1682 2137 1828 2207 quod
1877 2148 1981 2204 est,
2087 2129 2243 2183 nobis
2272 2129 2467 2185 Paulus
2501 2133 2719 2186 tradidit
2753 2149 2765 2184 °,
2807 2134 2942 2186 Cum
2970 2133 3198 2190 dixisset
3237 2142 3384 2192 enim
3444 2140 3613 2196 David
3648 2161 3662 2197 :

399 2225 559 2281 valde
588 2226 858 2296 quasirit.
883 2223 1169 2296 Italusque
1197 2225 1274 2281 ait
1311 2227 1398 2281 his
1455 2227 1546 2297 qni
1602 2227 1777 2282 relicti
1827 2236 1987 2282 erant
2085 2221 2253 2275 Hodie
2278 2223 2326 2276 si
2351 2240 2523 2277 uocem
2546 2225 2658 2293 ejus
2695 2226 2994 2291 audieritis,
3023 2229 3184 2282 nolite
3213 2231 3471 2287 obdurare
3504 2235 3665 2288 corda

404 2312 532 2368 ﬁliis
565 2315 768 2378 Aaron,
800 2313 942 2382 quod
994 2329 1101 2368 non
1145 2314 1486 2368 comederint
1533 2315 1638 2370 hoc
1689 2315 1835 2385 quod
1887 2331 1986 2385 pro
2085 2325 2278 2379 vestra,
2305 2315 2438 2367 sicut
2470 2316 2526 2368 in
2544 2317 3015 2372 exacerbatione".
3044 2320 3110 2374 Et
3136 2321 3500 2392 interpretans
3530 2327 3665 2395 ipse,

403 2411 628 2474 peccato
659 2413 778 2458 erat
803 2404 858 2458 in
890 2404 1011 2484 loco
1037 2413 1249 2470 saneto,
1280 2404 1332 2459 id
1377 2412 1461 2460 est
1483 2421 1586 2474 pro
1609 2419 1677 2460 eo
1701 2405 1844 2475 quod
1873 2420 1989 2475 pos-
2085 2408 2210 2477 quia
2239 2411 2307 2465 de
2335 2410 2588 2478 przesenti
2618 2411 2836 2480 quidem
2871 2420 3116 2482 tempore
3146 2417 3483 2485 usurpative,
3538 2433 3664 2487 pro-

405 2495 716 2561 nitentium,
747 2496 804 2550 in
843 2495 1142 2551 Ecclesium
1169 2496 1444 2554 commissi
1475 2497 1683 2567 peccati
1712 2497 1895 2568 peragi
1929 2505 1988 2552 ut
2086 2498 2205 2567 prie
2241 2515 2369 2554 vero
2399 2500 2466 2554 de
2496 2508 2741 2569 tempore
2772 2502 2914 2570 quod
2944 2512 3070 2571 post
3107 2505 3398 2559 adventum
3455 2505 3666 2561 Domini

407 2589 743 2654 sacerdotes,
773 2603 884 2642 non
911 2587 1149 2644 fecerint
1181 2607 1194 2643 :
1227 2589 1360 2659 ipsis
1383 2589 1528 2643 enim
1553 2589 1840 2644 comedere
1867 2603 1987 2659 quae.
2087 2599 2193 2653 est,
2228 2589 2516 2659 oportebat
2539 2591 2762 2663 intelligi
2797 2595 2942 2662 quod
2977 2595 3187 2649 dictum
3219 2606 3304 2650 est
3342 2615 3354 2651 :
3389 2599 3512 2652 vide
3539 2598 3669 2668 quid

405 2693 509 2747 pro
533 2687 760 2747 peccato
781 2687 930 2744 sunt,
961 2687 1017 2733 et
1043 2693 1202 2746 orare
1227 2679 1555 2744 orationem,
1584 2695 1706 2749 quae
1759 2688 1843 2734 est
1891 2695 1988 2749 pro
2087 2676 2351 2731 subdidit.
2426 2677 2694 2743 Quoniam
2754 2697 2883 2751 ergo
2933 2693 3186 2752 superest
3261 2687 3526 2754 quosdam
3581 2687 3670 2741 in-

404 2769 732 2838 paenitentia
761 2770 1217 2842 congregationis,
1248 2779 1303 2825 et
1334 2771 1619 2840 acquirere
1652 2781 1986 2841 praeceptum
2089 2769 2258 2823 troire
2279 2769 2334 2824 in
2369 2783 2511 2834 eam,
2537 2780 2592 2824 et
2633 2772 2688 2826 hi
2727 2773 2927 2841 quibus
2971 2776 3248 2845 prioribus
3285 2779 3670 2836 aununtiatum

405 2869 509 2916 est.
551 2861 768 2926 Quare?
796 2860 932 2926 Quia
988 2861 1240 2916 Christus
1275 2875 1368 2916 eos
1397 2861 1449 2914 in
1482 2861 1759 2932 proprium
1810 2864 1987 2917 locum
2089 2867 2196 2924 est,
2231 2875 2343 2913 non
2367 2861 2699 2917 introierunt
2736 2874 2958 2935 propter
2993 2867 3448 2931 incredulitatem,
3475 2871 3670 2924 iterum

405 2950 655 3007 ecclesiis
677 2949 989 3005 constituit.
1022 2949 1142 3020 Ipse
1175 2958 1356 3004 autem
1381 2962 1494 3004 suae
1537 2949 1830 3003 oblationis
1859 2964 1988 3004 san-
2091 2949 2346 3003 terminat
2377 2950 2521 3004 diem
2553 2953 2864 3020 quamdam,
2901 2955 3060 3010 hodie
3095 2957 3149 3010 in
3193 2956 3362 3012 David
3417 2959 3670 3024 dicendo,

405 3042 649 3113 guinem,
699 3052 820 3111 quae
877 3056 974 3111 pro
1018 3047 1208 3096 nostro
1269 3039 1535 3110 sanguine
1579 3039 1758 3094 oblata
1803 3049 1889 3094 est
1932 3039 1985 3093 in
2091 3041 2213 3102 post
2245 3042 2454 3090 tantum
2482 3039 2763 3108 temporis,
2795 3041 2936 3095 sicut
2965 3058 3129 3113 supra
3176 3044 3380 3100 dictum
3432 3056 3535 3112 est,
3587 3047 3674 3103 di-

409 3131 690 3199 Sanctum,
723 3133 872 3188 intus
900 3133 1150 3188 videlicet
1182 3132 1239 3187 in
1270 3133 1552 3188 caelestem
1577 3132 1985 3197 habitationem,
2016 3133 2019 3159 '

2093 3140 2222 3179 cens
2244 3143 2257 3177 :
2291 3124 2459 3180 Hodie
2496 3129 2541 3180 si
2567 3145 2741 3182 vocem
2773 3131 2888 3198 ejus
2907 3134 3206 3195 audieritis,
3231 3137 3391 3190 nolite
3413 3137 3673 3190 obdurare

406 3224 463 3279 in
497 3233 798 3292 conspectu
830 3222 1012 3279 Patris
1043 3223 1128 3278 sui
1157 3223 1373 3279 obtulit.
1407 3225 1476 3278 Et
1530 3223 1586 3277 in
1619 3224 1738 3278 loco
1775 3231 1985 3289 sancto,
2091 3216 2254 3268 corda
2283 3225 2474 3270 vestra.
2499 3219 2554 3272 Si
2581 3220 2726 3273 enim
2763 3223 2842 3275 eis
2858 3221 3020 3277 Jesus
3049 3227 3291 3294 requiem
3312 3227 3670 3297 praestitisset,

405 3315 640 3369 dicimus
671 3323 851 3369 autem
881 3314 1170 3368 ecclesiam
1203 3313 1416 3368 comedi
1471 3314 1577 3369 hoc
1632 3313 1987 3379 sacrificium,
2091 3321 2369 3376 nunquam
2392 3308 2458 3362 de
2485 3309 2593 3364 alio
2646 3311 2976 3380 loqueretur.
3029 3314 3159 3371 Post
3189 3318 3330 3373 hath
3367 3321 3508 3374 diem
3541 3335 3672 3392 ergo

406 3405 475 3461 ad
519 3403 899 3459 remissionem
929 3441 945 3469 ,
1012 3413 1070 3458 et
1131 3403 1571 3474 propitiationem
1632 3411 1981 3474 peccatorum
2095 3397 2181 3452 itis
2211 3413 2336 3467 Quae
2359 3401 2616 3469 praedicta
2644 3410 2772 3456 sunt
2797 3405 3123 3471 ostenditur,
3156 3409 3285 3478 quia
3315 3421 3504 3480 aperte
3533 3421 3675 3466 tem-

408 3494 689 3566 praeccpit.
710 3493 943 3562 Propter
977 3492 1120 3562 quod
1141 3493 1217 3547 ait
1238 3493 1448 3564 Moyses
1478 3513 1492 3548 :
2091 3505 2194 3559 pus
2221 3499 2345 3560 post
2389 3492 2688 3548 adventum
2718 3493 3012 3551 Salvatoris
3037 3498 3326 3568 signiﬁcat,
3364 3502 3418 3557 in
3441 3519 3549 3572 quo
3590 3505 3676 3558 in-

479 3584 934 3650 Quemadmodum
965 3592 1284 3653 prteceptum
1311 3593 1389 3636 est
1411 3584 1560 3638 mihi.
1580 3583 1638 3639 id
1659 3593 1764 3648 est,
1793 3599 1990 3655 quem-
2093 3579 2386 3651 telligibilis
2418 3580 2640 3636 Sabhati
2665 3583 2981 3640 hominibus
3006 3591 3222 3657 requies
3251 3592 3541 3659 praedicata
3569 3604 3672 3649 est.

409 3675 700 3731 admodum
775 3673 1026 3744 praecepi.
1084 3683 1140 3729 et
1208 3674 1460 3730 mandavi
1520 3692 1535 3731 :
1587 3674 1788 3732 Christi
1846 3678 1990 3731 enim
2093 3667 2210 3727 Hoc
2235 3688 2365 3743 ergo
2393 3673 2574 3730 Aaron
2602 3691 2668 3730 ex
2696 3693 2927 3745 persona
2949 3679 3131 3734 dicere
3147 3679 3422 3745 Ecclesiae,
3447 3695 3506 3738 ut
3535 3688 3676 3755 ligu-

409 3785 598 3843 gerere
627 3783 916 3840 personam
961 3769 1127 3824 etiam
1186 3768 1407 3841 Moysen
1450 3769 1708 3826 diximus.
1763 3770 1993 3841 inquirit
2093 3778 2209 3818 ram
2240 3779 2436 3836 gerens
2473 3781 2583 3820 non
2610 3767 2787 3823 solum
2814 3770 3038 3834 Christi,
3066 3773 3161 3826 sed
3198 3783 3255 3828 et
3281 3775 3538 3833 Ecclesiae
3595 3780 3675 3834 vi-

409 3868 592 3914 antem
623 3873 731 3913 non
763 3857 1044 3928 ignorans,
1099 3872 1228 3912 nam
1260 3859 1536 3928 quomodo
1583 3859 1992 3930 in‘przeceden-
2093 3853 2277 3921 detur,
2309 3863 2369 3910 ut
2416 3854 2543 3924 quia
2579 3855 2745 3911 hodie
2795 3858 3109 3913 obtulerunt
3141 3877 3262 3929 quae
3293 3875 3391 3930 pro
3451 3872 3675 3932 peccato

411 3953 560 4009 tibus
603 3966 825 4010 causam
882 3950 1109 4017 addidit,
1174 3965 1298 4006 cum
1341 3951 1568 4007 dixisset
1599 3952 1744 4006 enim
1778 3953 1990 4007 hircum
2094 3959 2196 4000 suo
2222 3955 2370 4010 sunt.
2401 3953 2452 4000 el
2481 3945 2797 4003 holocausta
2847 3965 2965 4013 sua.
3000 3951 3053 4003 id
3088 3961 3189 4012 est.
3227 3955 3356 4022 quia
3409 3967 3534 4024 post
3577 3957 3676 4010 ad-

409 4059 512 4114 pro
536 4051 765 4114 peccato
793 4056 1047 4113 quaerens
1075 4041 1370 4112 exquisivit
1415 4041 1647 4115 Moyses,
1690 4043 1834 4100 illico
1859 4045 1991 4101 sub-
2097 4043 2322 4092 ventum
2345 4036 2648 4092 Salvatoris
2671 4039 2915 4108 deputati
2943 4052 3072 4094 sunt
3099 4042 3432 4109 ministrare,
3484 4059 3541 4102 et
3589 4047 3678 4103 of-

408 4136 550 4193 did“
584 4155 599 4190 ε
2093 4126 2240 4183 ferre
2272 4143 2373 4198 pro
2393 4129 2738 4198 poenitentia,
2764 4141 2820 4186 et
2845 4132 3284 4204 philosophicam
3314 4137 3477 4192 vitam
3503 4156 3680 4212 expue

479 4227 550 4283 Et
577 4228 662 4282 hic
689 4229 931 4281 iuremus
962 4235 1080 4280 erat
1111 4242 1129 4280 :
1156 4225 1263 4281 sive
1291 4236 1530 4280 exustum
1550 4230 1759 4296 reperit.
1792 4228 1991 4285 osten—
2095 4235 2252 4287 nere,
2276 4220 2382 4275 alia
2409 4222 2671 4277 docentes
2695 4223 3014 4292 reprehensi
3043 4235 3194 4294 sunt,
3224 4237 3279 4283 et
3305 4229 3430 4284 talia
3489 4230 3545 4285 in
3597 4232 3682 4286 eis

407 4324 565 4388 dens,
598 4331 658 4378 ut
685 4322 816 4391 quia
851 4320 1077 4374 alterius
1105 4318 1368 4373 doctrinae
1393 4329 1700 4388 peccatum,
1735 4322 1993 4392 blasphe-
2095 4310 2356 4368 Ecclesiae
2387 4314 2725 4379 acciderunt,
2752 4324 2810 4368 ut
2837 4318 3183 4373 sacerdotum
3207 4330 3263 4375 et
3294 4323 3681 4394 magistrorum

405 4417 518 4470 mia
571 4425 655 4469 est
702 4414 759 4468 in
806 4421 1058 4467 sanctum
1116 4411 1404 4482 Spiritum,
1447 4422 1671 4481 propter
1698 4413 1844 4483 quod
1873 4413 1992 4469 Ste-
2021 4444 2066 4499 D
2096 4403 2309 4475 lugeret
2345 4420 2414 4460 ex
2438 4404 2776 4475 blasphemia
2823 4407 3177 4464 accedentem
3221 4421 3476 4480 mortem,
3530 4427 3687 4472 recte

407 4507 624 4576 phanus
648 4504 902 4560 doctores
919 4503 1257 4566 Judazorttm,
1277 4512 1337 4558 ut
1360 4503 1778 4574 praevaricantes
1795 4505 1987 4574 legero,
2022 4497 2052 4499 “
2097 4497 2388 4552 comedere
2435 4498 2595 4554 hodie
2624 4515 2723 4570 pro
2772 4509 2996 4569 peccato
3036 4517 3146 4558 non
3182 4506 3377 4573 potuit,
3412 4523 3516 4564 nec
3557 4525 3686 4565 ora-v

409 4604 467 4650 et
498 4593 898 4659 inobedientes,
950 4593 1046 4649 sed
1071 4593 1222 4649 dura:
1251 4593 1501 4659 cervicis,
1539 4601 1595 4648 ct
1645 4592 1764 4648 duri
1811 4592 1990 4648 cordis
2099 4587 2308 4644 tionem
2339 4589 2536 4658 adepta
2570 4599 2656 4644 est
2681 4592 3021 4661 poenitentia,
3081 4595 3208 4664 quia
3267 4599 3522 4655 videlicet
3570 4602 3683 4656 Dea

409 4686 672 4758 appella,
702 4696 761 4742 ut
781 4695 963 4742 autem
992 4687 1134 4741 male
1177 4687 1664 4756 interpretantibus
1707 4686 1903 4758 legem,
1935 4695 1991 4742 et
2096 4679 2248 4734 mino
2285 4679 2506 4736 Christo
2553 4681 2894 4750 displicebat.
2941 4683 3197 4741 Subdidit
3239 4697 3445 4751 autem,
3494 4691 3680 4755 hodie,

409 4778 708 4849 prophetas
738 4779 953 4834 dicebat
989 4797 1002 4833 :
1040 4779 1133 4833 Vos
1177 4795 1382 4848 semper
1411 4789 1592 4834 sancto
1611 4779 1848 4850 Spiritui
1901 4796 1988 4834 re-

2097 4778 2160 4823 ιιι
2183 4771 2518 4835 ostenderet,
2549 4773 2677 4841 quia
2696 4772 2741 4827 si
2769 4783 2896 4829 ante
2947 4778 3328 4833 remissionem
3381 4776 3683 4832 Salvatoris

406 4871 618 4924 natura
635 4869 700 4934 οδ,
722 4871 1027 4926 necessarie
1049 4871 1130 4926 eis
1149 4872 1218 4926 ab
1237 4871 1558 4942 intelligibiii
1577 4872 1720 4942 igne,
1743 4872 1991 4928 videlicet
2097 4860 2205 4916 hoc
2235 4871 2572 4930 peccassent.
2599 4861 2829 4919 forsitan
2851 4873 2906 4920 ει
2931 4865 3325 4936 ignosceretur.
3359 4875 3417 4920 υι
3444 4867 3681 4920 necdum

406 4963 655 5033 spiritus,
693 4977 793 5032 pro
825 4962 1145 5032 poenitentia
1184 4961 1388 5018 oblatio
1430 4962 1608 5018 ablata
1641 4973 1745 5028 est,
1775 4973 1830 5018 et
1862 4979 1991 5033 pro-
2095 4953 2336 5024 Ρθτίθοη
2363 4955 2537 5011 causa
2568 4956 2817 5022 εείεηιίδν
2877 4957 3018 5012 unde
3041 4967 3097 5012 ει
3151 4958 3410 5013 υοωίηυε
3437 4957 3514 5010 ait
3561 4975 3582 5011 ³
3617 4957 3680 5012 εί

405 5066 594 5127 pterea
649 5072 750 5126 pro
787 5064 1012 5126 peccato
1063 5057 1250 5111 hircus
1304 5046 1529 5115 exustus
1574 5057 1792 5112 dicitur.
1853 5057 1990 5124 Quia

2098 5059 2201 5098 non
2234 5046 2507 5112 venissem,
2552 5058 2600 5102 et
2630 5047 2831 5102 locutus
2873 5050 2946 5102 eis
2978 5050 3214 5118 fuissem,
3263 5057 3534 5119 peccatum
3575 5066 3676 5104 non

406 5145 666 5210 scientes,
690 5156 748 5202 et
774 5145 1076 5202 voluntarie
1106 5156 1418 5217 peccantes,
1450 5147 1552 5204 etsi
1576 5164 1635 5203 se
1657 5147 1848 5202 dicunt
1876 5163 1992 5218 pm-

2100 5137 2402 5194 Itabuissent
2428 5156 2442 5194 :
2486 5156 2624 5194 nunc
2648 5150 2830 5196 autem
2850 5142 3238 5195 excusationem
3269 5156 3373 5194 non
3401 5141 3592 5196 habent
3615 5144 3677 5198 de

405 5234 626 5291 nitere:
656 5250 764 5292 non
799 5237 1070 5306 pmnitent
1100 5252 1258 5306 pure,
1318 5237 1655 5307 blasphemia
1697 5237 1842 5292 enim
1897 5252 1993 5292 cor
2099 5239 2310 5300 peccato
2339 5245 2434 5284 suo
2449 5230 2518 5295 ”,
2551 5230 2607 5286 id
2650 5240 2735 5286 est
2762 5230 3212 5286 satisfactionem.
3249 5230 3374 5285 Haec
3393 5245 3526 5303 ergo
3555 5249 3678 5288 cum

406 5341 606 5382 eorum
620 5335 879 5384 carcatum
901 5337 1003 5385 est.
1025 5330 1254 5399 Propter
1283 5331 1426 5399 quod
1447 5339 1503 5384 et
1521 5329 1718 5385 Paulus
1737 5331 1945 5386 dicebat
1973 5348 1988 5387 ε
2098 5322 2338 5378 audisset
2359 5322 2718 5394 intelligibilis
2737 5322 2966 5393 Moyses,
2998 5322 3201 5390 placuit
3227 5323 3298 5390 ei,
3338 5323 3467 5393 quia
3490 5323 3678 5381 Eccle-

422 5417 731 5490 Voluputarie
767 5420 905 5474 enim
957 5419 1293 5489 peccantibus
1349 5421 1496 5475 nobis
1531 5430 1646 5490 post
1693 5432 1989 5492 susceptam
2096 5415 2232 5471 siam
2257 5415 2466 5470 invenit
2486 5431 2640 5470 suam
2671 5415 2974 5469 doctrinam
2993 5416 3416 5474 custodientem.
3442 5417 3595 5484 Quod
3625 5427 3684 5474 et

406 5508 1032 5581 cognitionem-ueritatis,
1053 5509 1173 5580 jam
1193 5526 1302 5586 Iron
1324 5527 1419 5581 pro
1443 5521 1651 5580 peccato
1677 5511 1992 5583 relinquitur
2099 5524 2204 5566 nos
2224 5509 2485 5574 scientes,
2503 5508 2572 5563 ab
2587 5506 2737 5563 omni
2767 5505 2990 5576 quidem
3019 5507 3122 5562 alia
3149 5509 3418 5576 doctrina,
3445 5520 3502 5566 et
3533 5510 3681 5566 blas-

479 5644 526 5675 "
564 5645 606 5698 ll
638 5644 781 5699 Tim.
815 5661 875 5709 ιι,
917 5645 1007 5703 20.
1085 5647 1134 5682 "*
1160 5649 1283 5704 Act.
1318 5665 1417 5713 vn,
1465 5648 1554 5704 51.
1630 5651 1676 5684 ’⁸
1712 5649 1877 5707 llehr.
1899 5667 1953 5719 ς,
1985 5650 2019 5705 2

409 5714 455 5749 ⁸⁸
489 5713 644 5770 Joan.
695 5731 788 5778 xv,
813 5716 906 5770 2‘2.

2152 5651 2198 5686 ’⁸
2226 5650 2413 5709 Matth.
2441 5666 2538 5720 xu,
2571 5648 2663 5704 3i.
2740 5647 2784 5681 "
2818 5646 2943 5702 Act.
2973 5661 3030 5714 ν,
3055 5647 3114 5704 4,
3201 5649 3407 5708 "Psal.
3439 5665 3582 5720 xcw.
3621 5649 3699 5730 8...
