4076 6188
1852 86 1997 99 φ-...ν

430 203 550 271 903

1634 199 1996 260 HESYCHII
2037 195 2510 261 PRESBYTERI

3590 183 3693 255 904

437 319 661 391 phemia
710 316 1102 374 abstineamus.
1158 312 1536 367 Gloriﬁoemus
1583 320 1769 366 autem
1840 312 2015 366 solum
2046 322 2091 378 Α
2122 310 2363 382 Spiritus
2385 308 2582 373 sancti,
2603 320 2751 363 nunc
2776 310 2833 361 et
2855 310 3093 375 semper.
3124 313 3181 358 et
3210 301 3268 358 ia
3295 299 3498 359 sucula
3519 315 3697 360 Iocu-

426 412 721 468 .viventem
740 425 929 465 verum
964 410 1155 468 Deum.
1183 414 1237 459 ct
1264 420 1461 460 nomen
1486 403 1681 468 Patris,
1713 412 1768 459 et
1789 403 1930 471 Filii,
1962 412 2020 459 et

2126 404 2324 461 lorum.
2356 402 2549 457 Amen.

1430 792 1433 797 ·
1515 765 1948 855 LIBER
2017 766 2690 856 TERTIUS.

1010 1133 1466 1197 PREFATIO.

372 1262 380 1269 ~
430 1296 435 1299 _
518 1231 981 1300 Quemadmodum
1013 1231 1158 1286 Deus
1185 1245 1297 1285 non
1339 1229 1540 1283 frustra
1595 1235 1898 1284 creaturam
1927 1240 2024 1281 va-

450 1324 640 1379 rietate
666 1324 975 1393 complevit.
997 1322 1093 1379 sed
1129 1331 1191 1377 ut
1218 1337 1285 1376 ex
1335 1319 1644 1376 diﬁ‘erentia
1697 1317 2028 1373 conditionis

444 1429 549 1470 nos
576 1414 917 1484 disciplinam
947 1411 1196 1474 artiﬁcis.
1220 1419 1277 1465 et
1326 1411 1449 1479 quis
1494 1409 1565 1465 sit
1608 1408 2023 1477 conjiceremus.

447 1502 581 1558 Nam
593 1506 685 1574 qui
700 1503 868 1558 cielos
880 1502 1188 1565 intendunt,
1204 1515 1272 1555 ex
1286 1500 1546 1554 varietate
1560 1507 1831 1552 astrorum
1849 1496 2021 1550 maxiv

447 1606 597 1645 mum
611 1556 811 1645 .eorum
840 1589 1124 1651 artiﬁcem,
1154 1598 1318 1657 atque
1342 1588 1680 1642 conditorem
1711 1584 2024 1655 intelligunt
2053 1556 2096 1610 Β

450 1680 643 1736 Deum.
676 1682 783 1736 Sed
820 1691 873 1737 et
904 1681 996 1751 qui
1030 1690 1229 1734 terram
1254 1679 1625 1740 considerant,
1659 1693 1725 1731 ex
1751 1676 2024 1733 dill‘erenti

447 1774 736 1841 positionis
762 1776 881 1842 ejus
916 1772 1131 1838 habitu,
1160 1771 1217 1833 id
1241 1781 1327 1826 est
1356 1784 1420 1823 ex
1454 1769 1793 1833 animalium,
1817 1767 2024 1838 virgul-

452 1872 745 1932 torumque
769 1862 1126 1923 etseminum.
1150 1860 1405 1930 omnique
1427 1860 1546 1929 ejus
1564 1858 1873 1914 diﬁ‘erentia
1899 1873 2023 1912 eum

446 1964 801 2023 cognoscunt.
841 1952 947 2006 Sed
977 1963 1033 2007 et
1063 1952 1118 2004 bi
1147 1952 1239 2021 qui
1299 1951 1365 2005 ad
1396 1951 1718 2005 immensam
1761 1964 2023 2019 aquarum

446 2042 797 2097 diliusionem
833 2041 1173 2097 transferunt
1197 2041 1369 2105 visus,
1410 2057 1478 2096 ex
1507 2041 1795 2111 spirituum
1821 2052 1919 2110 per
1945 2039 2028 2094 di-

451 2147 605 2186 versa
637 2132 993 2201 proveniente
1024 2139 1198 2198 motu,
1237 2131 1539 2185 insularum
1580 2145 1818 2200 quoque,
1872 2136 2024 2184 ceto-

446 2238 677 2292 rumque
707 2223 1099 2295 magnitudine.
1124 2232 1180 2277 et
1206 2222 1462 2277 distantia
1490 2224 1743 2292 piseium,
1768 2223 2025 2278 innume-

448 2315 808 2384 rabiliumque
842 2330 1102 2387 generum
1134 2314 1378 2379 natione,
1410 2312 1582 2367 Deum
1620 2328 1742 2368 esse
1763 2314 2023 2369 factorem

447 2405 611 2474 hujus
638 2407 803 2460 etiam
837 2407 1064 2460 visibilis
1096 2405 1344 2459 sentiunt
1384 2415 1650 2459 creaturae
1685 2420 1699 2456 :
1738 2404 1830 2457 Sic
1861 2404 2023 2458 etiam

450 2499 621 2569 legvm
648 2510 806 2554 ornat
828 2496 1080 2555 omnibus
1107 2500 1415 2569 praeceptis.
1447 2500 1756 2569 producens
1774 2499 2027 2553 videlicet

451 2591 749 2656 hominem,
798 2599 852 2645 et
896 2607 1044 2645 nunc
1106 2592 1159 2644 in
1207 2591 1594 2644 sacriﬁciorum
1635 2589 2023 2667 oblationibus,

450 2696 597 2735 nunc
627 2692 807 2735 autem
842 2682 893 2735 in
921 2682 1163 2736 ciborum
1209 2682 1555 2743 abstinentia,
1590 2697 1737 2735 nunc
1762 2682 1925 2736 etiam
1969 2682 2025 2735 in

446 2773 735 2825 curatione
756 2772 1119 2841 corporalium
1151 2773 1464 2826 morborum
1497 2772 1789 2840 aliquando
1842 2784 2024 2827 autem

2124 1116 2230 1188 hoc
2283 1130 2429 1201 quod
2489 1130 2830 1187 immundum
2884 1136 2992 1190 est,
3048 1135 3248 1197 potest.
3287 1124 3450 1182 Nunc
3492 1135 3696 1193 autem,

2121 1234 2380 1295 tanquam
2400 1223 2604 1280 oblitus
2630 1236 2796 1292 quam
2817 1221 2887 1275 de
2916 1221 2998 1275 eis
3022 1220 3321 1289 protulerat
3345 1217 3699 1285 sententiam,

2122 1318 2369 1385 quadam
2397 1316 2619 1386 quidem
2669 1310 2986 1369 animalium
3018 1311 3242 1378 munda,
3277 1309 3529 1380 quaedam
3562 1310 3700 1365 dixit

2124 1408 2424 1462 immunda.
2461 1406 2601 1476 Ergo
2623 1404 2871 1474 quadam
2908 1411 3073 1457 erunt
3099 1401 3261 1466 bona,
3285 1402 3535 1472 quadam
3590 1415 3699 1455 non

2124 1496 2288 1551 bona.
2319 1496 2425 1550 Sed
2461 1511 2570 1550 non
2601 1504 2686 1550 est
2710 1496 2805 1559 ita,
2837 1508 2964 1549 nam
2991 1491 3096 1546 etsi
3124 1490 3192 1545 ad
3228 1490 3507 1545 modialm
3533 1490 3697 1547 casti-

2124 1604 2252 1658 gare
2269 1588 2582 1642 Judaeorum
2613 1585 3061 1657 γαστριμαργίαν
3090 1582 3327 1645 volebat,
3360 1591 3543 1637 tamen
3574 1596 3700 1636 vera

2125 1680 2258 1749 legis
2295 1676 2663 1733 consideratio
2700 1674 2986 1730 manifesta
3012 1682 3116 1738 est,
3150 1681 3206 1726 et
3231 1670 3531 1740 spiritualis
3561 1685 3701 1738 prie-

2125 1779 2405 1839 ccptorum
2449 1768 2738 1838 expositio.
2800 1765 3104 1833 Qualcsque
3155 1771 3372 1833 Oportet
3430 1777 3551 1817 esse
3595 1762 3702 1830 legi

2125 1861 2364 1915 studium
2390 1861 2603 1923 dantes,
2629 1859 2845 1914 docenti
2866 1857 3226 1911 intentionem
3278 1854 3554 1926 legislator
3600 1855 3701 1909 ha-

2124 1952 2239 2008 bet.
2263 1950 2317 2007 Si
2349 1953 2493 2007 enim
2516 1968 2618 2004 non
2644 1952 2697 2004 in
2722 1950 2832 2004 solo
2856 1965 2991 2017 pane
3017 1949 3139 2002 vivit
3169 1950 3343 2011 homo,
3365 1948 3456 2000 sed
3479 1948 3534 1999 in
3558 1946 3703 1999 omni

2125 2051 2280 2098 verba
2308 2045 2448 2114 quod
2470 2043 2701 2112 procedit
2734 2043 2797 2095 de
2825 2057 2914 2094 ore
2939 2040 3036 2094 Dei
3062 2039 3107 2102 ⁵.
3145 2039 3287 2093 sicut
3333 2039 3488 2107 panis
3517 2037 3700 2091 nutri-

2125 2142 2370 2188 mentum
2400 2142 2486 2188 est
2510 2132 2776 2202 corporis,
2808 2131 2888 2185 sic
2940 2140 2996 2185 et
3047 2129 3128 2184 lex
3161 2129 3254 2183 Dei
3301 2129 3699 2184 nutrimentum

2127 2233 2213 2279 est
2241 2224 2454 2285 animm,
2481 2232 2668 2293 utpote
2694 2220 2973 2275 rationalis
3004 2220 3255 2274 rationali
3276 2220 3447 2275 virtus
3478 2232 3536 2275 et
3565 2220 3705 2275 sub-

2127 2316 2398 2370 sistentia.
2428 2315 2497 2369 Et
2528 2315 2672 2370 sicut
2701 2314 2756 2367 in
2792 2312 3170 2384 superioribus
3196 2330 3265 2368 ex
3295 2313 3383 2367 his
3427 2328 3549 2382 quae
3601 2312 3707 2365 im-

2126 2407 2423 2470 molantur,
2451 2405 2644 2477 ﬁgurat
2662 2421 2758 2459 eos
2782 2405 2876 2475 qui
2908 2404 3167 2468 oﬂcrunt,
3213 2419 3311 2474 per
3338 2418 3500 2458 ovem
3531 2403 3707 2473 signi-

2129 2498 2298 2553 ﬁcans
2329 2496 2649 2566 simplicem,
2676 2512 2771 2566 per
2792 2497 3023 2552 vitulum
3058 2498 3444 2551 mandatorum
3499 2511 3702 2565 opera-

2129 2599 2328 2653 torem,
2352 2604 2449 2659 per
2480 2588 2699 2644 haedum
2728 2604 2861 2643 vero
2879 2589 3255 2658 paenitentiam,
3277 2588 3534 2643 sicetiam
3557 2602 3705 2642 nunc

2130 2681 2397 2752 signiﬁcat
2428 2694 2524 2750 per
2552 2680 2828 2746 animalia,
2860 2695 2955 2736 eos
2997 2680 3091 2750 qui
3128 2680 3210 2735 eis
3250 2687 3579 2745 vescuntur;
3625 2679 3706 2732 ait

2128 2788 2275 2827 ειιιιη
2303 2788 2380 2827 sxc
2401 2790 2415 2826 Ζ

450 2870 508 2916 et
537 2863 587 2915 in
616 2864 939 2931 quibusdam
967 2864 1362 2926 contractibus,
1396 2863 1582 2931 quales
1598 2878 1719 2917 esse
1740 2864 1942 2919 debent
1968 2863 2027 2918 bi
2054 2893 2097 2949 ε
2202 2863 2426 2917 Locutus
2451 2873 2525 2918 est
2558 2864 2811 2918 Dominus
2844 2863 2915 2917 ad
2942 2861 3156 2933 Moysen
3185 2872 3235 2917 et
3256 2864 3436 2917 Aaron
3476 2864 3654 2919 dicetis
3685 2878 3708 2919 :

449 2953 543 3021 qui
566 2968 780 3021 seraper
804 2956 989 3008 volunt
1015 2970 1137 3009 esse
1190 2970 1314 3008 cum
1372 2955 1502 3017 Deo,
1561 2955 1834 3023 praecepit.
1887 2953 2028 3023 Ergo

442 3040 560 3109 jam
588 3042 653 3094 ad
678 3042 791 3111 ipsa
824 3043 956 3112 legis
987 3045 1153 3097 verba
1181 3044 1486 3098 veniamus.

1065 3191 1291 3247 CAPUT
1335 3192 1426 3246 Xl.

524 3323 813 3377 Vsas.l-8.
853 3342 875 3374 ς
909 3322 1150 3377 Locutus
1181 3333 1263 3379 est
1299 3324 1563 3380 Dominus
1606 3327 1673 3381 ad
1720 3326 1938 3398 Moysen
1976 3336 2031 3382 et

453 3413 633 3468 Aaron
648 3414 838 3468 dicens
862 3431 874 3466 :
900 3415 1071 3469 Dicite
1101 3415 1225 3470 ﬁliis
1255 3417 1418 3471 Israel
1445 3417 1607 3472 :Hatc
1636 3418 2030 3472 suntanimalia

452 3521 572 3575 qua:
606 3507 891 3559 comedere
923 3506 1134 3560 debetis
1151 3507 1217 3559 de
1241 3508 1833 3561 cunctisanimantibus
1851 3516 2027 3564 terrae.

452 3596 627 3650 Omne
678 3598 820 3665 quod
871 3598 1036 3651 habet
1076 3598 1303 3651 divisam
1331 3598 1609 3668 ungulam,
1629 3606 1685 3651 et
1712 3599 1950 3652 ruminat
1975 3599 2028 3653 in

453 3687 769 3755 pecoribus,
807 3689 1105 3742 comedetis
1140 3706 1153 3741 :
1186 3689 1451 3757 quidquid
1476 3697 1657 3743 autem
1692 3690 1949 3755 ruminat,
1978 3699 2033 3744 et

454 3778 620 3832 habet
648 3779 924 3849 ungulam,
951 3781 1049 3835 sed
1070 3796 1180 3834 non
1210 3781 1405 3835 dividit
1433 3796 1576 3844 eam,
1606 3781 1748 3835 sicut
1770 3781 2027 3845 camelus,

454 3880 512 3925 et
527 3880 743 3933 caetera,
774 3887 883 3925 non
905 3872 1207 3927 comedetis
1229 3872 1381 3938 illud,
1403 3873 1546 3926 inter
1567 3873 1845 3927 immunda
1865 3888 2031 3942 repu-

456 3962 659 4015 tabitis.
684 3961 1076 4033 Chirogryllus,
1102 3962 1196 4032 qui
1231 3964 1491 4027 ruminat,
1525 3964 1891 4033 ungulnmque
1920 3974 2031 4018 no'n

455 4052 668 4114 dividit,
698 4053 1014 4107 immundus
1043 4063 1147 4107 est.
1183 4053 1364 4123 Lepus
1393 4069 1629 4122 quoque,
1666 4069 1792 4107 nam
1817 4064 1874 4109 et
1914 4056 2030 4125 ipse

456 4145 713 4208 ruminat,
744 4145 837 4198 sed
860 4144 1116 4214 ungulam
1143 4159 1252 4197 non
1279 4143 1474 4197 dividit
1507 4161 1522 4196 ε
1566 4152 1621 4197 et
1657 4158 1751 4197 sus
1777 4128 1869 4214 qui
1902 4160 2026 4200 cum

2130 2952 2301 3006 Dicite
2328 2953 2454 3021 ﬁliis
2498 2954 2667 3007 Israel
2695 2970 2714 3008 :
2747 2954 2872 3008 Hcce.
2913 2964 3036 3007 sunt
3078 2954 3339 3007 animalia
3371 2970 3488 3025 qua
3531 2970 3709 3009 conte-

2130 3045 2251 3097 dere
2279 3046 2470 3099 debetis
2488 3046 2551 3099 de
2565 3046 2761 3099 cunctis
2784 3047 3144 3101 animantibus
3190 3056 3363 3100 terra.
3392 3046 3714 3102 Communis

2130 3146 2214 3190 est
2248 3137 2351 3198 lex,
2381 3138 2695 3192 mandatum
2724 3138 2831 3193 hoc
2853 3139 2920 3194 ad
2946 3139 3409 3208 omnespertinet.
3434 3140 3714 3208 totiusque

2132 3229 2317 3297 populi
2354 3238 2437 3284 est
2456 3229 2794 3299 justiﬁcatio.
2812 3230 2981 3301 Loqui
3012 3231 3158 3285 enim
3188 3231 3312 3285 ﬁliis
3338 3231 3527 3296 Israel.
3555 3233 3712 3287 omni

2130 3320 2387 3375 videlicet
2430 3322 2652 3392 populo,
2684 3325 2963 3393 praecepit.
3026 3322 3167 3389 Quid
3203 3333 3390 3378 autem
3446 3324 3714 3394 praecepit

2131 3411 2320 3481 loqui?

2202 3503 2326 3558 ﬂwc
2342 3514 2466 3557 sunt
2494 3505 2753 3559 animalia
2775 3520 2894 3575 qua!
2926 3507 3193 3560 comedere
3220 3505 3435 3571 debetis,
3468 3508 3531 3560 de
3577 3522 3712 3560 cun-

2132 3598 2229 3650 ctis
2257 3598 2619 3652 animantibus
2646 3606 2822 3653 terra.
2841 3598 3190 3669 Nequaquam
3235 3607 3419 3653 autem
3474 3599 3708 3662 diceret,

2132 3682 2200 3741 de
2257 3689 2629 3743 animantibus
2686 3697 2866 3756 terrae,
2920 3690 3028 3743 nisi
3088 3690 3447 3744 intentionem
3481 3690 3712 3744 haberet

2132 3779 2200 3833 ab
2248 3781 2576 3836 animalibus
2612 3782 2926 3837 calestibus
2971 3781 3338 3852 distinguendi
3378 3800 3393 3836 :
3428 3782 3502 3836 ibi
3559 3782 3708 3834 cnim

2131 3869 2309 3924 leonis
2356 3885 2478 3924 esse.
2522 3871 2750 3936 vultum,
2785 3880 2841 3925 et
2878 3871 3055 3935 vituli,
3105 3881 3163 3925 et
3211 3871 3425 3939 aquilae,
3465 3871 3609 3925 sicut
3654 3881 3714 3926 et

2133 3959 2394 4025 hominis,
2431 3962 2558 4016 dum
2596 3962 2847 4017 Ezechiel
2870 3966 2892 3996 ⁸
2923 3962 3176 4025 animalia
3208 3962 3491 4017 Cherubin
3515 3963 3706 4027 tradit,

2132 4051 2369 4106 edocuit.
2402 4051 2541 4121 Ergo
2572 4053 2624 4105 in
2651 4052 2965 4106 cmlestibus
2992 4051 3319 4106 animalibus
3338 4051 3586 4106 custodia
3611 4061 3710 4106 aut

2133 4143 2236 4197 alia
2265 4143 2757 4212 circumspectione
2783 4158 2891 4197 non
2920 4157 3163 4212 egemus,
3203 4151 3266 4196 ut
3311 4157 3707 4214 cognoscamus

457 4237 714 4305 ungulam
740 4237 967 4300 dividat,
997 4250 1108 4288 non
1133 4234 1403 4288 ruminat:
1423 4234 1616 4288 borum
1647 4236 1903 4290 carnibus
1917 4250 2027 4289 non
2062 4225 2108 4282 Ι)
2132 4248 2253 4303 quin
2276 4234 2388 4288 sint
2408 4234 2632 4287 munda.
2662 4231 2858 4288 Omnia
2887 4233 3036 4287 enim
3082 4233 3335 4287 similiter
3385 4234 3588 4288 munda
3652 4242 3707 4288 et

456 4328 777 4387 vescemini.
800 4341 902 4380 nec
923 4326 1188 4380 cadavera
1224 4323 1552 4395 contingetis
1579 4324 1707 4393 quia
1745 4324 2025 4379 immunda

454 4426 586 4473 sunt
611 4418 782 4473 vobis.
823 4437 841 4469 ι

534 4507 659 4562 llaec
721 4509 790 4563 de
817 4509 1015 4576 quibus
1058 4523 1205 4563 nunc
1239 4523 1419 4563 sermo
1450 4515 1555 4573 est,
1597 4507 1665 4563 ad
1694 4505 1811 4577 ipsa
1844 4505 2027 4561 divina

456 4599 669 4668 eloquia
707 4599 997 4653 maximam
1035 4599 1288 4655 videntur
1333 4599 1539 4654 habere
1565 4598 2030 4661 contrarietatem,

454 4691 548 4760 qui
579 4690 723 4743 enim
758 4688 869 4746 Noe
897 4691 1037 4745 dixit
1066 4708 1078 4744 :
1109 4690 1271 4746 Omne
1320 4691 1459 4757 quod
1506 4699 1743 4746 movetur
1792 4698 1841 4743 et
1887 4689 2034 4752 civit,

456 4784 559 4837 erit
612 4784 750 4838 vobis
783 4784 839 4836 in
877 4784 1047 4837 cibum
1082 4799 1100 4836 :
1132 4793 1179 4837 et
1208 4783 1362 4852 quasi
1391 4781 1534 4836 olera
1583 4781 1808 4835 virentia
1840 4781 2036 4836 tradidi

459 4875 602 4929 vobis
631 4876 808 4928 omnia
843 4876 858 4905 ⁸
887 4892 901 4926 :
933 4875 1213 4944 quomodo
1236 4889 1383 4929 nunc
1434 4874 1681 4942 quaedam
1723 4874 1934 4929 comedi
1967 4874 2036 4929 de

461 4966 568 5029 his,
593 4982 715 5036 qua:
742 4966 889 5037 prius
919 4982 1179 5022 concessa
1216 4974 1364 5029 sunt,
1398 4964 1719 5033 prohibuit?
1746 4965 2031 5030 Quomodo

460 5059 649 5120 etiam,
701 5058 919 5126 quando
970 5057 1201 5113 iaciebat
1252 5056 1453 5110 bestias
1518 5064 1676 5108 terra:
1731 5055 2030 5111 secundum

463 5164 635 5218 genus
668 5164 847 5212 suum,
883 5158 937 5202 ct
970 5163 1187 5218 pecora,
1221 5154 1278 5200 et
1310 5144 1539 5214 reptilia,
1577 5145 1778 5201 dictum
1803 5155 1888 5201 est
1918 5165 1931 5200 :
1964 5145 2035 5200 Et

465 5236 595 5289 vidit
628 5237 765 5290 Deus
796 5238 934 5308 quod
962 5246 1127 5291 essent
1174 5241 1309 5288 bona
1349 5236 1391 5297 ³,
1417 5242 1476 5289 et
1505 5251 1692 5290 rursus
1733 5252 1750 5291 :
1801 5234 2038 5305 Viditqtte

465 5323 605 5376 Deus
639 5336 821 5379 cuncta
850 5343 965 5395 qua:
990 5327 1130 5396 fecit,
1157 5336 1205 5379 et
1239 5336 1387 5379 erant
1420 5326 1573 5381 valde
1619 5327 1821 5381 bona'?
1850 5326 2038 5381 Nulla-

467 5425 629 5467 tcuus
691 5427 871 5470 autem
934 5432 1054 5473 esse
1106 5420 1352 5480 bonum,
1429 5420 1660 5473 maxime
1732 5426 1790 5472 et
1858 5418 2033 5482 valde,

2131 4333 2317 4380 sancta
2353 4334 2502 4387 sunt,
2539 4324 2675 4380 sicut
2696 4335 2887 4379 sancto
2916 4322 3048 4389 Deo,
3070 4333 3130 4379 et
3155 4340 3250 4381 eos
3276 4325 3371 4395 qui
3397 4326 3450 4379 in
3473 4325 3707 4381 circuitu

2133 4415 2253 4486 ejus
2274 4425 2408 4470 sunt
2434 4416 2742 4471 sanctiﬁcat
2769 4417 3024 4473 astantia.
3056 4416 3241 4473 Terra:
3264 4432 3396 4473 vero
3450 4417 3708 4472 animalia

2130 4524 2246 4564 non
2273 4512 2457 4564 omnia
2482 4517 2610 4563 sunt
2636 4510 2859 4576 munda,
2898 4522 3010 4565 non
3043 4519 3269 4581 propter
3301 4520 3579 4573 naturam,
3610 4510 3708 4565 sed

2133 4610 2359 4672 propter
2402 4609 2652 4655 nostrum
2695 4616 2977 4657 excessum
2999 4611 3050 4657 et
3092 4603 3219 4672 quia
3244 4617 3344 4673 per
3364 4602 3706 4674 iniquitatem

2133 4701 2383 4747 naturam
2413 4691 2850 4761 depravavimus.
2888 4692 2996 4747 Sed
3051 4693 3510 4764 quemadmodum
3546 4709 3709 4749 mun-

2135 4785 2322 4841 ditiam
2340 4800 2529 4840 eorum
2546 4801 2957 4857 cognoscamus,
2976 4788 3062 4841 vel
3083 4786 3507 4852 immunditiam,
3528 4802 3593 4842 ex
3624 4785 3712 4842 his

2135 4891 2257 4946 quae
2282 4887 2587 4947 sequuntur
2611 4877 2932 4932 intuendum
2964 4889 3069 4934 est.

2209 4967 2378 5024 Omne
2399 4970 2535 5032 quod
2567 4969 2718 5023 habet
2741 4970 2966 5024 divisam
2991 4970 3265 5042 ungulam,
3295 4980 3343 5025 et
3393 4972 3629 5025 ruminat
3657 4972 3709 5025 in

2138 5060 2435 5129 pecoribus,
2461 5062 2758 5115 comedetis.
2787 5060 3129 5118 Animalibus
3168 5063 3405 5117 maxima
3434 5064 3610 5118 virtus
3656 5063 3708 5117 in

2143 5153 2416 5223 unguibus
2445 5167 2568 5209 esse
2618 5153 2878 5218 creditur,
2931 5168 3053 5225 quae
3104 5155 3275 5210 etiam
3328 5155 3711 5227 cognationem

2144 5241 2345 5296 habent
2373 5257 2496 5297 cum
2530 5241 2802 5298 dentibus.
2840 5242 3108 5314 Unguium
3168 5243 3434 5315 siquidem
3486 5253 3593 5311 est,
3649 5257 3712 5298 ea

2144 5330 2462 5401 discerpere
2494 5348 2617 5401 quas
2664 5342 2788 5402 apta
2814 5334 2937 5388 esui
2989 5349 3088 5403 per
3122 5334 3320 5391 dentes
3351 5334 3510 5396 ﬁunt.
3569 5332 3714 5404 quod

2146 5433 2440 5494 utrumque
2469 5426 2629 5480 nobis
2683 5425 2868 5479 Daniel
2906 5427 3086 5488 tradit,
3121 5428 3341 5497 quando
3396 5412 3539 5483 forte
3580 5440 3708 5496 pro-

532 5552 702 5614 ‘Gcn.
755 5573 828 5621 ix,
864 5560 917 5611 5.
995 5561 1014 5591 ¹
1044 5559 1185 5614 Gen.
1218 5577 1256 5625 ι,
1292 5561 1356 5617 lo
1388 5570 1436 5615 et
1463 5563 1615 5618 alibi.
1692 5562 1713 5595 ³
1742 5561 1876 5618 ibid.
1903 5563 1992 5617 51.
2070 5563 2308 5620 ‘Mattb.
2360 5583 2433 5634 tv,
2465 5568 2520 5622 ll.
2594 5569 2617 5603 ⁸
2644 5568 2841 5624 Ezech.
2864 5584 2901 5649 ι,
2937 5567 2959 5621 l
2998 5583 3149 5639 seqq.
