4076 6188
441 198 548 265 905

1579 210 1661 271 IN
1697 212 2131 275 LEVITICUM.
2154 240 2220 251 -
2252 217 2398 279 LIB.
2439 220 2553 280 III.

3582 242 3685 305 905

443 324 651 378 ponens
677 329 919 385 regnum,
958 319 1089 376 dicit
1116 339 1131 375 ;
1175 321 1497 387 Aspiciebam
1527 323 1581 374 in
1605 323 1801 377 visione
1830 325 2014 388 noctis,
2049 336 2087 389 Α
2120 333 2173 379 et
2209 326 2299 395 qui
2331 328 2569 399 leporem
2602 334 2984 400 comedunt,et
3012 340 3102 410 qui
3133 340 3515 416 Clllt’ogl'ﬂldm
3552 368 3563 403 :
3592 369 3687 405 ru-

444 408 493 451 et
516 418 630 456 ecce
665 405 827 459 bestia
869 419 1061 477 quarta
1108 412 1373 474 terribilis,
1423 424 1581 483 atque
1627 415 1907 481 mirabilis,
1967 428 2014 470 et

441 494 591 561 [ortis
614 495 804 561 nimis;
835 504 1015 556 dentes
1026 503 1223 572 ferreos
1240 505 1459 558 habebat
1490 522 1725 575 magnos,
1748 513 2015 562 comedens

442 600 599 657 atque
626 594 1003 659 comminuam,
1041 607 1090 650 et
1139 597 1340 668 reliqua
1379 600 1591 667 pedibus
1645 601 1753 654 suis
1804 601 2013 654 concul—

443 696 569 735 cans
592 682 633 737 °.
668 683 1025 757 Septuaginta
1060 698 1168 744 autl
1190 706 1242 742 m
1307 691 1601 759 specialius
1639 692 1870 748 dicunt:
1908 694 2014 748 Un-

439 786 565 838 gues
590 773 663 827 eis
685 776 829 830 a'rei.
862 775 997 842 Quia
1024 793 1152 849 ergo
1170 780 1239 834 ita
1261 792 1362 843 est,
1399 781 1623 849 ﬁgurate
1656 784 2010 850 demonstrat,

439 863 530 932 qui
561 866 669 917 sint
698 867 787 934 qui
825 858 884 922 se
914 869 979 922 ad
1021 871 1426 927 meditationem
1460 874 1793 931 devoverant
1858 878 2010 948 legis,

442 960 623 1006 utrum
664 955 849 1008 mundi
909 972 975 1009 an
1009 957 1270 1012 immundi
1309 977 1321 1012 :
1365 961 1639 1014 ruminare
1686 962 1833 1016 enim
1898 979 2010 1025 eos.

338 1090 345 1097 .
437 1052 495 1096 et
523 1044 765 1098 dividere
791 1048 1042 1116 ungulam
1082 1051 1356 1119 przeeepit.
1406 1050 1495 1104 llla
1546 1062 1727 1106 autem
1759 1055 2012 1110 animalia

439 1135 696 1203 ungulam
743 1136 988 1201 ﬁndunt,
1040 1156 1378 1212 quaecunque
1442 1161 1677 1215 unguem
1731 1164 1899 1218 usque
1946 1151 2012 1203 ad

441 1226 612 1296 ipsam
639 1228 947 1284 inferiorem
976 1233 1224 1287 dividunt
1252 1236 1467 1304 pellem.
1520 1237 1661 1307 Ergo
1692 1239 1780 1293 ille
1812 1247 2010 1295 munda

436 1317 692 1373 animalia
723 1321 977 1386 comedit,
1015 1323 1105 1391 qui
1141 1339 1249 1377 non
1284 1324 1459 1378 solum
1493 1327 1786 1383 meditatur
1815 1330 2009 1401 legem,

438 1411 534 1464 sed
560 1421 615 1465 et
648 1413 903 1475 ruminat,
936 1414 987 1467 id
1026 1423 1112 1469 est
1141 1416 1432 1481 reconfert,
1461 1427 1517 1470 et
1555 1429 1767 1474 eructat
1797 1424 2013 1477 actione

435 1509 601 1571 atque
628 1503 903 1571 operibus.
940 1505 1213 1559 Eructatio
1270 1509 1416 1562 enim
1477 1511 1768 1567 verborum
1808 1512 1922 1577 Dei,
1956 1525 2012 1570 ct

436 1591 730 1644 ruminatio
787 1592 1165 1648 mandatorum
1211 1606 1295 1651 est
1339 1605 1393 1658 et
1437 1602 1757 1655 exsecutio:
1793 1614 2013 1673 propter

432 1680 576 1746 quod
611 1681 735 1734 audi
768 1681 931 1735 David
964 1683 1235 1739 dicentem
1292 1704 1304 1739 :

430 1771 646 1824 verbum
669 1773 881 1840 bonum,
917 1778 1034 1830 dico
1073 1794 1164 1848 ego
1214 1795 1373 1847 opera
1422 1798 1538 1835 mea
1578 1785 1690 1855 regi
1720 1786 1763 1841 ⁷.
1799 1786 1878 1840 Ad
1912 1789 2009 1843 de-

435 1864 831 1920 nuntiationem
862 1882 1050 1921 eorum
1076 1886 1196 1938 quae
1250 1882 1578 1929 consecutus
1633 1884 1718 1931 est
1755 1892 2006 1946 operum,

437 1952 578 2006 hanc
620 1956 1013 2011 eructationetn
1059 1958 1349 2021 bonorum.
1382 1969 1548 2031 atque
1586 1964 2007 2022 ruminationem

439 2043 811 2110 proculdubio
844 2040 1275 2104 intellexit.Non'
1294 2059 1475 2104 autem
1504 2053 1802 2116 ruminare,
1828 2057 1920 2111 sed
1956 2067 2010 2111 et

435 2134 678 2188 dividere
715 2135 847 2205 legis
872 2138 1148 2208 ungulam.
1190 2149 1244 2194 et
1273 2141 1607 2213 distinguere
1646 2144 1880 2199 litteram
1941 2149 2010 2201 ab

434 2227 652 2295 spiritu,
697 2235 752 2281 et
788 2229 1002 2284 tradere
1061 2232 1304 2300 quaedam
1359 2237 1658 2290 secundum
1725 2237 2006 2294 historiam

434 2318 629 2379 solam.
663 2321 910 2388 quaedam
937 2324 1233 2378 secundum
1283 2327 1822 2396 contemplationem,
1857 2348 2007 2400 qua:-

435 2413 558 2464 dam
598 2427 726 2466 vero
764 2413 1066 2468 secundum
1099 2425 1388 2486 utrumque
1433 2419 1756 2490 intelligere,
1817 2423 2005 2476 distri-

430 2510 576 2555 ctam
605 2505 975 2560 custodientes
1014 2507 1063 2560 in
1096 2509 1176 2562 eis
1201 2509 1523 2566 divisionem
1553 2527 1691 2581 opus
1717 2514 2001 2570 habemus.

429 2592 534 2658 Qui
567 2595 714 2648 enim
745 2597 866 2650 talis
905 2607 1007 2663 est,
1044 2599 1130 2654 hic
1155 2613 1564 2657 consummatus
1604 2613 1766 2673 atque
1820 2608 2004 2677 perfe-

425 2693 553 2738 ctus
578 2694 681 2746 est,
718 2696 772 2741 et
798 2697 1084 2758 propterea
1121 2691 1354 2745 mundus
1395 2701 1542 2747 recte
1587 2693 1808 2752 dicitur.
1871 2699 2004 2766 Qui-

426 2792 644 2846 cunque
676 2788 861 2833 autem
889 2796 1053 2835 unum
1082 2782 1149 2837 de
1180 2782 1282 2847 his,
1310 2799 1430 2852 qure
1458 2786 1600 2841 dicta
1635 2798 1784 2851 sunt.
1822 2793 2003 2848 minus

428 2869 613 2932 habet,
651 2870 737 2923 hic
766 2870 1050 2926 manifeste
1073 2872 1385 2928 immundus
1407 2884 1510 2938 est,
1541 2878 1682 2933 sicut
1705 2881 1818 2950 ipsa
1844 2885 1999 2939 docet

427 2959 561 3030 legis
597 2962 794 3024 littera,
828 2962 905 3016 ait
936 2964 1082 3041 enim
1118 2981 1132 3019 ε

498 3049 623 3103 Non
644 3052 925 3107 comedetis
946 3053 1097 3118 illud,
1148 3057 1285 3111 inter
1341 3060 1611 3117 immunda
1657 3069 1989 3135 reputabitis.

421 3139 694 3212 Quidquid
720 3147 972 3207 ruminat,
1012 3157 1061 3201 et
1082 3148 1235 3204 liabet
1267 3154 1542 3223 ungulam,
1576 3159 1669 3213 sed
1690 3175 1793 3212 non
1814 3161 1999 3215 dividit

421 3247 541 3284 eam
581 3233 712 3286 sicut
755 3236 1006 3303 camelus,
1035 3248 1081 3290 et
1104 3250 1316 3302 cratera.
1344 3259 1445 3298 non
1462 3247 1761 3314 comedetis,
1788 3259 1837 3304 et
1862 3252 2001 3303 inter

420 3323 695 3377 immunda
738 3329 1068 3396 reputabitis.
1109 3332 1387 3389 (lamelnm
1438 3340 1725 3397 comedere
1782 3350 2000 3399 tumens

420 3430 520 3483 per
568 3418 878 3484 superbiam
929 3418 1150 3476 Judteus
1198 3434 1345 3479 recte
1401 3426 1743 3500 intelligitur,
1808 3432 1859 3487 id
1917 3443 2000 3489 est

421 3504 625 3558 Scriba:
686 3517 742 3561 et
796 3508 1072 3577 Pharisa-i,
1130 3515 1195 3568 ad
1249 3532 1387 3585 quos
1436 3519 1651 3576 dicebat
1694 3524 1993 3580 Dominus:

420 3594 708 3664 Liquantes
791 3601 1031 3665 culicem,
1113 3606 1375 3662 camelum
1427 3620 1603 3665 autem
1653 3614 1927 3683 glutientes
1952 3619 1992 3671 '.

419 3684 588 3739 Isaias
616 3687 777 3742 etiam
802 3690 939 3744 dixit
965 3709 977 3744 :
1016 3692 1142 3747 IIwc
1171 3697 1310 3749 enim
1353 3698 1486 3751 dixit
1539 3703 1664 3756 mihi
1693 3704 1946 3760 Dominus
1976 3722 1995 3760 :

433 3773 595 3839 Vade,
622 3789 671 3831 et
720 3797 853 3848 pone
879 3786 1276 3853 speculatorem,
1312 3800 1359 3844 et
1403 3795 1743 3867 quodcunque
1786 3801 1992 3866 viderit,

408 3873 713 3926 annuntiet.
753 3875 821 3929 Et
844 3878 971 3931 vidit
995 3897 1205 3935 currum
1258 3885 1483 3940 duorum
1531 3892 1780 3959 equitum,
1807 3911 1997 3950 ascen-

410 3978 586 4018 sarem
622 3967 782 4034 asini,
824 3978 872 4022 et
903 3987 1228 4028 ascensorem
1286 3978 1537 4032 cameli”.
1593 3980 1698 4036 Per
1752 3986 1988 4052 asinum,

414 4058 657 4128 gentium
691 4079 706 4115 :
738 4077 833 4130 per
860 4065 1150 4129 camelnm,
1181 4066 1460 4124 Iudaicam
1517 4076 1988 4134 conversationem

411 4147 742 4218 signiﬁcans.
787 4150 1007 4223 Figurat
1057 4155 1221 4210 etiam
1247 4158 1485 4216 litteram
1510 4162 1662 4235 legis,
1690 4181 1991 4241 eorumque

409 4253 572 4308 grave
611 4241 805 4311 jugum
848 4246 1108 4311 camelos,
1143 4257 1331 4319 utpote
1359 4254 1451 4323 qui
1481 4259 1765 4314 consuevit
1823 4276 1986 4319 onera

409 4340 629 4397 portare
667 4350 681 4384 :
745 4336 888 4390 unde
937 4352 1130 4394 servus
1172 4342 1446 4401 Abraham
1499 4348 1688 4404 decem
1749 4356 1986 4412 camelos
2022 4352 2065 4406 D
2097 4336 2595 4431 munda-judicavit
2626 4387 2639 4422 :
2674 4386 2770 4440 per

408 4431 691 4489 portantes
718 4425 787 4480 de
817 4427 977 4484 bonis
1018 4431 1337 4491 dominirsui
1398 4440 1465 4493 ad
1515 4441 1979 4512 dispensationem

409 4512 671 4570 Rebccete
698 4517 875 4573 duxit.
908 4520 1235 4592 Figarabant
1268 4538 1449 4583 autem
1503 4531 1558 4586 hi
1612 4534 1799 4592 decem
1845 4555 1983 4609 pra:-

404 4612 562 4672 cepta
593 4605 746 4677 legis,
782 4625 901 4679 qua:
932 4628 1039 4667 non
1059 4617 1240 4672 omnia
1274 4618 1412 4675 bona
1444 4622 1555 4688 Dei,
1587 4627 1682 4683 sed
1712 4605 1890 4686 tamen
1912 4633 1982 4688 de

400 4696 658 4751 omnibus
692 4701 848 4756 bonis
874 4716 1092 4774 gerunt,
1126 4721 1350 4780 propter
1379 4713 1484 4771 hoc
1511 4719 1655 4786 quod
1688 4723 1982 4794 participa-

400 4786 507 4842 lem
534 4790 979 4859 justiﬁeationem
1008 4799 1173 4856 habet
1193 4801 1300 4858 lex.
1337 4805 1479 4879 Ergo
1509 4786 1713 4867 Scriba;
1743 4825 1799 4870 et
1836 4786 1978 4872 Pha-

398 4879 540 4936 risaei
576 4886 941 4944 ruminantcm
980 4894 1296 4961 comedunt,
1331 4900 1455 4968 quia
1487 4903 1541 4955 in
1573 4904 1758 4975 legalis
1785 4908 1978 4967 litterae

393 4971 697 5041 gloriantur
725 4981 1107 5048 meditatione,
1135 4999 1190 5042 et
1221 4988 1275 5042 in
1315 4993 1467 5047 cultu
1503 4971 1747 5064 Sabbati,
1784 5002 1977 5071 puriﬁ-

396 5062 758 5136 cationisque,
784 5079 841 5125 et
871 5075 1290 5145 sacriﬁciorum,
1319 5080 1661 5155 aliorumque
1692 5089 1974 5148 similium.

394 5151 664 5224 Ungulam
696 5171 877 5218 autem
917 5182 1027 5221 non
1051 5167 1301 5226 dividunt
1330 5189 1395 5228 ea
1429 5191 1550 5246 quze
1570 5151 1658 5235 ab
1690 5181 1771 5238 eis
1789 5199 1976 5242 come-

390 5245 620 5311 duntnr,
678 5266 858 5322 neque
899 5258 1218 5317 discernunt
1276 5265 1347 5319 ab
1395 5245 1588 5337 spiritu
1627 5271 1884 5339 litteram,
1913 5287 1970 5334 et

391 5347 678 5406 propterea
703 5357 897 5401 eorum
930 5350 1156 5407 scientia
1188 5354 1468 5413 immunda
1505 5369 1609 5415 est.
1637 5360 1794 5421 Tales
1841 5379 1971 5425 sunt

460 5543 492 5614 οξ
514 5544 646 5602 Dan.
688 5565 782 5614 vn,
808 5551 861 5603 7.

388 5608 432 5639 ”
465 5610 609 5669 Psal.
641 5608 842 5682 χιιιξὸ.
920 5623 963 5654 ¹³
991 5628 1089 5678 Isa.
1130 5608 1292 5687 ιίὲι.

626 5711 894 5775 PATROL.
937 5718 1050 5778 Gn.
1078 5720 1283 5782 XCIII.

1370 5630 1415 5663 ”
1446 5631 1631 5689 lPetr.
1668 5653 1730 5704 ll,
1756 5638 1848 5705 2|,
1876 5630 1975 5695 '29..

2119 419 2329 473 minant
2363 423 2507 477 enim
2540 434 2595 479 et
2624 426 2745 496 ipsi,
2778 431 2872 484 sed
2906 434 3155 503 ungulam
3188 452 3295 490 non
3327 438 3595 497 dividunt.
3627 443 3687 499 In

2118 512 2359 577 populari
2442 524 2623 571 autem
2707 520 3070 589 umltitudine,
3132 526 3442 587 Judaaorutn
3515 550 3687 605 genus

2120 609 2409 673 utrumque
2447 621 2569 663 esse
2598 612 2861 680 accipitur
2886 632 2900 667 :
2925 615 3121 671 debilia
3148 621 3350 691 quippe
3398 637 3520 680 esse
3568 618 3688 683 ani-

2117 692 2275 746 malia
2295 695 2409 750 haec
2437 697 2712 766 dicuntur,
2741 711 2877 759 teste
2909 704 3074 763 David
3129 720 3177 765 et
3205 710 3516 783 Salomone,
3536 731 3687 777 utro-

2118 796 2344 853 rumque
2394 788 2709 846 animalium
2755 794 3082 855 debilitates.
3135 802 3424 863 Salomone
3470 812 3687 881 quidem

2116 890 2239 929 cum
2271 877 2343 931 ait
2384 897 2395 930 :
2430 879 2771 950 Lepusculus,
2808 890 2947 955 plebs
2977 893 3231 961 invalida,
3263 882 3434 966 posuit
3461 877 3515 956 in
3541 916 3688 972 petra

2116 968 2284 1022 cubile
2303 971 2400 1024 sibi
2429 973 2489 1025 ιο.
2539 975 2706 1031 David
2740 996 2869 1036 vero
2920 1002 2932 1036 :
2997 986 3159 1041 Petra
3204 993 3464 1063 refugium
3507 999 3689 1052 crina-

2114 1059 2287 1122 riis“,
2318 1062 2432 1117 sive
2461 1067 2819 1141 chirogryllis,
2851 1090 3084 1144 quorum
3115 1096 3284 1135 unum
3309 1093 3394 1139 est
3444 1088 3604 1143 velox
3634 1101 3689 1145 ct

2117 1150 2384 1220 timidum,
2416 1172 2540 1213 eum
2569 1161 2901 1231 inﬁrmitate,
2931 1167 2980 1222 id
3005 1178 3088 1225 est
3113 1171 3298 1243 lepus:
3331 1177 3474 1234 aliud
3506 1190 3687 1236 autem

2114 1242 2292 1300 debile
2320 1250 2560 1318 quidem,
2584 1257 2678 1309 sed
2709 1273 2871 1327 rapax
2901 1269 2955 1315 et
2999 1242 3245 1330 bestiale,
3301 1276 3465 1340 atque
3496 1276 3688 1329 morti-

2115 1334 2288 1392 ferum
2314 1341 2520 1406 dicunt,
2543 1345 2595 1401 id
2618 1358 2700 1403 est
2720 1350 3095 1423 chirogryllus,
3127 1360 3270 1426 quod
3294 1334 3441 1417 omni
3466 1367 3687 1434 quidem

2114 1427 2345 1493 plebeio,
2374 1436 2605 1492 maxime
2634 1448 2816 1495 autem
2844 1443 3158 1503 Judaeorum
3193 1450 3337 1506 inest
3376 1427 3593 1525 pepulo,
3621 1459 3689 1514 de

2112 1518 2309 1584 quibus
2339 1522 2477 1578 dixit
2506 1526 2673 1584 David
2708 1548 2722 1584 :
2786 1533 2987 1589 l’eloces
3023 1540 3177 1606 pedes
3207 1518 3390 1598 eorum
3413 1518 3485 1601 ad
3524 1518 3689 1619 edim-

2113 1610 2337 1665 dendum
2384 1620 2781 1689 sanguinem".
2843 1626 3040 1683 Timidi
3094 1640 3276 1688 autem
3326 1647 3588 1704 quantum
3634 1652 3692 1699 et

1370 1685 1645 1743 Eructavil
1694 1709 1785 1745 cor
1838 1710 2010 1747 meum
2044 1697 2082 1750 Β
2113 1701 2315 1758 inﬁrmi
2356 1706 2449 1761 ﬁlii
2492 1709 2804 1770 Judmorum
2858 1718 2988 1779 sint.
3062 1738 3160 1777 vox
3216 1725 3400 1781 divina
3450 1735 3691 1791 ostendit

2119 1807 2241 1845 cum
2275 1794 2407 1851 dicit
2437 1815 2449 1850 :
2484 1798 2574 1855 Vae
2597 1805 2853 1861 cordibus
2914 1811 3163 1880 trepidis,
3212 1824 3268 1871 et
3317 1821 3570 1879 manibus
3600 1842 3688 1882 re-

2113 1884 2313 1939 missis.
2349 1888 2628 1958 lujustitia'
2666 1905 2850 1954 autem
2874 1911 3097 1972 quanta,
3130 1919 3183 1959 et
3217 1907 3403 1966 feritas
3432 1916 3574 1984 apud
3591 1933 3686 1973 eos

2111 1983 2248 2036 erat.
2284 1978 2411 2032 audi
2446 1980 2635 2035 Isaiam
2655 1985 2926 2043 dicentem
2967 1990 3274 2057 :Quomodo
3298 2000 3442 2068 facta
3473 2016 3550 2058 est
3577 2024 3687 2063 me—

2112 2066 2276 2119 retrix
2307 2069 2488 2125 civitas
2508 2072 2679 2140 ﬁdelis
2701 2077 2861 2146 plena
2895 2081 3125 2149 judicii.’
3162 2066 3377 2156 justitia
3430 2096 3688 2153 habitavit

2110 2154 2165 2206 in
2189 2173 2273 2219 ea,
2306 2175 2441 2214 nunc
2468 2173 2641 2219 autem
2667 2169 2948 2226 homicida:
2981 2174 3044 2227 ¹³.
3072 2176 3201 2232 Post
3231 2181 3331 2238 hos
3366 2200 3519 2243 suem
3554 2189 3687 2245 dicit

2111 2263 2232 2303 esse
2262 2251 2619 2323 immundum,
2652 2261 2777 2331 quia
2805 2263 3000 2321 dividit
3028 2272 3303 2340 ungulam,
3356 2286 3409 2331 et
3436 2294 3542 2335 non
3590 2298 3686 2336 ru-

2110 2342 2300 2397 minat.
2333 2343 2433 2410 Qui
2458 2363 2585 2420 ergo
2617 2352 2728 2407 sint
2761 2355 2854 2423 qui
2886 2360 3233 2427 aemulentur,
3288 2382 3352 2420 ac
3399 2382 3685 2441 prepterea

2110 2434 2396 2490 rounedere
2456 2439 2604 2496 llllllll
2672 2445 2973 2515 dicuntur,
3043 2452 3261 2511 Petrum
3322 2464 3685 2528 ospositorem

2108 2533 2162 2575 et
2210 2528 2529 2597 magistrum
2581 2535 2794 2607 suscipe
2839 2558 2852 2594 ;
2905 2557 3030 2596 eum
3083 2547 3283 2617 quippe
3339 2552 3430 2621 qui
3520 2556 3685 2613 habet

2107 2618 2395 2677 scientiam
2453 2624 2782 2699 divinorum,
2828 2636 2923 2689 sed
2991 2654 3099 2693 non
3164 2642 3253 2697 illa
3299 2645 3439 2702 bene
3494 2651 3683 2717 utitur,

2106 2707 2520 2781 actionibusque
2553 2714 2865 2790 incongruis
2888 2737 3007 2778 eam
3053 2728 3246 2797 polluit
3293 2734 3522 2806 viaeque
3576 2740 3680 2795 im-

2107 2799 2320 2873 mundae
2352 2806 2707 2874 semetipsum
2743 2814 2924 2867 tradit.
2956 2814 3118 2874 Suem
3151 2823 3313 2877 etiam
3343 2799 3454 2896 ipse
3496 2834 3681 2902 appel-

2106 2886 2235 2941 lavit
2260 2890 2487 2948 dicens:
2524 2894 2717 2953 Melius
2758 2903 2937 2970 fuisset
2974 2910 3048 2962 eis
3074 2926 3174 2964 non
3199 2930 3501 2983 cognoscere
3538 2924 3680 2979 viam

2025 3026 2066 3078 Ο
2102 2978 2342 3048 justitiw,
2375 3000 2535 3054 quam
2568 2991 2776 3059 cognita
2805 3010 2886 3058 ea,
2914 3006 3052 3052 retro
3083 3004 3268 3057 reverti
3298 3024 3330 3058 a
3358 3011 3553 3065 tradito
3580 3014 3680 3069 sibi

2105 3081 2286 3126 sancto
2306 3077 2555 3132 mandato
2578 3096 2596 3132 :
2621 3084 2833 3155 contigit
2850 3088 2989 3141 enim
3022 3090 3126 3146 illis
3160 3111 3239 3149 res
3268 3099 3371 3151 veri
3398 3106 3676 3169 proverbii,

2104 3157 2264 3214 Canis
2291 3180 2522 3222 reversus
2552 3171 2623 3224 ad
2641 3175 2889 3230 vomitum
2916 3196 3087 3245 suum,
3120 3194 3167 3237 et
3205 3204 3293 3242 sus
3319 3190 3426 3244 lota
3460 3195 3512 3247 in
3538 3198 3679 3252 tolu-

2106 3252 2255 3304 labro
2285 3257 2498 3310 caeni”.
2535 3259 2672 3325 Quia
2704 3279 2832 3336 ergo
2866 3272 3207 3330 ostendimus
3263 3295 3406 3358 eum.
3438 3285 3527 3353 qui
3574 3287 3676 3360 legi

2103 3358 2320 3411 operam
2360 3347 2452 3404 dat
2482 3353 2757 3409 ruminare
2783 3358 3006 3427 debere,
3038 3364 3080 3419 is
3108 3368 3199 3435 qui
3228 3372 3349 3426 talis
3368 3352 3471 3441 est,
3492 3387 3677 3450 utpote

2102 3435 2372 3492 sordidam
2427 3441 2635 3497 habens
2700 3447 2883 3515 vitam,
2943 3460 2999 3506 et
3063 3471 3171 3510 non
3217 3461 3449 3532 impleas
3480 3469 3673 3540 legem,

2102 3535 2247 3581 recte
2266 3544 2374 3582 non
2403 3531 2678 3587 ruminare
2699 3553 2821 3604 qua:
2848 3539 2980 3610 legis
3010 3554 3156 3606 sunt,
3188 3548 3408 3606 dicitur.
3441 3531 3590 3613 Unde
3620 3570 3676 3614 et

2103 3619 2269 3674 vomit
2300 3630 2485 3691 utpote
2522 3623 2848 3697 indigestam
2896 3634 3074 3689 cibum
3105 3640 3476 3700 meditationis
3516 3648 3670 3719 legis,

2098 3721 2153 3763 et
2213 3713 2436 3770 minime
2479 3718 2546 3772 ad
2596 3719 2850 3777 etlectum
2891 3728 3324 3793 pervenientem.
3379 3734 3540 3808 Ergo,
3569 3745 3671 3797 etsi

2100 3804 2356 3872 ungulam
2393 3807 2605 3875 dividit,
2650 3821 2705 3864 rt
2732 3812 2967 3870 litteram
3000 3819 3242 3877 dividere
3275 3827 3397 3888 scit,
3426 3804 3671 3900 avspiritu

2099 3902 2277 3948 tamen
2312 3897 2627 3955 immundus
2655 3914 2757 3957 est.
2789 3906 2892 3962 Sed
2926 3911 3054 3977 quid
3093 3912 3178 3966 his
3203 3932 3322 3985 qum
3350 3897 3520 3975 dicta-
3544 3936 3671 3980 sunt

2094 3985 2340 4044 addidit?

2166 4082 2368 4138 Horum
2404 4090 2651 4145 carnibus
2682 4108 2784 4148 non
2818 4100 3112 4164 vescemini,
3140 4119 3230 4157 nec
3257 4108 3521 4164 cadavera
3545 4128 3669 4165 cou-

2093 4174 2325 4244 tingetis,
2361 4180 2487 4248 quia
2535 4183 2808 4240 immunda
2860 4200 2980 4243 sunt
3024 4192 3184 4248 vobis.
3226 4196 3339 4252 Nec
3378 4202 3667 4264 camelum.

2092 4280 2195 4320 nec
2241 4268 2505 4339 leporem,
2552 4291 2653 4332 nec
2698 4280 3108 4354 chirogryllum,
3150 4303 3254 4344 nec
3305 4305 3481 4359 suem,
3522 4294 3667 4351 inter

2814 4373 2933 4428 haec
2970 4376 3133 4432 etiam
3173 4389 3369 4436 caetera
3411 4384 3666 4442 animalia

2089 4449 2403 4524 designans,
2424 4473 2546 4527 quae
2569 4460 2656 4515 lex
2679 4478 2743 4517 ex
2770 4464 2854 4520 his
2892 4482 3016 4537 quae
3038 4469 3181 4526 dicta
3222 4481 3351 4530 sunt
3381 4478 3665 4535 manifesta

2090 4540 2238 4598 fecit.
2278 4546 2404 4603 Ideo
2436 4565 2570 4622 ergo
2607 4553 2726 4610 haec
2765 4568 3000 4627 quatuor
3038 4578 3268 4619 numero
3299 4568 3498 4637 posuit,
3538 4571 3660 4639 quia

2088 4645 2328 4702 quatuor
2371 4652 2500 4696 sunt
2535 4647 2820 4715 generales
2851 4650 3103 4716 virtutes,
3142 4657 3521 4724 praedictorum
3567 4674 3659 4714 au-

2092 4737 2199 4782 tem
2238 4732 2564 4790 animalium
2609 4739 2938 4811 signiﬁcatio
2980 4744 3275 4803 virtutibus
3315 4758 3483 4815 caret,
3524 4765 3659 4819 qua-

2091 4828 2215 4874 tuor
2247 4822 2450 4894 quippe
2481 4827 2773 4887 virtutibus
2812 4842 2896 4888 est
2929 4837 3224 4892 contraria.
3257 4838 3390 4892 Nam
3419 4839 3660 4894 eainelus

2080 4910 2137 4966 in
2172 4908 2486 4969 Scribarum
2527 4925 2582 4971 et
2619 4919 3014 4977 Pharisazorum
3047 4926 3355 4995 superbiam
3383 4936 3655 4997 sumptus,

2079 5002 2364 5071 sapientiae
2395 5012 2726 5069 contrarius
2778 5024 2865 5070 est
2908 5033 2922 5068 :
2963 5018 3253 5073 stultorum
3316 5020 3518 5091 quippe
3574 5034 3660 5079 est

2076 5096 2361 5165 proprium
2382 5103 2689 5172 superbire.
2710 5105 2848 5174 Quia
2874 5117 3057 5165 autem
3081 5120 3312 5180 utroque
3333 5113 3440 5168 hoc
3467 5116 3657 5172 morbo

2076 5185 2284 5243 Scriba:
2300 5202 2355 5244 et
2370 5189 2627 5251 Pharisazi
2648 5199 2997 5265 tenebantur,
3018 5203 3143 5258 audi
3165 5202 3232 5256 ad
3255 5218 3349 5260 eos
3365 5204 3656 5265 Dominum

2076 5279 2349 5336 dicentem
2392 5300 2406 5336 :
2445 5283 2607 5340 διαιιὶ
2655 5298 2707 5342 et
2756 5292 2899 5355 cwci,
2928 5293 3053 5361 quid
3102 5293 3278 5364 majus
3319 5307 3415 5361 est,
3454 5316 3655 5357 aurum

2078 5382 2171 5427 aut
2221 5376 2471 5446 templum
2508 5380 2647 5449 quod
2685 5383 2982 5451 sanctiﬁcat
3025 5403 3217 5444 aurum
3249 5390 3327 5444 “1’
3351 5392 3420 5448 Et
3464 5408 3655 5450 rursus

939 5554 959 5585 ⁷
989 5554 1134 5608 Psal.
1166 5572 1311 5621 xuv,
1335 5559 1391 5616 2.
1468 5563 1490 5594 ⁸
1513 5563 1707 5621 Matth.
1737 5571 2003 5636 “"524.
2080 5577 2101 5610 ν
2125 5576 2229 5632 Isa.
2261 5595 2372 5645 χχι,
2395 5582 2450 5636 6.
2529 5583 2572 5615 ¹⁰
2632 5585 2792 5646 Prov.
2824 5606 2953 5660 xxv,
3006 5594 3094 5652 25.
3176 5599 3215 5630 ¹¹
3241 5598 3385 5655 Psal.
3416 5613 3530 5663 cm.
3559 5600 3651 5661 18.

942 5623 963 5654 ³
991 5628 1089 5678 tsa.
1130 5643 1164 5679 t.
1198 5627 1292 5679 21.
1370 5630 1415 5663 ’⁵
1446 5631 1630 5679 [Petri
1669 5653 1706 5679 ιι
1756 5638 1817 5679 9t
1883 5642 1954 5679 eo
2059 5646 2102 5677 is
2134 5645 2302 5679 11...”.
2567 5654 2628 5679 ιη
3034 5678 3037 5679 ,

2059 5646 2102 5677 ⁸⁸
2133 5645 2324 5705 Matth.
2366 5669 2517 5725 χχιιι,
2567 5654 2654 5712 17.

3252 5757 3327 5820 29

3194 5877 3222 5898 Ο
