4076 6188
449 256 556 322 907

1657 246 2018 309 HESYCHII
2067 248 2542 308 PRESBY’I’ERI

3596 260 3702 326 908

451 370 765 440 superbiam
796 382 986 423 eorum
1019 366 1121 418 hoc
1150 360 1313 415 modo
1344 361 1585 415 retundit
1624 380 1634 415 :
1670 361 1863 415 Amant
1894 363 2031 415 enim
2062 367 2104 423 Α
2138 362 2228 416 lite
2276 364 2504 433 gaudere
2550 366 2673 434 quia
2719 367 2975 420 dtemonia
3024 369 3161 423 vobis
3211 370 3580 439 subiiciuntur,
3618 380 3718 432 sed

452 463 650 530 primos
695 459 963 513 accubitus
1007 456 1062 509 in
1106 455 1277 517 clunis,
1314 465 1363 506 et
1406 453 1608 522 primas
1652 454 1927 507 cathedras
1975 455 2029 506 in

452 549 752 619 synagogis,
794 556 843 600 et
878 544 1227 598 salutationes
1273 542 1329 594 in
1372 544 1504 611 foro,
1546 550 1595 595 et
1624 542 1800 596 vocari
1834 542 1898 595 ab
1934 541 2029 593 lio-

451 643 676 696 minibus
725 639 890 694 Rabbi
927 639 988 690 ".
1044 636 1133 692 Sic
1170 651 1299 707 ergo
1324 636 1476 690 stulti
1519 635 1737 705 quidam
1781 636 1847 690 de
1898 634 2029 703 ipsis

451 739 608 785 erant
660 738 716 783 et
769 726 1012 797 superbi.
1062 725 1246 796 Lepus
1303 735 1364 780 ut
1417 726 1673 792 timidus,
1719 724 2027 781 fortitudini

449 824 753 877 contrarius
791 831 876 876 est
914 838 925 873 :
964 820 1357 891 ehirogryllus,
1397 830 1457 874 ut
1510 836 1693 891 rapax,
1731 820 1957 890 justitize
2010 839 2024 874 :

449 934 560 983 sus,
598 928 659 971 ut
692 917 800 971 vita
836 915 1052 971 sordida
1106 916 1316 979 vivens,
1357 923 1411 969 et
1460 914 1758 976 immunda,
1797 912 1865 967 de
1920 928 2027 982 quo

448 1010 652 1062 dictum
698 1017 783 1062 est
821 1023 834 1057 ε
875 1005 1028 1061 Sicut
1076 1005 1301 1059 circulus
1327 1022 1518 1059 aureus
1560 1006 1616 1059 in
1648 1005 1862 1058 naribus
1892 1004 2022 1065 suis,

448 1099 527 1152 sic
572 1099 762 1151 mulier
809 1096 1031 1166 pulchra
1085 1106 1133 1149 et
1182 1098 1332 1166 fatua
1368 1097 1431 1162 ‘7,
1471 1095 1705 1150 castitati
1754 1093 2022 1149 contraria

446 1198 547 1243 est.
606 1187 810 1241 llorum
862 1201 964 1240 nec
1004 1200 1199 1239 carnes
1250 1185 1621 1244 comedamus,
1664 1182 1713 1237 id
1767 1192 1871 1245 est,
1922 1198 2023 1236 nec

445 1294 610 1349 quam
653 1277 911 1330 videntur
950 1275 1155 1329 habere
1197 1274 1453 1329 virtutem
1486 1288 1799 1342 sequamur,
1831 1272 1885 1325 in
1922 1272 2021 1342 hy-

446 1373 648 1445 pocrisi
698 1372 843 1426 enim
898 1370 1064 1432 illam,
1102 1379 1158 1424 et
1199 1384 1307 1423 non
1350 1369 1405 1422 in
1446 1367 1675 1421 veritate
1719 1374 2019 1421 sectantur.

445 1460 613 1516 Multo
645 1461 816 1530 magis
842 1467 1027 1513 autem
1066 1456 1355 1511 morticina
1386 1470 1573 1510 eorum
1609 1454 1876 1526 tangenda
1911 1468 2017 1507 non

444 1563 592 1619 sunt,
612 1567 711 1606 nec
743 1551 898 1605 malis
924 1564 1115 1604 eorum
1144 1547 1656 1604 communicandum
1687 1545 2017 1608 actionibus,

445 1646 560 1714 ipsa
591 1644 735 1697 enim
772 1640 1084 1710 hujusmodi
1129 1639 1321 1709 procul
1361 1638 1528 1693 dubio
1572 1636 1857 1692 morticina
1892 1644 2016 1689 sunt

443 1735 569 1792 viri.

514 1828 675 1884 Vsus.
708 1826 864 1883 9-12.
903 1845 920 1878 ‹
956 1823 1080 1879 Hcce
1110 1832 1238 1878 sunt
1268 1837 1389 1892 quae
1417 1821 1713 1893 gignuntur
1742 1819 1797 1874 in
1839 1818 2011 1888 aquis,

441 1930 496 1977 et
531 1920 672 1977 vesci
707 1918 914 1974 licitum
946 1925 1049 1972 est.
1091 1915 1265 1970 Omne
1301 1914 1445 1984 quod
1480 1914 1644 1967 habet
1681 1911 1935 1981 pinnulas
1964 1919 2018 1963 et

439 2024 693 2080 squamas
727 2049 742 2074 ,
799 2016 908 2061 tam
963 2007 1015 2058 in
1072 2005 1230 2069 mari,
1279 2019 1442 2074 quam
1498 2004 1553 2057 in
1602 2001 1916 2056 ﬂuminibus
1962 2010 2015 2053 et

439 2101 646 2171 stagnis
678 2139 692 2163 ,
735 2096 1038 2153 comedetis
1072 2115 1082 2149 :
1124 2096 1390 2167 quidquid
1443 2104 1626 2150 autem
1677 2094 1932 2165 pinnulas
1962 2101 2015 2145 et

438 2205 692 2260 squamas
725 2204 833 2243 non
872 2189 1056 2253 habet,
1083 2203 1271 2241 eorum
1303 2203 1423 2257 qua:
1454 2186 1509 2239 in
1544 2186 1698 2256 aquis
1729 2193 2016 2238 moventur

434 2296 493 2339 et
526 2286 735 2348 vivunt,
770 2283 1136 2338 abominabile
1175 2283 1332 2337 vobis
1369 2292 1425 2337 et
1464 2281 1859 2337 exsecrandum
1889 2280 2011 2332 erit.

435 2377 643 2433 Carnes
671 2391 863 2430 eorum
904 2366 1011 2428 non
1045 2373 1363 2437 comedetis,
1394 2382 1450 2426 et
1491 2372 1775 2427 morticina
1816 2369 2014 2426 vitabi-

438 2469 529 2520 tis.
554 2467 769 2519 Cuncta
796 2480 920 2534 qua:
965 2479 1074 2518 non
1123 2464 1325 2518 habent
1363 2463 1618 2533 pinnulas
1666 2472 1721 2518 et
1759 2476 2014 2530 squamas

436 2554 489 2609 in
523 2556 680 2625 aquis
710 2555 915 2625 polluta
944 2562 1123 2608 erunt.
1160 2572 1178 2604 ι

505 2646 580 2700 Ex
612 2661 679 2701 eo
710 2645 854 2715 quod
889 2659 999 2698 non
1028 2654 1216 2713 aperte
1260 2643 1443 2697 divina
1487 2642 1767 2711 Scriptura
1810 2655 2009 2711 genera

433 2737 667 2806 piscium
711 2734 984 2805 exposuit,
1020 2750 1051 2787 a
1092 2732 1292 2803 quibus
1334 2732 1598 2787 abstineri
1645 2732 1777 2794 vult,
1815 2748 2009 2801 super-

430 2828 598 2883 ﬂuum
632 2836 717 2882 est
746 2826 862 2881 haec
898 2824 951 2877 in
982 2825 1239 2894 praesenti
1269 2839 1534 2892 quaerere,
1566 2840 1831 2893 nusquam
1863 2826 2007 2878 enim

432 2917 662 2986 piscium
713 2918 769 2971 in
815 2932 879 2971 ea
932 2915 1279 2969 inveniemus
1319 2915 1601 2968 vocabula.
1647 2915 2005 2984 Semetipsam

2135 457 2359 522 gaudete
2386 466 2432 508 et
2459 457 2734 521 exsultale,
2765 460 2889 523 quia
2922 461 3135 513 nomina
3161 471 3334 515 vestra
3363 465 3560 534 scripta
3588 483 3711 526 sunt

2132 545 2188 595 in
2226 544 2365 597 cazlis
2396 545 2462 596 ιθ.
2495 545 2735 601 Probant
2778 558 2961 603 autem
3012 551 3126 606 haec
3171 552 3334 607 etiam
3376 553 3539 623 hujus
3580 573 3713 613 san-

2132 636 2330 690 ctionis
2361 637 2547 702 verba,
2580 640 2734 693 aiunt
2762 641 2907 695 enim
2950 659 2964 695 :

2204 727 2331 781 lltec
2358 738 2479 782 sunt
2505 746 2623 800 qua:
2646 732 2933 801 gignuntur
2965 733 3021 786 in
3053 735 3226 804 aquis,
3254 744 3306 790 et
3331 739 3468 791 uesci
3500 738 3702 796 licitum

2129 826 2224 869 est.
2258 817 2643 889 lnlelliguntur
2676 837 2771 890 per
2813 821 2931 876 haec
2972 823 3030 876 hi
3073 824 3169 893 qui
3202 840 3271 879 ex
3305 829 3571 897 gentibus’
3596 833 3707 885 sal-

2128 907 2236 960 vati
2268 917 2417 975 sunt,
2453 921 2639 981 utpote
2681 913 3148 983 regenerationem
3180 916 3443 973 habentes
3478 920 3533 975 in
3561 938 3702 991 aqua

2128 998 2488 1067 baptismatis,
2512 1004 2579 1056 de
2600 1004 2798 1074 quibus
2823 1015 2878 1060 et
2900 1006 3065 1061 lsaias
3092 1008 3308 1063 dicebat
3332 1025 3348 1063 :
3374 1010 3507 1065 Ecce
3528 1026 3702 1084 gentes

2126 1092 2280 1159 quasi
2327 1093 2502 1146 situlte
2550 1095 2726 1148 stulta:
2755 1098 2822 1149 υ.
2884 1095 3029 1160 Sive,
3064 1106 3124 1152 ut
3154 1098 3315 1162 LXX,
3361 1098 3510 1154 Sicut
3544 1120 3698 1174 aqua:

2126 1180 2328 1247 multa’,
2366 1193 2555 1252 gentes
2599 1185 2802 1239 multae.
2838 1186 2989 1241 Unde
3019 1196 3075 1242 et
3100 1188 3180 1243 eis
3204 1190 3540 1245 conveniunt
3577 1210 3698 1262 qua:

2124 1282 2445 1338 sequuntur.

2192 1361 2357 1416 Omne
2407 1373 2542 1435 quod
2590 1367 2744 1420 habet
2796 1369 3045 1437 pinnulas
3096 1381 3146 1424 et
3188 1387 3455 1441 squamas,
3494 1383 3600 1427 tam
3645 1376 3701 1428 in

2122 1455 2281 1516 mari,
2307 1470 2464 1523 quam
2502 1457 2554 1508 in
2597 1459 2900 1525 [luminibus
2930 1469 2977 1512 et
3011 1462 3231 1530 stagnis,
3266 1466 3564 1517 comedetis.
3594 1464 3700 1519 Ea-

2122 1544 2243 1597 dem
2275 1547 2440 1598 etiam
2490 1547 2575 1600 his
2615 1549 2706 1616 qui
2758 1564 2823 1602 ex
2876 1551 3132 1619 gentibus
3172 1562 3318 1617 sunt,
3361 1553 3430 1607 de
3470 1556 3699 1609 medita-

2124 1637 2271 1691 tione
2327 1640 2459 1709 legis
2510 1641 2630 1694 aliis
2681 1645 2938 1712 praecepit
2987 1645 3191 1699 verbis.
3244 1644 3371 1700 Vult
3415 1648 3559 1701 enim
3603 1662 3698 1702 eo;

2050 1703 2089 1755 Β
2122 1726 2321 1780 habere
2381 1703 2433 1781 in
2486 1703 2840 1785 meditatione
2894 1732 3028 1803 legis
3082 1734 3370 1803 pinnulas,
3424 1735 3698 1806 vitamque

2120 1816 2408 1869 sublimem
2452 1827 2614 1887 atque
2659 1820 2960 1887 cmlestem,
2994 1822 3088 1877 sed
3132 1824 3526 1893 expositionem
3566 1826 3699 1896 legis

2119 1904 2245 1957 huic
2279 1906 2533 1973 similem,
2562 1918 2785 1978 propter
2821 1910 2966 1979 quod
2999 1926 3108 1965 non
3155 1913 3438 1981 pinnulam
3472 1913 3693 1978 habere,

2121 1996 2212 2049 sed
2259 1996 2514 2066 pinnulas
2560 2014 2655 2054 eos
2698 2001 2832 2056 vult.
2870 2001 3008 2068 Quia
3042 2013 3223 2058 autem
3264 2004 3563 2075 ignorantia
3601 2006 3690 2060 di-

2117 2086 2256 2139 vina:
2290 2086 2585 2157 Scriptum
2614 2101 2803 2160 gentes
2829 2093 3160 2159 obtinuerat,
3184 2108 3294 2149 non
3323 2094 3469 2149 enim
3501 2111 3692 2150 susce-

2116 2188 2310 2246 perant
2338 2180 2533 2251 legem,
2565 2197 2744 2252 neque
2769 2185 3089 2254 prophetas,
3116 2202 3219 2241 nec
3249 2186 3348 2241 alia
3377 2187 3431 2241 in
3457 2188 3539 2242 eis
3568 2198 3693 2243 erat

2114 2270 2341 2325 svientia
2376 2272 2561 2325 divina
2606 2274 2879 2339 subtilior,
2915 2291 2987 2330 ne
3025 2291 3156 2347 ergo
3196 2278 3301 2331 hoc
3342 2278 3533 2331 morbo
3563 2293 3694 2347 per-

2113 2360 2353 2413 manenti
2399 2371 2452 2415 et
2500 2373 2768 2432 perpetuo
2806 2365 3136 2430 laborarent,
3172 2381 3427 2436 squamas
3454 2382 3550 2422 eos
3580 2370 3694 2423 ba—

2113 2449 2245 2502 bere
2300 2450 2449 2516 vult,
2500 2467 2623 2520 qua:
2685 2452 2843 2509 facile
2898 2455 3263 2510 auferrentur.
3316 2457 3453 2522 Quia
3510 2468 3691 2512 autem

2111 2555 2351 2609 squamae
2385 2542 2762 2611 temporalem,
2797 2553 2852 2598 et
2885 2560 2991 2614 qua
3038 2545 3195 2600 facile
3232 2556 3502 2611 careatur,
3535 2548 3689 2618 igno-

2109 2636 2340 2688 rantiam
2382 2635 2707 2705 signiﬁcant,
2749 2637 3130 2693 demonstrant
3170 2656 3233 2694 ea
3272 2656 3394 2710 qua:
3424 2641 3491 2695 de
3519 2639 3691 2694 Paulo

2108 2724 2380 2794 descripta
2414 2735 2560 2788 sunt,
2596 2726 2653 2780 in
2685 2728 3054 2797 apostolorum
3087 2731 3348 2796 Actibus;
3382 2747 3505 2785 cum
3537 2732 3689 2784 enim

2108 2814 2226 2866 zelo
2272 2815 2493 2883 judaico
2540 2816 2838 2871 Eeclesiam
2897 2829 3339 2889 persequeretur,
3391 2822 3692 2892 ignoraret-

2107 2919 2210 2972 que
2262 2919 2386 2958 eum
2425 2920 2588 2973 quem
2643 2910 3093 2977 persequebatur,
3138 2910 3295 2965 facile
3342 2912 3519 2965 caruit
3568 2912 3690 2966 zelo

431 3009 594 3062 etiam
620 3022 750 3077 ergo
785 3007 839 3060 in
872 3006 978 3060 hoc
1005 3006 1249 3060 imitatur
1278 3005 1416 3059 loco.
1447 3004 1836 3059 Verumtamen
1872 3004 2003 3058 illud
2031 3024 2074 3085 ρ
2109 3004 2331 3065 [ποριεῖ
2384 2996 2746 3067 ignorantiam
2800 3015 2815 3053 :
2867 3014 3154 3070 postquam
3211 3003 3469 3072 cognovit
3521 3018 3689 3072 quem

429 3113 577 3154 nunc
610 3098 784 3153 notari
822 3104 1057 3167 oportet,
1089 3095 1214 3165 quia
1253 3095 1712 3165 quemadmodum
1746 3096 1800 3149 iu
1833 3111 2002 3165 spon-

430 3190 604 3245 taneis
632 3188 936 3254 sacriﬁciis,
969 3202 1091 3257 quae
1124 3197 1179 3241 et
1207 3188 1346 3240 dona
1382 3186 1657 3257 legislator
1689 3185 1999 3255 appellavit,

344 3302 355 3321 ι
422 3279 722 3349 aliquando
762 3277 981 3347 quidem
1029 3286 1344 3347 operatores
1386 3277 1541 3349 legis,
1574 3277 1867 3347 aliquando
1907 3291 2003 3329 au-

427 3382 534 3425 tem
567 3369 863 3440 simplices.
894 3368 1187 3438 aliquando
1228 3382 1359 3422 vero
1404 3368 1865 3437 eontemplatores
1903 3382 2001 3436 per

424 3460 761 3517 oblationum
802 3457 1128 3529 signiﬁcavit
1172 3458 1384 3523 modos,
1424 3458 1715 3529 aliquando
1764 3473 1859 3512 eos
1905 3457 1997 3527 qui

423 3552 703 3607 salvantur
742 3565 807 3605 ex
856 3549 1134 3620 gentibus,
1175 3548 1374 3618 quibus
1421 3557 1479 3603 et
1527 3547 1789 3603 sacriﬁcia
1818 3549 1884 3602 de
1918 3547 1996 3601 si-

418 3642 571 3705 mila,
621 3649 683 3696 ut
728 3638 1089 3709 simplicibus,
1125 3638 1427 3707 deputavit,
1458 3637 1601 3706 quod
1649 3637 1887 3692 ostendit
1929 3651 1996 3690 ex

418 3747 487 3785 eo
527 3729 675 3801 quod
716 3729 871 3796 dicit,
902 3726 962 3783 Si
1008 3730 1188 3782 anima
1231 3728 1476 3783 obtulerit
1517 3729 1711 3781 donum
1749 3727 1992 3791 Domino,

420 3836 530 3875 non
559 3819 787 3883 addens,
809 3818 867 3874 Si
901 3818 1083 3873 anima
1114 3821 1179 3873 de
1203 3820 1395 3889 populo
1430 3828 1602 3884 terrae,
1642 3818 1995 3889 quemadmo—

417 3915 547 3967 dum
573 3912 629 3966 in
659 3912 889 3967 aliorum
914 3912 1305 3967 sacriﬁciorum
1324 3912 1795 3966 enuntiationibus
1821 3911 1989 3975 solet;

414 3999 561 4053 sicut
589 4013 720 4069 ergo
749 3998 802 4051 in
835 3997 964 4062 illis,
996 3998 1074 4053 sic
1102 4008 1158 4052 et
1187 3998 1276 4052 hic
1306 4014 1403 4067 per
1437 3999 1682 4052 ciborum
1711 3998 1991 4053 abstinen-

414 4090 570 4154 tiam,
619 4088 807 4158 quales
854 4088 1059 4143 debent
1110 4103 1231 4143 esse
1277 4089 1369 4159 qui
1410 4089 1585 4161 legem
1634 4090 1983 4153 meditantur,

414 4181 709 4236 ostendere
759 4180 1011 4249 cupiens,
1085 4195 1186 4249 per
1243 4180 1522 4235 ruminare
1578 4181 1878 4250 siquidem,
1933 4188 1989 4233 et

413 4271 668 4343 ungulam
712 4270 989 4335 dividere,
1029 4270 1278 4325 Judaeum
1336 4271 1691 4343 signiﬁcavit,
1741 4274 1835 4342 qui
1890 4272 1987 4326 de-

2107 3096 2547 3154 persequeretur,
2594 3098 2820 3144 vocatus
2869 3105 2898 3143 a
2943 3089 3182 3154 Christo,
3219 3102 3275 3146 et
3311 3102 3597 3163 postquam
3631 3095 3687 3148 ei

2105 3175 2173 3229 ab
2204 3177 2413 3231 Anania
2445 3180 2877 3249 evangelizatum
2906 3190 3011 3247 est,
3035 3183 3328 3236 ceciderunt
3355 3200 3591 3253 squamae
3615 3185 3686 3237 ab

2074 3298 2079 3304 -
2104 3268 2266 3322 oculis
2291 3270 2426 3338 ejus,
2453 3279 2501 3324 et
2538 3288 2661 3325 mox
2682 3272 2810 3325 vidit
2835 3273 2900 3328 ³⁸.
2927 3274 3066 3344 Ergo
3092 3274 3145 3327 in
3173 3274 3394 3330 modum
3425 3291 3684 3345 squama-

2102 3371 2221 3410 rum
2265 3360 2686 3429 superjacebant
2724 3361 2992 3416 instantes
3033 3363 3084 3417 ei
3140 3365 3467 3433 temporales
3525 3367 3683 3436 igno-

2102 3447 2310 3502 rantize.
2366 3446 2520 3503 Unde
2570 3449 2736 3503 nimis
2781 3461 3182 3521 consequenter
3225 3452 3499 3524 legislator
3546 3455 3683 3511 sub-

2099 3537 2264 3592 didit:

2170 3629 2436 3701 Quidquid
2467 3641 2646 3686 autem
2684 3633 2935 3703 pinnulas
2978 3643 3070 3687 aut
3111 3651 3362 3699 squamas
3393 3652 3497 3689 non
3523 3637 3679 3692 liabet

2098 3738 2276 3775 eorum
2306 3738 2422 3792 qua:
2448 3723 2504 3775 in
2528 3725 2681 3794 aquis
2715 3735 2986 3779 moventur
3014 3735 3061 3779 et
3097 3727 3294 3791 vivunt,
3324 3727 3675 3783 abominabils

2095 3812 2236 3865 vobis
2253 3821 2302 3865 et
2321 3815 2698 3868 exsecrandum
2720 3816 2839 3870 erit.
2860 3814 3003 3870 Sunt
3020 3816 3167 3869 enim
3182 3817 3427 3885 quaedam
3444 3819 3676 3887 piscium

2094 3916 2313 3970 genera.
2342 3910 2535 3955 testam
2560 3918 2660 3972 pro
2686 3903 2826 3973 pelle
2856 3905 3115 3960 habentia
3147 3924 3160 3959 :
3188 3921 3421 3975 quorum
3448 3922 3674 3977 squama

2093 3991 2293 4047 auferri
2341 4008 2451 4048 non
2502 4003 2704 4063 potest.
2757 3994 2918 4050 Tales
2956 4004 3090 4051 sunt
3135 3998 3229 4066 qui
3273 4013 3378 4053 nec
3418 4014 3675 4068 squamas

2093 4081 2414 4151 ignorantiae
2443 4085 2612 4139 verbo
2639 4085 2735 4139 Dei
2764 4085 3063 4156 deponere,
3097 4102 3196 4142 nec
3226 4088 3464 4143 cultrum
3508 4091 3675 4160 spiri-

2092 4184 2181 4229 tus
2214 4175 2495 4245 suscipere
2528 4178 2835 4247 patiuntur.
2880 4178 2946 4232 lli
2977 4179 3081 4235 etsi
3120 4181 3175 4234 in
3209 4183 3343 4236 mari
3381 4182 3674 4237 inveniann

2092 4276 2181 4321 tur
2235 4268 2611 4339 baptismatis,
2665 4271 2768 4326 etsi
2821 4272 2876 4326 in
2927 4271 3244 4327 ﬂuminibus
3294 4274 3666 4343 poenitentiae.

414 4366 504 4416 bet
550 4362 684 4433 legis
729 4361 964 4431 implere
1014 4362 1267 4417 mandata
1320 4363 1471 4418 etab
1504 4364 1701 4434 spiritu
1747 4364 1981 4417 litteram
2018 4349 2059 4403 ί)
2090 4359 2487 4415 abominabiles
2541 4369 2672 4416 sunt
2717 4362 2772 4416 in
2813 4364 3069 4418 omnibus
3115 4379 3237 4433 quze
3277 4374 3568 4420 moventur
3613 4379 3677 4421 et

410 4455 674 4521 dividere,
702 4464 759 4509 et
801 4456 972 4525 legem
1011 4455 1328 4525 spiritaliter
1374 4458 1698 4527 intelligere,
1731 4472 1827 4527 per
1867 4458 1984 4512 haec

408 4550 592 4597 autem
626 4557 747 4611 quae
795 4556 942 4596 nunc
981 4542 1125 4597 dicta
1170 4554 1317 4609 sunt,
1351 4545 1593 4601 ostendit
1626 4545 1694 4600 de
1731 4545 1985 4616 gentibus

409 4650 467 4687 se
500 4633 669 4704 loqui.
704 4632 861 4689 Unde
894 4634 1169 4703 existimo,
1204 4651 1314 4691 non
1352 4637 1632 4706 expressis
1672 4636 1984 4692 nominibus

404 4721 639 4792 piscium
684 4722 1002 4777 memoriam
1038 4722 1255 4789 factam,
1287 4726 1417 4795 quia
1456 4739 1558 4780 nec
1592 4724 1813 4780 nomina
1855 4740 1984 4780 suo-

405 4828 525 4868 rum
570 4813 735 4869 scribi
779 4828 946 4885 super
999 4824 1202 4871 terram
1248 4817 1403 4887 cupit
1449 4817 1713 4882 Ecclesia,
1746 4817 1893 4873 unde
1926 4828 1983 4873 et

401 4907 491 4960 illa
531 4904 699 4962 David
739 4905 815 4961 ait
849 4925 863 4961 ε
900 4906 1213 4962 Scribuntur
1258 4908 1370 4963 lucc
1415 4910 1469 4962 in
1515 4910 1849 4979 generatione
1891 4910 1981 4964 al-

398 5008 511 5050 tera
544 4997 609 5063 ",
638 4997 894 5052 videlicet
924 4997 1110 5053 futura
1142 4998 1197 5052 in
1223 4998 1394 5064 caelis,
1434 4998 1510 5054 ibi
1553 5000 1705 5055 enim
1742 5000 1976 5056 ﬁliorum

396 5085 531 5155 eius.
569 5087 770 5156 scripta
827 5094 957 5141 sunt
1011 5086 1257 5152 nomina,
1291 5087 1359 5142 de
1401 5102 1508 5158 qua
1546 5088 1748 5145 Paulus
1790 5089 1923 5145 dicit
1956 5109 1969 5144 :

391 5180 692 5234 Accessistis
722 5180 794 5234 ad
820 5188 1047 5236 montem
1072 5178 1219 5247 Sion,
1249 5190 1297 5234 et
1326 5182 1398 5235 ad
1427 5183 1691 5238 civitatem
1726 5183 1819 5238 Dei
1849 5184 1971 5245 vivi,

390 5267 687 5325 Jerusalem
713 5271 988 5338 cuiatem,
1021 5281 1070 5326 ct
1103 5270 1386 5326 multarunt
1417 5273 1643 5327 millium
1669 5272 1976 5343 angelorum

393 5361 702 5430 ['reqnentic
747 5374 795 5417 et
826 5364 1082 5421 Ecclesia:
1123 5365 1529 5434 primitivorum,
1569 5366 1659 5436 qui
1697 5366 1977 5434 conscripti

386 5459 511 5503 sunt
541 5451 597 5503 in
629 5450 771 5504 catis
798 5452 863 5505 ".
901 5453 967 5507 Et
999 5452 1264 5509 Dominus
1297 5455 1363 5509 ad
1399 5455 1677 5525 apostolos
1720 5455 1797 5509 ait
1825 5473 1837 5508 :
1869 5455 1977 5508 Νο-

2090 4449 2280 4505 vivunt
2324 4450 2380 4505 in
2422 4452 2598 4521 aquis.
2649 4453 2715 4508 Et
2753 4468 2879 4508 cum
2917 4454 3086 4509 vitam
3126 4455 3304 4509 sortiti
3344 4456 3456 4510 sint
3485 4456 3537 4508 in
3570 4456 3676 4510 ba-

2086 4541 2373 4611 ptismate.
2418 4544 2764 4599 vocationem
2839 4554 3026 4601 tamen
3086 4548 3673 4617 regenerationemque

2087 4643 2455 4704 corruperunt
2496 4653 2508 4689 :
2563 4636 2693 4692 dum
2728 4636 2987 4703 pinnulas
3019 4646 3077 4692 et
3117 4653 3372 4707 squamas
3416 4655 3523 4693 non
3568 4642 3672 4694 ha-

2083 4722 2238 4787 bent,
2288 4724 2576 4780 sublimem
2637 4726 2891 4782 videlicet
2946 4728 3136 4794 vitam,
3188 4730 3671 4800 cognitionemque

2082 4813 2418 4879 divinorum,
2459 4831 2582 4885 qua:
2630 4816 2871 4873 ctelestis
2920 4826 3023 4885 est,
3063 4819 3160 4875 sed
3208 4835 3303 4876 cor
3346 4837 3552 4876 czecum
3609 4824 3667 4877 in

2082 4905 2389 4975 ignorantia
2434 4906 2682 4965 detinent
2711 4926 2723 4962 :
2752 4917 2808 4964 et
2844 4919 3133 4980 propterea
3166 4912 3222 4966 in
3257 4913 3343 4968 his
3369 4913 3462 4983 qui
3497 4930 3669 4984 squa-

2083 5014 2201 5054 mas
2250 4999 2474 5066 habent,
2525 5015 2637 5055 non
2681 5012 3138 5060 annumerantur.
3181 5003 3409 5061 Intende
3455 5017 3663 5069 autem,

2080 5096 2283 5158 quanta
2331 5087 2632 5145 subtilitate
2682 5106 3022 5158 sermonum,
3056 5104 3116 5149 ut
3145 5096 3399 5151 videlicet
3428 5101 3666 5154 maxima

2082 5194 2180 5249 per
2227 5194 2323 5237 eos
2371 5179 2629 5252 mysteria
2680 5189 2737 5235 et
2788 5182 3130 5240 admirabilia
3183 5187 3519 5257 signiﬁcans,
3583 5192 3666 5245 le-

2082 5272 2307 5342 gislalor
2351 5274 2555 5341 utitur;
2588 5274 2832 5344 pinnulis
2875 5276 3019 5331 enim
3064 5292 3319 5348 squamas
3354 5282 3663 5351 conjunxit.

2083 5364 2207 5433 quia
2237 5364 2695 5433 quemadmodum
2727 5365 2991 5436 piscibus,
3015 5369 3216 5439 quibus
3243 5380 3373 5425 sunt
3399 5386 3665 5440 squamae,

2086 5456 2172 5510 his
2219 5464 2345 5510 sunt
2393 5456 2715 5512 omnimodo
2751 5468 2807 5513 et
2855 5458 3118 5528 pinnulm,
3158 5463 3237 5517 sic
3270 5463 3471 5533 quibus
3511 5464 3669 5535 igne.

465 5582 913 5675 ‘A'jia_t_th.‘x_xiii,
947 5590 1000 5647 6.
1079 5594 1121 5626 "
1158 5593 1319 5651 Prov.
1351 5612 1426 5662 si,
1450 5594 1543 5651 ἓξ.
1619 5595 1663 5628 ¹³
1694 5594 1839 5651 Psal.
1869 5612 1944 5665 cr,
1980 5601 2061 5656 19.
2142 5602 2184 5635 "
2219 5599 2387 5658 Hebr.
2413 5617 2508 5667 su,
2542 5602 2634 5658 22.
2715 5604 2760 5635 ⁸⁸
2796 5603 2932 5658 Luc.
2962 5621 3015 5667 κ,
3057 5606 3145 5663 9.0.
3226 5606 3271 5639 "
3307 5605 3408 5662 lsa.
3444 5621 3537 5675 XL,
3570 5606 3660 5664 l5.

394 5647 439 5678 “
468 5654 586 5709 Act.
621 5672 693 5724 ix,
742 5659 824 5712 18.

780 5852 812 5879 ν
