4076 6188
382 302 488 365 909

1512 295 1593 355 IN
1630 292 2069 357 LEVITICUM.
2104 318 2172 327 —
2205 292 2350 352 LIB.
2386 292 2480 351 III

3535 292 3640 358 910

380 413 554 467 rautia
593 411 906 483 temporalis
944 418 1049 471 est,
1085 417 1142 464 tt
1182 422 1289 478 qua
1318 414 1605 476 propterea
1635 405 1744 459 cito
1776 403 1951 460 careri
1985 412 2027 465 Λ
2056 403 2278 456 veritate
2325 402 2522 470 privati
2566 411 2707 467 sicut,
2756 404 3172 460 existimantium
3224 418 3482 477 quaestum
3534 424 3642 462 esse

381 505 551 577 possit
583 546 598 570 ,
642 506 727 561 bis
774 513 831 560 et
878 502 1118 576 cognitio
1169 501 1416 556 sublimis
1455 508 1513 554 et
1562 499 1673 554 vita
1718 498 1959 554 cmlcstis

381 594 652 666 adjicitur.
688 594 888 651 llorum
920 610 1051 665 ergo
1083 592 1174 662 qui
1212 608 1322 647 non
1358 600 1489 646 sunt
1521 591 1677 655 tales,
1711 607 1814 645 nec
1842 607 1960 645 car-

380 704 478 743 nes
537 688 864 750 comedere,
920 686 1017 740 sed
1075 700 1177 739 nec
1226 683 1515 738 morticina
1558 689 1811 754 tangere,
1862 698 1964 739 nec

381 777 618 846 aliquam
672 775 1116 832 communionem
1169 774 1395 829 omnino
1447 788 1572 829 eum
1624 774 1707 827 eis
1759 773 1964 827 habere

381 874 620 938 oportet,
657 868 803 939 quod
858 876 1087 923 testatur
1126 865 1351 931 Paulus,
1388 865 1578 920 dicens
1608 884 1621 919 :
1661 864 1721 920 Si
1773 866 1841 928 is,
1875 867 1965 936 qui

384 965 552 1034 frater
597 964 924 1028 nominatur,
969 971 1044 1017 est
1094 963 1403 1033 fornicator,
1457 970 1550 1015 aut
1604 978 1820 1025 avarus,
1871 970 1965 1015 aut

385 1053 539 1107 idolis
584 1053 835 1117 seruiens,
886 1051 1347 1115 autmaledicus,
1401 1061 1495 1105 aut
1547 1052 1811 1117 ebriosus,
1872 1059 1965 1104 aut

387 1160 578 1215 rapax.
610 1160 729 1197 cum
752 1143 1052 1212 hujusmodi
1080 1159 1171 1196 nec
1198 1142 1369 1197 cibum
1392 1159 1596 1197 sumere
1619 1144 1684 1196 ³³.
1716 1142 1962 1205 Adulter,

386 1244 480 1289 aut
511 1250 726 1301 avarus,
756 1244 849 1289 aut
880 1234 1152 1298 ebriosus,
1192 1242 1283 1288 aut
1313 1234 1607 1297 detractor,
1650 1249 1760 1287 non
1804 1232 1969 1287 habet

385 1325 677 1395 pinnulas,
727 1334 787 1380 ut
821 1325 989 1380 vitam
1038 1325 1296 1380 videlicet
1343 1324 1551 1379 habens
1603 1324 1875 1380 sordidam
1914 1333 1970 1379 et

385 1414 745 1472 immundam.
802 1416 1072 1471 ldolorum
1123 1425 1307 1471 autem
1372 1414 1550 1471 cultor
1629 1416 1683 1469 in
1740 1416 1824 1469 bis
1875 1415 1966 1485 qui

386 1523 642 1578 squamas
682 1509 907 1573 habent,
940 1525 1053 1563 non
1101 1517 1470 1580 computatur,
1505 1509 1697 1564 duram
1742 1509 1965 1579 quippe,

385 1599 524 1653 etin
559 1615 766 1654 morem
800 1607 984 1664 testze,
1029 1607 1193 1669 atque
1239 1599 1598 1654 insanabilem
1645 1599 1850 1653 habere
1889 1598 1969 1652 vi-

385 1690 547 1743 detur
597 1690 908 1745 divinorum
958 1690 1356 1760 ignorantiam,
1404 1690 1540 1744 alias
1585 1705 1965 1759 nequaquam,

385 1786 671 1847 postquam
743 1778 857 1833 Deo
922 1758 1253 1849 conjunctus
1321 1788 1441 1846 est,
1503 1780 1643 1834 ultra
1680 1758 1969 1836 servisset
2003 1758 2042 1814 Β

387 1867 567 1922 idolis.

462 1957 623 2013 Vsus.
660 1959 846 2016 1349.
883 1980 903 2014 ι
948 1960 1075 2015 llaac
1123 1968 1253 2015 sunt
1296 1977 1418 2031 qua:
1455 1962 1524 2015 de
1558 1964 1752 2019 avibus
1786 1980 1969 2020 come-

384 2050 517 2106 dere
557 2067 666 2105 non
701 2053 932 2115 debetis.
960 2064 1015 2109 ct
1048 2054 1263 2109 vitanda
1295 2064 1423 2110 sunt
1465 2056 1618 2110 vobis
1648 2075 1660 2108 :
1704 2052 1963 2126 aquilam,

388 2149 443 2193 et
469 2142 753 2211 grypbem,
783 2152 838 2196 et
868 2142 1144 2196 baliaztum
1171 2182 1187 2204 ,
1218 2153 1273 2196 ct
1302 2142 1524 2196 milvnm
1579 2158 1644 2198 ac
1676 2145 1968 2210 vulturem,

384 2231 543 2301 juxta
577 2246 752 2301 genus
789 2246 953 2283 suum
981 2247 996 2283 :
1026 2240 1082 2285 et
1109 2245 1271 2284 omne
1309 2231 1516 2286 cervini
1563 2233 1779 2303 generis
1810 2233 1862 2286 in
1894 2233 1970 2288 si-

389 2320 753 2373 militudiucm
799 2335 951 2373 suam
998 2336 1012 2372 :
1055 2320 1441 2385 struthionem,
1484 2330 1763 2387 noctuam,
1797 2331 1852 2376 et
1891 2322 1971 2375 la—

390 2426 532 2476 rum,
565 2420 621 2464 et
666 2411 981 2482 accipitrem
1030 2412 1183 2481 juxta
1227 2427 1398 2483 genus
1446 2427 1630 2477 suum,
1671 2413 1970 2477 bubonem,

390 2511 446 2556 et
493 2504 820 2573 tnergulum,
852 2512 909 2558 et
940 2503 1074 2567 ibin,
1110 2519 1362 2575 cycnum,
1398 2514 1453 2560 et
1489 2506 1884 2570 onocrotalum,
1916 2514 1974 2560 et

389 2595 839 2665 porphyrionem,
893 2595 1270 2663 hcrodionem,
1316 2606 1371 2653 et
1423 2598 1775 2653 cbaradrium
1816 2599 1969 2669 juxta

390 2696 563 2753 genus
598 2696 781 2747 suum,
816 2698 1053 2752 upupam
1081 2699 1322 2755 quoque,
1357 2693 1414 2740 et
1441 2686 1904 2757 vespertilionem.
1946 2704 1965 2736 ›

459 2771 571 2827 Nec
612 2789 801 2827 eorum
838 2774 930 2844 qui
963 2775 1034 2830 ad
1070 2776 1590 2847 contemplationem
1638 2787 1856 2841 vacant,
1892 2778 1972 2831 vi—

391 2873 499 2919 tam
548 2865 605 2918 in
652 2865 759 2920 hoc
816 2866 1093 2937 lcgislator
1144 2866 1509 2933 indiscussam
1569 2868 1821 2940 reliquit,
1875 2870 1972 2925 sed

389 2955 847 3026 quemadmodum
908 2956 961 3010 in
1027 2956 1305 3012 oblatione
1391 2956 1780 3014 sacriﬁciorum
1848 2974 1972 3029 pro-

390 3048 568 3117 prium
594 3047 676 3102 eis
704 3048 838 3118 legis
866 3048 1166 3119 capitulum
1191 3049 1494 3120 deputavit,
1522 3051 1594 3104 ita
1615 3059 1671 3105 et
1701 3050 1757 3104 in
1787 3049 1972 3121 inqui-

387 3139 588 3194 sitione
646 3140 892 3195 ciborum
956 3140 1095 3195 lines
1146 3140 1226 3195 eis
1272 3141 1521 3212 proprios
1574 3141 1782 3206 dedit,
1833 3155 1972 3210 quos

387 3228 720 3299 producens,
766 3238 823 3285 et
876 3230 1239 3285 terribiliores
1288 3229 1515 3298 faciens,
1559 3246 1671 3286 non
1714 3231 1859 3287 sicut
1903 3232 1971 3287 de

385 3320 677 3390 pecoribus
705 3329 760 3375 et
798 3321 865 3375 de
899 3322 1164 3391 piscibus,
1205 3322 1368 3376 etiam
1417 3322 1485 3377 de
1528 3322 1615 3377 bis
1655 3323 1849 3379 sahcit.
1895 3324 1971 3379 lbi

388 3412 536 3466 enim
569 3412 647 3467 ait
680 3432 693 3466 :
727 3412 848 3466 Haec
876 3422 998 3467 sunt
1055 3413 1318 3468 animalia
1358 3430 1474 3485 qua:
1515 3416 1780 3469 comedere
1820 3416 1972 3470 debe-

389 3505 457 3557 tis
491 3505 555 3557 de
597 3507 795 3559 cunctis
840 3504 1202 3558 animantibus
1248 3514 1422 3560 εει-ηε.
1462 3504 1525 3561 Et
1567 3521 1759 3561 rursus
1793 3527 1804 3561 :
1846 3507 1973 3562 Ilwc

389 3603 512 3646 sunt
560 3610 676 3664 qua:
722 3595 1012 3663 gignuntur
1060 3593 1117 3645 in
1164 3594 1336 3663 aquis,
1364 3602 1412 3647 et
1445 3594 1581 3647 vesci
1616 3594 1820 3647 licitum
1873 3606 1968 3650 est.

394 3685 491 3738 llic
523 3693 706 3738 autem
744 3703 756 3739 :
794 3682 923 3738 Haec
950 3694 1072 3738 sunt
1118 3700 1235 3755 qute
1267 3685 1332 3739 de
1358 3685 1544 3739 avibus
1572 3687 1840 3740 comedere
1870 3704 1973 3741 non

389 3776 607 3836 debetis.
656 3786 705 3831 et
752 3778 971 3830 uitanda
1010 3788 1131 3830 sunt
1183 3777 1343 3832 vobis.
1382 3775 1522 3833 Vere
1567 3779 1972 3835 abominatione

366 3868 615 3938 ‘dignum
664 3876 767 3933 est,
822 3875 877 3921 et
923 3867 1079 3922 valde
1134 3867 1279 3922 inter
1337 3868 1524 3924 illicita
1592 3879 1756 3941 atque
1810 3871 1972 3927 nimis

386 3958 639 4013 evitanda
670 3958 1197 4024 connumerandum,
1216 3960 1662 4029 contemplationi
1689 3970 1968 4016 vacantem

387 4049 699 4119 quempiam
755 4059 966 4120 sponte
1000 4050 1135 4105 tales
1190 4050 1391 4105 habere
1446 4052 1684 4107 maculas
1719 4093 1734 4118 ,
1783 4054 1971 4124 quales

387 4160 513 4218 per,
552 4143 926 4199 dinumeratas
994 4158 1124 4199 aves
1193 4142 1470 4215 legislator
1533 4142 1835 4215 signiticat;
1895 4144 1972 4199 ait

384 4251 532 4290 εηιιιι
577 4253 593 4290 ε

456 4350 724 4422 Aquilam,
757 4360 805 4405 et
850 4351 1122 4422 gryphem,
1150 4360 1198 4405 et
1255 4351 1533 4415 alituum,
1575 4360 1623 4404 et
1651 4350 1865 4405 miluum
1908 4368 1970 4406 ac

2063 494 2311 561 pietatem
2353 494 2417 547 ".
2464 495 2571 549 llos
2612 510 2741 566 ergo
2782 495 3091 567 significant
3129 514 3190 552 ea
3222 514 3343 567 quae
3374 515 3521 555 nunc
3557 501 3642 555 di-

2063 596 2346 639 uumerata
2388 596 2518 639 sunt
2553 586 2831 651 animalia,
2872 587 3075 641 victum
3103 605 3168 642 ex
3199 590 3385 659 rapina
3413 593 3641 662 conqui-

2065 680 2259 733 rcutia.
2296 678 2553 744 Quaedam
2586 690 2765 735 autem
2798 696 2863 734 ex
2899 679 3002 743 his,
3033 680 3167 734 alias
3199 697 3327 737 aves
3357 682 3643 746 invadunt.

2065 777 2120 822 ct
2152 785 2216 823 ex
2260 771 2647 827 venationibus
2672 760 2872 825 carum
2910 771 3265 838 nutriuntur;
3301 773 3406 828 alia
3433 792 3562 831 vero
3591 776 3645 830 in

2066 859 2257 916 domos
2310 861 2699 932 ingredientia.
2746 863 3011 932 diripiunt
3061 879 3182 933 quae
3234 867 3537 935 repercrint
3580 885 3650 923 ne

2067 952 2287 1021 quidem
2324 955 2629 1023 gerentiqu
2666 954 2911 1029 obsoniis
2946 956 3249 1025 parcentia,
3284 957 3483 1026 quibus
3523 970 3653 1014 sunt

2068 1042 2272 1097 similes
2305 1044 2527 1112 quidam
2579 1042 2671 1112 qui
2720 1052 3010 1112 penetrant
3055 1044 3267 1110 domos,
3308 1055 3364 1100 et
3412 1047 3653 1117 captivas

2068 1136 2276 1201 ducunt
2315 1138 2665 1193 mulierculas
2697 1146 2952 1193 oneratas
2983 1139 3243 1209 peccatis,
3283 1156 3420 1211 quos
3456 1140 3652 1196 Paulus

2067 1232 2265 1303 arguit.
2300 1230 2500 1287 Vultur
2530 1232 2662 1287 rixis
2695 1242 2749 1287 et
2779 1233 2936 1287 bellis
2975 1234 3195 1304 gaudet,
3235 1244 3458 1305 propter
3489 1235 3652 1290 cada—

2069 1338 2196 1377 vcra
2230 1324 2561 1393 pra=liorum,
2592 1324 2646 1378 in
2673 1334 2881 1380 tantum
2911 1335 2971 1380 ut
3002 1325 3165 1379 etiam
3213 1334 3471 1396 sequatur
3497 1343 3655 1382 exer-

2068 1413 2260 1468 citum.
2293 1413 2412 1467 Non
2443 1429 2575 1486 ergo
2607 1424 2824 1484 oportet
2855 1414 3085 1470 aliorum
3117 1414 3335 1470 casibus
3367 1416 3516 1486 pasci
3570 1425 3657 1470 at-

2069 1519 2176 1572 que
2222 1504 2419 1559 nutriri
2469 1520 2593 1558 cum
2641 1505 2732 1574 qui
2779 1504 3225 1574 contemplationi
3271 1506 3363 1559 dat
3408 1521 3650 1575 Operam.

2068 1582 2287 1650 Corvini
2336 1611 2468 1653 vero
2503 1597 2719 1667 generis
2753 1597 3010 1652 animalia
3047 1606 3179 1652 sunt
3220 1597 3528 1654 affectionis
3558 1616 3653 1653 ex-

2071 1687 2265 1756 pertia,
2297 1689 2443 1758 quod
2485 1688 2836 1743 manifestum
2865 1698 2950 1743 est
2977 1704 3041 1742 ex
3076 1702 3165 1752 eo,
3192 1680 3335 1757 qdod
3365 1689 3600 1744 emissus
3623 1706 3653 1744 a

2069 1778 2205 1843 Noe,
2232 1795 2297 1833 ex
2335 1781 2508 1851 prima
2549 1796 2673 1834 eum
2711 1796 2908 1835 corvus
2950 1779 3260 1835 avolatione
3289 1790 3656 1851 transgressus

2069 1881 2172 1935 est,
2200 1871 2284 1924 cui
2321 1871 2515 1925 similis
2573 1868 2743 1926 Judas
2789 1872 2932 1926 circa
2982 1888 3142 1927 suum
3192 1873 3509 1945 magistrum
3555 1872 3657 1928 fuit

2068 1969 2124 2014 et
2169 1961 2479 2016 Dominum.
2532 1960 2781 2015 Strutbio
2834 1961 2952 2016 avis
2997 1961 3216 2031 quidem
3274 1970 3375 2030 est,
3421 1961 3516 2017 sed
3556 1978 3656 2017 vo-

2068 2051 2182 2106 lare
2218 2066 2329 2107 non
2360 2061 2559 2121 potest,
2592 2062 2869 2122 totamque
2896 2053 3061 2107 vitam
3091 2069 3244 2109 suam
3276 2053 3420 2108 circa
3452 2063 3652 2108 terram

2070 2153 2323 2215 occupat,
2376 2145 2568 2215 quales
2613 2156 2744 2200 sunt
2795 2145 3016 2217 quidam
3070 2145 3182 2201 Deo
3234 2145 3551 2211 militantes,
3601 2156 3655 2201 et

2072 2235 2255 2291 smculi
2290 2251 2349 2290 se
2383 2236 2617 2307 negotiis
2658 2237 3024 2305 implicantes.
3072 2236 3334 2292 Noctuam
3371 2252 3522 2302 vero,
3555 2252 3655 2307 pro

2071 2344 2177 2397 qua
2208 2327 2565 2399 Septuaginta
2595 2328 2813 2397 γλαῦκα
2838 2328 3117 2405 dixerunt,
3137 2330 3280 2385 banc
3307 2337 3561 2385 asserunt
3598 2329 3652 2383 in

2070 2429 2233 2475 nocte
2258 2421 2401 2477 acuti
2425 2436 2547 2475 esse
2578 2422 2746 2486 visus,
2771 2421 2883 2475 sole
2918 2431 3098 2477 autem
3132 2431 3448 2492 apparente,
3471 2421 3654 2476 minus

2075 2510 2312 2566 utilitate
2337 2513 2619 2567 oculorum
2650 2510 2778 2566 l'rui.
2804 2510 2964 2567 Tales
2989 2512 3230 2583 suntqui
3259 2512 3393 2583 legis
3418 2512 3654 2583 glorian-

2078 2613 2165 2657 tur
2207 2604 2670 2674 contemplatione
2705 2613 2762 2658 ct
2798 2604 3048 2671 scientia,
3110 2604 3284 2658 lucem
3330 2602 3655 2675 evangelicae
3733 2636 3736 2640 λ

2076 2697 2506 2751 conversationis
2550 2711 2746 2767 capere
2796 2712 2906 2751 non
2952 2696 3216 2751 valentes.
3255 2695 3426 2750 Larus
3456 2695 3654 2751 animal

2075 2796 2159 2841 est
2205 2786 2257 2840 in
2315 2795 2549 2858 utroque
2599 2787 2813 2853 vivens,
2848 2787 2900 2843 id
2948 2796 3033 2843 est
3085 2802 3222 2858 aqua
3270 2796 3326 2842 ct
3368 2799 3533 2855 terra,
3563 2787 3656 2858 qui

2072 2880 2217 2933 sicut
2257 2879 2376 2935 avis
2419 2880 2641 2949 quidem
2688 2879 2852 2946 volat,
2887 2889 2946 2935 ut
2986 2880 3223 2951 aquatile
3264 2888 3447 2934 autem
3482 2888 3651 2933 natat.

2073 2970 2172 3026 Cui
2202 2987 2312 3026 non
2347 2972 2488 3028 male
2520 2980 2907 3043 comparantur
2949 2973 3026 3039 hi,
3056 2973 3148 3043 qui
3194 2971 3355 3026 simul
3397 2970 3656 3027 cieumci-

2074 3064 2284 3118 sionem
2352 3073 2684 3131 venerantur
2730 3074 2785 3120 et
2834 3064 3124 3135 baptisma,
3164 3065 3230 3122 ad
3278 3080 3416 3137 quos
3458 3063 3657 3119 Paulus

2074 3156 2207 3212 dicit
2241 3174 2252 3208 :
2293 3155 2352 3211 Si
2398 3157 2866 3225 circumcidemini,
2899 3156 3134 3213 Christus
3182 3157 3325 3213 vobis
3368 3157 3502 3213 nihil
3535 3174 3658 3228 pro-

2074 3249 2185 3302 dest
2216 3248 2281 3301 ".
2309 3247 2587 3317 Accipiter
2614 3248 2756 3303 inter
2785 3264 3179 3337 rapaces‘aves
3218 3258 3322 3316 est,
3352 3250 3516 3305 habet
3555 3266 3656 3305 au-

2078 3350 2187 3394 tem
2224 3340 2480 3411 quiddam
2512 3339 2681 3401 aliud,
2723 3349 2948 3411 propter
2979 3341 3123 3411 quod
3157 3357 3187 3396 a
3221 3342 3527 3413 legislatore
3556 3358 3657 3414 po-

2073 3430 2212 3486 situs
2237 3440 2340 3497 est,
2376 3432 2711 3487 mansuescit
2755 3432 2978 3501 quippe,
3011 3442 3066 3487 et
3097 3442 3421 3504 cooperatur
3456 3434 3521 3489 ad
3567 3420 3663 3490 ra;

2074 3523 2387 3594 pacitatem.
2422 3524 2592 3590 Quem
2627 3524 2911 3578 imitantur
2938 3523 2993 3577 hi
3020 3523 3110 3592 qui
3137 3525 3405 3579 mansueti
3434 3525 3654 3595 quidem

2074 3615 2331 3669 videntur
2362 3630 2501 3678 esse,
2534 3623 2588 3668 et
2620 3630 2783 3668 sensu
2831 3615 3128 3685 tranquilli,
3164 3622 3291 3669 sunt
3318 3625 3499 3670 autem
3530 3632 3653 3672 cum

2074 3708 2412 3777 potentibus,
2445 3717 2501 3761 et
2533 3706 2732 3772 avaris,
2762 3716 2927 3776 atque
2988 3706 3293 3778 rapacibus.
3336 3706 3655 3778 Nycticorax

2071 3798 2270 3852 animal
2302 3807 2406 3861 est,
2442 3798 2585 3867 quod
2624 3797 2683 3871 in
2709 3807 2872 3852 nocte
2905 3798 3282 3853 tantummodo
3321 3799 3463 3869 repit
3492 3808 3655 3870 atque

2073 3898 2381 3960 operatur:
2429 3889 2569 3944 sicut
2617 3898 2748 3943 sunt
2795 3898 3015 3960 gentes,
3064 3888 3430 3960 intelligibilcs
3479 3895 3655 3945 noctis

2071 3982 2349 4052 operibus,
2383 3997 2504 4051 quae
2549 3992 2678 4038 sunt
2722 3981 3033 4047 lornicatio,
3071 3982 3438 4047 immunditia,
3477 3982 3655 4053 impn-

2071 4073 2278 4136 dicitia,
2309 4072 2578 4128 idolorum
2608 4073 2807 4147 cultus,
2838 4081 2894 4127 et
2922 4072 3009 4127 bis
3044 4071 3265 4127 similia.
3304 4073 3410 4137 ibis
3442 4082 3498 4129 et
3528 4088 3655 4143 por-

2072 4167 2302 4238 pbyrion
2358 4176 2412 4222 et
2448 4182 2609 4237 quem
2653 4165 3007 4238 Septuaginta
3040 4165 3325 4220 nominant.
3353 4166 3651 4236 pelicanus,

2069 4268 2125 4313 et
2170 4274 2392 4330 cycnus,
2446 4268 2503 4313 et
2553 4258 2834 4322 berodius,
2884 4265 2938 4313 et
2985 4257 3297 4322 cbaradius,
3334 4258 3479 4330 longi
3530 4273 3654 4314 esse

2072 4350 2219 4415 colli,
2250 4351 2578 4420 trabereque
2621 4349 2803 4404 cibum
2847 4363 2912 4403 ex
2946 4348 3235 4404 altitudine
3292 4358 3452 4405 terrae
3490 4358 3655 4418 atque

381 4439 644 4493 vulturem
689 4440 849 4509 juxta
901 4456 1062 4511 genus
1120 4456 1292 4494 suum.
1358 4441 1622 4510 Rapaces,
1668 4448 1723 4494 et
1778 4440 1958 4495 cibum
1994 4449 2038 4503 Ι)
2067 4457 2330 4513 aquarum
2375 4441 2679 4497 dicuntur:
2717 4455 2836 4508 qua:
2869 4439 3125 4496 animalia
3169 4439 3370 4496 imitari
3412 4451 3651 4511 oportet,

383 4534 623 4589 alienum
692 4533 831 4589 male
900 4542 1207 4604 sectantes,
1274 4534 1684 4604 qutustibusquc
1746 4535 1962 4606 injustis

385 4624 707 4696 gaudentes.
742 4640 838 4693 per
867 4625 1119 4695 praedicta
1155 4625 1442 4695 signiﬁcat.
1474 4623 1610 4691 Quia
1648 4624 1798 4692 enim
1838 4624 1963 4695 qui-

385 4716 509 4769 dam
546 4714 900 4770 inveniuntur
930 4717 983 4769 in
1016 4716 1293 4780 Ecclesiis,
1325 4716 1469 4770 inter
1497 4731 1594 4771 eos
1628 4716 1722 4786 qui
1767 4726 1963 4783 putan-

385 4815 474 4861 tur
519 4807 964 4876 contemplationi
1014 4821 1237 4877 Operam
1284 4806 1436 4869 dare,
1473 4806 1566 4878 qui
1611 4822 1719 4861 non
1766 4823 1963 4877 quem-

379 4899 672 4957 admodum
718 4899 943 4969 debent,
983 4899 1054 4963 ad
1095 4900 1202 4956 hoc
1237 4911 1453 4964 vacant,
1496 4900 1592 4955 sed
1642 4900 1843 4959 frustra
1880 4900 1965 4959 iu-

378 4990 598 5055 llantur,
636 4991 767 5046 audi
798 4990 1024 5047 Paulum
1055 4992 1331 5049 dicentem
1367 5010 1380 5046 :
1409 4991 1468 5047 Si
1498 4993 1613 5064 quis
1646 4991 1757 5046 alia
1794 4994 1964 5052 docet,

378 5091 427 5135 et
474 5099 574 5137 non
628 5084 913 5155 acquiescit
960 5085 1107 5139 sanis
1159 5085 1482 5139 sermonibus
1533 5084 1747 5137 Domini
1801 5084 1965 5137 nostri

377 5172 502 5225 Jesu
532 5170 748 5237 Christi,
774 5182 823 5227 et
853 5175 901 5228 ei
929 5174 1021 5245 qui
1053 5174 1340 5230 secundum
1377 5177 1626 5244 pietatem
1661 5182 1735 5228 est
1766 5175 1963 5229 doctri-

381 5279 481 5329 nae,
522 5266 772 5333 superbus
813 5276 911 5332 est,
955 5267 1088 5321 nihil
1140 5269 1326 5333 sciens,
1375 5267 1465 5322 sed
1518 5268 1772 5340 languens
1820 5268 1959 5322 circa

380 5357 689 5427 qua‘stiones
737 5368 786 5411 et
828 5376 1034 5430 pugnas
1074 5360 1368 5423 uerborum.
1400 5377 1465 5414 ex
1496 5360 1682 5431 quibus
1721 5362 1963 5415 oriuntur

378 5446 613 5514 invidiae,
646 5452 1018 5529 contentiones,
1047 5452 1403 5521 blasphemiae,
1428 5452 1749 5520 suspiciones
1780 5451 1957 5516 malaz,

378 5539 795 5609 conﬂictationes
819 5542 1090 5596 hominum
1116 5551 1287 5596 mente
1311 5553 1700 5612 corruptorum,
1728 5553 1776 5597 et
1802 5543 1892 5611 qui
1927 5559 1960 5595 a

438 5692 485 5724 ﬂ
535 5715 551 5769 |
593 5716 721 5773 Cor.
773 5734 828 5781 ν,
865 5717 948 5771 ll.
1027 5719 1073 5748 ¹⁶
1103 5716 1120 5770 l
1149 5715 1289 5772 Tim.
1325 5735 1398 5786 vt,
1430 5720 1486 5783 5,
1520 5719 1573 5773 4.
1652 5719 1695 5750 ’⁵
1727 5717 1901 5773 Galat.
1946 5734 1996 5783 τ,
2030 5717 2085 5772 2.

2069 4551 2173 4593 nec
2194 4534 2262 4589 de
2290 4533 2637 4590 inferioribus
2652 4533 2889 4588 evellere
2903 4532 3108 4597 cibum,
3123 4532 3218 4588 sed
3236 4532 3303 4587 de
3318 4533 3524 4589 caelesti
3532 4534 3650 4588 bus.

2071 4627 2165 4681 llle
2191 4626 2463 4697 siquidem
2491 4624 2938 4699 contemplationi
2964 4623 3254 4694 vacat,.qui
3281 4625 3347 4680 ad
3371 4626 3651 4695 superiora

2072 4729 2258 4774 mente
2289 4718 2593 4782 contendit,
2630 4726 2687 4773 et
2725 4732 2834 4771 non
2887 4717 3061 4773 solum
3102 4716 3518 4786 intelligibilem,
3557 4715 3654 4769 sed

2076 4814 2133 4860 ct
2162 4805 2476 4860 sensibilem
2506 4804 2686 4860 cibum
2722 4822 2750 4856 a
2786 4803 2897 4858 Deo
2922 4810 3234 4872 exspectat:
3271 4801 3413 4856 unde
3438 4802 3517 4854 ait
3550 4798 3652 4851 Do-

2077 4897 2258 4952 minus
2284 4916 2296 4951 :
2325 4896 2500 4951 Nolite
2526 4896 2736 4950 solliciti
2764 4911 2872 4949 esse
2897 4896 3093 4950 animae
3119 4903 3323 4959 uestras,
3351 4893 3476 4961 quid
3500 4907 3653 4944 mau-

2073 4988 2473 5058 ducetis,neque
2498 4986 2727 5055 corpori,
2744 4985 2870 5051 quid
2896 4984 3197 5038 induamini
3223 4999 3240 5038 :
3262 4982 3359 5039 scit
3384 4981 3521 5034 enim
3544 4980 3651 5033 Pa-

2073 5088 2152 5132 ter
2194 5088 2360 5134 vester
2392 5076 2627 5141 cwlestis,
2664 5077 2790 5145 quia
2839 5074 3080 5129 omnibus
3125 5073 3204 5126 his
3250 5086 3452 5125 necesse
3492 5071 3653 5123 habe—

2071 5172 2138 5225 tis
2161 5171 2227 5224 ”.
2262 5168 2453 5240 Upupa
2482 5168 2712 5239 lugubre
2739 5166 2938 5223 animal
2965 5179 3263 5233 amansque
3292 5166 3496 5217 luctum
3529 5169 3609 5216 est
3635 5179 3648 5215 :

2071 5261 2253 5317 saeculi
2301 5268 2485 5315 autem
2541 5258 2760 5315 tristitia
2814 5266 3044 5313 mortem
3095 5263 3370 5325 operatur.
3422 5251 3652 5324 Pr0ptcr

2069 5354 2215 5425 quod
2260 5360 2478 5424 oportet
2514 5365 2641 5405 cum
2687 5350 2778 5419 qui
2822 5347 2997 5419 diligit
3047 5345 3216 5402 Deum
3269 5360 3488 5415 semper
3520 5361 3654 5418 gau-

2070 5447 2220 5511 dere,
2253 5445 2372 5501 sine
2415 5442 2826 5498 intermissione
2863 5454 3040 5506 orare,
3076 5439 3131 5494 in
3166 5437 3423 5493 omnibus
3451 5437 3654 5509 gratias

2069 5555 2233 5612 agere
2262 5558 2276 5593 :
2309 5537 2436 5608 quia
2475 5534 2734 5607 gaudium
2786 5532 2997 5587 fructus
3024 5539 3110 5588 est
3143 5530 3388 5603 spiritus.
3417 5527 3654 5601 Vespera

2176 5718 2222 5748 “
2252 5715 2443 5772 Matth.
2473 5730 2548 5779 τι,
2580 5711 2672 5777 31,
2703 5711 2796 5766 52.
