4076 6188
420 302 515 372 9!!

1610 291 1942 355 HESYCH-I
1949 290 1977 351 Ι
2013 288 2483 352 PRESBYTERI

3583 294 3686 358 912

423 430 638 483 titiones
669 424 812 479 circa
847 430 1044 475 terram
1078 412 1278 473 volant,
1304 409 1375 463 ita
1408 417 1468 461 ut
1491 404 1686 476 pennis
1718 418 1820 473 pro
1852 398 2013 472 pcdi-
2038 415 2078 470 Α
2108 397 2204 452 sed
2236 406 2437 459 tamen,
2465 396 2590 466 quia
2619 412 2728 452 non
2762 397 3060 452 secundum
3092 400 3407 466 veritatem,
3434 404 3694 461 socialem

419 522 523 575 bus
548 526 776 573 utantur
804 509 1021 583 quando
1053 501 1334 558 ambulant
1374 519 1385 554 :
1425 496 1570 568 quod
1610 494 1892 567 indignum
1926 498 2007 544 est

420 615 473 667 in
525 612 604 666 eis
653 608 745 678 qui
785 595 1235 669 contemplationi
1286 593 1418 649 dant
1469 602 1739 659 operam:
1775 596 2009 653 quorum

422 703 569 755 enim
605 675 687 753 est
735 694 949 751 volatus
991 689 1134 743 circa
1186 696 1409 746 terram,
1441 681 1637 733 horum
1671 675 1836 731 etiam
1876 687 2009 726 con-

394 790 705 863 'tcmplatio
735 785 927 858 procul
959 781 1125 837 dubio
1166 778 1221 832 in
1264 773 1497 830 terrenis
1526 776 1846 839 occupatur.
1888 763 2005 818 Non

423 856 553 956 ergo
592 856 906 935 incredulus
952 875 1030 928 sis
1076 887 1181 926 nec
1224 867 1462 930 dubites,
1495 861 1651 933 quod
1675 861 1789 915 luec
1819 856 2005 919 etiam,

422 944 543 1042 quae
588 983 737 1023 nunc
770 967 1116 1023 diuumcrata
1146 968 1294 1023 sunt,
1335 953 1609 1017 animalia,
1640 950 1708 1005 ad
1737 944 2008 1003 ostensio-

422 1039 547 1119 nem
580 1062 917 1132 ﬁguramque
946 1070 1159 1118 eorum,
1191 1068 1218 1104 a
1248 1050 1446 1121 quibus
1485 1045 1763 1100 abstinere
1806 1039 2009 1093 debent

423 1150 875 1225 contemplationi
912 1154 1189 1210 vacantes,
1224 1142 1407 1214 posuit
1444 1138 1737 1209 legislator.
1786 1132 1889 1188 Sed
1924 1132 2010 1186 in-

422 1251 578 1321 quies
609 1266 622 1302 :
650 1224 947 1314 Quomodo
980 1242 1175 1296 horum
1208 1234 1521 1290 animalium
1555 1244 1664 1283 non
1695 1227 1869 1289 cibus,
1913 1224 2007 1279 sed

424 1342 659 1397 imitatio
705 1336 1070 1409 prohibetur,
1119 1345 1241 1385 cum
1284 1326 1535 1397 pelicano
1580 1329 1637 1373 et
1681 1315 2007 1389 nycticoraci

425 1433 594 1487 David
643 1407 913 1500 propheta
961 1421 1316 1490 semetipsum
1362 1409 1730 1482 comparavit,
1773 1407 2004 1460 dicens:

428 1524 630 1580 Similis
645 1497 837 1590 ifuctus
870 1517 1108 1588 pelicano
1144 1527 1281 1575 sum,
1314 1511 1484 1579 factus
1526 1519 1639 1556 sum
1679 1504 1813 1552 sicut
1842 1497 2014 1568 nyctia

428 1631 589 1671 corna:
628 1616 682 1668 in
723 1609 987 1666 domicilio
1012 1607 1096 1659 ’7‘!
1143 1603 1245 1657 Per
1292 1599 1524 1670 aquilam
1575 1606 1755 1649 autem
1798 1590 2011 1660 Moyses

427 1709 608 1778 ipsum
658 1701 928 1775 signiﬁcat
972 1698 1168 1760 Deum,
1201 1694 1474 1748 dicentem
1519 1687 1585 1741 ad
1626 1682 1790 1738 lsrael
1823 1700 1834 1733 ε
1869 1680 2009 1745 Quo-

429 1799 581 1853 modo
620 1793 937 1866 portarerim
957 1804 1061 1864 _vos
1093 1802 1251 1855 super
1288 1783 1406 1836 alas
1437 1777 1741 1851 aquilarum
1771 1773 1848 1825 ὀἳ
1876 1771 2009 1824 Nam

425 1903 479 1945 et
529 1888 812 1960 prophetae
871 1884 1086 1936 leonem
1127 1876 1404 1931 Christum
1458 1868 1751 1939 appellant,
1794 1865 2007 1918 leonem

426 1955 609 2035 autem
634 1955 666 2031 e
689 1975 907 2031 diverso
939 1985 1063 2026 esse
1103 1968 1295 2021 Petrus
1334 1961 1607 2017 diabolum
1641 1957 1769 2012 dicit
1792 1955 1871 2021 ”;
1904 1968 2008 2007 nec

428 2085 607 2127 tamen
642 2067 943 2121 secundum
974 2062 1079 2115 hoc
1106 2059 1194 2113 leo
1241 2054 1512 2115 Christus,
1538 2049 1836 2105 secundum
1864 2045 2006 2114 quod

426 2158 673 2215 diabolus
707 2155 924 2211 dicitur.
960 2149 1116 2204 Absit
1159 2165 1188 2201 a
1253 2145 1432 2205 nobis,
1470 2142 1612 2196 absit
1666 2139 1768 2192 ista
1815 2135 2009 2204 impie-

431 2264 512 2308 tas
546 2271 558 2305 :
593 2250 688 2304 sed
719 2246 844 2318 quia
889 2243 1051 2299 simul
1093 2239 1322 2310 regium,
1360 2250 1575 2291 necnon
1626 2246 1809 2302 rapax,
1849 2238 2009 2297 atque

429 2346 638 2400 immite
664 2351 747 2397 est
773 2336 997 2401 animal,
1031 2346 1264 2402 cumque
1295 2330 1613 2399 dignitatem
1662 2322 2007 2384 laudabilem,

427 2431 843 2503 vituperabilem
884 2435 1067 2480 tamen
1106 2421 1479 2492 operationem
1513 2426 1682 2487 gerat,
1717 2414 1861 2484 quod
1892 2413 2012 2481 qui-

430 2527 553 2578 dem
597 2520 865 2575 laudabile
910 2517 1095 2582 habet,
1127 2514 1230 2568 hoc
1268 2513 1323 2565 in
1358 2510 1557 2565 Christi
1610 2522 1774 2576 regno
1812 2505 2012 2573 accipi-

433 2626 539 2680 tur,
577 2613 723 2683 quod
753 2619 935 2665 autem
962 2604 1345 2677 vituperabile,
1380 2603 1433 2655 in
1464 2599 1700 2663 diabolo,
1733 2598 1785 2651 id
1815 2606 1899 2652 est
1926 2612 2014 2650 ra-

432 2708 661 2779 pacitas,
693 2701 1161 2758 immansuetudo.
1209 2695 1365 2761 Quod
1410 2703 1465 2748 et
1517 2693 1570 2747 in
1620 2690 1797 2761 aquila
1838 2690 2015 2744 consi-

433 2803 715 2861 derantes,
747 2796 868 2850 sine
899 2793 1079 2863 aliqua
1119 2789 1398 2845 dubietate
1434 2784 1761 2856 reperimus,
1796 2789 2017 2852 propter

433 2891 778 2948 altitudinem
831 2886 981 2943 enim
1037 2881 1252 2937 volatus
1302 2878 1457 2947 ejus,
1515 2875 1738 2947 ﬁguram
1789 2873 1908 2942 ejus
1960 2870 2012 2924 in

436 2987 606 3039 Deum
658 2978 892 3050 sumpsit
933 2973 1175 3045 Moyses;
1216 2969 1343 3041 quia
1405 2981 1533 3022 vero
1585 2978 1771 3035 rapax,
1818 2978 1847 3016 a
1894 2961 2017 3015 cibo

432 3079 553 3148 ejus
579 3070 964 3130 abstinendum
1000 3065 1157 3121 dixit.
1189 3060 1460 3131 Propheta
1492 3066 1672 3111 autem
1715 3054 1903 3119 David,
1936 3054 2017 3107 lu-

2111 490 2515 562 amplectuntur
2549 491 2744 556 vitam,
2782 491 3082 546 abutuntur
3106 501 3288 547 autem
3323 500 3697 567 compastione

2111 578 2516 646 prtedicationis
2546 594 2649 649 pro
2697 580 2810 635 suis
2840 581 3231 651 voluptatibus,
3262 583 3527 643 immundi
3567 600 3699 645 sunt

2110 676 2273 737 atque
2320 668 2736 734 abominabiles,
2789 679 2977 741 utpote
3025 670 3117 740 qui
3168 672 3221 725 in
3270 674 3359 728 tali
3403 690 3698 733 conversa-

2112 760 2279 824 tione,
2322 769 2378 813 et
2421 759 2475 813 in
2520 759 2610 813 tali
2652 760 2901 825 scientia,
2929 768 3140 831 turpem
3180 766 3470 832 quamdam
3514 768 3697 841 ingre.

2109 850 2337 904 diuntur
2383 860 2438 905 et
2481 850 2817 906 immundam
2869 852 3058 906 vitam.
3099 850 3309 917 Quibus
3351 865 3535 911 autem
3567 867 3693 915 sunt

2109 959 2272 1000 crura
2315 943 2635 1005 excelsiora,
2671 952 2729 997 ut
2770 958 2869 1014 per
2906 958 2969 998 ea
3007 945 3262 999 essiliant
3299 962 3327 999 a
3363 954 3530 1011 term,
3554 951 3698 1005 inter

2111 1036 2314 1091 munda
2338 1044 2624 1105 propterea
2645 1035 3098 1105 ponuntur,quia,
3121 1051 3246 1091 cum
3278 1037 3389 1092 sint
3420 1040 3473 1092 in
3505 1056 3694 1106 carne,

2111 1144 2221 1184 non
2261 1129 2561 1185 secundum
2590 1144 2813 1183 carnem
2859 1128 3109 1193 militant,
3142 1129 3236 1184 sed
3267 1145 3297 1184 a
3328 1132 3562 1186 sordidis
3600 1149 3697 1188 ex-

2111 1220 2303 1275 siliunt
2345 1219 2677 1284 actionibus,
2733 1228 2788 1273 et
2841 1219 3194 1275 smeularibus
3261 1220 3594 1287 hominibus,
3639 1235 3697 1280 ut

2112 1312 2348 1367 doceant
2376 1327 2471 1366 eos
2502 1320 2665 1381 atque
2702 1311 2991 1377 instruant,
3039 1313 3443 1381 permiscentur
3474 1334 3487 1370 :
3519 1318 3589 1370 ita
3639 1328 3698 1374 ut

2116 1414 2171 1459 et
2200 1419 2324 1457 cmn
2357 1402 2620 1458 adulteris
2657 1404 2967 1473 aliquando,
3006 1414 3061 1458 et
3092 1421 3215 1459 cum
3253 1407 3564 1476 publicanis
3598 1409 3696 1463 ha-

2112 1499 2309 1560 bitent,
2335 1508 2390 1552 ct
2413 1507 2592 1552 tamen
2626 1497 2921 1551 immundis
2949 1513 3137 1552 eorum
3166 1514 3272 1554 non
3300 1501 3693 1557 commiscean-

2112 1599 2200 1643 tur
2230 1590 2538 1644 actionibus
2577 1606 2588 1641 :
2629 1589 2874 1643 resiliunt
2916 1590 3060 1644 enim
3092 1589 3160 1644 ab
3198 1592 3298 1653 eis,
3352 1600 3408 1645 et
3453 1594 3690 1657 avolant,

2112 1689 2167 1734 et
2196 1694 2322 1731 cum
2357 1680 2670 1734 societatem
2717 1680 2924 1748 peccati
2956 1681 3198 1751 ipSorum
3243 1681 3540 1754 refugiant,
3567 1699 3693 1754 pec-

2049 1781 2085 1832 B
2114 1773 2391 1829 caloribus
2430 1779 2632 1837 tamen,
2662 1780 2721 1825 ut
2753 1784 2849 1825 eos
2883 1786 2914 1824 a
2947 1782 3293 1842 peccatorum
3335 1776 3589 1830 sordibus
3629 1775 3694 1829 lio

2111 1863 2307 1918 herent
2371 1870 2532 1930 atque
2600 1869 2905 1927 revocent,
2955 1860 3279 1931 plerumque
3331 1864 3690 1917 cohabitant:

2111 1955 2251 2011 sicut
2298 1954 2597 2017 Dominus,
2650 1955 2742 2024 qui
2780 1964 3051 2021 peccatum
3085 1967 3187 2007 non
3223 1956 3365 2026 fecit,
3400 1971 3492 2009 nec
3524 1956 3578 2009 in
3608 1973 3697 2010 ore

2110 2048 2225 2116 ejus
2255 2046 2405 2100 dolus
2434 2047 2532 2116 fuit
2566 2044 2630 2110 ⁸³,
2675 2060 2797 2099 cum
2841 2047 3224 2115 peccatoribus
3264 2048 3581 2103 comedebat
3642 2058 3696 2103 et

2114 2139 2349 2201 bibebat,
2382 2136 2627 2192 doctrina
2659 2152 2755 2192 eos
2795 2136 3247 2209 institutioneque
3287 2140 3607 2210 justiﬁcans,
3638 2149 3693 2198 et

2113 2232 2177 2284 ad
2221 2231 2303 2284 sui
2338 2245 2640 2300 provocans
2673 2229 3100 2294 aemulationem,
3152 2232 3286 2285 nihil
3337 2248 3528 2287 eorum
3575 2234 3696 2304 ipse

2117 2323 2354 2387 imitans,
2387 2337 2489 2375 nec
2518 2322 2587 2376 ab
2614 2321 2694 2375 eis
2726 2321 3059 2391 inquinatus.
3098 2321 3328 2393 Propter
3362 2326 3504 2394 quod
3544 2326 3700 2380 dixe-

2116 2421 2242 2466 runt
2270 2411 2493 2467 Cantica
2524 2412 2861 2466 canticorum
2895 2431 2905 2465 ε
2938 2411 3070 2466 Ecce
3113 2413 3208 2466 iste
3234 2415 3375 2476 _veuit
3405 2414 3603 2469 saliens
3644 2418 3701 2469 in

2117 2505 2396 2569 montibus,
2439 2504 2699 2558 transiens
2758 2519 2915 2572 super
2971 2503 3126 2580 colles
3170 2505 3235 2559 “.
3288 2506 3515 2575 Oportet
3571 2522 3702 2578 ergo

2118 2613 2217 2651 nos
2264 2597 2465 2661 habere
2513 2612 2674 2650 crura
2720 2594 3037 2650 sublimiora
3082 2597 3337 2667 pedibus,
3372 2614 3481 2652 non
3520 2601 3701 2669 qualia

2117 2690 2430 2744 Iudaeorum
2468 2689 2635 2760 pedes
2670 2688 2890 2753 habent,
2924 2687 3016 2757 qui
3056 2686 3112 2741 in
3145 2689 3432 2758 utriusque
3462 2691 3702 2761 vestigiis

2118 2784 2255 2849 suis,
2290 2779 2342 2837 in
2380 2782 2497 2852 lege
2528 2781 2781 2836 videlicet
2810 2788 2865 2835 et
2894 2780 3197 2851 prophetis,
3232 2779 3573 2848 claudicant;
3604 2784 3701 2837 sed

2118 2874 2295 2942 qualia
2329 2872 2533 2927 habent
2569 2886 2659 2942 ca,
2699 2886 2821 2941 qua:
2853 2871 3111 2925 dicuntur
3145 2870 3463 2937 Cherubim,
3493 2875 3558 2928 de
3582 2873 3704 2943 qui-

2121 2967 2223 3020 bus
2249 2965 2455 3019 dictum
2484 2973 2566 3019 est
2593 2981 2606 3018 :
2636 2962 2705 3018 Et
2732 2981 2888 3018 crura
2920 2981 3099 3018 eorum
3130 2981 3286 3019 crura
3314 2977 3474 3033 recta,
3502 2977 3549 3019 et
3575 2983 3710 3037 pcn-

2123 3058 2236 3109 nati
2277 3056 2431 3125 pedes
2470 3072 2672 3124 eorum,
2716 3064 2865 3111 recte
2901 3065 2954 3110 et
2979 3056 3432 3111 iudcclinabiliter
3457 3059 3509 3113 in
3538 3075 3708 3113 cvan-

435 3135 568 3236 gens
609 3160 885 3215 hominem
934 3157 987 3210 in
1023 3162 1246 3224 peccato
1281 3148 1660 3212 constitutum,
1691 3142 2015 3216 nycticoraci
2044 3135 2085 3192 C
2122 3148 2308 3219 gelicis
2360 3146 2591 3218 pedibus
2641 3166 2654 3202 :
2699 3148 2782 3226 de.
2814 3148 3011 3218 quibus
3056 3149 3258 3203 dictum
3299 3160 3381 3205 cst
3418 3169 3432 3206 :
3466 3149 3710 3207 Calceati

433 3232 609 3316 hunc,
648 3250 790 3304 sicut
826 3247 879 3300 in
918 3252 1081 3298 nocte
1113 3241 1408 3303 viventem,
1445 3234 1781 3306 comparavit
1813 3233 1880 3287 ³⁸.
1915 3232 2016 3286 Per

436 3342 747 3415 pelicanum
799 3345 1006 3400 autem,
1046 3338 1237 3401 utpote
1277 3343 1374 3399 per
1414 3327 1616 3382 animal
1656 3338 1846 3379 amans
1889 3321 2016 3377 soli—

439 3434 706 3493 tudinem,
744 3426 995 3499 (iguravit
1028 3438 1174 3486 cum,
1205 3421 1299 3490 qui
1345 3418 1524 3474 forsan
1571 3417 1765 3472 amicis
1806 3415 2018 3471 desola-

429 3538 525 3581 tus
557 3532 660 3587 est,
686 3530 781 3575 aut
803 3516 1070 3588 cognatis,
1101 3513 1443 3581 aliorumque
1468 3509 1727 3564 similium
1757 3508 2015 3563 societate

436 3616 751 3673 destitutus.

508 3707 671 3762 Vens.
701 3694 899 3759 20—32.
929 3722 946 3754 ‹
979 3701 1153 3756 Omne
1196 3697 1264 3752 de
1296 3695 1629 3757 volucribus.
1661 3693 1806 3763 quod
1838 3690 2017 3763 gradi-

430 3814 524 3855 tur
572 3812 736 3869 super
784 3803 1017 3867 quatuor
1054 3792 1241 3863 pedes,
1285 3787 1651 3843 abominabile
1689 3785 1792 3840 crit
1835 3782 2012 3839 vobis.

428 3892 710 3961 Quidquid
754 3899 936 3943 autem
971 3885 1211 3940 ambulat
1236 3882 1454 3953 quidem
1489 3894 1656 3951 super
1686 3878 1853 3950 pedes
1881 3890 2023 3946 qua«

438 3999 577 4048 tuor,
614 3983 706 4037 sed
745 3978 910 4035 habet
948 3978 1177 4050 largiora
1216 3984 1360 4031 retro
1398 3989 1577 4038 crura,
1614 3986 1709 4042 per
1736 3985 1857 4041 quas
1895 3967 2017 4023 salit

435 4093 601 4143 super
628 4087 858 4138 terram,
889 4071 1174 4126 comedere
1205 4066 1434 4132 debetis,
1477 4074 1537 4119 ut
1569 4071 1653 4118 est
1686 4062 1929 4118 bruchus
1960 4060 2015 4114 in

434 4181 634 4236 genere
664 4180 782 4227 suo,
815 4171 1047 4227 attacus,
1070 4167 1232 4229 atque
1264 4155 1662 4227 ophiomaclms
1691 4168 1754 4206 ac
1783 4152 2012 4215 locusta,

435 4258 642 4329 singula
667 4257 817 4326 juxta
851 4267 1024 4325 genus
1054 4264 1235 4304 suum.
1278 4266 1296 4300 ι

505 4351 588 4404 Ab
639 4347 787 4402 omni
837 4344 1069 4400 mundos
1113 4356 1234 4398 esse
1291 4349 1546 4411 peccato,
1594 4347 1758 4408 atque
1801 4336 2016 4391 actione

428 4442 673 4506 sordida,
708 4454 803 4494 eos
830 4438 922 4508 qui
956 4433 1432 4503 contemplativam
1467 4432 1631 4487 vitam
1668 4430 2010 4500 pollicentur,

436 4539 673 4602 oportet.
717 4529 1015 4598 Propterea
1059 4524 1371 4595 quicunque
1427 4521 1644 4592 quidem
1703 4519 2013 4574 volatilibus

437 4620 644 4676 similes
658 4611 825 4685 ‘sunt,
853 4630 1216 4687 supernorum
1246 4612 1501 4667 videlicet
1526 4610 1738 4681 assequi
1767 4618 2013 4665 eontem-

428 4712 730 4782 plationem
772 4707 1174 4779 promittentes,
1221 4719 1343 4775 quae
1391 4702 1543 4758 ducit
1584 4702 1651 4757 ad
1693 4701 1882 4765 caelos,
1919 4701 2014 4755 sed

434 4803 722 4875 reptiiibus
755 4807 1164 4870 comparantur,
1208 4797 1336 4868 quia
1379 4796 1746 4867 depascuntur
1792 4804 2013 4855 terram,

434 4907 488 4954 et
520 4893 980 4967 concupiscentiis
1011 4906 1234 4963 operam
1269 4892 1421 4954 dant,
1452 4888 1666 4943 etiamsi
1698 4888 1751 4941 in
1783 4894 2018 4957 quatuor

435 4992 717 5046 ambulant
750 4988 939 5061 pedes,
974 4988 1025 5042 id
1060 4996 1164 5052 est,
1200 4986 1302 5040 etsi
1344 4982 1711 5054 evangelicam
1758 4978 2019 5034 simulant

434 5084 905 5156 praedicationem,
940 5094 1061 5151 quae
1097 5078 1234 5133 dixit
1264 5095 1275 5130 :
1309 5077 1427 5131 Non
1456 5076 1571 5129 veni
1612 5089 1798 5127 vacare
1818 5072 2013 5142 justas,

433 5179 522 5231 sed
553 5187 847 5247 peccatores
883 5177 953 5229 ad
998 5171 1360 5242 paenitentiam
1392 5168 1457 5232 ",
1504 5177 1557 5222 et
1598 5183 1614 5220 ‘.
1669 5164 1786 5218 Non
1826 5165 2015 5218 habent

436 5285 637 5322 necesse
675 5269 791 5322 sani
824 5267 1022 5322 medico
1043 5307 1057 5333 ,
1095 5263 1185 5318 sed
1226 5262 1315 5333 qui
1358 5259 1494 5313 male
1525 5259 1717 5312 habent
1746 5259 1812 5322 ”,
1846 5274 1872 5311 a
1907 5273 2015 5328 quo

434 5361 571 5414 latro
613 5360 851 5416 salvatus
877 5367 980 5424 est,
1012 5366 1067 5412 et
1102 5356 1346 5409 adultera
1379 5351 1670 5422 justilicata
1703 5361 1808 5413 est,
1837 5359 1891 5403 ct
1922 5351 2012 5420 qui

428 5453 555 5525 plus
593 5453 887 5515 debebant,
916 5452 1037 5521 plus
1059 5449 1284 5518 diligere
1316 5446 1683 5517 ignoscentem
1721 5444 2010 5511 dicuntur;

528 5628 744 5681 “Psal.
799 5645 868 5686 cr.
926 5628 975 5683 7.
1083 5632 1129 5660 "
1192 5629 1365 5682 Exod.
1402 5645 1509 5685 xix.
1552 5632 1604 5682 Α.

633 5700 677 5732 ³³
715 5699 813 5751 lsa.
850 5713 963 5761 Llll,
1000 5697 1064 5759 9',
1124 5697 1140 5749 l
1178 5698 1321 5751 l’ctr.
1352 5715 1412 5765 ιι,
1447 5701 1535 5754 9:2.

728 5770 789 5799 37'
820 5769 1009 5823 Matth.
1053 5785 1202 5837 xstv,
1234 5770 1317 5824 12.

431 5701 522 5753 η.

424 5783 518 5834 ω,
553 5771 633 5823 lti.

1709 5628 1753 5657 ⁹⁹
1786 5625 1803 5677 Ι
1837 5624 1980 5680 Pt‘lt’.
2014 5646 2066 5693 v,
2101 5630 2152 5684 8.

1648 5698 1689 5730 ³³
1723 5698 1879 5751 Cant.
1937 5713 1995 5765 ιι,
2027 5700 2079 5754 8.

2119 3244 2273 3309 pedes
2293 3241 2348 3293 in
2386 3240 2776 3310 prazparatione
2802 3239 3079 3313 Evangelii
3110 3242 3257 3311 pacis
3272 3243 3334 3296 ³⁵.
3366 3242 3485 3301 llic.
3514 3259 3708 3313 quam-

2121 3332 2201 3386 vis
2234 3347 2402 3403 super
2440 3340 2638 3385 tcrram
2675 3332 2937 3399 ambulet,
2991 3333 3241 3403 quamvis
3281 3347 3405 3388 cum
3449 3342 3709 3402 peccato-

2121 3424 2272 3479 ribus
2304 3423 2733 3493 dispensationis
2786 3425 3068 3494 cujusdam
3100 3425 3267 3496 gratia
3299 3411 3711 3498 juvaminisque

2120 3524 2499 3581 conversetur,
2527 3515 2659 3570 illud
2692 3516 2924 3587 implens
2952 3517 3313 3587 apostolicum
3347 3535 3361 3570 τ
3391 3515 3449 3572 Si
3474 3517 3590 3588 quis
3616 3534 3710 3571 vos

2116 3617 2269 3661 vocat
2311 3607 2605 3677 inﬁdelium
2642 3608 2712 3662 ad
2749 3624 2971 3673 ecetram,
2997 3617 3044 3663 et
3076 3608 3232 3662 vultis
3266 3610 3361 3675 ire,
3388 3626 3541 3663 omne
3567 3612 3711 3681 quod

2118 3701 2257 3754 vobis
2293 3702 2588 3773 appositum
2628 3701 2808 3773 fuerit,
2846 3702 3119 3766 comedite,
3154 3701 3284 3755 nihil
3319 3703 3709 3773 interrogantes

2118 3802 2334 3863 propter
2355 3793 2730 3847 conscientiam
2755 3793 2800 3825 ³⁸
2827 3810 2839 3844 :
2878 3801 3061 3848 tamen
3096 3793 3316 3849 volatile
3347 3805 3628 3865 permanet
3653 3808 3711 3851 et

2119 3884 2355 3939 mundus
2388 3893 2492 3948 est,
2532 3885 2710 3940 sciens
2740 3900 2768 3938 a
2801 3896 2941 3939 terra
2991 3885 3229 3941 emicare
3266 3896 3429 3957 atque
3462 3888 3704 3955 exsilire,

2118 3987 2310 4031 etnon
2342 3976 2624 4031 adhaerere
2663 3976 3018 4043 saecularibus
3051 3977 3380 4033 actionibus.
3424 3977 3570 4034 Bene
3608 3996 3706 4035 auo

2121 4076 2229 4123 tem
2267 4068 2456 4122 talium
2502 4068 2818 4123 animalium
2859 4070 3025 4123 etiam
3065 4070 3327 4126 vocabula
3368 4073 3594 4142 protulit
3628 4072 3707 4125 le-

2119 4159 2362 4231 gislator,
2419 4158 2727 4224 bruchum,
2780 4159 3150 4227 ctlocustam,
3214 4170 3487 4227 attacum,
3540 4172 3705 4233 atque

2119 4250 2545 4320 ophiomachum
2589 4251 2901 4307 nominans.
2942 4251 3114 4322 Cujus
3154 4262 3336 4308 autem
3371 4257 3705 4325 operationis

2121 4341 2252 4406 sint,
2282 4341 2399 4397 sive
2444 4341 2682 4407 virtutis,
2709 4339 2922 4396 Nahum
2954 4344 3217 4413 propheta
3262 4344 3395 4398 satis
3426 4345 3701 4416 explanat,

2119 4432 2194 4487 ait
2231 4432 2375 4487 enim
2409 4452 2423 4487 :
2466 4431 2704 4487 Bracltus
2731 4449 2994 4504 expensus
3022 4445 3116 4499 est,
3152 4445 3199 4488 et
3229 4439 3458 4491 avolavit
3485 4453 3503 4491 :
3530 4448 3704 4493 custo-

2116 4525 2206 4579 des
2240 4525 2318 4578 tui
2344 4526 2497 4595 quasi
2538 4524 2754 4580 locustae
2792 4525 3140 4591 locustarum,
3186 4544 3304 4601 qute
3340 4530 3608 4600 conﬁdunt
3650 4534 3706 4585 iu

2116 4616 2345 4687 sepibus,
2392 4615 2449 4669 in
2495 4616 2580 4670 die
2630 4615 2844 4688 [rigoris
2873 4617 2940 4671 ".
2991 4615 3088 4672 Vel
3129 4620 3270 4673 sicut
3309 4620 3662 4695 Septuaginta
3688 4666 3703 4689 ,

2120 4706 2352 4760 Emicuit
2384 4706 2520 4760 sicut
2550 4715 2760 4761 attacus
2816 4708 3118 4762 commistus
3172 4711 3288 4773 tibi,
3324 4712 3461 4765 sicut
3501 4712 3704 4767 locusta

2118 4814 2234 4868 quia
2286 4797 2612 4851 transcendit
2658 4799 2964 4865 materiam,
2996 4800 3052 4853 in
3093 4801 3178 4855 die
3216 4802 3448 4873 frigoris.
3477 4804 3555 4857 Es
3586 4806 3706 4874 qui-

2122 4892 2224 4944 bus
2254 4891 2435 4947 ccmis
2467 4891 2618 4960 quia,
2664 4891 2764 4945 etsi
2810 4893 3193 4961 peccatoribus
3227 4895 3703 4965 commisceamur,

2117 4982 2219 5037 ctsi
2266 4982 2320 5036 in
2368 4983 2456 5037 die
2503 4983 2626 5057 gelu
2668 4982 2782 5038 sive
2832 4985 3082 5054 pruinae,
3125 4987 3179 5042 id
3231 4996 3315 5045 est
3359 4988 3707 5046 abundantiae

2115 5077 2358 5145 peccati,
2402 5074 2534 5131 Cum
2567 5077 2701 5130 enim
2730 5117 2746 5142 ,
2785 5076 3000 5147 inquit,
3033 5080 3379 5136 abundavth
3406 5088 3704 5152 peccatum,

2115 5171 2406 5242 refrigescit
2438 5173 2672 5226 Charitas
2708 5174 2994 5227 multarunt
3020 5175 3106 5236 ³⁷⁸,
3141 5176 3509 5233 transiliamus
3537 5189 3707 5234 male-

2116 5264 2571 5335 riam,spinosam
2630 5265 2883 5321 videlicet
2936 5274 3283 5338 peccatorum
3334 5271 3709 5326 exacerbatio-

2125 5370 2270 5421 nem,
2305 5370 2415 5409 non
2451 5355 2657 5410 similes
2690 5357 2869 5411 ell'ecti
2921 5359 3019 5423 eis,
3063 5359 3157 5413 sed
3215 5360 3569 5431 subjicientes
3611 5377 3711 5418 eos

2122 5449 2301 5511 nobis,
2342 5457 2405 5502 ut
2450 5448 2581 5504 fiant
2626 5450 2887 5507 deeirince
2922 5452 3264 5519 obedienles,
3304 5465 3490 5525 aperte
3529 5455 3716 5512 salvae

2260 5630 2303 5661 ³⁰
2334 5631 2472 5685 Psal.
2512 5647 2584 5690 CI.
2618 5634 2669 5686 7.
2776 5635 2816 5667 ³¹
2889 5635 3023 5690 Luc.
3066 5653 3117 5699 v,
3147 5638 3237 5693 52.

2192 5702 2234 5733 "
2265 5702 2463 5773 Ephcs.
2498 5719 2569 5767 γε,
2613 5704 2691 5757 lii.
2806 5707 2853 5738 ³⁸
2883 5706 2897 5758 l
2931 5706 3056 5759 Cor.
3104 5724 3158 5771 Χ,
3208 5708 3296 5764 25.

3329 5640 3376 5672 η
3401 5638 3591 5769 inomni
3630 5658 3680 5698 ιτ
3714 5704 3729 5719 ,

3599 5728 3711 5769 tu."

3599 5728 3711 5771 tu."
