4076 6188
448 220 554 291 913

1593 217 1675 278 IN
1708 213 2146 279 LEVITICUM.
2174 238 2242 251 --
2278 218 2425 278 LIB.
2474 219 2589 278 III.

3617 218 3718 282 921

454 352 597 397 mus,
632 342 687 388 et
724 333 1073 395 salvabimur,
1106 329 1252 384 unde
1290 326 1365 380 ait
1402 325 1598 379 Paulus
1632 340 1645 378 :
1681 322 1879 377 Factus
1917 340 2032 377 sum
2066 329 2107 383 Α
2142 322 2196 377 Si
2233 325 2377 379 enim
2414 327 2646 382 aliorum
2680 330 2973 399 participes
3001 328 3298 386 efﬁciamur
3344 340 3720 402 peccatorum,

450 424 652 478 luditis
678 424 809 476 sicut
835 422 1069 484 Judteus,
1100 422 1179 474 his
1209 422 1299 490 qui
1329 419 1422 472 sub
1458 420 1567 485 lege
1594 426 1737 483 sunt,
1763 418 1915 488 quasi
1940 418 2032 470 sub

456 516 564 582 lege
601 530 797 579 essem,
837 530 951 567 cum
991 514 1101 582 ipse
1145 513 1238 566 sub
1277 511 1386 582 lege
1425 526 1527 564 non
1575 525 1734 563 essent
1772 525 1791 562 :
1827 508 1905 562 ftis
1945 509 2034 578 qui

451 606 562 659 sine
586 604 697 675 lege
734 613 874 668 sunt,
915 604 1066 673 quasi
1105 605 1216 657 sine
1255 602 1365 672 lege
1412 616 1594 665 essem,
1632 615 1751 653 cum
1787 600 1895 667 ipse
1925 599 2035 651 sine

453 695 563 759 leqe
601 695 699 748 Dei
728 711 829 747 non
866 711 1047 759 essem,
1078 696 1168 748 sed
1202 695 1294 746 sub
1325 694 1432 763 lege
1465 708 1627 746 essem
1659 690 1878 745 Christi.
1910 689 2036 745 Om-

454 789 605 840 nibus
645 787 823 839 omnia
865 788 1035 857 factus
1083 803 1219 853 sum,
1256 795 1312 838 ut
1349 800 1527 838 omnes
1566 783 1926 853 lucrifacere”:
1967 781 2033 834 ⁸³.

455 878 563 931 Sed
610 888 791 932 tamen
842 879 896 932 in
949 893 1153 932 morem
1204 878 1416 943 brucbi,
1456 876 1717 945 impetum
1761 875 1942 930 facere
1982 882 2038 927 et

455 970 675 1023 evolare
707 984 933 1023 t-ectesse
966 970 1249 1035 habemus,
1281 979 1341 1023 ut
1370 971 1512 1024 sicut
1542 968 1773 1033 locusta,
1810 968 1923 1021 sive
1954 975 2037 1020 at-

468 1069 625 1113 tacus
685 1073 842 1123 esse,
891 1060 983 1127 qui
1036 1074 1134 1129 pro
1174 1059 1484 1127 huiusmodi
1536 1067 1774 1113 attacum
1824 1058 2033 1122 dicunt,

456 1151 678 1206 exsilire
719 1152 994 1221 possimus
1046 1159 1101 1207 ct
1140 1154 1398 1206 emicare.
1445 1150 1536 1206 Sic
1569 1152 1716 1205 enim
1752 1161 1876 1220 apte
1908 1167 2039 1204 cou-

458 1244 662 1309 veniet,
686 1244 828 1312 quod
851 1244 905 1297 in
930 1244 1121 1299 eodem
1156 1245 1422 1314 propheta
1453 1244 1697 1314 sequitur
1729 1262 1742 1298 :
1773 1244 1866 1300 Sol
1894 1254 2037 1299 ortus

459 1346 506 1389 et
523 1336 753 1390 elevatus
782 1346 877 1401 est,
911 1345 959 1391 et
987 1353 1089 1390 non
1120 1346 1194 1390 est
1222 1338 1459 1391 inventus
1484 1336 1627 1392 locus
1655 1337 1769 1407 ejus
1799 1337 1873 1399 ³⁹;
1904 1352 2040 1405 quo-

458 1430 629 1495 niam,
660 1437 782 1482 orto
817 1429 1044 1499 iustitia:
1079 1428 1226 1497 Sole,
1263 1430 1354 1499 qui
1397 1429 1668 1484 illuminat
1697 1429 2036 1495 abscondita,

456 1521 697 1575 emicant
748 1528 913 1589 atque
948 1521 1204 1576 exsiliunt
1252 1522 1304 1574 hi
1367 1521 1459 1591 qui
1496 1537 1622 1575 cum
1664 1520 2042 1589 peccatoribus

457 1621 872 1677 conversantur,
902 1613 969 1667 ad
1011 1612 1262 1667 solatium
1295 1613 1544 1682 institue,
1577 1620 1633 1666 et
1665 1627 1768 1668 non
1812 1613 1922 1681 jam
1961 1612 2040 1665 lo.

2140 419 2409 475 immundi
2453 434 2626 490 usque
2659 421 2732 475 ad
2750 436 3032 490 vesperam
3081 436 3489 492 pcrmanemus,
3532 423 3583 477 id
3613 433 3722 485 est.

2140 526 2310 580 usque
2337 512 2465 566 dum
2499 528 2722 582 agamus
2753 512 3150 582 paenitentiam.
3180 513 3330 568 lianc
3349 514 3495 568 enim
3525 529 3718 582 γοῦνα-ε

2140 619 2255 657 ram
2286 603 2455 658 David
2471 605 2581 658 ait:
2618 604 2701 657 Ad
2738 621 3002 673 vesperam
3058 605 3415 658 demorabitur
3433 606 3606 676 ﬂetus,
3669 616 3718 659 et

2138 699 2552 751 admatutinum
2607 698 2882 751 latitia".
2935 696 3228 766 Propterea
3285 698 3451 751 lavari
3502 714 3722 768 quoque

2140 787 2463 841 vestimenta
2504 788 2780 857 legislator
2810 789 3085 858 praecepit,
3111 800 3299 857 aperte
3318 791 3718 857 demonstrans,

2138 878 2283 947 quod
2315 880 2581 932 immundi
2615 894 2825 943 sumus,
2853 894 3023 948 usque
3058 879 3187 933 dum
3240 881 3726 935 actionesnostras

2140 969 2393 1041 lacrymis
2411 971 2705 1026 diluamus.

2214 1063 2374 1119 Vsus.
2407 1063 2498 1129 27,
2527 1062 2616 1118 28.
2660 1082 2679 1113 ο
2718 1062 2875 1130 Quod
2907 1065 3151 1120 ambulat
3182 1080 3346 1136 super
3380 1080 3597 1130 manus,
3656 1080 3720 1119 ex

2126 1146 2354 1211 ‘cunctis
2383 1156 2756 1212 animantibus
2778 1159 2870 1227 qui
2901 1156 3167 1213 incedunt
3195 1160 3593 1228 quadrupedia,
3619 1158 3722 1211 im-

2141 1250 2404 1305 mundum
2431 1251 2554 1305 erit.
2581 1250 2681 1317 Qui
2714 1251 2951 1322 tetigerit
2977 1251 3265 1306 morticina
3288 1265 3497 1313 eorum,
3527 1248 3722 1319 pollui-

2145 1351 2231 1396 tur
2254 1357 2423 1413 usque
2452 1342 2517 1397 ad
2541 1357 2850 1413 vesperum.
2891 1344 2956 1397 Et
3004 1342 3093 1413 qui
3133 1342 3433 1412 portaverit
3467 1343 3722 1411 hujusce-

2144 1435 2289 1489 modi
2317 1435 2605 1499 cadavera,
2652 1435 2855 1489 lavabit
2888 1435 3212 1490 vestimenta
3245 1449 3361 1497 sua,
3394 1442 3449 1487 ct
3482 1433 3723 1487 immun-

2143 1527 2246 1581 dus
2277 1527 2576 1596 eritusque
2606 1526 2671 1581 ad
2706 1541 3011 1597 vesperam,
3056 1525 3185 1595 quia
3237 1526 3421 1581 omnia
3463 1524 3579 1579 haec
3625 1524 3722 1577 im-

2147 1618 2349 1672 munda
2375 1626 2505 1672 sunt
2529 1617 2701 1672 vobis.
2740 1636 2758 1669 ι

459 1721 556 1760 cus
598 1706 811 1759 illorum
862 1705 951 1759 ille
1002 1720 1123 1761 esse
1178 1680 1546 1771 cognoscitur,
1589 1706 1746 1775 cujus
1799 1680 2037 1758 habitum
2076 1680 2114 1734 Β
2214 1707 2536 1762 Νυιιιιωιεχ
2569 1707 2731 1762 tacite
2762 1707 3008 1777 prmia-ig
3065 1714 3371 1777 peccatum,
3429 1705 3524 1760 sed
3573 1720 3725 1775 ηυιε-

459 1798 669 1869 pridem
706 1799 1174 1865 demonstrabant,
1208 1814 1332 1853 cum
1379 1798 1783 1868 quodammodo
1816 1805 2039 1851 uteren-

459 1901 567 1958 tur,
601 1906 739 1961 quos
793 1900 850 1946 et
882 1901 1001 1946 erat
1036 1906 1260 1945 necesse
1297 1878 1513 1944 salvari.
1549 1887 1907 1960 Opltiomachi
1943 1902 2040 1940 au-

461 1991 568 2035 tem
615 1981 683 2035 ab
728 1981 1092 2051 appellatione
1139 1979 1520 2034 manifestatur
1559 1987 1614 2032 et
1651 1978 1844 2044 virtus,
1877 1991 2038 2047 quem

460 2075 662 2130 imitari
722 2074 927 2129 bonum
990 2083 1093 2135 est,
1134 2082 1189 2127 et
1253 2071 1684 2144 intelligibilibus
1739 2085 2041 2142 repugnare

462 2167 812 2236 serpentibus
859 2184 871 2219 :
924 2166 1335 2221 reminiscentes
1407 2166 1571 2235 quod,
1633 2182 1732 2219 non
1778 2167 1844 2218 sit
1900 2166 2041 2219 nobis

462 2258 767 2311 colluctatio
811 2258 1063 2313 adversus
1105 2274 1317 2312 carnem
1364 2267 1411 2311 et
1457 2258 1788 2328 sanguinem,
1828 2258 1918 2311 sed
1947 2258 2043 2310 ad-

462 2367 641 2403 versus
669 2350 1030 2419 principes,-et
1060 2359 1360 2419 potestates,
1389 2352 1638 2403 adversus
1670 2350 1849 2403 mundi
1878 2360 2044 2403 recto-

463 2456 545 2493 res
594 2439 931 2494 tenebrarum
976 2440 1188 2503 harum,
1232 2450 1416 2493 contra
1458 2440 1762 2507 spiritualia
1799 2441 2045 2509 nequitia:

463 2534 517 2585 in
542 2533 831 2588 caelestibus
859 2533 926 2586 ⁸⁸.
958 2532 1022 2587 lli
1050 2540 1177 2588 sunt
1201 2533 1399 2604 quippe
1427 2532 1792 2605 intelligibiles
1822 2549 2045 2605 serpen-

464 2634 564 2693 tes,
580 2635 637 2681 et
667 2626 917 2681 venenati
948 2626 1237 2681 dracones.

537 2716 694 2772 Vens.
727 2716 918 2772 23-26.
951 2735 968 2767 α
1005 2715 1280 2786 Quidquid
1318 2731 1382 2771 ex
1437 2716 1755 2772 volucribus
1809 2727 2046 2787 quatuor

460 2815 673 2862 tantum
709 2807 874 2862 habet
925 2807 1116 2877 pedes,
1162 2807 1501 2862 exsecrabile
1558 2806 1666 2862 erit
1721 2807 1928 2863 vobis:
1989 2817 2044 2863 et

462 2899 775 2969 quicunque
793 2900 1080 2956 morticina
1126 2914 1318 2955 eorum
1364 2899 1627 2973 tetigerit,
1658 2901 1952 2972 polluetur,
1989 2911 2045 2957 et

2143 1815 2358 1870 cunque
2387 1799 2633 1855 actiones
2663 1815 2761 1869 per
2787 1798 3161 1871 evangelicum
3181 1804 3570 1854 testamentum
3594 1814 3721 1868 pro-

2146 1890 2328 1946 hibita:
2355 1899 2505 1954 sunt,
2533 1890 2667 1944 texit
2700 1890 2799 1944 has
2823 1890 2975 1960 prius
3007 1889 3404 1961 :enigmatibus,
3428 1898 3488 1943 ut
3515 1889 3723 1942 utrius—

2141 2001 2250 2055 que
2292 1984 2591 2040 sanctionis
2646 1984 3061 2040 consonantiam
3133 1983 3359 2048 dicens,
3410 1982 3724 2039 confitearis

2148 2075 2337 2136 Deum,
2376 2076 2467 2145 qui
2514 2075 2566 2129 in
2620 2074 2701 2128 eis
2729 2074 2941 2128 locutus
2989 2083 3095 2139 est,
3149 2074 3456 2143 timensque
3500 2072 3724 2127 recedas

2144 2171 2211 2223 ab
2233 2168 2489 2224 omnibus
2542 2184 2663 2238 qua:
2714 2165 3135 2238 prohibuerunt.
3201 2165 3261 2220 In
3305 2174 3540 2236 quatuor
3589 2181 3723 2231 ergo

2149 2263 2366 2326 incedit,
2399 2262 2490 2331 qui
2520 2261 2586 2315 ad
2616 2259 2983 2332 cvangelicam
3019 2260 3488 2314 conversationem
3508 2259 3719 2330 migrat.

2148 2355 2395 2410 Ambulat
2433 2364 2616 2409 autem
2642 2353 2696 2407 in
2726 2353 2996 2419 manibus,
3024 2352 3113 2422 qui
3132 2360 3373 2421 quaestus
3392 2366 3511 2405 eam
3535 2366 3721 2413 causa,

2147 2448 2391 2518 lncrique
2416 2447 2589 2516 turpis
2611 2444 2951 2515 adipiscitur,
3009 2445 3260 2499 manibus
3284 2443 3393 2498 cito
3415 2443 3721 2513 imponens,

2149 2544 2208 2588 ut
2237 2550 2300 2589 ex
2331 2550 2394 2589 ea
2425 2534 2703 2604 quidpiam
2758 2532 2957 2604 capiat.
3015 2532 3319 2588 Commode
3353 2532 3441 2587 hic
3470 2530 3726 2585 omnibus

2149 2636 2298 2682 recte
2327 2635 2755 2682 connumeratur
2800 2636 2964 2697 atque
2989 2635 3339 2696 comparatur
3368 2624 3576 2679 bestiis.
3600 2621 3727 2677 Sive

2148 2719 2297 2774 cnim
2326 2718 2636 2773 adulterum
2670 2718 2842 2785 dicas,
2871 2718 2986 2773 sive
3018 2731 3264 2780 avarum,
3326 2717 3444 2771 sive
3497 2714 3730 2769 homici—

2149 2814 2295 2880 dam,
2338 2812 2456 2866 sive
2481 2813 2869 2879 detractorem,
2901 2810 3017 2865 sive
3068 2809 3474 2879 blasphemum,
3529 2806 3581 2861 in
3639 2806 3729 2862 bts

2149 2906 2405 2961 omnibus
2431 2913 2536 2970 est,
2579 2912 2767 2976 utpote
2838 2903 3081 2959 omnium
3138 2901 3379 2973 peccatis
3419 2898 3727 2956 communi-

463 2993 570 3048 erit
602 2993 919 3049 immundus
957 3009 1130 3064 usque
1161 2994 1228 3050 ad
1254 3010 1566 3065 vesperum.
1599 2995 1669 3050 Et
1723 2994 1766 3050 si
1817 3009 2044 3050 necesse
2074 3018 2117 3075 ο
2149 3013 2301 3064 cans,
2344 3012 2442 3067 per
2494 2996 2755 3066 injustam
2813 2996 3011 3049 manus
3070 2992 3497 3063 impositionem.
3555 2988 3731 3060 Hujus

460 3085 648 3149 fuerit,
682 3095 740 3140 ut
771 3094 950 3155 portet
977 3086 1255 3157 quidpiam
1290 3087 1487 3142 horum
1513 3096 1812 3153 mortuum,
1844 3087 2048 3143 lavabit

460 3178 789 3230 vestimenta
818 3192 938 3238 sua,
972 3186 1028 3232 et
1052 3177 1369 3232 immundus
1401 3176 1505 3231 erit
1560 3193 1734 3248 usque
1778 3178 1846 3232 ad
1907 3179 2043 3233 solis

461 3281 740 3321 occasum.
763 3266 938 3321 Omne
973 3269 1176 3322 animal
1202 3269 1346 3339 quod
1394 3269 1561 3323 habet
1613 3268 1833 3339 quidem
1869 3284 2046 3340 ungu-

459 3354 589 3419 lam,
622 3355 718 3410 sed
746 3371 855 3408 non
879 3355 1075 3410 dividit
1100 3371 1243 3422 eam,
1270 3372 1376 3412 nec
1401 3357 1661 3417 ruminat.
1698 3356 2046 3413 immundum

460 3449 584 3511 erit,
619 3461 674 3502 et
702 3448 966 3519 quidquid
1014 3449 1254 3520 tetigerit
1304 3449 1457 3514 illud,
1499 3450 1987 3505 contaminabitur.
2023 3471 2041 3502 ι

534 3539 688 3606 Quod
718 3541 971 3611 reptibile
1009 3541 1311 3596 volatilinm
1337 3558 1458 3611 qure
1507 3543 1560 3596 in
1592 3552 1828 3612 quatuor
1851 3545 2048 3599 ambu-

462 3631 578 3687 lant
603 3634 790 3704 pedes,
825 3650 920 3688 eos
958 3635 1049 3705 qui
1119 3635 1421 3690 abutuntur
1467 3637 1779 3708 evangelica
1815 3638 1944 3702 vita,
1995 3649 2049 3693 et

463 3727 628 3780 vitam
655 3734 934 3781 sectantur
968 3726 1195 3781 solidam
1217 3737 1271 3782 et
1300 3727 1658 3794 immundam,
1697 3730 2041 3800 signiﬁcent;

464 3815 711 3871 dividere
742 3826 922 3871 autem
981 3815 1260 3887 ungulam,
1322 3818 1464 3871 sicut
1534 3816 1622 3872 hic
1683 3815 2041 3888 Septuaginta

463 3908 674 3972 dicunt,
703 3909 794 3962 sed
821 3925 928 3963 non
963 3909 1261 3973 ruminare,
1288 3908 1338 3962 id
1361 3921 1446 3964 est
1467 3909 1661 3981 legem,
1686 3911 2046 3980 quemadmo-

464 3999 593 4051 dum
631 4008 868 4067 Oportet,
936 3998 1210 4065 meditari,
1265 4008 1322 4053 et
1378 3999 1615 4054 litteram
1678 4000 1927 4056 dividere
1978 4003 2046 4057 ab

463 4090 678 4160 Spiritu,
704 4091 795 4145 sed
828 4108 936 4145 non
969 4108 1033 4145 ea
1074 4108 1194 4161 qua:
1220 4092 1290 4170 ‘in
1331 4107 1393 4147 ea
1417 4094 1621 4165 scripta
1653 4102 1781 4148 sunt
1804 4096 2043 4164 operari,

464 4200 645 4256 neque
690 4187 763 4241 ita
823 4187 1240 4252 conversari,in
1288 4191 1621 4259 praecedenti
1676 4192 2043 4247 ostendimus.

462 4277 615 4334 Unde
642 4280 951 4335 necessarie
979 4295 1169 4335 eorum
1231 4283 1543 4347 morticina,
1580 4284 1632 4340 id
1663 4294 1745 4339 est
1774 4283 2039 4347 actiones,

2150 3088 2437 3143 morticina
2460 3096 2589 3143 sunt
2624 3087 2677 3141 hi
2723 3087 2924 3157 quibus
2990 3085 3245 3141 manibus
3313 3082 3592 3156 imposuit,
3672 3082 3726 3137 in

2150 3182 2285 3252 ipsis
2315 3181 2461 3235 enim
2494 3179 2697 3251 patitur
2732 3178 2941 3250 peccati
2966 3189 3228 3255 mortem.
3260 3176 3361 3243 Qui
3394 3191 3527 3247 ergo
3559 3175 3731 3247 tangit

2148 3289 2235 3338 ea,
2256 3279 2309 3328 et
2334 3272 2425 3342 qui
2457 3271 2717 3328 levaverit
2747 3286 2811 3326 ex
2838 3271 2938 3336 eis,
2994 3281 3142 3324 recte
3165 3268 3452 3338 polluitur;
3491 3268 3581 3340 qui
3611 3269 3729 3338 qui-

2150 3368 2273 3423 dem
2308 3366 2478 3438 tangit
2499 3380 2585 3430 ea,
2619 3363 2673 3419 id
2705 3373 2811 3428 est,
2850 3363 2941 3433 qui
2974 3368 3354 3427 conversatur,
3380 3360 3546 3426 dicit;
3600 3360 3731 3430 quia

2148 3457 2467 3512 nullatenus
2554 3463 2934 3525 competenter
2986 3452 3309 3522 dignitatem
3353 3451 3724 3521 arripuerunt,

2149 3558 2310 3613 quam
2337 3550 2713 3614 cauponantes
2741 3541 2871 3596 olim
2908 3540 3245 3600 omnimodo,
3275 3554 3373 3610 per
3405 3541 3545 3594 hanc
3564 3539 3728 3609 justi-

2152 3635 2292 3690 ticati
2313 3641 2472 3700 sunt,
2498 3634 2543 3689 si
2579 3641 2701 3701 post
2719 3634 2834 3688 lucc
2860 3633 2915 3687 in
2942 3632 3181 3702 antiquis
3218 3631 3598 3702 iniquitatibus
3616 3648 3727 3687 non

2151 3729 2525 3790 permaneant.
2554 3719 2661 3774 Sed
2680 3720 2838 3791 etqui
2874 3720 3171 3790 portaverit
3193 3737 3261 3774 ex
3290 3720 3394 3786 his,
3419 3719 3585 3775 veluti
3606 3736 3731 3791 por-

2151 3825 2274 3871 tans
2307 3815 2502 3873 falsum
2544 3814 3311 3885 testimonium,perhibendo
3368 3822 3423 3870 et
3478 3814 3728 3871 docendo

2149 3908 2396 3979 dignum,
2429 3910 2525 3978 qui
2562 3908 2819 3978 indignus
2840 3916 2945 3963 est.

2222 4004 2532 4058 Immundas
2562 4003 2661 4057 erit
2677 4018 2838 4073 usque
2861 4002 2933 4056 ad
2952 4017 3241 4070 vesperam.
3264 3999 3437 4067 Quam
3475 4001 3729 4071 superius

2149 4095 2388 4149 diximus
2438 4094 2841 4166 paenitentiam.
2893 4094 3108 4149 Lavans
3166 4105 3348 4149 autem
3403 4093 3730 4149 vestimenta

2150 4186 2471 4242 mundabitu
2481 4204 2525 4242 r.

2219 4277 2382 4335 Vens.
2414 4276 2603 4334 29%|.
2636 4295 2656 4327 ‹
2691 4277 2807 4334 Hoc
2837 4292 3054 4349 quoque
3081 4276 3223 4331 inter
3248 4275 3449 4347 polluta
3513 4284 3733 4344 reputac

464 4375 517 4427 in
556 4374 756 4443 quibus
777 4358 986 4444 peccati
1015 4385 1188 4431 morte
1217 4378 1509 4439 intereunt.
1541 4378 1728 4450 lugere
1757 4379 2039 4449 praecepit,
2076 4355 2120 4411 Ῐ)
2150 4371 2316 4434 bitur,
2346 4372 2413 4426 de
2447 4373 2533 4428 his
2571 4388 2692 4443 qua:
2745 4377 3038 4426 moventur
3072 4368 3127 4421 in
3162 4379 3328 4432 terra,
3363 4366 3622 4428 mustela,
3676 4374 3734 4420 et

462 4472 520 4516 et
548 4463 699 4517 nullo
733 4463 893 4519 modo
921 4465 1231 4536 participari
1275 4468 1499 4533 talibus,
1551 4486 1655 4523 nec
1718 4471 2041 4542 contingere

461 4569 548 4608 ca.
592 4552 705 4607 Non
742 4553 1122 4610 solumautem
1175 4565 1482 4627 tangentes.
1518 4560 1612 4614 sed
1649 4568 1704 4614 ct
1728 4568 2038 4630 portantes,

461 4656 559 4700 aut
585 4647 917 4717 accipientes
957 4647 1232 4717 quidpiam
1259 4664 1325 4704 ex
1380 4650 1460 4705 eis
1491 4652 1831 4719 polluuntur.
1860 4652 2047 4710 Portat

461 4743 643 4787 autem
668 4743 908 4805 peccata,
937 4736 1029 4806 qui
1050 4737 1183 4791 dicit
1223 4737 1425 4791 malum
1458 4738 1682 4803 bonum,
1707 4749 1764 4795 et
1794 4758 2041 4797 amarum

460 4826 640 4889 dulce,
673 4836 728 4881 et
756 4827 1008 4882 tenebras
1036 4828 1238 4894 lucem,
1282 4830 1427 4899 quod
1461 4829 1608 4887 Isaiae
1640 4834 1923 4903 prophetae
1952 4850 2042 4889 Γε-

462 4920 824 4989 prehenditur
851 4936 984 4976 voce
1023 4920 1090 4986 “,
1126 4921 1252 4991 quia
1304 4939 1399 4991 per
1432 4924 1535 4977 hoc
1569 4939 1833 4979 exercens
1877 4925 2043 4980 alitnn

459 5012 526 5063 ad
562 5011 934 5081 iniquitatem,
967 5014 1279 5070 etinvitaus
1307 5015 1373 5070 ad
1426 5017 1628 5070 malum
1663 5032 1691 5071 a
1724 5033 1834 5086 quo
1866 5018 2046 5088 prohi-

461 5099 591 5153 bere
607 5100 893 5168 debuerat,
930 5118 1096 5173 super
1121 5105 1477 5173 semetipsum
1518 5106 1921 5174 quodammodo
1952 5124 2045 5162 su-

463 5190 622 5261 scipit
648 5193 860 5264 iugum.
894 5195 1013 5250 Non
1049 5203 1231 5250 autem
1266 5188 1511 5266 "oportet
1563 5200 1874 5269 quempiam
1914 5218 2044 5271 pec-

463 5292 645 5338 catum
685 5285 913 5341 alterius
952 5287 1007 5342 in
1050 5287 1405 5357 semetipsum
1453 5289 1750 5344 transferre
1784 5307 1795 5341 ε
1831 5291 1902 5346 ob
1943 5295 2046 5349 hoc

460 5374 610 5430 enim
641 5384 698 5431 et
725 5376 896 5434 David
931 5380 1009 5434 ait
1041 5394 1054 5429 :
1103 5379 1171 5434 Et
1204 5381 1268 5434 ab
1299 5380 1488 5435 alienis
1517 5398 1674 5450 parce
1694 5394 1948 5438 servatae
1980 5387 2047 5440 δ’.

530 5577 573 5608 ⁸⁸
600 5578 616 5632 l
641 5578 767 5634 Cor.
803 5595 878 5642 lx,
906 5581 1102 5645 20,9.l.

459 5663 606 5712 xxxx,
643 5651 694 5703 6.
774 5652 818 5681 ’δ
845 5652 1003 5706 Prov.
1040 5667 1163 5717 xxx,
1202 5653 1290 5708 24.

1182 5582 1228 5659 ³ξ
1253 5582 1463 5659 Naltum
1493 5602 1574 5650 nt,
1611 5588 1692 5641 l7.
1764 5587 1816 5618 ιθ
1849 5587 2047 5659 Epltes.
2086 5605 2156 5655 vt,
2194 5588 2272 5640 ω.

2150 4480 2294 4529 mus,
2334 4471 2391 4520 et
2453 4465 2784 4527 crocodilus,
2853 4462 3068 4535 singula
3116 4461 3270 4532 juxta
3317 4469 3494 4532 genus
3546 4475 3731 4525 suum,

2151 4556 2369 4626 μυγὰλη
2403 4552 3113 4620 etchamtelcon,etslellio,
3144 4567 3206 4606 ac
3234 4552 3458 4614 lacerta.
3482 4560 3536 4606 et
3569 4551 3711 4621 talpa

2151 4649 2336 4704 omnia
2377 4650 2511 4717 haec,
2536 4649 2817 4703 immunda
2847 4657 2996 4704 sunt.
3041 4646 3146 4714 Qui
3180 4646 3420 4719 tetigerit
3443 4644 3737 4699 morticina

2153 4758 2368 4806 mrum,
2394 4742 2709 4798 immundus
2735 4741 2841 4796 erit
2864 4755 3039 4812 usque
3070 4740 3137 4796 ad
3177 4754 3492 4808 vesperum.
3532 4754 3550 4785 ι

2230 4834 2338 4888 Nec
2378 4850 2524 4888 nunc
2594 4834 2687 4888 Dei
2749 4842 3057 4888 creaturam
3113 4831 3393 4901 legislator
3442 4840 3733 4894 accusans,

2159 4925 2436 4981 immunda
2470 4925 2659 4978 haberi
2692 4925 2806 4978 haec
2840 4922 3104 4992 prmeepit
3136 4917 3416 4980 animalia;
3446 4930 3573 4971 nam
3596 4930 3738 4984 quc-

2157 5015 2320 5068 modo
2351 5031 2413 5069 ea
2453 5017 2559 5070 alio
2591 5015 2793 5069 divina:
2818 5013 3117 5082 Scriptura:
3163 5010 3281 5064 loco
3318 5006 3565 5077 reperies
3614 5022 3734 5060 esse

2156 5111 2368 5165 laudata
2398 5109 2421 5161 ?
2459 5107 2716 5166 Salomon
2742 5105 2943 5177 quippe
2976 5106 3030 5159 in
3056 5099 3369 5156 Proverbiis
3395 5098 3563 5153 dicit:
3589 5095 3739 5161 ρειαί

2159 5216 2277 5257 tuor
2328 5210 2449 5255 sunt
2496 5201 2719 5254 minima
2776 5208 2953 5259 terrae,
2987 5206 3037 5250 et
3091 5196 3201 5248 Iure
3233 5201 3357 5248 sunt
3409 5192 3737 5262 sapientiora

2156 5290 2737 5362 supieutibus“.lnter
2763 5305 2883 5358 qua:
2941 5289 3206 5358 leporem,
3262 5286 3376 5339 sive
3434 5284 3736 5338 secundum

2160 5385 2538 5457 Septuaginta,
2607 5381 2923 5435 crinaceum
2948 5388 2999 5435 et
3033 5378 3338 5435 stellioncm
3364 5374 3733 5450 computavit:

2350 5588 2388 5617 ³*
2424 5587 2525 5641 lsa.
2565 5601 2614 5647 v,
2637 5600 2653 5642 ι
2676 5598 2824 5655 seqq.
2907 5582 2951 5611 "
2976 5579 3119 5636 Psal.
3152 5596 3308 5647 xvttt,
3340 5578 3427 5637 ιι.
3524 5578 3568 5611 ³³
3589 5574 3734 5635 PP]-
