4076 6188
407 259 516 329 915

1593 270 1952 332 HESYCHII
1999 271 2471 333 PRESBYTERI

3560 258 3667 325 915

409 394 644 452 quorum
669 397 836 438 unum
867 381 1121 453 superius
1159 397 1282 437 cum
1348 383 1557 438 camelo
1583 393 1639 438 et
1670 385 1876 454 lepore,
1927 393 1983 439 ut
2016 389 2056 448 Λ
2087 395 2364 441 caecantur
2390 385 2555 441 oeuli.
2609 385 2746 452 Quia
2779 399 2906 456 ergo
2949 383 3005 438 in
3036 381 3122 438 bis
3137 382 3332 437 animae
3395 379 3670 452 contingit

409 473 778 539 immundum,
811 475 894 529 lex
929 474 1226 529 accusavit.
1284 475 1562 530 Stellionis
1613 485 1795 531 autem
1841 493 1986 531 nunc

409 566 748 621 mentionem
771 565 922 621 fecit.
957 567 1075 621 Non
1094 583 1224 638 ergo
1254 579 1446 624 natura
1488 585 1678 624 eorum
1708 571 1985 625 immunda

409 669 512 722 est,
563 661 656 713 sed
686 675 787 714 nec
813 661 992 716 omnis
1030 663 1212 730 actio;
1242 680 1365 718 nam
1401 666 1676 735 quomodo
1734 675 1988 737 poterant

411 750 511 803 ista
541 749 788 803 laudari?
818 747 924 805 Sed
963 753 1209 821 quaedam
1237 755 1380 809 circa
1419 757 1536 825 ipsa
1572 765 1703 811 sunt
1738 756 1986 812 actiones

409 848 550 906 apta:
592 836 1063 896 irrationabilibus
1111 844 1442 899 animalibus
1486 854 1540 898 et
1597 862 1719 914 quae
1777 845 1984 900 nullum

406 926 675 993 judicium
720 927 965 998 exigunt,
1012 945 1133 1000 qua:
1199 949 1302 987 nec
1329 935 1486 989 nobis
1507 946 1649 1005 aptae
1682 944 1833 1002 sunt,
1886 952 1987 990 nec

411 1015 628 1085 proprie
659 1027 861 1074 nostra:
885 1030 1046 1076 sunt:
1077 1033 1240 1093 atque
1273 1035 1559 1096 propterea
1590 1028 1852 1097 quandoa
1885 1044 1986 1080 no-

412 1107 495 1162 bis
512 1109 926 1181 continguntur,
947 1111 1256 1170 immundos
1281 1132 1381 1172 nos
1412 1117 1637 1174 faciunt.
1664 1119 1768 1174 Per
1787 1129 1984 1174 terram

413 1214 542 1254 vero
577 1215 789 1270 repere,
815 1216 925 1255 non
953 1210 1038 1257 est
1094 1203 1400 1269 hominum,
1433 1208 1636 1277 quibus
1665 1223 1986 1263 concessum

411 1300 495 1344 est
528 1303 584 1348 ut
613 1293 747 1348 recti
792 1294 1072 1360 incedant,
1122 1297 1430 1368 caelumque
1462 1301 1797 1370 respiciant:
1838 1301 1982 1370 quia,

413 1399 580 1454 super
613 1395 810 1439 terram
847 1402 1036 1456 repere
1059 1429 1073 1454 ,
1107 1396 1191 1443 est
1227 1390 1443 1445 sordida
1473 1406 1636 1461 cpera
1665 1400 1988 1461 terrenaque

414 1493 626 1548 gerere.
657 1476 790 1543 Qua:
812 1494 910 1548 per
937 1477 1301 1535 dili'erentiam
1325 1482 1660 1547 animalium,
1693 1500 1814 1553 qua:
1843 1502 1988 1540 nunc

414 1571 754 1624 dinumerata
776 1579 901 1624 sunt
921 1571 1196 1642 legislator
1215 1573 1569 1644 signiﬁcavit;
1594 1576 1670 1628 ait
1697 1576 1840 1630 enim
1873 1578 1949 1631 sic
1973 1595 1984 1629 :

485 1661 598 1712 Hoc
631 1677 837 1731 quoque
863 1662 999 1716 inter
1027 1664 1234 1732 polluta
1267 1666 1620 1736 reputabitur,
1649 1668 1712 1721 de
1745 1667 1822 1722 his
1874 1683 1989 1738 qua

412 1763 686 1805 moventur
715 1753 957 1808 interra.
992 1754 1108 1809 Non
1161 1757 1288 1825 quia
1347 1759 1526 1828 aliqua
1553 1760 1798 1829 repentia
1855 1773 1995 1815 sunt

410 1842 631 1904 munda,
665 1858 828 1898 omne
867 1844 1012 1898 enim
1045 1861 1184 1914 opus
1209 1847 1352 1916 quod
1380 1863 1479 1918 per
1521 1857 1719 1904 terram
1765 1851 1903 1920 repit
1933 1862 1986 1906 et

411 1933 668 1997 trahitur,
699 1934 817 1988 sine
853 1934 1018 1989 dubio
1052 1936 1394 1993 immundum
1424 1949 1531 1995 est.
1563 1940 1794 2011 Propter
1838 1947 1983 2012 quod

409 2021 611 2078 Paulus
637 2024 762 2077 talia
792 2025 859 2079 de
887 2025 972 2080 his
1011 2027 1104 2096 qui
1133 2039 1305 2100 agunt
1329 2046 1414 2092 ea,
1447 2031 1666 2087 dicebat
1695 2052 1708 2086 :
1739 2033 1972 2098 Quorum

407 2112 549 2164 Deus
583 2123 763 2166 uenter
805 2124 901 2178 est,
931 2125 980 2170 et
1018 2117 1190 2187 gloria
1223 2120 1277 2172 in
1308 2123 1610 2192 confusione
1638 2139 1838 2190 eorum,
1894 2128 1984 2195 qui

409 2213 618 2257 terrena
661 2207 876 2275 sapiunt
900 2207 965 2262 “’.
1025 2208 1106 2263 Ad
1176 2211 1338 2281 hujus
1363 2223 1544 2268 autem
1606 2217 1980 2286 probationem

407 2295 570 2363 paulo
594 2305 718 2366 post
755 2297 1003 2355 invenies
1021 2300 1384 2371 legislatorem
1419 2304 1696 2360 dicentem
1730 2325 1742 2360 :

479 2385 642 2442 Omne
658 2391 798 2459 quod
815 2399 988 2460 reptat
1030 2409 1186 2462 super
1234 2404 1452 2461 terram,
1481 2397 1835 2454 abominabile
1860 2403 1979 2466 erit,

407 2496 500 2532 nec
521 2482 820 2536 adsumitur
846 2485 900 2537 in
922 2483 1114 2540 cibum.
1139 2483 1281 2557 Ergo
1296 2502 1496 2558 genera
1528 2505 1675 2544 nunc
1703 2493 1979 2561 reptilium

407 2571 801 2641 dinumeravit,
825 2590 935 2629 non
963 2575 1108 2646 quod
1144 2577 1249 2631 alia
1306 2579 1661 2646 sintmunda,
1726 2582 1832 2638 alia
1876 2584 1982 2638 im-

403 2662 632 2729 munda,
673 2665 770 2719 sed
804 2673 975 2735 utper
993 2667 1107 2722 haec
1130 2679 1533 2739 consequenter
1557 2671 1771 2741 reptilia
1793 2675 1979 2744 respui

405 2751 704 2818 discamus,
735 2770 804 2808 ex
845 2754 1040 2810 horum
1071 2758 1179 2812 vita
1204 2774 1369 2814 omne
1422 2775 1596 2831 genus
1621 2763 1982 2833 conjicientes

404 2845 702 2915 reptilium.
751 2846 979 2903 Mustela
1004 2850 1151 2905 enim
1201 2852 1403 2908 animal
1455 2863 1540 2909 est
1597 2855 1866 2923 dolosum,
1927 2867 1983 2912 et

406 2936 561 2991 valde
592 2937 754 2994 furtis
786 2954 1008 2996 vacans.
1041 2941 1161 2997 Mus
1208 2952 1437 3013 propter
1463 2946 1670 3001 ventris
1689 2946 1980 3018 ingluviem

403 3027 576 3123 multa
605 3029 846 3123 quotidie
877 3030 1118 3101 pericula
1180 3033 1436 3090 sustinet.
1490 3033 1808 3092 Crocodilus
1859 3037 1978 3092 duri
2009 3066 2051 3123 ο

412 3119 574 3185 corii,
607 3128 662 3174 et
680 3121 985 3178 malitiosus
1034 3132 1136 3190 est,
1178 3124 1401 3196 lutoque
1447 3127 1707 3196 pascitur.
1749 3129 1979 3200 Μυγάλη

401 3211 605 3266 animal
630 3221 716 3268 est
741 3214 1128 3283 compositum,
1158 3231 1269 3271 non
1316 3227 1530 3287 natura,
1561 3220 1657 3275 sed
1695 3221 1821 3276 vita:
1847 3235 1980 3275 con-

403 3302 611 3359 ditione
634 3305 700 3360 ad
727 3305 1086 3362 deridendum
1105 3318 1314 3378 aptum,
1339 3310 1391 3365 id
1417 3321 1522 3374 est,
1552 3312 1779 3368 utdolos
1798 3312 1977 3378 faciat,

409 3404 466 3450 et
495 3395 690 3465 rapiat,
715 3405 1074 3468 ventremque
1101 3400 1311 3470 repleat
1336 3419 1346 3453 :
1394 3412 1618 3474 propter
1642 3405 1787 3474 quod
1827 3419 1981 3458 com-

403 3486 641 3556 positum
689 3503 889 3543 nomen
928 3492 1142 3561 accepit
1212 3507 1280 3546 ex
1344 3502 1575 3563 utroque
1611 3495 1854 3560 animali,
1915 3512 1980 3550 ex

401 3591 512 3645 quo
546 3577 664 3632 haec
695 3577 860 3634 habet
890 3579 1044 3635 vitia.
1072 3581 1403 3638 Chameleon
1453 3584 1507 3637 in
1551 3583 1695 3639 malo
1753 3585 1980 3638 misere-

403 3669 528 3734 scit,
557 3679 613 3723 et
632 3685 745 3740 pra
773 3670 1090 3728 inﬁrmitate
1125 3682 1472 3729 mansuetum
1522 3690 1643 3730 esse
1685 3691 1745 3730 se
1802 3675 1976 3746 ﬁngit,

401 3774 524 3813 cum
561 3759 636 3814 sit
668 3759 1092 3818 immansuetum
1120 3764 1339 3819 animal.
1360 3764 1568 3831 Stellio,
1602 3765 1652 3821 id
1671 3775 1775 3830 est,
1802 3767 1978 3820 ἀσκα-

400 3846 671 3918 λαϐώτης,
697 3847 862 3904 nimis
899 3851 1118 3920 quidem
1167 3853 1449 3922 parvulus,
1491 3855 1579 3908 vel
1613 3855 1977 3918 miserrimus,

402 3957 710 3998 venenosus
763 3952 946 3998 tamen
974 3955 1078 4000 est.
1120 3944 1342 3999 Lacerta
1375 3943 1429 3998 in
1456 3945 1723 4014 sepulcris
1747 3946 1973 4000 habitat.

401 4031 570 4103 'l‘alpa
605 4050 810 4090 caecum
843 4046 929 4091 est
957 4036 1158 4090 animal
1190 4035 1337 4106 quod
1364 4037 1432 4091 de
1461 4046 1604 4091 terra
1628 4047 1924 4108 generatur
1959 4057 1970 4090 :

401 4124 593 4179 dicunt
628 4125 773 4180 enim
809 4141 930 4180 eam
974 4125 1043 4180 de
1075 4134 1215 4179 terra
1261 4125 1420 4180 simul
1466 4133 1522 4178 et
1553 4124 1733 4194 pluvia
1803 4126 1975 4180 creari

399 4224 657 4285 corrupto
707 4217 842 4281 luto,
889 4231 1015 4270 cum
1063 4215 1216 4286 prius
1277 4215 1518 4285 pluviam
1565 4215 1817 4285 suscipit.
1849 4215 1975 4270 llaec

397 4322 529 4378 ergo
559 4307 838 4363 immunda
872 4317 1000 4362 sunt
1028 4307 1094 4362 de
1132 4307 1388 4361 omnibus
1437 4323 1561 4375 qua:
1594 4317 1790 4376 repunt
1811 4323 1974 4378 super

2089 494 2255 544 mors,
2287 478 2572 535 morticina
2600 488 2746 534 recte
2774 477 3124 533 noinantur
3149 495 3160 528 :
3193 481 3247 530 et
3273 488 3447 544 quiea
3467 474 3660 544 tangit,

2089 573 2142 625 id
2210 581 2314 636 est,
2368 572 2460 642 qui
2521 573 2576 626 in
2600 573 2681 628 eis
2712 572 2991 642 polluitur,
3023 571 3164 626 sicut
3197 568 3473 623 etPaulus
3534 570 3612 624 ait
3647 587 3661 620 :

2089 660 2292 715 Bonum
2331 673 2404 718 est
2451 665 2650 718 homini
2674 663 2944 717 mulierem
2975 679 3078 716 non
3120 671 3339 731 tangere
3375 661 3441 726 “,
3474 659 3664 730 procul

2087 751 2254 807 dubio
2293 752 2607 809 immundus
2640 763 2744 809 est.
2772 752 2917 808 Nihil
2947 752 3094 808 enim
3135 751 3215 806 sic
3238 751 3515 804 hominem
3547 748 3666 818 pol-

2089 842 2210 906 luit,
2254 853 2311 898 ut
2343 853 2648 913 peccatum.
2694 843 2878 914 Usque
2908 843 3040 898 dum
3103 856 3331 911 vespera
3387 840 3661 904 veniente,

2089 935 2155 988 de
2195 951 2299 1004 qua
2329 935 2492 990 David
2515 937 2728 991 dicebat
2762 955 2776 990 :
2833 936 2916 989 Ad
2978 951 3250 1004 vesperum
3302 933 3663 987 demorabitur

2088 1028 2345 1096 ﬂetus";
2400 1029 2478 1082 ait
2541 1038 2722 1083 autem
2793 1029 2860 1084 de
2925 1027 3244 1099 paenitentia
3286 1023 3609 1097 intelligibili
3641 1044 3658 1078 :

2090 1121 2466 1190 purificatione
2496 1122 2790 1177 diluamus.

2163 1210 2320 1264 Vens.
2351 1211 2440 1273 5‘2,
2475 1212 2563 1267 35.
2593 1231 2610 1263 ι
2634 1211 2695 1264 Et
2728 1227 2894 1281 super
2921 1211 3064 1281 quod
3094 1208 3665 1278 occideritquidquam

2089 1303 2157 1356 de
2192 1302 2494 1356 morticinis
2523 1318 2736 1365 eorum,
2757 1302 3040 1372 polluitur,
3081 1311 3188 1354 tam
3228 1315 3322 1354 vas
3344 1299 3580 1369 ligneum
3609 1306 3666 1351 et

2092 1394 2500 1457 vestimentum,
2533 1408 2694 1460 quam
2729 1392 2884 1462 pellis
2929 1401 2985 1446 et
3015 1391 3255 1445 cilicium
3298 1406 3310 1442 :
3345 1398 3402 1443 et
3437 1389 3489 1441 in
3524 1405 3665 1457 quo-

2091 1499 2307 1554 cunque
2357 1483 2415 1538 ﬁt
2446 1499 2604 1554 opus,
2648 1485 2929 1552 tingentur
2989 1497 3127 1551 aqua
3169 1491 3224 1535 et
3258 1479 3464 1550 polluta
3499 1487 3661 1532 erunt

2093 1592 2262 1645 usque
2286 1577 2352 1630 ad
2391 1591 2698 1644 vesperam,
2725 1585 2782 1628 et
2846 1575 2925 1629 sic
2950 1584 3140 1644 postea
3215 1571 3657 1626 mundahnntur.

2094 1667 2200 1722 Vas
2227 1677 2408 1722 autem
2445 1667 2628 1729 ﬁctile,
2663 1668 2716 1720 in
2753 1667 2897 1735 quod
2945 1667 3140 1720 horum
3169 1665 3466 1734 quidquam
3522 1663 3665 1716 intro

2093 1758 2370 1821 ceciderit,
2405 1758 2700 1828 polluetur,
2764 1767 2815 1812 et
2851 1757 3057 1812 idcirco
3105 1754 3469 1826 frangendum
3495 1763 3596 1806 est.
3639 1770 3660 1803 s

2161 1849 2481 1904 Admirabili
2524 1849 2792 1904 divisione
2805 1849 2972 1903 etiam
3008 1863 3154 1902 nunc
3174 1847 3347 1900 utitur
3368 1844 3664 1915 legislator;

2099 1940 2227 2009 quia
2295 1940 2441 1994 enim
2500 1938 2794 2009 aliquando
2849 1953 2916 1992 ex
2966 1935 3317 2007 negligentia,
3370 1932 3666 2002 aliquando

2090 2046 2379 2102 peccamus
2408 2045 2476 2084 ex
2503 2044 2668 2098 opere
2723 2030 3095 2098 malorumque
3139 2027 3344 2091 studio,
3395 2027 3538 2081 sicut
3585 2025 3660 2079 illi

2087 2123 2154 2175 de
2189 2121 2388 2190 quibus
2417 2119 2672 2174 Salomon
2707 2120 2760 2172 in
2799 2116 3105 2174 Proverbiis
3126 2118 3336 2173 diccbat
3370 2131 3385 2169 :
3415 2115 3515 2172 Cui
3549 2119 3662 2170 om?

2087 2214 2250 2283 Cujus
2279 2214 2420 2282 patri
2455 2213 2572 2266 rw?
2611 2212 2694 2264 cui
2727 2212 2861 2265 irw?
2893 2211 2976 2264 cui
3012 2211 3189 2264 rima?
3220 2212 3301 2263 cui
3334 2212 3445 2264 sine
3493 2227 3658 2262 causa

2087 2306 2344 2358 vulnera?
2362 2305 2446 2358 cui
2470 2303 2684 2372 sit/fusio
2729 2303 3001 2356 oculorum
3027 2305 3051 2357 ?
3079 2303 3274 2376 N.onne
3313 2304 3391 2356 Iris
3429 2303 3518 2369 qui
3548 2311 3662 2355 stu-

2085 2397 2207 2449 dent
2235 2396 2352 2449 vino
2391 2405 2437 2449 et
2455 2405 2643 2448 vacant
2677 2395 2934 2448 calicibus
2963 2393 3338 2463 epotandis"?
3376 2393 3542 2447 Recte
3563 2393 3663 2446 hos

2092 2488 2237 2541 inter
2262 2503 2356 2540 eos
2394 2487 2487 2556 qui
2522 2496 2748 2557 tangunt
2772 2486 3080 2546 morticina,
3109 2485 3314 2555 posuit.
3357 2484 3461 2550 Qui
3530 2499 3661 2538 vero

2089 2595 2185 2649 per
2219 2578 2562 2632 evenieutcm
2595 2578 2788 2632 anima:
2835 2577 3245 2648 negligentiam,
3278 2585 3332 2630 et
3367 2577 3437 2630 ob
3472 2587 3660 2645 Slllpﬂ-

2088 2687 2201 2725 rem
2241 2670 2621 2740 delectumque
2644 2670 2906 2724 virtutum
2939 2670 3283 2738 delinquunt,
3307 2669 3658 2738 quemadmo-

2087 2763 2220 2816 dum
2298 2761 2463 2815 David
2529 2776 2758 2831 surgens
2818 2761 3039 2814 meridie
3077 2759 3145 2814 de
3209 2768 3380 2814 strato
3418 2747 3541 2823 suo:
3606 2768 3661 2812 et

2087 2850 2374 2904 ambulans
2408 2848 2462 2902 in
2510 2849 2728 2912 solario,
2770 2857 2824 2903 et
2863 2848 3004 2904 Uria:
3041 2864 3266 2903 uxorem
3296 2848 3563 2902 lavantem
3601 2863 3659 2901 se

2087 2941 2296 3003 videns,
2337 2950 2581 3010 captusa
2614 2940 2842 2995 muliere
2903 2950 3007 3006 est,
3048 2956 3169 3010 qua:
3228 2941 3391 2995 nimis
3436 2939 3658 3010 pulchra

2086 3042 2220 3099 erat,
2251 3031 2688 3101 quiadulterium
2721 3031 2882 3086 simul
2933 3032 3396 3101 hornicidiumqne
3431 3031 3661 3086 commi-

2085 3125 2175 3187 sit,
2213 3125 2266 3178 in
2301 3125 2400 3178 hos
2428 3122 2623 3178 cadere
2652 3123 2940 3177 morticina
2979 3123 3258 3178 dicuntur.
3297 3121 3483 3193 Neque
3513 3123 3660 3177 enim

2086 3217 2185 3287 ipsi
2227 3217 2293 3272 ad
2324 3225 2607 3286 peccatum
2634 3215 3053 3282 festinaverunt,
3083 3216 3180 3271 sed
3230 3216 3550 3270 inciderunt
3605 3217 3662 3270 in

2083 3308 2182 3372 eis,
2215 3317 2270 3362 et
2298 3305 2700 3376 quodammodo
2771 3320 2938 3374 super
2998 3320 3057 3359 se
3114 3305 3318 3360 cadens
3371 3315 3659 3375 peccatum

2083 3399 2409 3468 suscipiunt.
2436 3396 2572 3463 Quia
2604 3405 2784 3458 autem
2821 3397 3047 3450 omnino
3065 3406 3447 3468 susceperunt,
3476 3405 3661 3452 etnon

2082 3491 2422 3554 restiterunt,
2452 3499 2739 3559 propterea
2769 3498 2916 3544 recte
2951 3489 3220 3545 immundi
3246 3499 3395 3553 sunt,
3434 3500 3542 3545 tam
3563 3507 3662 3547 vas

2085 3584 2332 3654 ligneum
2373 3591 2427 3636 ει
2461 3581 2870 3644 vestimentum,
2913 3597 3077 3651 quam
3103 3581 3260 3652 pellis
3291 3593 3344 3637 et
3375 3583 3654 3637 cilicium:

2083 3671 2134 3725 id
2170 3681 2273 3735 est,
2301 3671 2414 3725 sive
2441 3686 2590 3724 oram
2651 3670 2827 3724 levem
2869 3671 3160 3739 quamdam
3222 3679 3276 3726 et
3318 3673 3653 3726 mediocrem

2081 3761 2298 3825 habeat,
2330 3760 2454 3813 talia
2485 3766 2616 3813 sunt
2645 3759 2791 3812 enim
2820 3775 2945 3812 vasa
2970 3758 3168 3829 lignea,
3203 3770 3294 3813 aut
3328 3761 3397 3814 ad
3440 3760 3660 3830 tingen-

2079 3852 2206 3906 dum
2272 3848 2651 3912 suﬁicientem,
2721 3848 2864 3902 sicut
2905 3857 2990 3902 est
3050 3847 3466 3914 vestimentum,
3537 3849 3658 3903 sive

2079 3941 2373 4013 patientem
2393 3979 2405 4002 ,
2431 3954 2592 4009 quam
2629 3938 2786 4008 pellis
2814 3938 3108 4009 signiﬁcat,
3128 3939 3243 3993 sive
3265 3955 3385 3994 eam
3423 3955 3546 4010 qua:
3571 3949 3658 3993 est

2077 4031 2418 4104 patientium,
2459 4032 2598 4084 hanc
2631 4030 2776 4084 enim
2807 4029 3066 4094 cilicium,
3095 4031 3212 4085 sive
3226 4046 3416 4086 saccus
3430 4031 3646 4100 signiﬁ-

2077 4134 2184 4178 cat.
2223 4122 2458 4178 Omnino
2485 4128 2668 4175 autem
2699 4137 2793 4176 vas
2827 4130 2932 4187 est,
2976 4123 3029 4177 in
3061 4137 3171 4192 quo
3200 4138 3338 4192 opus
3363 4123 3535 4193 possit
3568 4124 3652 4193 agi

2091 4214 2336 4279 virtutis;
2379 4213 2456 4267 sic
2489 4212 2634 4267 enim
2654 4212 2910 4284 intelligis
2958 4213 3012 4266 in
3045 4229 3373 4284 quocunque
3399 4214 3456 4268 ﬁt
3488 4231 3647 4284 opus.

2147 4304 2361 4357 Polluta
2388 4313 2537 4357 erunt
2568 4320 2727 4373 usque
2765 4305 2836 4357 ad
2865 4320 3152 4372 vesperam.
3203 4304 3259 4360 ld
3315 4319 3418 4371 est,
3482 4323 3656 4377 usque

399 4408 624 4464 terram,
646 4413 757 4452 non
781 4399 907 4468 quia
946 4399 1050 4453 alia
1096 4414 1204 4452 non
1241 4407 1388 4452 sunt.
1424 4397 1658 4468 Propter
1688 4399 1832 4468 quod
1860 4401 1975 4468 pol-
2006 4393 2050 4452 D
2081 4403 2294 4462 tempus
2313 4392 2666 4462 pmnitcntiaz.
2714 4393 2978 4464 Tingetur
3051 4404 3234 4450 autem
3261 4411 3401 4466 aqua
3423 4397 3649 4459 lavacri,

397 4489 663 4544 lationem
692 4490 953 4560 majorem
987 4491 1210 4555 habent,
1259 4489 1376 4543 sive
1407 4489 1689 4544 malitiam.

466 4579 649 4636 Omnis
689 4581 780 4652 qui
837 4582 1066 4652 tetigerit
1107 4581 1387 4634 morticina
1428 4596 1628 4645 eorum,
1670 4582 1974 4636 immundus

398 4674 497 4727 erit
526 4689 689 4744 usque
711 4674 782 4726 ad
803 4690 1089 4743 vesperam.
1137 4673 1282 4728 liene
1319 4689 1450 4745 ergo
1487 4673 1680 4743 probat
1710 4673 1972 4728 intentio.

398 4779 524 4818 nem
555 4763 884 4834 legislatoris
934 4763 1050 4834 ipsa
1087 4765 1284 4818 littera.
1353 4763 1408 4817 Si
1477 4762 1622 4818 enim
1688 4764 1967 4819 immunda

398 4861 594 4907 natura
621 4861 806 4907 essent
856 4867 920 4906 ea
969 4868 1090 4922 quae
1121 4869 1268 4907 nunc
1297 4852 1440 4907 dicta
1499 4861 1629 4906 sunt
1688 4853 1968 4917 animalia,

395 4950 672 5011 oporteret
701 4941 1041 4996 immundmn
1072 4956 1192 4995 esse
1230 4950 1286 4995 et
1328 4941 1422 5010 qui
1464 4955 1527 4996 ea
1568 4941 1805 4996 viventia
1853 4951 1970 4996 tan-

393 5041 583 5104 geret.
624 5049 772 5088 nunc
817 5040 1001 5086 autem
1028 5030 1118 5101 qui
1161 5030 1399 5101 tetigerit
1465 5030 1750 5084 morticina
1782 5047 1970 5086 eorum

394 5123 514 5192 ipse
550 5123 698 5177 solus
725 5123 1040 5177 immundus
1057 5131 1160 5175 est.
1208 5120 1499 5174 Morticina
1530 5129 1714 5174 autem
1755 5135 1968 5184 eorum,

395 5223 526 5268 sunt
593 5216 860 5285 praedicta:
921 5214 1190 5280 actiones,
1247 5213 1301 5267 id
1363 5223 1446 5268 est
1502 5213 1680 5279 dolus,
1739 5214 1966 5280 furtum,

397 5306 712 5375 duplicitas,
743 5309 858 5363 sive
907 5308 1103 5370 ironia,
1171 5317 1224 5360 et
1290 5307 1435 5361 circa
1484 5307 1588 5361 alia
1653 5309 1963 5378 occupatio,

397 5410 610 5450 necnon
655 5397 800 5452 circa
841 5406 1056 5453 terrena
1109 5397 1389 5452 festinatio
1433 5415 1446 5450 :
1507 5413 1570 5450 ex
1606 5413 1711 5466 qua
1769 5400 1970 5453 mentis

456 5598 501 5624 ιδ

569 5605 801 5674 Philipp.
861 5627 960 5674 ιιι,
1023 5613 1102 5666 l9.
1237 5610 1337 5663 “l
1393 5611 1517 5666 Cor.
1579 5627 1697 5673 γη,
1758 5609 1808 5663 l-

402 5687 541 5740 tvm,
579 5675 665 5729 18.

1937 5609 1977 5636 ⁸⁷
2031 5606 2170 5661 Psal.
2238 5622 2407 5670 χχιχ,
2465 5605 2518 5658 6.

2078 4486 2162 4540 vel
2198 4485 2576 4554 lacrymarum,
2617 4492 2672 4538 et
2723 4485 3094 4540 mundabitur.
3127 4485 3235 4542 Vas
3262 4497 3444 4542 autem
3463 4489 3650 4554 ﬁctile,

2074 4579 2164 4650 qui
2202 4585 2347 4632 totus
2383 4585 2630 4630 terrenus
2653 4585 2754 4638 est,
2796 4575 2851 4630 id
2879 4585 2980 4642 est,
3017 4577 3130 4633 luto
3161 4579 3344 4634 saeculi
3385 4595 3650 4649 consper-

2075 4684 2189 4722 sus.
2253 4667 2311 4721 ln
2351 4667 2456 4722 hoc
2501 4667 2548 4721 si
2624 4665 2879 4721 inciderit
2941 4668 3311 4733 morticinum,
3364 4680 3648 4740 peccatum

2073 4759 2218 4830 quod
2240 4759 2305 4814 ad
2338 4770 2566 4814 mortem
2627 4766 2730 4822 est,
2789 4759 3129 4831 interiusque
3195 4776 3319 4816 eum
3373 4771 3648 4833 penetret,

2076 4852 2494 4920 domineturque
2528 4850 2599 4916 ei,
2632 4850 2775 4904 sicut
2837 4851 3006 4906 David
3037 4853 3253 4908 dicebat
3284 4873 3298 4909 :
3366 4853 3433 4908 Et
3475 4855 3651 4908 induit

2075 4961 2129 4998 se
2161 4942 2576 4996 maledictionem
2606 4941 2741 4995 sicut
2769 4943 3153 5009 vestimentum,
3188 4954 3236 4998 et
3261 4946 3478 4999 intravit
3515 4948 3653 5000 sicut

2075 5051 2217 5105 aqua
2253 5036 2309 5087 in
2334 5035 2593 5088 interiora
2632 5035 2746 5103 ejus
2770 5035 2836 5102 ",
2893 5036 2984 5106 qui
3044 5052 3153 5091 non
3213 5037 3386 5090 solum
3441 5038 3652 5109 ingredi

2076 5128 2536 5190 maledictionem,
2567 5127 2662 5182 sed
2690 5137 2746 5182 et
2782 5127 3067 5183 dominari
3113 5129 3168 5183 in
3203 5146 3288 5196 eo,
3325 5130 3380 5185 in
3405 5147 3515 5201 quo
3567 5132 3654 5186 in-

2077 5235 2258 5290 gressa
2287 5228 2390 5285 est,
2429 5205 2598 5273 dicit:
2636 5221 2943 5275 necessarie
2971 5221 3103 5275 illud
3129 5223 3338 5276 conteri
3366 5224 3652 5294 praecepit.

2077 5311 2264 5380 Neque
2284 5307 2428 5363 enim
2461 5308 2580 5378 ejus
2604 5307 2948 5361 immunditia
2996 5308 3138 5363 sicut
3190 5308 3444 5372 aliorum,
3491 5308 3654 5364 facile

2078 5397 2292 5468 purgari
2323 5405 2520 5465 potest,
2543 5396 2726 5451 labore
2755 5395 2958 5466 quippe
2990 5397 3183 5460 multo,
3216 5404 3270 5450 et
3295 5396 3650 5462 contritione,

2659 5599 2703 5631 "
2732 5601 2892 5656 Prov.
2947 5617 3118 5657 xxiii.
3190 5601 3278 5656 29.
3438 5599 3652 5655 "Psal.
