  <div class='ocr_page' id='page_1' title='image "/cluster/home/n/w/nwhite01/storage/ocr_20150623/93/hvd.32044054128533/472.png"; bbox 0 0 4076 6188; ppageno 0'>
   <div class='ocr_carea' id='block_1_1' title="bbox 466 184 570 248">
    <p class='ocr_par' dir='ltr' id='par_1_1' title="bbox 466 184 570 248">
     <span class='ocr_line' id='line_1_1' title="bbox 466 184 570 248; baseline -0.019 0"><span class='ocrx_word' id='word_1_1' title='bbox 466 184 570 248; x_wconf 73' lang='lat'><strong>917</strong></span> 
     </span>
    </p>
   </div>
   <div class='ocr_carea' id='block_1_2' title="bbox 1592 176 2572 240">
    <p class='ocr_par' dir='ltr' id='par_1_2' title="bbox 1592 176 2572 240">
     <span class='ocr_line' id='line_1_2' title="bbox 1592 176 2572 240; baseline -0.006 -2"><span class='ocrx_word' id='word_1_2' title='bbox 1592 183 1668 240; x_wconf 83' lang='lat' dir='ltr'><strong>IN</strong></span> <span class='ocrx_word' id='word_1_3' title='bbox 1703 177 2138 238; x_wconf 79' lang='lat' dir='ltr'><strong>LEVITICUM.</strong></span> <span class='ocrx_word' id='word_1_4' title='bbox 2177 198 2244 208; x_wconf 82' lang='lat'><strong>—</strong></span> <span class='ocrx_word' id='word_1_5' title='bbox 2280 176 2424 234; x_wconf 88' lang='lat' dir='ltr'><strong>LIB.</strong></span> <span class='ocrx_word' id='word_1_6' title='bbox 2461 177 2572 233; x_wconf 86' lang='lat' dir='ltr'><strong>III.</strong></span> 
     </span>
    </p>
   </div>
   <div class='ocr_carea' id='block_1_3' title="bbox 3621 174 3720 236">
    <p class='ocr_par' dir='ltr' id='par_1_3' title="bbox 3621 174 3720 236">
     <span class='ocr_line' id='line_1_3' title="bbox 3621 174 3720 236; baseline 0 -1"><span class='ocrx_word' id='word_1_7' title='bbox 3621 174 3720 236; x_wconf 83' lang='lat' dir='ltr'><strong>9i8</strong></span> 
     </span>
    </p>
   </div>
   <div class='ocr_carea' id='block_1_4' title="bbox 465 279 3724 366">
    <p class='ocr_par' dir='ltr' id='par_1_4' title="bbox 465 279 3724 366">
     <span class='ocr_line' id='line_1_4' title="bbox 465 279 3724 366; baseline 0.001 -35"><span class='ocrx_word' id='word_1_8' title='bbox 465 308 522 352; x_wconf 64' lang='grc' dir='ltr'>ει</span> <span class='ocrx_word' id='word_1_9' title='bbox 559 295 960 366; x_wconf 59' lang='lat' dir='ltr'><strong>quodammodo</strong></span> <span class='ocrx_word' id='word_1_10' title='bbox 1014 294 1398 348; x_wconf 59' lang='lat' dir='ltr'><strong>reformatione</strong></span> <span class='ocrx_word' id='word_1_11' title='bbox 1436 293 1682 346; x_wconf 65' lang='grc' dir='ltr'><strong>ωηιτῑιω</strong></span> <span class='ocrx_word' id='word_1_12' title='bbox 1716 299 1879 358; x_wconf 74' lang='lat' dir='ltr'><strong>atque</strong></span> <span class='ocrx_word' id='word_1_13' title='bbox 1933 291 2028 342; x_wconf 67' lang='lat' dir='ltr'><strong>hu-</strong></span> <span class='ocrx_word' id='word_1_14' title='bbox 2069 291 2114 343; x_wconf 76' lang='grc' dir='ltr'>Α</span> <span class='ocrx_word' id='word_1_15' title='bbox 2143 281 2656 350; x_wconf 77' lang='lat' dir='ltr'><strong>contemplationem</strong></span> <span class='ocrx_word' id='word_1_16' title='bbox 2714 282 2972 351; x_wconf 77' lang='lat' dir='ltr'><strong>spiritus,</strong></span> <span class='ocrx_word' id='word_1_17' title='bbox 3015 279 3157 350; x_wconf 87' lang='lat' dir='ltr'><strong>quod</strong></span> <span class='ocrx_word' id='word_1_18' title='bbox 3208 282 3625 350; x_wconf 76' lang='lat' dir='ltr'><strong>cognoscimus,</strong></span> <span class='ocrx_word' id='word_1_19' title='bbox 3681 284 3724 335; x_wconf 92' lang='lat' dir='ltr'><strong>si</strong></span> 
     </span>
    </p>
   </div>
   <div class='ocr_carea' id='block_1_5' title="bbox 465 380 2039 456">
    <p class='ocr_par' dir='ltr' id='par_1_5' title="bbox 465 380 2039 456">
     <span class='ocr_line' id='line_1_5' title="bbox 465 380 2039 456; baseline -0.007 -13"><span class='ocrx_word' id='word_1_20' title='bbox 465 389 684 444; x_wconf 67' lang='lat' dir='ltr'><strong>miliatzn</strong></span> <span class='ocrx_word' id='word_1_21' title='bbox 738 388 936 442; x_wconf 79' lang='lat' dir='ltr'><strong>utentis</strong></span> <span class='ocrx_word' id='word_1_22' title='bbox 977 397 1116 456; x_wconf 89' lang='lat' dir='ltr'><strong>eget,</strong></span> <span class='ocrx_word' id='word_1_23' title='bbox 1141 387 1282 441; x_wconf 90' lang='lat' dir='ltr'><strong>sicut.</strong></span> <span class='ocrx_word' id='word_1_24' title='bbox 1340 386 1416 438; x_wconf 91' lang='lat' dir='ltr'><strong>ait</strong></span> <span class='ocrx_word' id='word_1_25' title='bbox 1457 384 1642 444; x_wconf 84' lang='lat' dir='ltr'><strong>David,</strong></span> <span class='ocrx_word' id='word_1_26' title='bbox 1704 383 1746 436; x_wconf 89' lang='lat' dir='ltr'><strong>si</strong></span> <span class='ocrx_word' id='word_1_27' title='bbox 1788 380 2039 435; x_wconf 80' lang='lat' dir='ltr'><strong>mandari</strong></span> 
     </span>
    </p>
   </div>
   <div class='ocr_carea' id='block_1_6' title="bbox 467 473 2043 542">
    <p class='ocr_par' dir='ltr' id='par_1_6' title="bbox 467 473 2043 542">
     <span class='ocr_line' id='line_1_6' title="bbox 467 473 2043 542; baseline -0.006 -9"><span class='ocrx_word' id='word_1_28' title='bbox 467 479 601 533; x_wconf 89' lang='lat' dir='ltr'><strong>vult.</strong></span> <span class='ocrx_word' id='word_1_29' title='bbox 645 477 801 533; x_wconf 85' lang='lat' dir='ltr'><strong>Unde</strong></span> <span class='ocrx_word' id='word_1_30' title='bbox 833 489 886 532; x_wconf 89' lang='lat' dir='ltr'><strong>et</strong></span> <span class='ocrx_word' id='word_1_31' title='bbox 924 478 1118 532; x_wconf 87' lang='lat' dir='ltr'><strong>beatus</strong></span> <span class='ocrx_word' id='word_1_32' title='bbox 1149 477 1348 530; x_wconf 78' lang='lat' dir='ltr'><strong>Paulus</strong></span> <span class='ocrx_word' id='word_1_33' title='bbox 1377 477 1422 506; x_wconf 74' lang='grc'><strong>³⁵</strong></span> <span class='ocrx_word' id='word_1_34' title='bbox 1462 489 1586 527; x_wconf 90' lang='lat' dir='ltr'><strong>eum</strong></span> <span class='ocrx_word' id='word_1_35' title='bbox 1612 473 1705 542; x_wconf 89' lang='lat' dir='ltr'><strong>qui</strong></span> <span class='ocrx_word' id='word_1_36' title='bbox 1735 488 1856 526; x_wconf 92' lang='lat' dir='ltr'><strong>eum</strong></span> <span class='ocrx_word' id='word_1_37' title='bbox 1875 486 2043 524; x_wconf 76' lang='lat' dir='ltr'><strong>uxore</strong></span> 
     </span>
    </p>
   </div>
   <div class='ocr_carea' id='block_1_7' title="bbox 469 562 2042 638">
    <p class='ocr_par' dir='ltr' id='par_1_7' title="bbox 469 562 2042 638">
     <span class='ocr_line' id='line_1_7' title="bbox 469 562 2042 638; baseline -0.003 -18"><span class='ocrx_word' id='word_1_38' title='bbox 469 569 634 638; x_wconf 83' lang='lat' dir='ltr'><strong>patris</strong></span> <span class='ocrx_word' id='word_1_39' title='bbox 665 567 1087 630; x_wconf 84' lang='lat' dir='ltr'><strong>fornicatusesl,</strong></span> <span class='ocrx_word' id='word_1_40' title='bbox 1109 567 1161 619; x_wconf 92' lang='lat' dir='ltr'><strong>in</strong></span> <span class='ocrx_word' id='word_1_41' title='bbox 1186 575 1392 618; x_wconf 88' lang='lat' dir='ltr'><strong>tantmn</strong></span> <span class='ocrx_word' id='word_1_42' title='bbox 1420 563 1692 622; x_wconf 71' lang='lat' dir='ltr'><strong>contrivit.</strong></span> <span class='ocrx_word' id='word_1_43' title='bbox 1720 570 1778 614; x_wconf 92' lang='lat' dir='ltr'><strong>ut</strong></span> <span class='ocrx_word' id='word_1_44' title='bbox 1826 562 2042 615; x_wconf 64' lang='lat' dir='ltr'><strong>Satanae</strong></span> 
     </span>
    </p>
   </div>
   <div class='ocr_carea' id='block_1_8' title="bbox 472 651 2040 722">
    <p class='ocr_par' dir='ltr' id='par_1_8' title="bbox 472 651 2040 722">
     <span class='ocr_line' id='line_1_8' title="bbox 472 651 2040 722; baseline -0.004 -12"><span class='ocrx_word' id='word_1_45' title='bbox 472 675 595 712; x_wconf 78' lang='lat' dir='ltr'><strong>cum</strong></span> <span class='ocrx_word' id='word_1_46' title='bbox 636 657 869 711; x_wconf 80' lang='lat' dir='ltr'><strong>traderet</strong></span> <span class='ocrx_word' id='word_1_47' title='bbox 901 657 954 709; x_wconf 90' lang='lat' dir='ltr'><strong>in</strong></span> <span class='ocrx_word' id='word_1_48' title='bbox 988 657 1209 709; x_wconf 89' lang='lat' dir='ltr'><strong>interitu</strong></span> <span class='ocrx_word' id='word_1_49' title='bbox 1257 656 1457 716; x_wconf 89' lang='lat' dir='ltr'><strong>carnis,</strong></span> <span class='ocrx_word' id='word_1_50' title='bbox 1505 663 1775 722; x_wconf 85' lang='lat' dir='ltr'><strong>quatenus</strong></span> <span class='ocrx_word' id='word_1_51' title='bbox 1835 653 1886 705; x_wconf 91' lang='lat' dir='ltr'><strong>in</strong></span> <span class='ocrx_word' id='word_1_52' title='bbox 1948 651 2040 704; x_wconf 92' lang='lat' dir='ltr'><strong>tali</strong></span> 
     </span>
    </p>
   </div>
   <div class='ocr_carea' id='block_1_9' title="bbox 468 745 1369 814">
    <p class='ocr_par' dir='ltr' id='par_1_9' title="bbox 468 745 1369 814">
     <span class='ocr_line' id='line_1_9' title="bbox 468 745 1369 814; baseline -0.001 -14"><span class='ocrx_word' id='word_1_53' title='bbox 468 746 797 804; x_wconf 79' lang='lat' dir='ltr'><strong>contritione</strong></span> <span class='ocrx_word' id='word_1_54' title='bbox 829 745 1064 798; x_wconf 86' lang='lat' dir='ltr'><strong>salvaret</strong></span> <span class='ocrx_word' id='word_1_55' title='bbox 1092 745 1369 814; x_wconf 83' lang='lat' dir='ltr'><strong>spiritum.</strong></span> 
     </span>
    </p>
   </div>
   <div class='ocr_carea' id='block_1_10' title="bbox 537 832 2040 902">
    <p class='ocr_par' dir='ltr' id='par_1_10' title="bbox 537 832 2040 902">
     <span class='ocr_line' id='line_1_10' title="bbox 537 832 2040 902; baseline -0.002 -14"><span class='ocrx_word' id='word_1_56' title='bbox 537 835 700 888; x_wconf 82' lang='lat' dir='ltr'><strong>Vens.</strong></span> <span class='ocrx_word' id='word_1_57' title='bbox 744 834 833 888; x_wconf 70' lang='grc'><strong>54.</strong></span> <span class='ocrx_word' id='word_1_58' title='bbox 867 853 885 884; x_wconf 75' lang='grc' dir='ltr'>ι</span> <span class='ocrx_word' id='word_1_59' title='bbox 925 833 1113 890; x_wconf 88' lang='lat' dir='ltr'><strong>Omnis</strong></span> <span class='ocrx_word' id='word_1_60' title='bbox 1135 835 1290 888; x_wconf 84' lang='lat' dir='ltr'><strong>cibus</strong></span> <span class='ocrx_word' id='word_1_61' title='bbox 1315 849 1475 902; x_wconf 88' lang='lat' dir='ltr'><strong>quem</strong></span> <span class='ocrx_word' id='word_1_62' title='bbox 1508 834 1816 895; x_wconf 82' lang='lat' dir='ltr'><strong>comeditis,</strong></span> <span class='ocrx_word' id='word_1_63' title='bbox 1855 833 1897 887; x_wconf 89' lang='lat' dir='ltr'><strong>si</strong></span> <span class='ocrx_word' id='word_1_64' title='bbox 1921 832 2040 886; x_wconf 87' lang='lat' dir='ltr'><strong>fusa</strong></span> 
     </span>
    </p>
   </div>
   <div class='ocr_carea' id='block_1_11' title="bbox 469 924 2038 995">
    <p class='ocr_par' dir='ltr' id='par_1_11' title="bbox 469 924 2038 995">
     <span class='ocr_line' id='line_1_11' title="bbox 469 924 2038 995; baseline -0.002 -16"><span class='ocrx_word' id='word_1_65' title='bbox 469 927 633 980; x_wconf 88' lang='lat' dir='ltr'><strong>fuerit</strong></span> <span class='ocrx_word' id='word_1_66' title='bbox 662 941 826 995; x_wconf 82' lang='lat' dir='ltr'><strong>super</strong></span> <span class='ocrx_word' id='word_1_67' title='bbox 848 941 973 979; x_wconf 92' lang='lat' dir='ltr'><strong>eum</strong></span> <span class='ocrx_word' id='word_1_68' title='bbox 1005 942 1164 995; x_wconf 91' lang='lat' dir='ltr'><strong>aqua,</strong></span> <span class='ocrx_word' id='word_1_69' title='bbox 1195 925 1506 979; x_wconf 87' lang='lat' dir='ltr'><strong>immundus</strong></span> <span class='ocrx_word' id='word_1_70' title='bbox 1526 926 1670 979; x_wconf 88' lang='lat' dir='ltr'><strong>erit:</strong></span> <span class='ocrx_word' id='word_1_71' title='bbox 1703 935 1758 978; x_wconf 90' lang='lat' dir='ltr'><strong>et</strong></span> <span class='ocrx_word' id='word_1_72' title='bbox 1789 940 1949 978; x_wconf 90' lang='lat' dir='ltr'><strong>omne</strong></span> <span class='ocrx_word' id='word_1_73' title='bbox 1976 924 2038 976; x_wconf 87' lang='lat' dir='ltr'><strong>li-</strong></span> 
     </span>
    </p>
   </div>
   <div class='ocr_carea' id='block_1_12' title="bbox 466 1017 2033 1088">
    <p class='ocr_par' dir='ltr' id='par_1_12' title="bbox 466 1017 2033 1088">
     <span class='ocr_line' id='line_1_12' title="bbox 466 1017 2033 1088; baseline -0.003 -18"><span class='ocrx_word' id='word_1_74' title='bbox 466 1035 638 1086; x_wconf 91' lang='lat' dir='ltr'><strong>quens</strong></span> <span class='ocrx_word' id='word_1_75' title='bbox 653 1019 795 1088; x_wconf 90' lang='lat' dir='ltr'><strong>quod</strong></span> <span class='ocrx_word' id='word_1_76' title='bbox 813 1019 1012 1072; x_wconf 86' lang='lat' dir='ltr'><strong>bibitur</strong></span> <span class='ocrx_word' id='word_1_77' title='bbox 1027 1019 1092 1073; x_wconf 90' lang='lat' dir='ltr'><strong>de</strong></span> <span class='ocrx_word' id='word_1_78' title='bbox 1107 1019 1360 1072; x_wconf 88' lang='lat' dir='ltr'><strong>universo</strong></span> <span class='ocrx_word' id='word_1_79' title='bbox 1373 1018 1862 1081; x_wconf 87' lang='lat' dir='ltr'><strong>vase,immundum</strong></span> <span class='ocrx_word' id='word_1_80' title='bbox 1879 1017 1999 1070; x_wconf 91' lang='lat' dir='ltr'><strong>erit.</strong></span> <span class='ocrx_word' id='word_1_81' title='bbox 2015 1036 2033 1066; x_wconf 71' lang='grc' dir='ltr'><strong><em>ι</em></strong></span> 
     </span>
    </p>
   </div>
   <div class='ocr_carea' id='block_1_13' title="bbox 537 1107 2040 1176">
    <p class='ocr_par' dir='ltr' id='par_1_13' title="bbox 537 1107 2040 1176">
     <span class='ocr_line' id='line_1_13' title="bbox 537 1107 2040 1176; baseline -0.001 -14"><span class='ocrx_word' id='word_1_82' title='bbox 537 1109 729 1162; x_wconf 89' lang='lat' dir='ltr'><strong>Cibum</strong></span> <span class='ocrx_word' id='word_1_83' title='bbox 759 1120 879 1162; x_wconf 84' lang='lat' dir='ltr'><strong>esse</strong></span> <span class='ocrx_word' id='word_1_84' title='bbox 906 1117 959 1162; x_wconf 88' lang='lat' dir='ltr'><strong>et</strong></span> <span class='ocrx_word' id='word_1_85' title='bbox 988 1118 1171 1176; x_wconf 91' lang='lat' dir='ltr'><strong>potum</strong></span> <span class='ocrx_word' id='word_1_86' title='bbox 1207 1109 1261 1161; x_wconf 91' lang='lat' dir='ltr'><strong>in</strong></span> <span class='ocrx_word' id='word_1_87' title='bbox 1328 1108 1473 1160; x_wconf 92' lang='lat' dir='ltr'><strong>omni</strong></span> <span class='ocrx_word' id='word_1_88' title='bbox 1509 1122 1636 1160; x_wconf 89' lang='lat' dir='ltr'><strong>vase</strong></span> <span class='ocrx_word' id='word_1_89' title='bbox 1675 1107 1844 1160; x_wconf 88' lang='lat' dir='ltr'><strong>bonas</strong></span> <span class='ocrx_word' id='word_1_90' title='bbox 1873 1107 2040 1160; x_wconf 87' lang='lat' dir='ltr'><strong>actio-</strong></span> 
     </span>
    </p>
   </div>
   <div class='ocr_carea' id='block_1_14' title="bbox 473 1195 2036 1266">
    <p class='ocr_par' dir='ltr' id='par_1_14' title="bbox 473 1195 2036 1266">
     <span class='ocr_line' id='line_1_14' title="bbox 473 1195 2036 1266; baseline -0.001 -16"><span class='ocrx_word' id='word_1_91' title='bbox 473 1213 570 1251; x_wconf 89' lang='lat' dir='ltr'><strong>nes</strong></span> <span class='ocrx_word' id='word_1_92' title='bbox 600 1197 968 1266; x_wconf 82' lang='lat' dir='ltr'><strong>intelligimus.</strong></span> <span class='ocrx_word' id='word_1_93' title='bbox 1000 1196 1292 1266; x_wconf 84' lang='lat' dir='ltr'><strong>PrOpterea</strong></span> <span class='ocrx_word' id='word_1_94' title='bbox 1321 1197 1466 1251; x_wconf 84' lang='lat' dir='ltr'><strong>enim</strong></span> <span class='ocrx_word' id='word_1_95' title='bbox 1505 1195 1854 1249; x_wconf 76' lang='lat' dir='ltr'><strong>dixit:Cibus</strong></span> <span class='ocrx_word' id='word_1_96' title='bbox 1875 1212 2036 1264; x_wconf 88' lang='lat' dir='ltr'><strong>quem</strong></span> 
     </span>
    </p>
   </div>
   <div class='ocr_carea' id='block_1_15' title="bbox 472 1287 2036 1356">
    <p class='ocr_par' dir='ltr' id='par_1_15' title="bbox 472 1287 2036 1356">
     <span class='ocr_line' id='line_1_15' title="bbox 472 1287 2036 1356; baseline -0.001 -15"><span class='ocrx_word' id='word_1_97' title='bbox 472 1288 778 1350; x_wconf 89' lang='lat' dir='ltr'><strong>comeditis,</strong></span> <span class='ocrx_word' id='word_1_98' title='bbox 809 1289 1091 1356; x_wconf 87' lang='lat' dir='ltr'><strong>etliquens</strong></span> <span class='ocrx_word' id='word_1_99' title='bbox 1116 1289 1259 1356; x_wconf 86' lang='lat' dir='ltr'><strong>quod</strong></span> <span class='ocrx_word' id='word_1_100' title='bbox 1293 1287 1520 1348; x_wconf 87' lang='lat' dir='ltr'><strong>bibitur,</strong></span> <span class='ocrx_word' id='word_1_101' title='bbox 1589 1287 1713 1356; x_wconf 89' lang='lat' dir='ltr'><strong>quia</strong></span> <span class='ocrx_word' id='word_1_102' title='bbox 1772 1287 2036 1340; x_wconf 87' lang='lat' dir='ltr'><strong>malarum</strong></span> 
     </span>
    </p>
   </div>
   <div class='ocr_carea' id='block_1_16' title="bbox 469 1380 2038 1449">
    <p class='ocr_par' dir='ltr' id='par_1_16' title="bbox 469 1380 2038 1449">
     <span class='ocr_line' id='line_1_16' title="bbox 469 1380 2038 1449; baseline -0.001 -16"><span class='ocrx_word' id='word_1_103' title='bbox 469 1381 741 1434; x_wconf 83' lang='lat' dir='ltr'><strong>actionum</strong></span> <span class='ocrx_word' id='word_1_104' title='bbox 771 1391 825 1433; x_wconf 88' lang='lat' dir='ltr'><strong>et</strong></span> <span class='ocrx_word' id='word_1_105' title='bbox 847 1381 999 1434; x_wconf 88' lang='lat' dir='ltr'><strong>cibus</strong></span> <span class='ocrx_word' id='word_1_106' title='bbox 1015 1389 1068 1433; x_wconf 91' lang='lat' dir='ltr'><strong>et</strong></span> <span class='ocrx_word' id='word_1_107' title='bbox 1098 1390 1258 1449; x_wconf 89' lang='lat' dir='ltr'><strong>potus</strong></span> <span class='ocrx_word' id='word_1_108' title='bbox 1287 1381 1624 1449; x_wconf 85' lang='lat' dir='ltr'><strong>prohibetur,</strong></span> <span class='ocrx_word' id='word_1_109' title='bbox 1649 1380 1700 1434; x_wconf 90' lang='lat' dir='ltr'><strong>id</strong></span> <span class='ocrx_word' id='word_1_110' title='bbox 1727 1387 1831 1444; x_wconf 88' lang='lat' dir='ltr'><strong>est,</strong></span> <span class='ocrx_word' id='word_1_111' title='bbox 1851 1395 2038 1432; x_wconf 82' lang='lat' dir='ltr'><strong>eorum</strong></span> 
     </span>
    </p>
   </div>
   <div class='ocr_carea' id='block_1_17' title="bbox 467 1468 2034 1546">
    <p class='ocr_par' dir='ltr' id='par_1_17' title="bbox 467 1468 2034 1546">
     <span class='ocr_line' id='line_1_17' title="bbox 467 1468 2034 1546; baseline -0.002 -24"><span class='ocrx_word' id='word_1_112' title='bbox 467 1469 906 1522; x_wconf 84' lang='lat' dir='ltr'><strong>communicatio.</strong></span> <span class='ocrx_word' id='word_1_113' title='bbox 931 1469 987 1522; x_wconf 92' lang='lat' dir='ltr'><strong>Si</strong></span> <span class='ocrx_word' id='word_1_114' title='bbox 1018 1483 1147 1538; x_wconf 87' lang='lat' dir='ltr'><strong>ergo</strong></span> <span class='ocrx_word' id='word_1_115' title='bbox 1167 1468 1411 1546; x_wconf 80' lang='lat' dir='ltr'><strong>inaliqua</strong></span> <span class='ocrx_word' id='word_1_116' title='bbox 1444 1469 1706 1521; x_wconf 90' lang='lat' dir='ltr'><strong>bonarum</strong></span> <span class='ocrx_word' id='word_1_117' title='bbox 1740 1469 2034 1533; x_wconf 84' lang='lat' dir='ltr'><strong>actionum,</strong></span> 
     </span>
    </p>
   </div>
   <div class='ocr_carea' id='block_1_18' title="bbox 459 1558 2038 1625">
    <p class='ocr_par' dir='ltr' id='par_1_18' title="bbox 459 1558 2038 1625">
     <span class='ocr_line' id='line_1_18' title="bbox 459 1558 2038 1625; baseline 0.002 -16"><span class='ocrx_word' id='word_1_118' title='bbox 459 1575 579 1625; x_wconf 69' lang='lat' dir='ltr'><strong>qua:</strong></span> <span class='ocrx_word' id='word_1_119' title='bbox 612 1559 664 1610; x_wconf 93' lang='lat' dir='ltr'><strong>in</strong></span> <span class='ocrx_word' id='word_1_120' title='bbox 699 1559 844 1612; x_wconf 92' lang='lat' dir='ltr'><strong>omni</strong></span> <span class='ocrx_word' id='word_1_121' title='bbox 871 1573 996 1611; x_wconf 90' lang='lat' dir='ltr'><strong>vase</strong></span> <span class='ocrx_word' id='word_1_122' title='bbox 1025 1565 1172 1620; x_wconf 89' lang='lat' dir='ltr'><strong>sunt,</strong></span> <span class='ocrx_word' id='word_1_123' title='bbox 1207 1558 1258 1611; x_wconf 90' lang='lat' dir='ltr'><strong>id</strong></span> <span class='ocrx_word' id='word_1_124' title='bbox 1289 1567 1390 1620; x_wconf 91' lang='lat' dir='ltr'><strong>cst,</strong></span> <span class='ocrx_word' id='word_1_125' title='bbox 1422 1559 1475 1610; x_wconf 92' lang='lat' dir='ltr'><strong>in</strong></span> <span class='ocrx_word' id='word_1_126' title='bbox 1498 1559 1648 1611; x_wconf 87' lang='lat' dir='ltr'><strong>omni</strong></span> <span class='ocrx_word' id='word_1_127' title='bbox 1679 1558 1899 1611; x_wconf 88' lang='lat' dir='ltr'><strong>homine</strong></span> <span class='ocrx_word' id='word_1_128' title='bbox 1924 1559 2038 1612; x_wconf 87' lang='lat' dir='ltr'><strong>sive</strong></span> 
     </span>
    </p>
   </div>
   <div class='ocr_carea' id='block_1_19' title="bbox 2150 371 3724 441">
    <p class='ocr_par' dir='ltr' id='par_1_19' title="bbox 2150 371 3724 441">
     <span class='ocr_line' id='line_1_19' title="bbox 2150 371 3724 441; baseline -0.001 -13"><span class='ocrx_word' id='word_1_129' title='bbox 2150 374 2441 428; x_wconf 74' lang='lat' dir='ltr'><strong>verborum</strong></span> <span class='ocrx_word' id='word_1_130' title='bbox 2519 373 3022 441; x_wconf 85' lang='lat' dir='ltr'><strong>interpretationem</strong></span> <span class='ocrx_word' id='word_1_131' title='bbox 3099 371 3399 425; x_wconf 88' lang='lat' dir='ltr'><strong>secundum</strong></span> <span class='ocrx_word' id='word_1_132' title='bbox 3468 373 3724 427; x_wconf 88' lang='lat' dir='ltr'><strong>virtutem</strong></span> 
     </span>
    </p>
   </div>
   <div class='ocr_carea' id='block_1_20' title="bbox 2149 461 3726 528">
    <p class='ocr_par' dir='ltr' id='par_1_20' title="bbox 2149 461 3726 528">
     <span class='ocr_line' id='line_1_20' title="bbox 2149 461 3726 528; baseline 0.003 -13"><span class='ocrx_word' id='word_1_133' title='bbox 2149 479 2301 516; x_wconf 91' lang='lat' dir='ltr'><strong>suam</strong></span> <span class='ocrx_word' id='word_1_134' title='bbox 2329 463 2552 517; x_wconf 84' lang='lat' dir='ltr'><strong>scrutati</strong></span> <span class='ocrx_word' id='word_1_135' title='bbox 2577 461 2864 516; x_wconf 81' lang='lat' dir='ltr'><strong>fuerimus.</strong></span> <span class='ocrx_word' id='word_1_136' title='bbox 2897 462 3036 528; x_wconf 85' lang='lat' dir='ltr'><strong>Quid</strong></span> <span class='ocrx_word' id='word_1_137' title='bbox 3065 462 3208 516; x_wconf 90' lang='lat' dir='ltr'><strong>enim</strong></span> <span class='ocrx_word' id='word_1_138' title='bbox 3237 463 3435 516; x_wconf 83' lang='lat' dir='ltr'><strong>clibani</strong></span> <span class='ocrx_word' id='word_1_139' title='bbox 3465 463 3548 518; x_wconf 87' lang='lat' dir='ltr'><strong>vel</strong></span> <span class='ocrx_word' id='word_1_140' title='bbox 3586 464 3726 520; x_wconf 89' lang='lat' dir='ltr'><strong>forte</strong></span> 
     </span>
    </p>
   </div>
   <div class='ocr_carea' id='block_1_21' title="bbox 2151 549 3724 621">
    <p class='ocr_par' dir='ltr' id='par_1_21' title="bbox 2151 549 3724 621">
     <span class='ocr_line' id='line_1_21' title="bbox 2151 549 3724 621; baseline 0 -16"><span class='ocrx_word' id='word_1_141' title='bbox 2151 551 2517 621; x_wconf 80' lang='lat' dir='ltr'><strong>chytropodes</strong></span> <span class='ocrx_word' id='word_1_142' title='bbox 2570 560 2861 614; x_wconf 82' lang='lat' dir='ltr'><strong>ttOrentur,</strong></span> <span class='ocrx_word' id='word_1_143' title='bbox 2921 549 3208 604; x_wconf 83' lang='lat' dir='ltr'><strong>morticina</strong></span> <span class='ocrx_word' id='word_1_144' title='bbox 3263 549 3316 601; x_wconf 92' lang='lat' dir='ltr'><strong>in</strong></span> <span class='ocrx_word' id='word_1_145' title='bbox 3357 550 3438 604; x_wconf 88' lang='lat' dir='ltr'><strong>eis</strong></span> <span class='ocrx_word' id='word_1_146' title='bbox 3498 552 3724 604; x_wconf 83' lang='lat' dir='ltr'><strong>cadente</strong></span> 
     </span>
    </p>
   </div>
   <div class='ocr_carea' id='block_1_22' title="bbox 2148 641 3721 711">
    <p class='ocr_par' dir='ltr' id='par_1_22' title="bbox 2148 641 3721 711">
     <span class='ocr_line' id='line_1_22' title="bbox 2148 641 3721 711; baseline -0.001 -15"><span class='ocrx_word' id='word_1_147' title='bbox 2148 643 2338 696; x_wconf 87' lang='lat' dir='ltr'><strong>mure?</strong></span> <span class='ocrx_word' id='word_1_148' title='bbox 2377 642 2432 695; x_wconf 92' lang='lat' dir='ltr'><strong>Si</strong></span> <span class='ocrx_word' id='word_1_149' title='bbox 2472 651 2654 696; x_wconf 87' lang='lat' dir='ltr'><strong>autem</strong></span> <span class='ocrx_word' id='word_1_150' title='bbox 2688 641 2887 695; x_wconf 88' lang='lat' dir='ltr'><strong>clibani</strong></span> <span class='ocrx_word' id='word_1_151' title='bbox 2947 650 3001 694; x_wconf 79' lang='lat' dir='ltr'><strong>et</strong></span> <span class='ocrx_word' id='word_1_152' title='bbox 3039 641 3403 711; x_wconf 79' lang='lat' dir='ltr'><strong>chytropodes</strong></span> <span class='ocrx_word' id='word_1_153' title='bbox 3432 651 3721 708; x_wconf 89' lang='lat' dir='ltr'><strong>uocentur,</strong></span> 
     </span>
    </p>
   </div>
   <div class='ocr_carea' id='block_1_23' title="bbox 2147 733 3723 804">
    <p class='ocr_par' dir='ltr' id='par_1_23' title="bbox 2147 733 3723 804">
     <span class='ocr_line' id='line_1_23' title="bbox 2147 733 3723 804; baseline -0.001 -17"><span class='ocrx_word' id='word_1_154' title='bbox 2147 735 2416 804; x_wconf 91' lang='lat' dir='ltr'><strong>quomodo</strong></span> <span class='ocrx_word' id='word_1_155' title='bbox 2456 750 2565 788; x_wconf 90' lang='lat' dir='ltr'><strong>non</strong></span> <span class='ocrx_word' id='word_1_156' title='bbox 2597 734 2767 804; x_wconf 89' lang='lat' dir='ltr'><strong>magis</strong></span> <span class='ocrx_word' id='word_1_157' title='bbox 2817 748 3077 802; x_wconf 87' lang='lat' dir='ltr'><strong>aquarum</strong></span> <span class='ocrx_word' id='word_1_158' title='bbox 3106 733 3478 796; x_wconf 85' lang='lat' dir='ltr'><strong>collectiones,</strong></span> <span class='ocrx_word' id='word_1_159' title='bbox 3515 735 3566 786; x_wconf 92' lang='lat' dir='ltr'><strong>in</strong></span> <span class='ocrx_word' id='word_1_160' title='bbox 3601 735 3723 802; x_wconf 85' lang='lat' dir='ltr'><strong>qui-</strong></span> 
     </span>
    </p>
   </div>
   <div class='ocr_carea' id='block_1_24' title="bbox 2113 823 3722 892">
    <p class='ocr_par' dir='ltr' id='par_1_24' title="bbox 2113 823 3722 892">
     <span class='ocr_line' id='line_1_24' title="bbox 2113 823 3722 892; baseline -0.001 -14"><span class='ocrx_word' id='word_1_161' title='bbox 2113 825 2250 878; x_wconf 67' lang='lat' dir='ltr'><strong>‘bus</strong></span> <span class='ocrx_word' id='word_1_162' title='bbox 2282 824 2551 892; x_wconf 89' lang='lat' dir='ltr'><strong>contingit</strong></span> <span class='ocrx_word' id='word_1_163' title='bbox 2582 823 2835 876; x_wconf 88' lang='lat' dir='ltr'><strong>animalia</strong></span> <span class='ocrx_word' id='word_1_164' title='bbox 2874 825 2986 877; x_wconf 68' lang='lat' dir='ltr'><strong>haec</strong></span> <span class='ocrx_word' id='word_1_165' title='bbox 3041 823 3339 876; x_wconf 88' lang='lat' dir='ltr'><strong>incidentia</strong></span> <span class='ocrx_word' id='word_1_166' title='bbox 3384 832 3722 892; x_wconf 88' lang='lat' dir='ltr'><strong>computres-</strong></span> 
     </span>
    </p>
   </div>
   <div class='ocr_carea' id='block_1_25' title="bbox 2147 912 3722 982">
    <p class='ocr_par' dir='ltr' id='par_1_25' title="bbox 2147 912 3722 982">
     <span class='ocr_line' id='line_1_25' title="bbox 2147 912 3722 982; baseline -0.003 -14"><span class='ocrx_word' id='word_1_167' title='bbox 2147 915 2308 968; x_wconf 87' lang='lat' dir='ltr'><strong>cere?</strong></span> <span class='ocrx_word' id='word_1_168' title='bbox 2339 914 2445 967; x_wconf 89' lang='lat' dir='ltr'><strong>Sed</strong></span> <span class='ocrx_word' id='word_1_169' title='bbox 2476 913 2603 982; x_wconf 91' lang='lat' dir='ltr'><strong>quid</strong></span> <span class='ocrx_word' id='word_1_170' title='bbox 2634 921 2791 982; x_wconf 90' lang='lat' dir='ltr'><strong>putas</strong></span> <span class='ocrx_word' id='word_1_171' title='bbox 2821 913 3017 966; x_wconf 73' lang='lat' dir='ltr'><strong>clibani</strong></span> <span class='ocrx_word' id='word_1_172' title='bbox 3061 913 3145 966; x_wconf 88' lang='lat' dir='ltr'><strong>vel</strong></span> <span class='ocrx_word' id='word_1_173' title='bbox 3167 913 3528 982; x_wconf 84' lang='lat' dir='ltr'><strong>chytropodes</strong></span> <span class='ocrx_word' id='word_1_174' title='bbox 3552 912 3722 980; x_wconf 89' lang='lat' dir='ltr'><strong>signi-</strong></span> 
     </span>
    </p>
   </div>
   <div class='ocr_carea' id='block_1_26' title="bbox 2147 999 3720 1070">
    <p class='ocr_par' dir='ltr' id='par_1_26' title="bbox 2147 999 3720 1070">
     <span class='ocr_line' id='line_1_26' title="bbox 2147 999 3720 1070; baseline -0.001 -16"><span class='ocrx_word' id='word_1_175' title='bbox 2147 1000 2345 1055; x_wconf 87' lang='lat' dir='ltr'><strong>ﬁcant?</strong></span> <span class='ocrx_word' id='word_1_176' title='bbox 2393 1001 2674 1070; x_wconf 79' lang='lat' dir='ltr'><strong>Magistros</strong></span> <span class='ocrx_word' id='word_1_177' title='bbox 2719 1001 2990 1064; x_wconf 86' lang='lat' dir='ltr'><strong>videlicet,</strong></span> <span class='ocrx_word' id='word_1_178' title='bbox 3043 1000 3096 1052; x_wconf 89' lang='lat' dir='ltr'><strong>in</strong></span> <span class='ocrx_word' id='word_1_179' title='bbox 3148 1000 3346 1068; x_wconf 89' lang='lat' dir='ltr'><strong>quibus</strong></span> <span class='ocrx_word' id='word_1_180' title='bbox 3395 999 3499 1054; x_wconf 88' lang='lat' dir='ltr'><strong>cibi</strong></span> <span class='ocrx_word' id='word_1_181' title='bbox 3555 1014 3720 1053; x_wconf 85' lang='lat' dir='ltr'><strong>sacrae</strong></span> 
     </span>
    </p>
   </div>
   <div class='ocr_carea' id='block_1_27' title="bbox 2145 1091 3758 1164">
    <p class='ocr_par' dir='ltr' id='par_1_27' title="bbox 2145 1091 3758 1164">
     <span class='ocr_line' id='line_1_27' title="bbox 2145 1091 3758 1164; baseline 0 -20"><span class='ocrx_word' id='word_1_182' title='bbox 2145 1092 2407 1146; x_wconf 85' lang='lat' dir='ltr'><strong>doctrinae</strong></span> <span class='ocrx_word' id='word_1_183' title='bbox 2433 1101 2763 1160; x_wconf 89' lang='lat' dir='ltr'><strong>coquuntur,</strong></span> <span class='ocrx_word' id='word_1_184' title='bbox 2797 1091 3132 1161; x_wconf 85' lang='lat' dir='ltr'><strong>operationis</strong></span> <span class='ocrx_word' id='word_1_185' title='bbox 3163 1091 3396 1162; x_wconf 86' lang='lat' dir='ltr'><strong>Spiritus</strong></span> <span class='ocrx_word' id='word_1_186' title='bbox 3435 1093 3559 1163; x_wconf 85' lang='lat' dir='ltr'><strong>igne</strong></span> <span class='ocrx_word' id='word_1_187' title='bbox 3593 1107 3758 1164; x_wconf 21' lang='lat' dir='ltr'><strong>sup“</strong></span> 
     </span>
    </p>
   </div>
   <div class='ocr_carea' id='block_1_28' title="bbox 2147 1183 3719 1254">
    <p class='ocr_par' dir='ltr' id='par_1_28' title="bbox 2147 1183 3719 1254">
     <span class='ocr_line' id='line_1_28' title="bbox 2147 1183 3719 1254; baseline 0.001 -17"><span class='ocrx_word' id='word_1_188' title='bbox 2147 1185 2342 1252; x_wconf 92' lang='lat' dir='ltr'><strong>posito.</strong></span> <span class='ocrx_word' id='word_1_189' title='bbox 2371 1183 2488 1236; x_wconf 87' lang='lat' dir='ltr'><strong>Non</strong></span> <span class='ocrx_word' id='word_1_190' title='bbox 2524 1191 2608 1238; x_wconf 90' lang='lat' dir='ltr'><strong>est</strong></span> <span class='ocrx_word' id='word_1_191' title='bbox 2659 1193 2842 1237; x_wconf 90' lang='lat' dir='ltr'><strong>autem</strong></span> <span class='ocrx_word' id='word_1_192' title='bbox 2900 1183 3120 1246; x_wconf 90' lang='lat' dir='ltr'><strong>mirum,</strong></span> <span class='ocrx_word' id='word_1_193' title='bbox 3177 1185 3419 1239; x_wconf 86' lang='lat' dir='ltr'><strong>clibanos</strong></span> <span class='ocrx_word' id='word_1_194' title='bbox 3471 1201 3564 1239; x_wconf 89' lang='lat' dir='ltr'><strong>eos</strong></span> <span class='ocrx_word' id='word_1_195' title='bbox 3623 1201 3719 1254; x_wconf 79' lang='lat' dir='ltr'><strong>per</strong></span> 
     </span>
    </p>
   </div>
   <div class='ocr_carea' id='block_1_29' title="bbox 2147 1275 3718 1346">
    <p class='ocr_par' dir='ltr' id='par_1_29' title="bbox 2147 1275 3718 1346">
     <span class='ocr_line' id='line_1_29' title="bbox 2147 1275 3718 1346; baseline 0.003 -20"><span class='ocrx_word' id='word_1_196' title='bbox 2147 1277 2517 1343; x_wconf 86' lang='lat' dir='ltr'><strong>metaphoram</strong></span> <span class='ocrx_word' id='word_1_197' title='bbox 2565 1283 2618 1327; x_wconf 83' lang='lat' dir='ltr'><strong>et</strong></span> <span class='ocrx_word' id='word_1_198' title='bbox 2645 1275 3006 1344; x_wconf 79' lang='lat' dir='ltr'><strong>chytropodas</strong></span> <span class='ocrx_word' id='word_1_199' title='bbox 3031 1275 3312 1344; x_wconf 89' lang='lat' dir='ltr'><strong>appellari,</strong></span> <span class='ocrx_word' id='word_1_200' title='bbox 3340 1278 3462 1346; x_wconf 89' lang='lat' dir='ltr'><strong>quia</strong></span> <span class='ocrx_word' id='word_1_201' title='bbox 3489 1277 3540 1330; x_wconf 90' lang='lat' dir='ltr'><strong>in</strong></span> <span class='ocrx_word' id='word_1_202' title='bbox 3577 1281 3718 1331; x_wconf 86' lang='lat' dir='ltr'><strong>muf-</strong></span> 
     </span>
    </p>
   </div>
   <div class='ocr_carea' id='block_1_30' title="bbox 2149 1365 3718 1435">
    <p class='ocr_par' dir='ltr' id='par_1_30' title="bbox 2149 1365 3718 1435">
     <span class='ocr_line' id='line_1_30' title="bbox 2149 1365 3718 1435; baseline 0.003 -17"><span class='ocrx_word' id='word_1_203' title='bbox 2149 1367 2218 1418; x_wconf 91' lang='lat' dir='ltr'><strong>tis</strong></span> <span class='ocrx_word' id='word_1_204' title='bbox 2255 1365 2460 1419; x_wconf 87' lang='lat' dir='ltr'><strong>scimus</strong></span> <span class='ocrx_word' id='word_1_205' title='bbox 2495 1365 2730 1419; x_wconf 85' lang='lat' dir='ltr'><strong>divinam</strong></span> <span class='ocrx_word' id='word_1_206' title='bbox 2763 1367 3102 1435; x_wconf 84' lang='lat' dir='ltr'><strong>Scripturam</strong></span> <span class='ocrx_word' id='word_1_207' title='bbox 3129 1366 3327 1422; x_wconf 89' lang='lat' dir='ltr'><strong>talibus</strong></span> <span class='ocrx_word' id='word_1_208' title='bbox 3362 1384 3514 1422; x_wconf 88' lang='lat' dir='ltr'><strong>usam</strong></span> <span class='ocrx_word' id='word_1_209' title='bbox 3543 1372 3718 1423; x_wconf 80' lang='lat' dir='ltr'><strong>nomi-</strong></span> 
     </span>
    </p>
   </div>
   <div class='ocr_carea' id='block_1_31' title="bbox 2145 1457 3716 1527">
    <p class='ocr_par' dir='ltr' id='par_1_31' title="bbox 2145 1457 3716 1527">
     <span class='ocr_line' id='line_1_31' title="bbox 2145 1457 3716 1527; baseline 0.003 -17"><span class='ocrx_word' id='word_1_210' title='bbox 2145 1458 2327 1510; x_wconf 88' lang='lat' dir='ltr'><strong>nibus.</strong></span> <span class='ocrx_word' id='word_1_211' title='bbox 2374 1458 2505 1511; x_wconf 82' lang='lat' dir='ltr'><strong>Nam</strong></span> <span class='ocrx_word' id='word_1_212' title='bbox 2558 1458 2722 1512; x_wconf 86' lang='lat' dir='ltr'><strong>David</strong></span> <span class='ocrx_word' id='word_1_213' title='bbox 2776 1457 2952 1521; x_wconf 79' lang='lat' dir='ltr'><strong>Moab,</strong></span> <span class='ocrx_word' id='word_1_214' title='bbox 2997 1459 3049 1512; x_wconf 90' lang='lat' dir='ltr'><strong>id</strong></span> <span class='ocrx_word' id='word_1_215' title='bbox 3099 1468 3182 1513; x_wconf 89' lang='lat' dir='ltr'><strong>est</strong></span> <span class='ocrx_word' id='word_1_216' title='bbox 3224 1467 3430 1527; x_wconf 79' lang='lat' dir='ltr'><strong>gentes,</strong></span> <span class='ocrx_word' id='word_1_217' title='bbox 3487 1461 3716 1516; x_wconf 86' lang='lat' dir='ltr'><strong>lebetem</strong></span> 
     </span>
    </p>
   </div>
   <div class='ocr_carea' id='block_1_32' title="bbox 2147 1550 3716 1622">
    <p class='ocr_par' dir='ltr' id='par_1_32' title="bbox 2147 1550 3716 1622">
     <span class='ocr_line' id='line_1_32' title="bbox 2147 1550 3716 1622; baseline 0.003 -20"><span class='ocrx_word' id='word_1_218' title='bbox 2147 1550 2460 1618; x_wconf 87' lang='lat' dir='ltr'><strong>appellavit,</strong></span> <span class='ocrx_word' id='word_1_219' title='bbox 2497 1551 2572 1604; x_wconf 92' lang='lat' dir='ltr'><strong>ait</strong></span> <span class='ocrx_word' id='word_1_220' title='bbox 2599 1551 2780 1604; x_wconf 91' lang='lat' dir='ltr'><strong>enim:</strong></span> <span class='ocrx_word' id='word_1_221' title='bbox 2815 1552 2968 1604; x_wconf 84' lang='lat' dir='ltr'><strong>Moab</strong></span> <span class='ocrx_word' id='word_1_222' title='bbox 3003 1551 3110 1604; x_wconf 90' lang='lat' dir='ltr'><strong>olla</strong></span> <span class='ocrx_word' id='word_1_223' title='bbox 3155 1553 3266 1619; x_wconf 96' lang='lat' dir='ltr'><strong>spei</strong></span> <span class='ocrx_word' id='word_1_224' title='bbox 3296 1554 3517 1614; x_wconf 71' lang='lat' dir='ltr'><strong>metu&quot;,</strong></span> <span class='ocrx_word' id='word_1_225' title='bbox 3553 1568 3716 1622; x_wconf 80' lang='lat' dir='ltr'><strong>prop--</strong></span> 
     </span>
    </p>
   </div>
   <div class='ocr_carea' id='block_1_33' title="bbox 461 1633 3718 1720">
    <p class='ocr_par' dir='ltr' id='par_1_33' title="bbox 461 1633 3718 1720">
     <span class='ocr_line' id='line_1_33' title="bbox 461 1633 3718 1720; baseline 0.005 -36"><span class='ocrx_word' id='word_1_226' title='bbox 461 1651 725 1720; x_wconf 57' lang='lat' dir='ltr'><strong>principe,</strong></span> <span class='ocrx_word' id='word_1_227' title='bbox 756 1650 870 1703; x_wconf 63' lang='lat' dir='ltr'><strong>sive</strong></span> <span class='ocrx_word' id='word_1_228' title='bbox 902 1649 1135 1720; x_wconf 55' lang='lat' dir='ltr'><strong>piebeio,</strong></span> <span class='ocrx_word' id='word_1_229' title='bbox 1173 1649 1287 1702; x_wconf 69' lang='lat' dir='ltr'><strong>sive</strong></span> <span class='ocrx_word' id='word_1_230' title='bbox 1310 1650 1575 1717; x_wconf 51' lang='lat' dir='ltr'><strong>sapiente,</strong></span> <span class='ocrx_word' id='word_1_231' title='bbox 1601 1650 1715 1703; x_wconf 61' lang='lat' dir='ltr'><strong>sive</strong></span> <span class='ocrx_word' id='word_1_232' title='bbox 1756 1649 2022 1718; x_wconf 55' lang='lat' dir='ltr'><strong>imperim,</strong></span> <span class='ocrx_word' id='word_1_233' title='bbox 2069 1633 2112 1689; x_wconf 84' lang='grc' dir='ltr'><strong>Β</strong></span> <span class='ocrx_word' id='word_1_234' title='bbox 2145 1651 2226 1695; x_wconf 90' lang='lat' dir='ltr'><strong>ter</strong></span> <span class='ocrx_word' id='word_1_235' title='bbox 2257 1641 2596 1710; x_wconf 86' lang='lat' dir='ltr'><strong>baptismatis</strong></span> <span class='ocrx_word' id='word_1_236' title='bbox 2618 1656 2806 1710; x_wconf 88' lang='lat' dir='ltr'><strong>aquas,</strong></span> <span class='ocrx_word' id='word_1_237' title='bbox 2841 1657 2962 1710; x_wconf 72' lang='lat' dir='ltr'><strong>quae</strong></span> <span class='ocrx_word' id='word_1_238' title='bbox 2997 1643 3050 1694; x_wconf 93' lang='lat' dir='ltr'><strong>in</strong></span> <span class='ocrx_word' id='word_1_239' title='bbox 3105 1642 3186 1696; x_wconf 84' lang='lat' dir='ltr'><strong>eis</strong></span> <span class='ocrx_word' id='word_1_240' title='bbox 3217 1642 3490 1696; x_wconf 84' lang='lat' dir='ltr'><strong>caleﬁunt.</strong></span> <span class='ocrx_word' id='word_1_241' title='bbox 3529 1643 3632 1697; x_wconf 86' lang='lat' dir='ltr'><strong>Sed</strong></span> <span class='ocrx_word' id='word_1_242' title='bbox 3664 1655 3718 1699; x_wconf 92' lang='lat' dir='ltr'><strong>ct</strong></span> 
     </span>
    </p>
   </div>
   <div class='ocr_carea' id='block_1_34' title="bbox 461 1740 2028 1810">
    <p class='ocr_par' dir='ltr' id='par_1_34' title="bbox 461 1740 2028 1810">
     <span class='ocr_line' id='line_1_34' title="bbox 461 1740 2028 1810; baseline 0.001 -16"><span class='ocrx_word' id='word_1_243' title='bbox 461 1757 622 1794; x_wconf 84' lang='lat' dir='ltr'><strong>unum</strong></span> <span class='ocrx_word' id='word_1_244' title='bbox 650 1742 929 1810; x_wconf 89' lang='lat' dir='ltr'><strong>quodlibet</strong></span> <span class='ocrx_word' id='word_1_245' title='bbox 955 1756 1144 1796; x_wconf 91' lang='lat' dir='ltr'><strong>eorum</strong></span> <span class='ocrx_word' id='word_1_246' title='bbox 1175 1757 1294 1810; x_wconf 73' lang='lat' dir='ltr'><strong>qua:</strong></span> <span class='ocrx_word' id='word_1_247' title='bbox 1355 1740 1499 1794; x_wconf 89' lang='lat' dir='ltr'><strong>dicta</strong></span> <span class='ocrx_word' id='word_1_248' title='bbox 1563 1751 1710 1807; x_wconf 88' lang='lat' dir='ltr'><strong>sunt,</strong></span> <span class='ocrx_word' id='word_1_249' title='bbox 1772 1741 2028 1795; x_wconf 90' lang='lat' dir='ltr'><strong>inciderit</strong></span> 
     </span>
    </p>
   </div>
   <div class='ocr_carea' id='block_1_35' title="bbox 460 1831 2024 1896">
    <p class='ocr_par' dir='ltr' id='par_1_35' title="bbox 460 1831 2024 1896">
     <span class='ocr_line' id='line_1_35' title="bbox 460 1831 2024 1896; baseline 0.002 -12"><span class='ocrx_word' id='word_1_250' title='bbox 460 1831 886 1896; x_wconf 76' lang='lat' dir='ltr'><strong>morticinorum,</strong></span> <span class='ocrx_word' id='word_1_251' title='bbox 939 1832 1246 1886; x_wconf 90' lang='lat' dir='ltr'><strong>necessario</strong></span> <span class='ocrx_word' id='word_1_252' title='bbox 1273 1831 1588 1886; x_wconf 88' lang='lat' dir='ltr'><strong>immundus</strong></span> <span class='ocrx_word' id='word_1_253' title='bbox 1611 1833 1737 1886; x_wconf 93' lang='lat' dir='ltr'><strong>erit.</strong></span> <span class='ocrx_word' id='word_1_254' title='bbox 1763 1833 1893 1886; x_wconf 87' lang='lat' dir='ltr'><strong>Nam</strong></span> <span class='ocrx_word' id='word_1_255' title='bbox 1924 1835 2024 1888; x_wconf 91' lang='lat' dir='ltr'><strong>ctsi</strong></span> 
     </span>
    </p>
   </div>
   <div class='ocr_carea' id='block_1_36' title="bbox 455 1922 2024 1990">
    <p class='ocr_par' dir='ltr' id='par_1_36' title="bbox 455 1922 2024 1990">
     <span class='ocr_line' id='line_1_36' title="bbox 455 1922 2024 1990; baseline 0.003 -16"><span class='ocrx_word' id='word_1_256' title='bbox 455 1939 562 1975; x_wconf 92' lang='lat' dir='ltr'><strong>non</strong></span> <span class='ocrx_word' id='word_1_257' title='bbox 622 1923 689 1976; x_wconf 90' lang='lat' dir='ltr'><strong>ab</strong></span> <span class='ocrx_word' id='word_1_258' title='bbox 729 1923 884 1976; x_wconf 92' lang='lat' dir='ltr'><strong>initio</strong></span> <span class='ocrx_word' id='word_1_259' title='bbox 936 1922 1074 1975; x_wconf 88' lang='lat' dir='ltr'><strong>mala</strong></span> <span class='ocrx_word' id='word_1_260' title='bbox 1133 1923 1365 1990; x_wconf 82' lang='lat' dir='ltr'><strong>quadam</strong></span> <span class='ocrx_word' id='word_1_261' title='bbox 1418 1923 1720 1978; x_wconf 86' lang='lat' dir='ltr'><strong>intentione</strong></span> <span class='ocrx_word' id='word_1_262' title='bbox 1753 1925 2024 1979; x_wconf 87' lang='lat' dir='ltr'><strong>actionem</strong></span> 
     </span>
    </p>
   </div>
   <div class='ocr_carea' id='block_1_37' title="bbox 454 2012 2023 2086">
    <p class='ocr_par' dir='ltr' id='par_1_37' title="bbox 454 2012 2023 2086">
     <span class='ocr_line' id='line_1_37' title="bbox 454 2012 2023 2086; baseline 0.001 -19"><span class='ocrx_word' id='word_1_263' title='bbox 454 2015 648 2067; x_wconf 88' lang='lat' dir='ltr'><strong>bonam</strong></span> <span class='ocrx_word' id='word_1_264' title='bbox 670 2013 926 2082; x_wconf 59' lang='lat' dir='ltr'><strong>coeperit,</strong></span> <span class='ocrx_word' id='word_1_265' title='bbox 947 2013 1084 2066; x_wconf 92' lang='lat' dir='ltr'><strong>sicut</strong></span> <span class='ocrx_word' id='word_1_266' title='bbox 1114 2013 1166 2066; x_wconf 94' lang='lat' dir='ltr'><strong>hi</strong></span> <span class='ocrx_word' id='word_1_267' title='bbox 1197 2012 1407 2066; x_wconf 87' lang='lat' dir='ltr'><strong>faciunt</strong></span> <span class='ocrx_word' id='word_1_268' title='bbox 1446 2015 1560 2082; x_wconf 87' lang='lat' dir='ltr'><strong>qui,</strong></span> <span class='ocrx_word' id='word_1_269' title='bbox 1605 2025 1830 2083; x_wconf 85' lang='lat' dir='ltr'><strong>prapter</strong></span> <span class='ocrx_word' id='word_1_270' title='bbox 1858 2032 2023 2086; x_wconf 85' lang='lat' dir='ltr'><strong>nego-</strong></span> 
     </span>
    </p>
   </div>
   <div class='ocr_carea' id='block_1_38' title="bbox 455 2104 2022 2174">
    <p class='ocr_par' dir='ltr' id='par_1_38' title="bbox 455 2104 2022 2174">
     <span class='ocr_line' id='line_1_38' title="bbox 455 2104 2022 2174; baseline 0.002 -17"><span class='ocrx_word' id='word_1_271' title='bbox 455 2104 732 2158; x_wconf 88' lang='lat' dir='ltr'><strong>tiationem</strong></span> <span class='ocrx_word' id='word_1_272' title='bbox 792 2104 876 2158; x_wconf 85' lang='lat' dir='ltr'><strong>vel</strong></span> <span class='ocrx_word' id='word_1_273' title='bbox 938 2104 1172 2165; x_wconf 88' lang='lat' dir='ltr'><strong>lucrum,</strong></span> <span class='ocrx_word' id='word_1_274' title='bbox 1229 2105 1486 2172; x_wconf 85' lang='lat' dir='ltr'><strong>pietatem</strong></span> <span class='ocrx_word' id='word_1_275' title='bbox 1556 2105 1783 2174; x_wconf 85' lang='lat' dir='ltr'><strong>ﬁngunt,</strong></span> <span class='ocrx_word' id='word_1_276' title='bbox 1840 2119 2022 2174; x_wconf 89' lang='lat' dir='ltr'><strong>postea</strong></span> 
     </span>
    </p>
   </div>
   <div class='ocr_carea' id='block_1_39' title="bbox 455 2193 2025 2263">
    <p class='ocr_par' dir='ltr' id='par_1_39' title="bbox 455 2193 2025 2263">
     <span class='ocr_line' id='line_1_39' title="bbox 455 2193 2025 2263; baseline 0.002 -17"><span class='ocrx_word' id='word_1_277' title='bbox 455 2202 637 2248; x_wconf 84' lang='lat' dir='ltr'><strong>autem</strong></span> <span class='ocrx_word' id='word_1_278' title='bbox 665 2194 916 2248; x_wconf 88' lang='lat' dir='ltr'><strong>inciderit</strong></span> <span class='ocrx_word' id='word_1_279' title='bbox 964 2193 1162 2248; x_wconf 87' lang='lat' dir='ltr'><strong>actioni</strong></span> <span class='ocrx_word' id='word_1_280' title='bbox 1206 2194 1324 2262; x_wconf 85' lang='lat' dir='ltr'><strong>ejus</strong></span> <span class='ocrx_word' id='word_1_281' title='bbox 1392 2193 1668 2263; x_wconf 87' lang='lat' dir='ltr'><strong>superbia.</strong></span> <span class='ocrx_word' id='word_1_282' title='bbox 1731 2195 1886 2249; x_wconf 85' lang='lat' dir='ltr'><strong>dolus</strong></span> <span class='ocrx_word' id='word_1_283' title='bbox 1931 2205 2025 2250; x_wconf 90' lang='lat' dir='ltr'><strong>aut</strong></span> 
     </span>
    </p>
   </div>
   <div class='ocr_carea' id='block_1_40' title="bbox 458 2281 2020 2352">
    <p class='ocr_par' dir='ltr' id='par_1_40' title="bbox 458 2281 2020 2352">
     <span class='ocr_line' id='line_1_40' title="bbox 458 2281 2020 2352; baseline 0.002 -16"><span class='ocrx_word' id='word_1_284' title='bbox 458 2283 779 2352; x_wconf 71' lang='lat' dir='ltr'><strong>hypocrisis,</strong></span> <span class='ocrx_word' id='word_1_285' title='bbox 817 2282 901 2336; x_wconf 87' lang='lat' dir='ltr'><strong>vel</strong></span> <span class='ocrx_word' id='word_1_286' title='bbox 926 2284 1102 2348; x_wconf 80' lang='lat' dir='ltr'><strong>simile</strong></span> <span class='ocrx_word' id='word_1_287' title='bbox 1153 2281 1453 2352; x_wconf 86' lang='lat' dir='ltr'><strong>quidpiam,</strong></span> <span class='ocrx_word' id='word_1_288' title='bbox 1479 2284 1620 2352; x_wconf 92' lang='lat' dir='ltr'><strong>quod</strong></span> <span class='ocrx_word' id='word_1_289' title='bbox 1654 2286 2020 2352; x_wconf 90' lang='lat' dir='ltr'><strong>morticinum,</strong></span> 
     </span>
    </p>
   </div>
   <div class='ocr_carea' id='block_1_41' title="bbox 456 2373 2021 2444">
    <p class='ocr_par' dir='ltr' id='par_1_41' title="bbox 456 2373 2021 2444">
     <span class='ocr_line' id='line_1_41' title="bbox 456 2373 2021 2444; baseline 0.003 -19"><span class='ocrx_word' id='word_1_290' title='bbox 456 2382 644 2441; x_wconf 91' lang='lat' dir='ltr'><strong>utpote</strong></span> <span class='ocrx_word' id='word_1_291' title='bbox 693 2383 920 2427; x_wconf 91' lang='lat' dir='ltr'><strong>mortem</strong></span> <span class='ocrx_word' id='word_1_292' title='bbox 952 2373 1348 2442; x_wconf 89' lang='lat' dir='ltr'><strong>quodammodo</strong></span> <span class='ocrx_word' id='word_1_293' title='bbox 1396 2375 1736 2444; x_wconf 89' lang='lat' dir='ltr'><strong>participanti</strong></span> <span class='ocrx_word' id='word_1_294' title='bbox 1765 2376 2021 2442; x_wconf 78' lang='lat' dir='ltr'><strong>inferens,</strong></span> 
     </span>
    </p>
   </div>
   <div class='ocr_carea' id='block_1_42' title="bbox 453 2464 2022 2536">
    <p class='ocr_par' dir='ltr' id='par_1_42' title="bbox 453 2464 2022 2536">
     <span class='ocr_line' id='line_1_42' title="bbox 453 2464 2022 2536; baseline 0.003 -19"><span class='ocrx_word' id='word_1_295' title='bbox 453 2464 672 2530; x_wconf 90' lang='lat' dir='ltr'><strong>dicitur,</strong></span> <span class='ocrx_word' id='word_1_296' title='bbox 737 2464 840 2518; x_wconf 90' lang='lat' dir='ltr'><strong>erit</strong></span> <span class='ocrx_word' id='word_1_297' title='bbox 894 2473 949 2518; x_wconf 93' lang='lat' dir='ltr'><strong>et</strong></span> <span class='ocrx_word' id='word_1_298' title='bbox 1007 2464 1094 2519; x_wconf 92' lang='lat' dir='ltr'><strong>hic</strong></span> <span class='ocrx_word' id='word_1_299' title='bbox 1142 2465 1472 2530; x_wconf 89' lang='lat' dir='ltr'><strong>immundus,</strong></span> <span class='ocrx_word' id='word_1_300' title='bbox 1533 2466 1726 2519; x_wconf 82' lang='lat' dir='ltr'><strong>bonam</strong></span> <span class='ocrx_word' id='word_1_301' title='bbox 1755 2467 2022 2536; x_wconf 86' lang='lat' dir='ltr'><strong>siquidem</strong></span> 
     </span>
    </p>
   </div>
   <div class='ocr_carea' id='block_1_43' title="bbox 454 2554 2022 2625">
    <p class='ocr_par' dir='ltr' id='par_1_43' title="bbox 454 2554 2022 2625">
     <span class='ocr_line' id='line_1_43' title="bbox 454 2554 2022 2625; baseline 0.004 -18"><span class='ocrx_word' id='word_1_302' title='bbox 454 2554 721 2608; x_wconf 84' lang='lat' dir='ltr'><strong>actionem</strong></span> <span class='ocrx_word' id='word_1_303' title='bbox 747 2555 885 2608; x_wconf 90' lang='lat' dir='ltr'><strong>mala</strong></span> <span class='ocrx_word' id='word_1_304' title='bbox 917 2555 1336 2623; x_wconf 86' lang='lat' dir='ltr'><strong>subingrediens</strong></span> <span class='ocrx_word' id='word_1_305' title='bbox 1377 2556 1608 2610; x_wconf 88' lang='lat' dir='ltr'><strong>intentio</strong></span> <span class='ocrx_word' id='word_1_306' title='bbox 1635 2557 1844 2625; x_wconf 92' lang='lat' dir='ltr'><strong>polluit.</strong></span> <span class='ocrx_word' id='word_1_307' title='bbox 1883 2555 2022 2624; x_wconf 86' lang='lat' dir='ltr'><strong>Quid</strong></span> 
     </span>
    </p>
   </div>
   <div class='ocr_carea' id='block_1_44' title="bbox 451 2643 1581 2712">
    <p class='ocr_par' dir='ltr' id='par_1_44' title="bbox 451 2643 1581 2712">
     <span class='ocr_line' id='line_1_44' title="bbox 451 2643 1581 2712; baseline 0 -18"><span class='ocrx_word' id='word_1_308' title='bbox 451 2651 630 2696; x_wconf 90' lang='lat' dir='ltr'><strong>autem</strong></span> <span class='ocrx_word' id='word_1_309' title='bbox 666 2643 874 2696; x_wconf 89' lang='lat' dir='ltr'><strong>addidit</strong></span> <span class='ocrx_word' id='word_1_310' title='bbox 902 2643 1026 2712; x_wconf 82' lang='lat' dir='ltr'><strong>legi,</strong></span> <span class='ocrx_word' id='word_1_311' title='bbox 1067 2659 1187 2712; x_wconf 74' lang='lat' dir='ltr'><strong>qua:</strong></span> <span class='ocrx_word' id='word_1_312' title='bbox 1217 2651 1299 2696; x_wconf 90' lang='lat' dir='ltr'><strong>est</strong></span> <span class='ocrx_word' id='word_1_313' title='bbox 1324 2644 1390 2697; x_wconf 92' lang='lat' dir='ltr'><strong>de</strong></span> <span class='ocrx_word' id='word_1_314' title='bbox 1417 2643 1581 2697; x_wconf 90' lang='lat' dir='ltr'><strong>cibo?</strong></span> 
     </span>
    </p>
   </div>
   <div class='ocr_carea' id='block_1_45' title="bbox 522 2735 2020 2806">
    <p class='ocr_par' dir='ltr' id='par_1_45' title="bbox 522 2735 2020 2806">
     <span class='ocr_line' id='line_1_45' title="bbox 522 2735 2020 2806; baseline 0 -16"><span class='ocrx_word' id='word_1_315' title='bbox 522 2736 580 2791; x_wconf 92' lang='lat' dir='ltr'><strong>Si</strong></span> <span class='ocrx_word' id='word_1_316' title='bbox 628 2738 748 2806; x_wconf 81' lang='lat' dir='ltr'><strong>fusa</strong></span> <span class='ocrx_word' id='word_1_317' title='bbox 806 2737 963 2806; x_wconf 80' lang='lat' dir='ltr'><strong>fuerit</strong></span> <span class='ocrx_word' id='word_1_318' title='bbox 991 2753 1151 2805; x_wconf 85' lang='lat' dir='ltr'><strong>super</strong></span> <span class='ocrx_word' id='word_1_319' title='bbox 1196 2752 1314 2788; x_wconf 86' lang='lat' dir='ltr'><strong>eum</strong></span> <span class='ocrx_word' id='word_1_320' title='bbox 1365 2753 1526 2806; x_wconf 88' lang='lat' dir='ltr'><strong>aqua.</strong></span> <span class='ocrx_word' id='word_1_321' title='bbox 1559 2735 1828 2795; x_wconf 85' lang='lat' dir='ltr'><strong>Ostendit.</strong></span> <span class='ocrx_word' id='word_1_322' title='bbox 1893 2737 2020 2805; x_wconf 88' lang='lat' dir='ltr'><strong>quia</strong></span> 
     </span>
    </p>
   </div>
   <div class='ocr_carea' id='block_1_46' title="bbox 455 2827 2022 2896">
    <p class='ocr_par' dir='ltr' id='par_1_46' title="bbox 455 2827 2022 2896">
     <span class='ocr_line' id='line_1_46' title="bbox 455 2827 2022 2896; baseline 0 -16"><span class='ocrx_word' id='word_1_323' title='bbox 455 2841 566 2889; x_wconf 88' lang='lat' dir='ltr'><strong>eas,</strong></span> <span class='ocrx_word' id='word_1_324' title='bbox 600 2842 720 2895; x_wconf 73' lang='lat' dir='ltr'><strong>qua:</strong></span> <span class='ocrx_word' id='word_1_325' title='bbox 751 2835 879 2880; x_wconf 93' lang='lat' dir='ltr'><strong>sunt</strong></span> <span class='ocrx_word' id='word_1_326' title='bbox 911 2835 1033 2896; x_wconf 91' lang='lat' dir='ltr'><strong>post</strong></span> <span class='ocrx_word' id='word_1_327' title='bbox 1065 2827 1350 2896; x_wconf 80' lang='lat' dir='ltr'><strong>baptisma,</strong></span> <span class='ocrx_word' id='word_1_328' title='bbox 1384 2827 1626 2880; x_wconf 86' lang='lat' dir='ltr'><strong>actiones</strong></span> <span class='ocrx_word' id='word_1_329' title='bbox 1659 2828 1927 2896; x_wconf 71' lang='lat' dir='ltr'><strong>quaesivit,</strong></span> <span class='ocrx_word' id='word_1_330' title='bbox 1967 2836 2022 2880; x_wconf 92' lang='lat' dir='ltr'><strong>et</strong></span> 
     </span>
    </p>
   </div>
   <div class='ocr_carea' id='block_1_47' title="bbox 450 2918 2020 2987">
    <p class='ocr_par' dir='ltr' id='par_1_47' title="bbox 450 2918 2020 2987">
     <span class='ocr_line' id='line_1_47' title="bbox 450 2918 2020 2987; baseline 0 -15"><span class='ocrx_word' id='word_1_331' title='bbox 450 2933 628 2972; x_wconf 89' lang='lat' dir='ltr'><strong>sermo</strong></span> <span class='ocrx_word' id='word_1_332' title='bbox 665 2918 712 2972; x_wconf 91' lang='lat' dir='ltr'><strong>ei</strong></span> <span class='ocrx_word' id='word_1_333' title='bbox 765 2920 832 2972; x_wconf 91' lang='lat' dir='ltr'><strong>de</strong></span> <span class='ocrx_word' id='word_1_334' title='bbox 882 2918 1024 2972; x_wconf 88' lang='lat' dir='ltr'><strong>ﬁdeli</strong></span> <span class='ocrx_word' id='word_1_335' title='bbox 1064 2926 1118 2972; x_wconf 88' lang='lat' dir='ltr'><strong>et</strong></span> <span class='ocrx_word' id='word_1_336' title='bbox 1177 2918 1449 2987; x_wconf 88' lang='lat' dir='ltr'><strong>baptizato</strong></span> <span class='ocrx_word' id='word_1_337' title='bbox 1501 2928 1629 2978; x_wconf 87' lang='lat' dir='ltr'><strong>est,</strong></span> <span class='ocrx_word' id='word_1_338' title='bbox 1687 2919 1755 2972; x_wconf 88' lang='lat' dir='ltr'><strong>de</strong></span> <span class='ocrx_word' id='word_1_339' title='bbox 1819 2918 2020 2972; x_wconf 87' lang='lat' dir='ltr'><strong>inﬁdeli</strong></span> 
     </span>
    </p>
   </div>
   <div class='ocr_carea' id='block_1_48' title="bbox 450 3009 2022 3081">
    <p class='ocr_par' dir='ltr' id='par_1_48' title="bbox 450 3009 2022 3081">
     <span class='ocr_line' id='line_1_48' title="bbox 450 3009 2022 3081; baseline 0 -15"><span class='ocrx_word' id='word_1_340' title='bbox 450 3023 629 3066; x_wconf 89' lang='lat' dir='ltr'><strong>autem</strong></span> <span class='ocrx_word' id='word_1_341' title='bbox 669 3013 939 3067; x_wconf 89' lang='lat' dir='ltr'><strong>actionem</strong></span> <span class='ocrx_word' id='word_1_342' title='bbox 984 3012 1130 3066; x_wconf 89' lang='lat' dir='ltr'><strong>illam</strong></span> <span class='ocrx_word' id='word_1_343' title='bbox 1158 3011 1494 3065; x_wconf 88' lang='lat' dir='ltr'><strong>mentionem</strong></span> <span class='ocrx_word' id='word_1_344' title='bbox 1538 3009 1684 3065; x_wconf 87' lang='lat' dir='ltr'><strong>facit.</strong></span> <span class='ocrx_word' id='word_1_345' title='bbox 1709 3011 1862 3076; x_wconf 86' lang='lat' dir='ltr'><strong>Quod</strong></span> <span class='ocrx_word' id='word_1_346' title='bbox 1900 3027 2022 3081; x_wconf 88' lang='lat' dir='ltr'><strong>pro-</strong></span> 
     </span>
    </p>
   </div>
   <div class='ocr_carea' id='block_1_49' title="bbox 448 3098 2023 3170">
    <p class='ocr_par' dir='ltr' id='par_1_49' title="bbox 448 3098 2023 3170">
     <span class='ocr_line' id='line_1_49' title="bbox 448 3098 2023 3170; baseline -0.002 -14"><span class='ocrx_word' id='word_1_347' title='bbox 448 3102 540 3156; x_wconf 85' lang='lat' dir='ltr'><strong>bat</strong></span> <span class='ocrx_word' id='word_1_348' title='bbox 560 3103 751 3157; x_wconf 81' lang='lat' dir='ltr'><strong>beatus</strong></span> <span class='ocrx_word' id='word_1_349' title='bbox 790 3104 990 3157; x_wconf 90' lang='lat' dir='ltr'><strong>Paulus</strong></span> <span class='ocrx_word' id='word_1_350' title='bbox 1017 3102 1239 3156; x_wconf 89' lang='lat' dir='ltr'><strong>dicens:</strong></span> <span class='ocrx_word' id='word_1_351' title='bbox 1276 3100 1471 3170; x_wconf 76' lang='lat' dir='ltr'><strong>Scripsi</strong></span> <span class='ocrx_word' id='word_1_352' title='bbox 1503 3101 1644 3154; x_wconf 85' lang='lat' dir='ltr'><strong>vobis</strong></span> <span class='ocrx_word' id='word_1_353' title='bbox 1675 3102 1730 3153; x_wconf 84' lang='lat' dir='ltr'><strong>in</strong></span> <span class='ocrx_word' id='word_1_354' title='bbox 1761 3098 2023 3170; x_wconf 88' lang='lat' dir='ltr'><strong>Epistola,</strong></span> 
     </span>
    </p>
   </div>
   <div class='ocr_carea' id='block_1_50' title="bbox 451 3193 2025 3263">
    <p class='ocr_par' dir='ltr' id='par_1_50' title="bbox 451 3193 2025 3263">
     <span class='ocr_line' id='line_1_50' title="bbox 451 3193 2025 3263; baseline -0.001 -18"><span class='ocrx_word' id='word_1_355' title='bbox 451 3209 552 3245; x_wconf 86' lang='lat' dir='ltr'><strong>non</strong></span> <span class='ocrx_word' id='word_1_356' title='bbox 601 3194 922 3262; x_wconf 76' lang='lat' dir='ltr'><strong>commisceri</strong></span> <span class='ocrx_word' id='word_1_357' title='bbox 967 3195 1294 3263; x_wconf 78' lang='lat' dir='ltr'><strong>fornicariis,</strong></span> <span class='ocrx_word' id='word_1_358' title='bbox 1358 3210 1458 3246; x_wconf 89' lang='lat' dir='ltr'><strong>non</strong></span> <span class='ocrx_word' id='word_1_359' title='bbox 1503 3195 1680 3262; x_wconf 87' lang='lat' dir='ltr'><strong>utique</strong></span> <span class='ocrx_word' id='word_1_360' title='bbox 1726 3193 2025 3261; x_wconf 75' lang='lat' dir='ltr'><strong>fornicariis</strong></span> 
     </span>
    </p>
   </div>
   <div class='ocr_carea' id='block_1_51' title="bbox 449 3282 2024 3352">
    <p class='ocr_par' dir='ltr' id='par_1_51' title="bbox 449 3282 2024 3352">
     <span class='ocr_line' id='line_1_51' title="bbox 449 3282 2024 3352; baseline -0.001 -16"><span class='ocrx_word' id='word_1_361' title='bbox 449 3285 608 3352; x_wconf 82' lang='lat' dir='ltr'><strong>hujus</strong></span> <span class='ocrx_word' id='word_1_362' title='bbox 644 3286 847 3347; x_wconf 88' lang='lat' dir='ltr'><strong>mundi,</strong></span> <span class='ocrx_word' id='word_1_363' title='bbox 878 3295 971 3337; x_wconf 91' lang='lat' dir='ltr'><strong>aut</strong></span> <span class='ocrx_word' id='word_1_364' title='bbox 1015 3287 1214 3344; x_wconf 83' lang='lat' dir='ltr'><strong>auaris,</strong></span> <span class='ocrx_word' id='word_1_365' title='bbox 1265 3293 1361 3336; x_wconf 86' lang='lat' dir='ltr'><strong>aut</strong></span> <span class='ocrx_word' id='word_1_366' title='bbox 1403 3284 1704 3352; x_wconf 83' lang='lat' dir='ltr'><strong>rapacibus,</strong></span> <span class='ocrx_word' id='word_1_367' title='bbox 1742 3293 1834 3336; x_wconf 90' lang='lat' dir='ltr'><strong>aut</strong></span> <span class='ocrx_word' id='word_1_368' title='bbox 1871 3282 2024 3335; x_wconf 84' lang='lat' dir='ltr'><strong>idolis</strong></span> 
     </span>
    </p>
   </div>
   <div class='ocr_carea' id='block_1_52' title="bbox 448 3375 2021 3443">
    <p class='ocr_par' dir='ltr' id='par_1_52' title="bbox 448 3375 2021 3443">
     <span class='ocr_line' id='line_1_52' title="bbox 448 3375 2021 3443; baseline -0.002 -14"><span class='ocrx_word' id='word_1_369' title='bbox 448 3375 809 3441; x_wconf 85' lang='lat' dir='ltr'><strong>servientibus,</strong></span> <span class='ocrx_word' id='word_1_370' title='bbox 839 3377 1040 3443; x_wconf 86' lang='lat' dir='ltr'><strong>alioqui</strong></span> <span class='ocrx_word' id='word_1_371' title='bbox 1066 3377 1358 3429; x_wconf 88' lang='lat' dir='ltr'><strong>debueratis</strong></span> <span class='ocrx_word' id='word_1_372' title='bbox 1392 3376 1455 3428; x_wconf 88' lang='lat' dir='ltr'><strong>de</strong></span> <span class='ocrx_word' id='word_1_373' title='bbox 1490 3378 1585 3428; x_wconf 86' lang='lat' dir='ltr'><strong>hoc</strong></span> <span class='ocrx_word' id='word_1_374' title='bbox 1615 3375 1806 3428; x_wconf 87' lang='lat' dir='ltr'><strong>mundo</strong></span> <span class='ocrx_word' id='word_1_375' title='bbox 1836 3376 2021 3427; x_wconf 76' lang='lat' dir='ltr'><strong>exisse.</strong></span> 
     </span>
    </p>
   </div>
   <div class='ocr_carea' id='block_1_53' title="bbox 449 3463 2021 3534">
    <p class='ocr_par' dir='ltr' id='par_1_53' title="bbox 449 3463 2021 3534">
     <span class='ocr_line' id='line_1_53' title="bbox 449 3463 2021 3534; baseline -0.001 -18"><span class='ocrx_word' id='word_1_376' title='bbox 449 3463 604 3516; x_wconf 88' lang='lat' dir='ltr'><strong>Nunc</strong></span> <span class='ocrx_word' id='word_1_377' title='bbox 625 3473 801 3517; x_wconf 88' lang='lat' dir='ltr'><strong>autem</strong></span> <span class='ocrx_word' id='word_1_378' title='bbox 840 3465 1024 3533; x_wconf 83' lang='lat' dir='ltr'><strong>scripsi</strong></span> <span class='ocrx_word' id='word_1_379' title='bbox 1065 3465 1223 3527; x_wconf 81' lang='lat' dir='ltr'><strong>vobis,</strong></span> <span class='ocrx_word' id='word_1_380' title='bbox 1254 3464 1299 3516; x_wconf 89' lang='lat' dir='ltr'><strong>si</strong></span> <span class='ocrx_word' id='word_1_381' title='bbox 1325 3464 1368 3516; x_wconf 83' lang='lat' dir='ltr'><strong>is</strong></span> <span class='ocrx_word' id='word_1_382' title='bbox 1391 3465 1479 3532; x_wconf 87' lang='lat' dir='ltr'><strong>qui</strong></span> <span class='ocrx_word' id='word_1_383' title='bbox 1502 3465 1669 3534; x_wconf 83' lang='lat' dir='ltr'><strong>frater</strong></span> <span class='ocrx_word' id='word_1_384' title='bbox 1699 3463 2021 3524; x_wconf 82' lang='lat' dir='ltr'><strong>nominatur,</strong></span> 
     </span>
    </p>
   </div>
   <div class='ocr_carea' id='block_1_54' title="bbox 450 3555 2023 3625">
    <p class='ocr_par' dir='ltr' id='par_1_54' title="bbox 450 3555 2023 3625">
     <span class='ocr_line' id='line_1_54' title="bbox 450 3555 2023 3625; baseline -0.001 -16"><span class='ocrx_word' id='word_1_385' title='bbox 450 3567 524 3609; x_wconf 87' lang='lat' dir='ltr'><strong>est</strong></span> <span class='ocrx_word' id='word_1_386' title='bbox 544 3557 850 3625; x_wconf 81' lang='lat' dir='ltr'><strong>fornicator,</strong></span> <span class='ocrx_word' id='word_1_387' title='bbox 879 3565 972 3608; x_wconf 86' lang='lat' dir='ltr'><strong>aut</strong></span> <span class='ocrx_word' id='word_1_388' title='bbox 994 3557 1314 3618; x_wconf 76' lang='lat' dir='ltr'><strong>immundus,</strong></span> <span class='ocrx_word' id='word_1_389' title='bbox 1356 3564 1450 3608; x_wconf 90' lang='lat' dir='ltr'><strong>aut</strong></span> <span class='ocrx_word' id='word_1_390' title='bbox 1479 3571 1692 3618; x_wconf 88' lang='lat' dir='ltr'><strong>avarus,</strong></span> <span class='ocrx_word' id='word_1_391' title='bbox 1745 3564 1837 3608; x_wconf 91' lang='lat' dir='ltr'><strong>aut</strong></span> <span class='ocrx_word' id='word_1_392' title='bbox 1872 3555 2023 3609; x_wconf 86' lang='lat' dir='ltr'><strong>idolis</strong></span> 
     </span>
    </p>
   </div>
   <div class='ocr_carea' id='block_1_55' title="bbox 447 3645 2021 3714">
    <p class='ocr_par' dir='ltr' id='par_1_55' title="bbox 447 3645 2021 3714">
     <span class='ocr_line' id='line_1_55' title="bbox 447 3645 2021 3714; baseline 0.001 -15"><span class='ocrx_word' id='word_1_393' title='bbox 447 3647 697 3706; x_wconf 85' lang='lat' dir='ltr'><strong>serviens,</strong></span> <span class='ocrx_word' id='word_1_394' title='bbox 727 3655 819 3699; x_wconf 90' lang='lat' dir='ltr'><strong>aut</strong></span> <span class='ocrx_word' id='word_1_395' title='bbox 839 3646 1146 3712; x_wconf 84' lang='lat' dir='ltr'><strong>maledicus,</strong></span> <span class='ocrx_word' id='word_1_396' title='bbox 1179 3655 1270 3699; x_wconf 91' lang='lat' dir='ltr'><strong>aut</strong></span> <span class='ocrx_word' id='word_1_397' title='bbox 1299 3645 1548 3709; x_wconf 85' lang='lat' dir='ltr'><strong>ebriosus,</strong></span> <span class='ocrx_word' id='word_1_398' title='bbox 1580 3656 1671 3699; x_wconf 88' lang='lat' dir='ltr'><strong>aut</strong></span> <span class='ocrx_word' id='word_1_399' title='bbox 1689 3661 1876 3714; x_wconf 77' lang='lat' dir='ltr'><strong>rapax,</strong></span> <span class='ocrx_word' id='word_1_400' title='bbox 1904 3663 2021 3700; x_wconf 86' lang='lat' dir='ltr'><strong>cum</strong></span> 
     </span>
    </p>
   </div>
   <div class='ocr_carea' id='block_1_56' title="bbox 447 3738 2020 3806">
    <p class='ocr_par' dir='ltr' id='par_1_56' title="bbox 447 3738 2020 3806">
     <span class='ocr_line' id='line_1_56' title="bbox 447 3738 2020 3806; baseline 0.003 -16"><span class='ocrx_word' id='word_1_401' title='bbox 447 3739 810 3806; x_wconf 78' lang='lat' dir='ltr'><strong>hujuscemodi</strong></span> <span class='ocrx_word' id='word_1_402' title='bbox 846 3755 936 3792; x_wconf 84' lang='lat' dir='ltr'><strong>nec</strong></span> <span class='ocrx_word' id='word_1_403' title='bbox 951 3739 1119 3792; x_wconf 88' lang='lat' dir='ltr'><strong>cibum</strong></span> <span class='ocrx_word' id='word_1_404' title='bbox 1145 3755 1370 3793; x_wconf 81' lang='lat' dir='ltr'><strong>sumere.</strong></span> <span class='ocrx_word' id='word_1_405' title='bbox 1397 3738 1535 3803; x_wconf 86' lang='lat' dir='ltr'><strong>Quid</strong></span> <span class='ocrx_word' id='word_1_406' title='bbox 1557 3740 1694 3792; x_wconf 84' lang='lat' dir='ltr'><strong>enim</strong></span> <span class='ocrx_word' id='word_1_407' title='bbox 1714 3740 1915 3793; x_wconf 79' lang='lat' dir='ltr'><strong>miltide</strong></span> <span class='ocrx_word' id='word_1_408' title='bbox 1940 3741 2020 3794; x_wconf 79' lang='lat' dir='ltr'><strong>Itis</strong></span> 
     </span>
    </p>
   </div>
   <div class='ocr_carea' id='block_1_57' title="bbox 448 3829 2019 3899">
    <p class='ocr_par' dir='ltr' id='par_1_57' title="bbox 448 3829 2019 3899">
     <span class='ocr_line' id='line_1_57' title="bbox 448 3829 2019 3899; baseline 0.004 -19"><span class='ocrx_word' id='word_1_409' title='bbox 448 3830 538 3897; x_wconf 87' lang='lat' dir='ltr'><strong>qui</strong></span> <span class='ocrx_word' id='word_1_410' title='bbox 563 3829 689 3899; x_wconf 75' lang='lat' dir='ltr'><strong>foris</strong></span> <span class='ocrx_word' id='word_1_411' title='bbox 704 3840 845 3891; x_wconf 87' lang='lat' dir='ltr'><strong>sunt,</strong></span> <span class='ocrx_word' id='word_1_412' title='bbox 863 3830 1110 3899; x_wconf 85' lang='lat' dir='ltr'><strong>judicare</strong></span> <span class='ocrx_word' id='word_1_413' title='bbox 1130 3832 1172 3863; x_wconf 81' lang='grc'>⁸⁸</span> <span class='ocrx_word' id='word_1_414' title='bbox 1197 3831 1220 3883; x_wconf 88' lang='lat'><strong>?</strong></span> <span class='ocrx_word' id='word_1_415' title='bbox 1242 3830 1296 3883; x_wconf 93' lang='lat' dir='ltr'><strong>lu</strong></span> <span class='ocrx_word' id='word_1_416' title='bbox 1325 3840 1535 3885; x_wconf 89' lang='lat' dir='ltr'><strong>tantum</strong></span> <span class='ocrx_word' id='word_1_417' title='bbox 1575 3831 1757 3885; x_wconf 89' lang='lat' dir='ltr'><strong>nullus</strong></span> <span class='ocrx_word' id='word_1_418' title='bbox 1775 3831 1822 3886; x_wconf 90' lang='lat' dir='ltr'><strong>ei</strong></span> <span class='ocrx_word' id='word_1_419' title='bbox 1841 3847 2019 3887; x_wconf 89' lang='lat' dir='ltr'><strong>sermo</strong></span> 
     </span>
    </p>
   </div>
   <div class='ocr_carea' id='block_1_58' title="bbox 449 3919 2018 3989">
    <p class='ocr_par' dir='ltr' id='par_1_58' title="bbox 449 3919 2018 3989">
     <span class='ocr_line' id='line_1_58' title="bbox 449 3919 2018 3989; baseline 0.004 -19"><span class='ocrx_word' id='word_1_420' title='bbox 449 3921 624 3972; x_wconf 89' lang='lat' dir='ltr'><strong>estde</strong></span> <span class='ocrx_word' id='word_1_421' title='bbox 650 3919 884 3985; x_wconf 89' lang='lat' dir='ltr'><strong>actione,</strong></span> <span class='ocrx_word' id='word_1_422' title='bbox 929 3921 1046 3975; x_wconf 90' lang='lat' dir='ltr'><strong>sive</strong></span> <span class='ocrx_word' id='word_1_423' title='bbox 1079 3922 1494 3976; x_wconf 89' lang='lat' dir='ltr'><strong>conversatione</strong></span> <span class='ocrx_word' id='word_1_424' title='bbox 1526 3935 1714 3975; x_wconf 90' lang='lat' dir='ltr'><strong>eorum</strong></span> <span class='ocrx_word' id='word_1_425' title='bbox 1747 3920 1838 3989; x_wconf 88' lang='lat' dir='ltr'><strong>qui</strong></span> <span class='ocrx_word' id='word_1_426' title='bbox 1886 3920 2018 3976; x_wconf 89' lang='lat' dir='ltr'><strong>foris</strong></span> 
     </span>
    </p>
   </div>
   <div class='ocr_carea' id='block_1_59' title="bbox 449 4019 596 4064">
    <p class='ocr_par' dir='ltr' id='par_1_59' title="bbox 449 4019 596 4064">
     <span class='ocr_line' id='line_1_59' title="bbox 449 4019 596 4064; baseline -0.007 0"><span class='ocrx_word' id='word_1_427' title='bbox 449 4019 596 4064; x_wconf 88' lang='lat' dir='ltr'><strong>sunt.</strong></span> 
     </span>
    </p>
   </div>
   <div class='ocr_carea' id='block_1_60' title="bbox 517 4099 2015 4170">
    <p class='ocr_par' dir='ltr' id='par_1_60' title="bbox 517 4099 2015 4170">
     <span class='ocr_line' id='line_1_60' title="bbox 517 4099 2015 4170; baseline 0.005 -17"><span class='ocrx_word' id='word_1_428' title='bbox 517 4099 681 4154; x_wconf 75' lang='lat' dir='ltr'><strong>Vens.</strong></span> <span class='ocrx_word' id='word_1_429' title='bbox 718 4101 807 4165; x_wconf 83' lang='grc'><strong>55,</strong></span> <span class='ocrx_word' id='word_1_430' title='bbox 839 4100 928 4154; x_wconf 79' lang='grc'><strong>56.</strong></span> <span class='ocrx_word' id='word_1_431' title='bbox 978 4120 997 4152; x_wconf 71' lang='lat' dir='ltr'><strong>r</strong></span> <span class='ocrx_word' id='word_1_432' title='bbox 1026 4100 1090 4154; x_wconf 77' lang='lat' dir='ltr'><strong>Et</strong></span> <span class='ocrx_word' id='word_1_433' title='bbox 1106 4101 1366 4170; x_wconf 87' lang='lat' dir='ltr'><strong>quidquid</strong></span> <span class='ocrx_word' id='word_1_434' title='bbox 1385 4101 1453 4156; x_wconf 91' lang='lat' dir='ltr'><strong>de</strong></span> <span class='ocrx_word' id='word_1_435' title='bbox 1495 4103 1800 4158; x_wconf 88' lang='lat' dir='ltr'><strong>morticinis</strong></span> <span class='ocrx_word' id='word_1_436' title='bbox 1823 4105 2015 4160; x_wconf 88' lang='lat' dir='ltr'><strong>istius-</strong></span> 
     </span>
    </p>
   </div>
   <div class='ocr_carea' id='block_1_61' title="bbox 448 4191 2012 4260">
    <p class='ocr_par' dir='ltr' id='par_1_61' title="bbox 448 4191 2012 4260">
     <span class='ocr_line' id='line_1_61' title="bbox 448 4191 2012 4260; baseline 0.004 -15"><span class='ocrx_word' id='word_1_437' title='bbox 448 4192 588 4246; x_wconf 91' lang='lat' dir='ltr'><strong>modi</strong></span> <span class='ocrx_word' id='word_1_438' title='bbox 645 4191 904 4247; x_wconf 88' lang='lat' dir='ltr'><strong>ceciderit</strong></span> <span class='ocrx_word' id='word_1_439' title='bbox 974 4206 1141 4260; x_wconf 89' lang='lat' dir='ltr'><strong>super</strong></span> <span class='ocrx_word' id='word_1_440' title='bbox 1167 4193 1318 4256; x_wconf 92' lang='lat' dir='ltr'><strong>illud,</strong></span> <span class='ocrx_word' id='word_1_441' title='bbox 1356 4193 1698 4249; x_wconf 91' lang='lat' dir='ltr'><strong>immundum</strong></span> <span class='ocrx_word' id='word_1_442' title='bbox 1727 4196 1852 4250; x_wconf 90' lang='lat' dir='ltr'><strong>erit.</strong></span> <span class='ocrx_word' id='word_1_443' title='bbox 1885 4196 2012 4252; x_wconf 87' lang='lat' dir='ltr'><strong>Sive</strong></span> 
     </span>
    </p>
   </div>
   <div class='ocr_carea' id='block_1_62' title="bbox 2134 1732 3716 1804">
    <p class='ocr_par' dir='ltr' id='par_1_62' title="bbox 2134 1732 3716 1804">
     <span class='ocr_line' id='line_1_62' title="bbox 2134 1732 3716 1804; baseline 0.001 -19"><span class='ocrx_word' id='word_1_444' title='bbox 2134 1732 2382 1785; x_wconf 74' lang='lat' dir='ltr'><strong>Ezechiel</strong></span> <span class='ocrx_word' id='word_1_445' title='bbox 2399 1733 2628 1786; x_wconf 89' lang='lat' dir='ltr'><strong>lehetem</strong></span> <span class='ocrx_word' id='word_1_446' title='bbox 2645 1732 2944 1787; x_wconf 88' lang='lat' dir='ltr'><strong>Jerusalem</strong></span> <span class='ocrx_word' id='word_1_447' title='bbox 2967 1733 3221 1802; x_wconf 87' lang='lat' dir='ltr'><strong>appellat,</strong></span> <span class='ocrx_word' id='word_1_448' title='bbox 3236 1733 3329 1787; x_wconf 91' lang='lat' dir='ltr'><strong>sed</strong></span> <span class='ocrx_word' id='word_1_449' title='bbox 3360 1733 3576 1804; x_wconf 89' lang='lat' dir='ltr'><strong>plenum</strong></span> <span class='ocrx_word' id='word_1_450' title='bbox 3595 1749 3716 1788; x_wconf 87' lang='lat' dir='ltr'><strong>car-</strong></span> 
     </span>
    </p>
   </div>
   <div class='ocr_carea' id='block_1_63' title="bbox 2133 1823 3715 1894">
    <p class='ocr_par' dir='ltr' id='par_1_63' title="bbox 2133 1823 3715 1894">
     <span class='ocr_line' id='line_1_63' title="bbox 2133 1823 3715 1894; baseline 0.003 -19"><span class='ocrx_word' id='word_1_451' title='bbox 2133 1823 2296 1876; x_wconf 88' lang='lat' dir='ltr'><strong>nibus</strong></span> <span class='ocrx_word' id='word_1_452' title='bbox 2308 1823 2500 1886; x_wconf 72' lang='lat' dir='ltr'><strong>&quot;,sive</strong></span> <span class='ocrx_word' id='word_1_453' title='bbox 2521 1831 2577 1876; x_wconf 91' lang='lat' dir='ltr'><strong>ut</strong></span> <span class='ocrx_word' id='word_1_454' title='bbox 2598 1823 2970 1894; x_wconf 78' lang='lat' dir='ltr'><strong>Septuaginta,</strong></span> <span class='ocrx_word' id='word_1_455' title='bbox 2993 1839 3225 1877; x_wconf 85' lang='lat' dir='ltr'><strong>veneno:</strong></span> <span class='ocrx_word' id='word_1_456' title='bbox 3254 1824 3398 1878; x_wconf 90' lang='lat' dir='ltr'><strong>viros</strong></span> <span class='ocrx_word' id='word_1_457' title='bbox 3416 1825 3467 1878; x_wconf 90' lang='lat' dir='ltr'><strong>iu</strong></span> <span class='ocrx_word' id='word_1_458' title='bbox 3490 1840 3552 1878; x_wconf 91' lang='lat' dir='ltr'><strong>ea</strong></span> <span class='ocrx_word' id='word_1_459' title='bbox 3578 1827 3715 1879; x_wconf 86' lang='lat' dir='ltr'><strong>male</strong></span> 
     </span>
    </p>
   </div>
   <div class='ocr_carea' id='block_1_64' title="bbox 2130 1916 3713 1988">
    <p class='ocr_par' dir='ltr' id='par_1_64' title="bbox 2130 1916 3713 1988">
     <span class='ocr_line' id='line_1_64' title="bbox 2130 1916 3713 1988; baseline 0.004 -18"><span class='ocrx_word' id='word_1_460' title='bbox 2130 1916 2389 1970; x_wconf 88' lang='lat' dir='ltr'><strong>docentes</strong></span> <span class='ocrx_word' id='word_1_461' title='bbox 2446 1924 2500 1971; x_wconf 88' lang='lat' dir='ltr'><strong>et</strong></span> <span class='ocrx_word' id='word_1_462' title='bbox 2554 1917 2802 1972; x_wconf 83' lang='lat' dir='ltr'><strong>viventes</strong></span> <span class='ocrx_word' id='word_1_463' title='bbox 2847 1917 3177 1988; x_wconf 86' lang='lat' dir='ltr'><strong>signiﬁcans.</strong></span> <span class='ocrx_word' id='word_1_464' title='bbox 3220 1917 3527 1974; x_wconf 87' lang='lat' dir='ltr'><strong>Secundum</strong></span> <span class='ocrx_word' id='word_1_465' title='bbox 3573 1923 3713 1978; x_wconf 90' lang='lat' dir='ltr'><strong>hanc</strong></span> 
     </span>
    </p>
   </div>
   <div class='ocr_carea' id='block_1_65' title="bbox 2130 2007 3714 2080">
    <p class='ocr_par' dir='ltr' id='par_1_65' title="bbox 2130 2007 3714 2080">
     <span class='ocr_line' id='line_1_65' title="bbox 2130 2007 3714 2080; baseline 0.004 -22"><span class='ocrx_word' id='word_1_466' title='bbox 2130 2021 2258 2076; x_wconf 87' lang='lat' dir='ltr'><strong>ergo</strong></span> <span class='ocrx_word' id='word_1_467' title='bbox 2279 2007 2558 2066; x_wconf 88' lang='lat' dir='ltr'><strong>rationem.</strong></span> <span class='ocrx_word' id='word_1_468' title='bbox 2577 2007 2770 2060; x_wconf 89' lang='lat' dir='ltr'><strong>clibani</strong></span> <span class='ocrx_word' id='word_1_469' title='bbox 2789 2016 2845 2062; x_wconf 86' lang='lat' dir='ltr'><strong>et</strong></span> <span class='ocrx_word' id='word_1_470' title='bbox 2865 2007 3244 2077; x_wconf 85' lang='lat' dir='ltr'><strong>chytropodes,</strong></span> <span class='ocrx_word' id='word_1_471' title='bbox 3263 2010 3458 2077; x_wconf 88' lang='lat' dir='ltr'><strong>quibus</strong></span> <span class='ocrx_word' id='word_1_472' title='bbox 3476 2025 3714 2080; x_wconf 86' lang='lat' dir='ltr'><strong>coquan-</strong></span> 
     </span>
    </p>
   </div>
   <div class='ocr_carea' id='block_1_66' title="bbox 2131 2100 3712 2172">
    <p class='ocr_par' dir='ltr' id='par_1_66' title="bbox 2131 2100 3712 2172">
     <span class='ocr_line' id='line_1_66' title="bbox 2131 2100 3712 2172; baseline 0.005 -21"><span class='ocrx_word' id='word_1_473' title='bbox 2131 2109 2218 2152; x_wconf 87' lang='lat' dir='ltr'><strong>tur</strong></span> <span class='ocrx_word' id='word_1_474' title='bbox 2243 2100 2368 2162; x_wconf 88' lang='lat' dir='ltr'><strong>cihi,</strong></span> <span class='ocrx_word' id='word_1_475' title='bbox 2403 2101 2654 2154; x_wconf 80' lang='lat' dir='ltr'><strong>videlicet</strong></span> <span class='ocrx_word' id='word_1_476' title='bbox 2683 2101 2862 2170; x_wconf 86' lang='lat' dir='ltr'><strong>populi</strong></span> <span class='ocrx_word' id='word_1_477' title='bbox 2893 2100 3174 2166; x_wconf 66' lang='lat' dir='ltr'><strong>doctrinm,</strong></span> <span class='ocrx_word' id='word_1_478' title='bbox 3206 2102 3310 2157; x_wconf 89' lang='lat' dir='ltr'><strong>diei</strong></span> <span class='ocrx_word' id='word_1_479' title='bbox 3339 2113 3585 2172; x_wconf 88' lang='lat' dir='ltr'><strong>possunt.</strong></span> <span class='ocrx_word' id='word_1_480' title='bbox 3619 2105 3712 2160; x_wconf 80' lang='lat' dir='ltr'><strong>liis</strong></span> 
     </span>
    </p>
   </div>
   <div class='ocr_carea' id='block_1_67' title="bbox 2130 2189 3709 2262">
    <p class='ocr_par' dir='ltr' id='par_1_67' title="bbox 2130 2189 3709 2262">
     <span class='ocr_line' id='line_1_67' title="bbox 2130 2189 3709 2262; baseline 0.004 -20"><span class='ocrx_word' id='word_1_481' title='bbox 2130 2204 2258 2258; x_wconf 85' lang='lat' dir='ltr'><strong>ergo</strong></span> <span class='ocrx_word' id='word_1_482' title='bbox 2286 2189 2330 2241; x_wconf 91' lang='lat' dir='ltr'><strong>si</strong></span> <span class='ocrx_word' id='word_1_483' title='bbox 2373 2190 2622 2242; x_wconf 88' lang='lat' dir='ltr'><strong>inciderit</strong></span> <span class='ocrx_word' id='word_1_484' title='bbox 2647 2189 3011 2256; x_wconf 86' lang='lat' dir='ltr'><strong>morticinum,</strong></span> <span class='ocrx_word' id='word_1_485' title='bbox 3053 2193 3105 2247; x_wconf 91' lang='lat' dir='ltr'><strong>id</strong></span> <span class='ocrx_word' id='word_1_486' title='bbox 3128 2199 3230 2256; x_wconf 91' lang='lat' dir='ltr'><strong>est,</strong></span> <span class='ocrx_word' id='word_1_487' title='bbox 3266 2192 3309 2246; x_wconf 91' lang='lat' dir='ltr'><strong>si</strong></span> <span class='ocrx_word' id='word_1_488' title='bbox 3342 2195 3543 2262; x_wconf 88' lang='lat' dir='ltr'><strong>peccati</strong></span> <span class='ocrx_word' id='word_1_489' title='bbox 3565 2210 3709 2250; x_wconf 82' lang='lat' dir='ltr'><strong>mor-</strong></span> 
     </span>
    </p>
   </div>
   <div class='ocr_carea' id='block_1_68' title="bbox 2131 2280 3706 2350">
    <p class='ocr_par' dir='ltr' id='par_1_68' title="bbox 2131 2280 3706 2350">
     <span class='ocr_line' id='line_1_68' title="bbox 2131 2280 3706 2350; baseline 0.005 -18"><span class='ocrx_word' id='word_1_490' title='bbox 2131 2280 2382 2334; x_wconf 88' lang='lat' dir='ltr'><strong>tificantis</strong></span> <span class='ocrx_word' id='word_1_491' title='bbox 2431 2282 2570 2334; x_wconf 89' lang='lat' dir='ltr'><strong>actio</strong></span> <span class='ocrx_word' id='word_1_492' title='bbox 2597 2282 3003 2350; x_wconf 82' lang='lat' dir='ltr'><strong>supervenerit,</strong></span> <span class='ocrx_word' id='word_1_493' title='bbox 3055 2283 3317 2337; x_wconf 82' lang='lat' dir='ltr'><strong>immundi</strong></span> <span class='ocrx_word' id='word_1_494' title='bbox 3364 2283 3499 2338; x_wconf 87' lang='lat' dir='ltr'><strong>ﬁunt</strong></span> <span class='ocrx_word' id='word_1_495' title='bbox 3527 2293 3581 2339; x_wconf 90' lang='lat' dir='ltr'><strong>ct</strong></span> <span class='ocrx_word' id='word_1_496' title='bbox 3609 2286 3706 2340; x_wconf 91' lang='lat' dir='ltr'><strong>de-</strong></span> 
     </span>
    </p>
   </div>
   <div class='ocr_carea' id='block_1_69' title="bbox 2129 2370 3706 2447">
    <p class='ocr_par' dir='ltr' id='par_1_69' title="bbox 2129 2370 3706 2447">
     <span class='ocr_line' id='line_1_69' title="bbox 2129 2370 3706 2447; baseline 0.005 -25"><span class='ocrx_word' id='word_1_497' title='bbox 2129 2379 2446 2424; x_wconf 88' lang='lat' dir='ltr'><strong>struuntur:</strong></span> <span class='ocrx_word' id='word_1_498' title='bbox 2465 2370 2599 2435; x_wconf 87' lang='lat' dir='ltr'><strong>Quia</strong></span> <span class='ocrx_word' id='word_1_499' title='bbox 2627 2374 2716 2442; x_wconf 88' lang='lat' dir='ltr'><strong>qui</strong></span> <span class='ocrx_word' id='word_1_500' title='bbox 2738 2374 2918 2426; x_wconf 81' lang='lat' dir='ltr'><strong>docent</strong></span> <span class='ocrx_word' id='word_1_501' title='bbox 2947 2390 3046 2426; x_wconf 86' lang='lat' dir='ltr'><strong>non</strong></span> <span class='ocrx_word' id='word_1_502' title='bbox 3071 2376 3242 2444; x_wconf 81' lang='lat' dir='ltr'><strong>furari</strong></span> <span class='ocrx_word' id='word_1_503' title='bbox 3261 2376 3529 2445; x_wconf 76' lang='lat' dir='ltr'><strong>furantur,</strong></span> <span class='ocrx_word' id='word_1_504' title='bbox 3543 2386 3592 2430; x_wconf 85' lang='lat' dir='ltr'><strong>et</strong></span> <span class='ocrx_word' id='word_1_505' title='bbox 3616 2380 3706 2447; x_wconf 86' lang='lat' dir='ltr'><strong>qui</strong></span> 
     </span>
    </p>
   </div>
   <div class='ocr_carea' id='block_1_70' title="bbox 2126 2462 3704 2531">
    <p class='ocr_par' dir='ltr' id='par_1_70' title="bbox 2126 2462 3704 2531">
     <span class='ocr_line' id='line_1_70' title="bbox 2126 2462 3704 2531; baseline 0.006 -19"><span class='ocrx_word' id='word_1_506' title='bbox 2126 2462 2412 2528; x_wconf 75' lang='lat' dir='ltr'><strong>prtedicant</strong></span> <span class='ocrx_word' id='word_1_507' title='bbox 2469 2479 2570 2514; x_wconf 90' lang='lat' dir='ltr'><strong>non</strong></span> <span class='ocrx_word' id='word_1_508' title='bbox 2633 2463 2882 2516; x_wconf 78' lang='lat' dir='ltr'><strong>maechari</strong></span> <span class='ocrx_word' id='word_1_509' title='bbox 2948 2465 3271 2518; x_wconf 71' lang='lat' dir='ltr'><strong>maritantur</strong></span> <span class='ocrx_word' id='word_1_510' title='bbox 3303 2466 3397 2531; x_wconf 81' lang='lat'><strong>“;</strong></span> <span class='ocrx_word' id='word_1_511' title='bbox 3455 2466 3704 2522; x_wconf 83' lang='lat' dir='ltr'><strong>doctrina</strong></span> 
     </span>
    </p>
   </div>
   <div class='ocr_carea' id='block_1_71' title="bbox 2130 2549 3703 2618">
    <p class='ocr_par' dir='ltr' id='par_1_71' title="bbox 2130 2549 3703 2618">
     <span class='ocr_line' id='line_1_71' title="bbox 2130 2549 3703 2618; baseline 0.004 -16"><span class='ocrx_word' id='word_1_512' title='bbox 2130 2549 2399 2618; x_wconf 87' lang='lat' dir='ltr'><strong>siquidem</strong></span> <span class='ocrx_word' id='word_1_513' title='bbox 2450 2550 2591 2603; x_wconf 88' lang='lat' dir='ltr'><strong>bona</strong></span> <span class='ocrx_word' id='word_1_514' title='bbox 2620 2559 2722 2614; x_wconf 91' lang='lat' dir='ltr'><strong>est,</strong></span> <span class='ocrx_word' id='word_1_515' title='bbox 2774 2563 2884 2603; x_wconf 89' lang='lat' dir='ltr'><strong>non</strong></span> <span class='ocrx_word' id='word_1_516' title='bbox 2922 2562 3005 2605; x_wconf 91' lang='lat' dir='ltr'><strong>est</strong></span> <span class='ocrx_word' id='word_1_517' title='bbox 3056 2552 3357 2606; x_wconf 87' lang='lat' dir='ltr'><strong>immunda.</strong></span> <span class='ocrx_word' id='word_1_518' title='bbox 3387 2551 3497 2606; x_wconf 81' lang='lat' dir='ltr'><strong>Nec</strong></span> <span class='ocrx_word' id='word_1_519' title='bbox 3523 2553 3703 2608; x_wconf 87' lang='lat' dir='ltr'><strong>divina</strong></span> 
     </span>
    </p>
   </div>
   <div class='ocr_carea' id='block_1_72' title="bbox 2131 2641 3706 2716">
    <p class='ocr_par' dir='ltr' id='par_1_72' title="bbox 2131 2641 3706 2716">
     <span class='ocr_line' id='line_1_72' title="bbox 2131 2641 3706 2716; baseline 0.004 -24"><span class='ocrx_word' id='word_1_520' title='bbox 2131 2649 2351 2709; x_wconf 88' lang='lat' dir='ltr'><strong>propter</strong></span> <span class='ocrx_word' id='word_1_521' title='bbox 2383 2641 2486 2694; x_wconf 91' lang='lat' dir='ltr'><strong>hoc</strong></span> <span class='ocrx_word' id='word_1_522' title='bbox 2515 2642 2892 2695; x_wconf 82' lang='lat' dir='ltr'><strong>abominamur</strong></span> <span class='ocrx_word' id='word_1_523' title='bbox 2925 2642 3163 2712; x_wconf 89' lang='lat' dir='ltr'><strong>eloquia,</strong></span> <span class='ocrx_word' id='word_1_524' title='bbox 3193 2645 3336 2713; x_wconf 89' lang='lat' dir='ltr'><strong>quod</strong></span> <span class='ocrx_word' id='word_1_525' title='bbox 3367 2659 3433 2698; x_wconf 82' lang='lat' dir='ltr'><strong>ex</strong></span> <span class='ocrx_word' id='word_1_526' title='bbox 3466 2647 3548 2699; x_wconf 83' lang='lat' dir='ltr'><strong>eis</strong></span> <span class='ocrx_word' id='word_1_527' title='bbox 3578 2645 3706 2716; x_wconf 91' lang='lat' dir='ltr'><strong>qui-</strong></span> 
     </span>
    </p>
   </div>
   <div class='ocr_carea' id='block_1_73' title="bbox 2134 2733 3704 2803">
    <p class='ocr_par' dir='ltr' id='par_1_73' title="bbox 2134 2733 3704 2803">
     <span class='ocr_line' id='line_1_73' title="bbox 2134 2733 3704 2803; baseline 0.006 -19"><span class='ocrx_word' id='word_1_528' title='bbox 2134 2733 2256 2785; x_wconf 88' lang='lat' dir='ltr'><strong>dam</strong></span> <span class='ocrx_word' id='word_1_529' title='bbox 2287 2733 2470 2786; x_wconf 83' lang='lat' dir='ltr'><strong>forsan</strong></span> <span class='ocrx_word' id='word_1_530' title='bbox 2521 2733 2784 2786; x_wconf 90' lang='lat' dir='ltr'><strong>immundi</strong></span> <span class='ocrx_word' id='word_1_531' title='bbox 2834 2735 3222 2803; x_wconf 66' lang='lat' dir='ltr'><strong>praedicatores</strong></span> <span class='ocrx_word' id='word_1_532' title='bbox 3249 2736 3427 2791; x_wconf 70' lang='lat' dir='ltr'><strong>effecti</strong></span> <span class='ocrx_word' id='word_1_533' title='bbox 3472 2747 3620 2801; x_wconf 90' lang='lat' dir='ltr'><strong>sunt,</strong></span> <span class='ocrx_word' id='word_1_534' title='bbox 3649 2750 3704 2794; x_wconf 91' lang='lat' dir='ltr'><strong>et</strong></span> 
     </span>
    </p>
   </div>
   <div class='ocr_carea' id='block_1_74' title="bbox 2129 2822 3702 2894">
    <p class='ocr_par' dir='ltr' id='par_1_74' title="bbox 2129 2822 3702 2894">
     <span class='ocr_line' id='line_1_74' title="bbox 2129 2822 3702 2894; baseline 0.005 -19"><span class='ocrx_word' id='word_1_535' title='bbox 2129 2831 2417 2892; x_wconf 85' lang='lat' dir='ltr'><strong>propterea</strong></span> <span class='ocrx_word' id='word_1_536' title='bbox 2462 2822 2661 2884; x_wconf 88' lang='lat' dir='ltr'><strong>fontes,</strong></span> <span class='ocrx_word' id='word_1_537' title='bbox 2704 2823 2956 2879; x_wconf 88' lang='lat' dir='ltr'><strong>videlicet</strong></span> <span class='ocrx_word' id='word_1_538' title='bbox 3003 2826 3278 2894; x_wconf 88' lang='lat' dir='ltr'><strong>opulentis</strong></span> <span class='ocrx_word' id='word_1_539' title='bbox 3319 2828 3608 2883; x_wconf 70' lang='lat' dir='ltr'><strong>docti-inte:</strong></span> <span class='ocrx_word' id='word_1_540' title='bbox 3647 2839 3702 2884; x_wconf 90' lang='lat' dir='ltr'><strong>et</strong></span> 
     </span>
    </p>
   </div>
   <div class='ocr_carea' id='block_1_75' title="bbox 2130 2915 3698 2988">
    <p class='ocr_par' dir='ltr' id='par_1_75' title="bbox 2130 2915 3698 2988">
     <span class='ocr_line' id='line_1_75' title="bbox 2130 2915 3698 2988; baseline 0.005 -20"><span class='ocrx_word' id='word_1_541' title='bbox 2130 2915 2397 2969; x_wconf 87' lang='lat' dir='ltr'><strong>cisternas</strong></span> <span class='ocrx_word' id='word_1_542' title='bbox 2443 2917 2558 2971; x_wconf 88' lang='lat' dir='ltr'><strong>sive</strong></span> <span class='ocrx_word' id='word_1_543' title='bbox 2614 2916 2784 2981; x_wconf 91' lang='lat' dir='ltr'><strong>lacus,</strong></span> <span class='ocrx_word' id='word_1_544' title='bbox 2820 2916 3030 2987; x_wconf 78' lang='lat' dir='ltr'><strong>linguas</strong></span> <span class='ocrx_word' id='word_1_545' title='bbox 3069 2919 3354 2988; x_wconf 89' lang='lat' dir='ltr'><strong>loquentes</strong></span> <span class='ocrx_word' id='word_1_546' title='bbox 3384 2922 3698 2986; x_wconf 87' lang='lat' dir='ltr'><strong>mediocria,</strong></span> 
     </span>
    </p>
   </div>
   <div class='ocr_carea' id='block_1_76' title="bbox 2130 3006 3702 3070">
    <p class='ocr_par' dir='ltr' id='par_1_76' title="bbox 2130 3006 3702 3070">
     <span class='ocr_line' id='line_1_76' title="bbox 2130 3006 3702 3070; baseline 0.004 -7"><span class='ocrx_word' id='word_1_547' title='bbox 2130 3018 2184 3063; x_wconf 91' lang='lat' dir='ltr'><strong>et</strong></span> <span class='ocrx_word' id='word_1_548' title='bbox 2221 3008 2520 3062; x_wconf 87' lang='lat' dir='ltr'><strong>doctrinam</strong></span> <span class='ocrx_word' id='word_1_549' title='bbox 2553 3018 2852 3063; x_wconf 86' lang='lat' dir='ltr'><strong>tnutuatam</strong></span> <span class='ocrx_word' id='word_1_550' title='bbox 2889 3006 3172 3067; x_wconf 84' lang='lat' dir='ltr'><strong>habentes.</strong></span> <span class='ocrx_word' id='word_1_551' title='bbox 3207 3012 3314 3068; x_wconf 90' lang='lat' dir='ltr'><strong>Sed</strong></span> <span class='ocrx_word' id='word_1_552' title='bbox 3337 3023 3388 3068; x_wconf 89' lang='lat' dir='ltr'><strong>et</strong></span> <span class='ocrx_word' id='word_1_553' title='bbox 3425 3015 3702 3070; x_wconf 85' lang='lat' dir='ltr'><strong>collectio-</strong></span> 
     </span>
    </p>
   </div>
   <div class='ocr_carea' id='block_1_77' title="bbox 2130 3097 3702 3172">
    <p class='ocr_par' dir='ltr' id='par_1_77' title="bbox 2130 3097 3702 3172">
     <span class='ocr_line' id='line_1_77' title="bbox 2130 3097 3702 3172; baseline 0.009 -24"><span class='ocrx_word' id='word_1_554' title='bbox 2130 3111 2228 3150; x_wconf 84' lang='lat' dir='ltr'><strong>nes</strong></span> <span class='ocrx_word' id='word_1_555' title='bbox 2259 3112 2542 3166; x_wconf 89' lang='lat' dir='ltr'><strong>aquarum,</strong></span> <span class='ocrx_word' id='word_1_556' title='bbox 2587 3113 2683 3152; x_wconf 90' lang='lat' dir='ltr'><strong>eos</strong></span> <span class='ocrx_word' id='word_1_557' title='bbox 2709 3097 2802 3166; x_wconf 90' lang='lat' dir='ltr'><strong>qui</strong></span> <span class='ocrx_word' id='word_1_558' title='bbox 2852 3099 3091 3170; x_wconf 88' lang='lat' dir='ltr'><strong>undique</strong></span> <span class='ocrx_word' id='word_1_559' title='bbox 3142 3101 3450 3172; x_wconf 86' lang='lat' dir='ltr'><strong>hujusmodi</strong></span> <span class='ocrx_word' id='word_1_560' title='bbox 3509 3106 3702 3162; x_wconf 84' lang='lat' dir='ltr'><strong>verbo-</strong></span> 
     </span>
    </p>
   </div>
   <div class='ocr_carea' id='block_1_78' title="bbox 2131 3186 3702 3266">
    <p class='ocr_par' dir='ltr' id='par_1_78' title="bbox 2131 3186 3702 3266">
     <span class='ocr_line' id='line_1_78' title="bbox 2131 3186 3702 3266; baseline 0.01 -28"><span class='ocrx_word' id='word_1_561' title='bbox 2131 3202 2249 3240; x_wconf 90' lang='lat' dir='ltr'><strong>rum</strong></span> <span class='ocrx_word' id='word_1_562' title='bbox 2277 3186 2608 3242; x_wconf 84' lang='lat' dir='ltr'><strong>afIluentiam</strong></span> <span class='ocrx_word' id='word_1_563' title='bbox 2637 3201 2988 3261; x_wconf 77' lang='lat' dir='ltr'><strong>congregant,</strong></span> <span class='ocrx_word' id='word_1_564' title='bbox 3019 3208 3140 3248; x_wconf 85' lang='lat' dir='ltr'><strong>esse</strong></span> <span class='ocrx_word' id='word_1_565' title='bbox 3163 3195 3395 3250; x_wconf 81' lang='lat' dir='ltr'><strong>mandas</strong></span> <span class='ocrx_word' id='word_1_566' title='bbox 3428 3197 3702 3266; x_wconf 85' lang='lat' dir='ltr'><strong>lcgislator</strong></span> 
     </span>
    </p>
   </div>
   <div class='ocr_carea' id='block_1_79' title="bbox 2128 3278 3696 3353">
    <p class='ocr_par' dir='ltr' id='par_1_79' title="bbox 2128 3278 3696 3353">
     <span class='ocr_line' id='line_1_79' title="bbox 2128 3278 3696 3353; baseline 0.007 -21"><span class='ocrx_word' id='word_1_567' title='bbox 2128 3278 2281 3332; x_wconf 82' lang='lat' dir='ltr'><strong>dixit.</strong></span> <span class='ocrx_word' id='word_1_568' title='bbox 2311 3278 2415 3333; x_wconf 91' lang='lat' dir='ltr'><strong>Sed</strong></span> <span class='ocrx_word' id='word_1_569' title='bbox 2449 3295 2610 3349; x_wconf 89' lang='lat' dir='ltr'><strong>quam</strong></span> <span class='ocrx_word' id='word_1_570' title='bbox 2651 3284 3097 3353; x_wconf 89' lang='lat' dir='ltr'><strong>consequentiam</strong></span> <span class='ocrx_word' id='word_1_571' title='bbox 3151 3286 3361 3352; x_wconf 89' lang='lat' dir='ltr'><strong>habuit,</strong></span> <span class='ocrx_word' id='word_1_572' title='bbox 3389 3298 3449 3344; x_wconf 89' lang='lat' dir='ltr'><strong>ut</strong></span> <span class='ocrx_word' id='word_1_573' title='bbox 3485 3289 3554 3344; x_wconf 85' lang='lat' dir='ltr'><strong>de</strong></span> <span class='ocrx_word' id='word_1_574' title='bbox 3604 3290 3696 3344; x_wconf 87' lang='lat' dir='ltr'><strong>cli-</strong></span> 
     </span>
    </p>
   </div>
   <div class='ocr_carea' id='block_1_80' title="bbox 2128 3370 3415 3443">
    <p class='ocr_par' dir='ltr' id='par_1_80' title="bbox 2128 3370 3415 3443">
     <span class='ocr_line' id='line_1_80' title="bbox 2128 3370 3415 3443; baseline 0.009 -19"><span class='ocrx_word' id='word_1_575' title='bbox 2128 3370 2282 3424; x_wconf 88' lang='lat' dir='ltr'><strong>banis</strong></span> <span class='ocrx_word' id='word_1_576' title='bbox 2309 3379 2364 3426; x_wconf 88' lang='lat' dir='ltr'><strong>et</strong></span> <span class='ocrx_word' id='word_1_577' title='bbox 2387 3372 2732 3442; x_wconf 89' lang='lat' dir='ltr'><strong>chytropodis</strong></span> <span class='ocrx_word' id='word_1_578' title='bbox 2757 3374 3008 3443; x_wconf 84' lang='lat' dir='ltr'><strong>loquens,</strong></span> <span class='ocrx_word' id='word_1_579' title='bbox 3050 3377 3415 3434; x_wconf 86' lang='lat' dir='ltr'><strong>subinf‘erret:</strong></span> 
     </span>
    </p>
   </div>
   <div class='ocr_carea' id='block_1_81' title="bbox 2198 3460 3695 3540">
    <p class='ocr_par' dir='ltr' id='par_1_81' title="bbox 2198 3460 3695 3540">
     <span class='ocr_line' id='line_1_81' title="bbox 2198 3460 3695 3540; baseline 0.01 -28"><span class='ocrx_word' id='word_1_580' title='bbox 2198 3460 2444 3530; x_wconf 70' lang='lat' dir='ltr'><strong>Exceptis</strong></span> <span class='ocrx_word' id='word_1_581' title='bbox 2488 3462 2719 3532; x_wconf 79' lang='lat' dir='ltr'><strong>fontibus</strong></span> <span class='ocrx_word' id='word_1_582' title='bbox 2760 3467 3065 3534; x_wconf 80' lang='lat' dir='ltr'><strong>aquarum?</strong></span> <span class='ocrx_word' id='word_1_583' title='bbox 3111 3467 3214 3522; x_wconf 88' lang='lat' dir='ltr'><strong>Sed</strong></span> <span class='ocrx_word' id='word_1_584' title='bbox 3239 3469 3361 3537; x_wconf 89' lang='lat' dir='ltr'><strong>quia</strong></span> <span class='ocrx_word' id='word_1_585' title='bbox 3411 3486 3506 3540; x_wconf 89' lang='lat' dir='ltr'><strong>per</strong></span> <span class='ocrx_word' id='word_1_586' title='bbox 3554 3472 3695 3526; x_wconf 90' lang='lat' dir='ltr'><strong>illam</strong></span> 
     </span>
    </p>
   </div>
   <div class='ocr_carea' id='block_1_82' title="bbox 2125 3550 3694 3627">
    <p class='ocr_par' dir='ltr' id='par_1_82' title="bbox 2125 3550 3694 3627">
     <span class='ocr_line' id='line_1_82' title="bbox 2125 3550 3694 3627; baseline 0.009 -24"><span class='ocrx_word' id='word_1_587' title='bbox 2125 3550 2416 3621; x_wconf 89' lang='lat' dir='ltr'><strong>magistros</strong></span> <span class='ocrx_word' id='word_1_588' title='bbox 2441 3552 2788 3623; x_wconf 89' lang='lat' dir='ltr'><strong>significavit,</strong></span> <span class='ocrx_word' id='word_1_589' title='bbox 2803 3557 3112 3611; x_wconf 87' lang='lat' dir='ltr'><strong>necessarie</strong></span> <span class='ocrx_word' id='word_1_590' title='bbox 3131 3557 3309 3613; x_wconf 84' lang='lat' dir='ltr'><strong>fontes</strong></span> <span class='ocrx_word' id='word_1_591' title='bbox 3333 3569 3388 3614; x_wconf 93' lang='lat' dir='ltr'><strong>et</strong></span> <span class='ocrx_word' id='word_1_592' title='bbox 3407 3561 3694 3627; x_wconf 83' lang='lat' dir='ltr'><strong>cisternas,</strong></span> 
     </span>
    </p>
   </div>
   <div class='ocr_carea' id='block_1_83' title="bbox 2123 3643 3696 3717">
    <p class='ocr_par' dir='ltr' id='par_1_83' title="bbox 2123 3643 3696 3717">
     <span class='ocr_line' id='line_1_83' title="bbox 2123 3643 3696 3717; baseline 0.006 -21"><span class='ocrx_word' id='word_1_593' title='bbox 2123 3652 2179 3697; x_wconf 88' lang='lat' dir='ltr'><strong>et</strong></span> <span class='ocrx_word' id='word_1_594' title='bbox 2207 3643 2553 3699; x_wconf 88' lang='lat' dir='ltr'><strong>collectiones</strong></span> <span class='ocrx_word' id='word_1_595' title='bbox 2581 3659 2844 3714; x_wconf 86' lang='lat' dir='ltr'><strong>aquarum</strong></span> <span class='ocrx_word' id='word_1_596' title='bbox 2877 3647 3135 3712; x_wconf 89' lang='lat' dir='ltr'><strong>subdidit,</strong></span> <span class='ocrx_word' id='word_1_597' title='bbox 3158 3663 3298 3717; x_wconf 68' lang='lat' dir='ltr'><strong>quae,</strong></span> <span class='ocrx_word' id='word_1_598' title='bbox 3334 3651 3475 3706; x_wconf 91' lang='lat' dir='ltr'><strong>sicut</strong></span> <span class='ocrx_word' id='word_1_599' title='bbox 3511 3661 3696 3707; x_wconf 83' lang='lat' dir='ltr'><strong>osten-</strong></span> 
     </span>
    </p>
   </div>
   <div class='ocr_carea' id='block_1_84' title="bbox 2125 3735 3692 3810">
    <p class='ocr_par' dir='ltr' id='par_1_84' title="bbox 2125 3735 3692 3810">
     <span class='ocr_line' id='line_1_84' title="bbox 2125 3735 3692 3810; baseline 0.007 -23"><span class='ocrx_word' id='word_1_600' title='bbox 2125 3748 2245 3788; x_wconf 89' lang='lat' dir='ltr'><strong>smn</strong></span> <span class='ocrx_word' id='word_1_601' title='bbox 2273 3744 2378 3800; x_wconf 90' lang='lat' dir='ltr'><strong>est,</strong></span> <span class='ocrx_word' id='word_1_602' title='bbox 2404 3735 2458 3788; x_wconf 92' lang='lat' dir='ltr'><strong>in</strong></span> <span class='ocrx_word' id='word_1_603' title='bbox 2489 3737 2736 3791; x_wconf 89' lang='lat' dir='ltr'><strong>doctrina</strong></span> <span class='ocrx_word' id='word_1_604' title='bbox 2786 3738 3152 3807; x_wconf 87' lang='lat' dir='ltr'><strong>accipiuntur.</strong></span> <span class='ocrx_word' id='word_1_605' title='bbox 3188 3741 3416 3810; x_wconf 86' lang='lat' dir='ltr'><strong>Propter</strong></span> <span class='ocrx_word' id='word_1_606' title='bbox 3445 3744 3588 3810; x_wconf 92' lang='lat' dir='ltr'><strong>quod</strong></span> <span class='ocrx_word' id='word_1_607' title='bbox 3625 3745 3692 3798; x_wconf 88' lang='lat' dir='ltr'><strong>ad</strong></span> 
     </span>
    </p>
   </div>
   <div class='ocr_carea' id='block_1_85' title="bbox 2122 3823 3691 3900">
    <p class='ocr_par' dir='ltr' id='par_1_85' title="bbox 2122 3823 3691 3900">
     <span class='ocr_line' id='line_1_85' title="bbox 2122 3823 3691 3900; baseline 0.004 -24"><span class='ocrx_word' id='word_1_608' title='bbox 2122 3823 2517 3878; x_wconf 83' lang='lat' dir='ltr'><strong>Samaritanam</strong></span> <span class='ocrx_word' id='word_1_609' title='bbox 2573 3823 2836 3880; x_wconf 86' lang='lat' dir='ltr'><strong>Dominus</strong></span> <span class='ocrx_word' id='word_1_610' title='bbox 2867 3826 3118 3882; x_wconf 89' lang='lat' dir='ltr'><strong>dicebat:</strong></span> <span class='ocrx_word' id='word_1_611' title='bbox 3170 3827 3474 3900; x_wconf 82' lang='lat' dir='ltr'><strong>Quicunque</strong></span> <span class='ocrx_word' id='word_1_612' title='bbox 3509 3830 3691 3884; x_wconf 79' lang='lat' dir='ltr'><strong>biberit</strong></span> 
     </span>
    </p>
   </div>
   <div class='ocr_carea' id='block_1_86' title="bbox 2122 3914 3692 3985">
    <p class='ocr_par' dir='ltr' id='par_1_86' title="bbox 2122 3914 3692 3985">
     <span class='ocr_line' id='line_1_86' title="bbox 2122 3914 3692 3985; baseline 0.007 -19"><span class='ocrx_word' id='word_1_613' title='bbox 2122 3914 2185 3966; x_wconf 88' lang='lat' dir='ltr'><strong>de</strong></span> <span class='ocrx_word' id='word_1_614' title='bbox 2213 3931 2356 3984; x_wconf 85' lang='lat' dir='ltr'><strong>aqua</strong></span> <span class='ocrx_word' id='word_1_615' title='bbox 2415 3932 2576 3985; x_wconf 87' lang='lat' dir='ltr'><strong>quam</strong></span> <span class='ocrx_word' id='word_1_616' title='bbox 2611 3932 2702 3985; x_wconf 84' lang='lat' dir='ltr'><strong>ego</strong></span> <span class='ocrx_word' id='word_1_617' title='bbox 2741 3917 2876 3971; x_wconf 88' lang='lat' dir='ltr'><strong>dabo</strong></span> <span class='ocrx_word' id='word_1_618' title='bbox 2910 3919 2977 3984; x_wconf 88' lang='lat' dir='ltr'><strong>ei,</strong></span> <span class='ocrx_word' id='word_1_619' title='bbox 3034 3935 3139 3974; x_wconf 88' lang='lat' dir='ltr'><strong>non</strong></span> <span class='ocrx_word' id='word_1_620' title='bbox 3171 3921 3312 3975; x_wconf 85' lang='lat' dir='ltr'><strong>sitiet</strong></span> <span class='ocrx_word' id='word_1_621' title='bbox 3344 3921 3554 3982; x_wconf 86' lang='lat' dir='ltr'><strong>iterum,</strong></span> <span class='ocrx_word' id='word_1_622' title='bbox 3601 3923 3692 3977; x_wconf 88' lang='lat' dir='ltr'><strong>sed</strong></span> 
     </span>
    </p>
   </div>
   <div class='ocr_carea' id='block_1_87' title="bbox 2119 4006 3686 4079">
    <p class='ocr_par' dir='ltr' id='par_1_87' title="bbox 2119 4006 3686 4079">
     <span class='ocr_line' id='line_1_87' title="bbox 2119 4006 3686 4079; baseline 0.006 -19"><span class='ocrx_word' id='word_1_623' title='bbox 2119 4006 2208 4072; x_wconf 81' lang='lat' dir='ltr'><strong>[iet</strong></span> <span class='ocrx_word' id='word_1_624' title='bbox 2243 4009 2298 4061; x_wconf 86' lang='lat' dir='ltr'><strong>in</strong></span> <span class='ocrx_word' id='word_1_625' title='bbox 2325 4024 2385 4062; x_wconf 87' lang='lat' dir='ltr'><strong>eo</strong></span> <span class='ocrx_word' id='word_1_626' title='bbox 2433 4010 2548 4079; x_wconf 79' lang='lat' dir='ltr'><strong>fons</strong></span> <span class='ocrx_word' id='word_1_627' title='bbox 2578 4025 2732 4078; x_wconf 76' lang='lat' dir='ltr'><strong>aqua:</strong></span> <span class='ocrx_word' id='word_1_628' title='bbox 2763 4010 3003 4064; x_wconf 85' lang='lat' dir='ltr'><strong>salientis</strong></span> <span class='ocrx_word' id='word_1_629' title='bbox 3055 4012 3111 4065; x_wconf 90' lang='lat' dir='ltr'><strong>in</strong></span> <span class='ocrx_word' id='word_1_630' title='bbox 3141 4013 3302 4066; x_wconf 81' lang='lat' dir='ltr'><strong>vitam</strong></span> <span class='ocrx_word' id='word_1_631' title='bbox 3335 4025 3585 4068; x_wconf 80' lang='lat' dir='ltr'><strong>atternant</strong></span> <span class='ocrx_word' id='word_1_632' title='bbox 3602 4014 3648 4046; x_wconf 80' lang='lat'><strong>&quot;</strong></span> <span class='ocrx_word' id='word_1_633' title='bbox 3677 4055 3686 4069; x_wconf 90' lang='lat'><strong>.</strong></span> 
     </span>
    </p>
   </div>
   <div class='ocr_carea' id='block_1_88' title="bbox 2123 4097 2912 4156">
    <p class='ocr_par' dir='ltr' id='par_1_88' title="bbox 2123 4097 2912 4156">
     <span class='ocr_line' id='line_1_88' title="bbox 2123 4097 2912 4156; baseline 0.004 -5"><span class='ocrx_word' id='word_1_634' title='bbox 2123 4097 2266 4152; x_wconf 90' lang='lat' dir='ltr'><strong>Bene</strong></span> <span class='ocrx_word' id='word_1_635' title='bbox 2305 4107 2487 4154; x_wconf 91' lang='lat' dir='ltr'><strong>autem</strong></span> <span class='ocrx_word' id='word_1_636' title='bbox 2524 4099 2608 4154; x_wconf 83' lang='lat' dir='ltr'><strong>lex</strong></span> <span class='ocrx_word' id='word_1_637' title='bbox 2643 4100 2912 4156; x_wconf 88' lang='lat' dir='ltr'><strong>subdidit:</strong></span> 
     </span>
    </p>
   </div>
   <div class='ocr_carea' id='block_1_89' title="bbox 2187 4188 3694 4264">
    <p class='ocr_par' dir='ltr' id='par_1_89' title="bbox 2187 4188 3694 4264">
     <span class='ocr_line' id='line_1_89' title="bbox 2187 4188 3694 4264; baseline 0.003 -21"><span class='ocrx_word' id='word_1_638' title='bbox 2187 4188 2288 4254; x_wconf 88' lang='lat' dir='ltr'><strong>Qui</strong></span> <span class='ocrx_word' id='word_1_639' title='bbox 2307 4192 2576 4245; x_wconf 85' lang='lat' dir='ltr'><strong>morticina</strong></span> <span class='ocrx_word' id='word_1_640' title='bbox 2595 4209 2772 4246; x_wconf 88' lang='lat' dir='ltr'><strong>eorum</strong></span> <span class='ocrx_word' id='word_1_641' title='bbox 2789 4191 3438 4264; x_wconf 71' lang='lat' dir='ltr'><strong>tetigerit,polluetur.Ubi</strong></span> <span class='ocrx_word' id='word_1_642' title='bbox 3464 4193 3694 4264; x_wconf 87' lang='lat' dir='ltr'><strong>Septua-</strong></span> 
     </span>
    </p>
   </div>
   <div class='ocr_carea' id='block_1_90' title="bbox 448 4280 3691 4365">
    <p class='ocr_par' dir='ltr' id='par_1_90' title="bbox 448 4280 3691 4365">
     <span class='ocr_line' id='line_1_90' title="bbox 448 4280 3691 4365; baseline 0.002 -33"><span class='ocrx_word' id='word_1_643' title='bbox 448 4282 666 4346; x_wconf 88' lang='lat' dir='ltr'><strong>elihani,</strong></span> <span class='ocrx_word' id='word_1_644' title='bbox 703 4282 821 4337; x_wconf 87' lang='lat' dir='ltr'><strong>sive</strong></span> <span class='ocrx_word' id='word_1_645' title='bbox 852 4283 1214 4352; x_wconf 86' lang='lat' dir='ltr'><strong>chytropodes</strong></span> <span class='ocrx_word' id='word_1_646' title='bbox 1265 4284 1616 4339; x_wconf 80' lang='lat' dir='ltr'><strong>destruentur</strong></span> <span class='ocrx_word' id='word_1_647' title='bbox 1643 4295 1702 4339; x_wconf 81' lang='lat' dir='ltr'><strong>et</strong></span> <span class='ocrx_word' id='word_1_648' title='bbox 1749 4286 2010 4342; x_wconf 83' lang='lat' dir='ltr'><strong>immundi</strong></span> <span class='ocrx_word' id='word_1_649' title='bbox 2047 4313 2090 4365; x_wconf 69' lang='grc' dir='ltr'><strong>ι)</strong></span> <span class='ocrx_word' id='word_1_650' title='bbox 2119 4280 2266 4350; x_wconf 84' lang='lat' dir='ltr'><strong>ginta</strong></span> <span class='ocrx_word' id='word_1_651' title='bbox 2325 4281 2524 4337; x_wconf 85' lang='lat' dir='ltr'><strong>edunt:</strong></span> <span class='ocrx_word' id='word_1_652' title='bbox 2557 4281 2661 4348; x_wconf 86' lang='lat' dir='ltr'><strong>Qui</strong></span> <span class='ocrx_word' id='word_1_653' title='bbox 2694 4299 2812 4337; x_wconf 85' lang='lat' dir='ltr'><strong>vero</strong></span> <span class='ocrx_word' id='word_1_654' title='bbox 2833 4285 3054 4353; x_wconf 88' lang='lat' dir='ltr'><strong>tetigerit</strong></span> <span class='ocrx_word' id='word_1_655' title='bbox 3079 4301 3280 4340; x_wconf 84' lang='lat' dir='ltr'><strong>omnem</strong></span> <span class='ocrx_word' id='word_1_656' title='bbox 3304 4286 3691 4339; x_wconf 86' lang='lat' dir='ltr'><strong>immunditiam</strong></span> 
     </span>
    </p>
   </div>
   <div class='ocr_carea' id='block_1_91' title="bbox 448 4369 2012 4446">
    <p class='ocr_par' dir='ltr' id='par_1_91' title="bbox 448 4369 2012 4446">
     <span class='ocr_line' id='line_1_91' title="bbox 448 4369 2012 4446; baseline 0.008 -27"><span class='ocrx_word' id='word_1_657' title='bbox 448 4379 628 4421; x_wconf 82' lang='lat' dir='ltr'><strong>crttnl.</strong></span> <span class='ocrx_word' id='word_1_658' title='bbox 669 4369 870 4423; x_wconf 79' lang='lat' dir='ltr'><strong>Fontes</strong></span> <span class='ocrx_word' id='word_1_659' title='bbox 892 4386 1040 4434; x_wconf 85' lang='lat' dir='ltr'><strong>vero,</strong></span> <span class='ocrx_word' id='word_1_660' title='bbox 1076 4380 1131 4426; x_wconf 92' lang='lat' dir='ltr'><strong>et</strong></span> <span class='ocrx_word' id='word_1_661' title='bbox 1163 4372 1434 4433; x_wconf 64' lang='lat' dir='ltr'><strong>cisternae,</strong></span> <span class='ocrx_word' id='word_1_662' title='bbox 1463 4383 1517 4428; x_wconf 90' lang='lat' dir='ltr'><strong>et</strong></span> <span class='ocrx_word' id='word_1_663' title='bbox 1545 4378 1726 4429; x_wconf 90' lang='lat' dir='ltr'><strong>omnis</strong></span> <span class='ocrx_word' id='word_1_664' title='bbox 1749 4393 2012 4446; x_wconf 90' lang='lat' dir='ltr'><strong>aquarum</strong></span> 
     </span>
    </p>
   </div>
   <div class='ocr_carea' id='block_1_92' title="bbox 447 4461 2014 4530">
    <p class='ocr_par' dir='ltr' id='par_1_92' title="bbox 447 4461 2014 4530">
     <span class='ocr_line' id='line_1_92' title="bbox 447 4461 2014 4530; baseline 0.009 -19"><span class='ocrx_word' id='word_1_665' title='bbox 447 4461 814 4528; x_wconf 80' lang='lat' dir='ltr'><strong>congregatio,</strong></span> <span class='ocrx_word' id='word_1_666' title='bbox 882 4463 1083 4517; x_wconf 87' lang='lat' dir='ltr'><strong>munda</strong></span> <span class='ocrx_word' id='word_1_667' title='bbox 1137 4464 1260 4520; x_wconf 88' lang='lat' dir='ltr'><strong>erit.</strong></span> <span class='ocrx_word' id='word_1_668' title='bbox 1315 4463 1417 4530; x_wconf 85' lang='lat' dir='ltr'><strong>Qui</strong></span> <span class='ocrx_word' id='word_1_669' title='bbox 1479 4466 1768 4521; x_wconf 88' lang='lat' dir='ltr'><strong>morticina</strong></span> <span class='ocrx_word' id='word_1_670' title='bbox 1823 4484 2014 4525; x_wconf 90' lang='lat' dir='ltr'><strong>eorum</strong></span> 
     </span>
    </p>
   </div>
   <div class='ocr_carea' id='block_1_93' title="bbox 451 4553 1062 4623">
    <p class='ocr_par' dir='ltr' id='par_1_93' title="bbox 451 4553 1062 4623">
     <span class='ocr_line' id='line_1_93' title="bbox 451 4553 1062 4623; baseline -0.002 -17"><span class='ocrx_word' id='word_1_671' title='bbox 451 4553 701 4619; x_wconf 76' lang='lat' dir='ltr'><strong>tetigerit,</strong></span> <span class='ocrx_word' id='word_1_672' title='bbox 729 4555 1017 4623; x_wconf 88' lang='lat' dir='ltr'><strong>polluetur.</strong></span> <span class='ocrx_word' id='word_1_673' title='bbox 1045 4574 1062 4605; x_wconf 76' lang='grc' dir='ltr'><strong><em>ι</em></strong></span> 
     </span>
    </p>
   </div>
   <div class='ocr_carea' id='block_1_94' title="bbox 520 4644 2012 4720">
    <p class='ocr_par' dir='ltr' id='par_1_94' title="bbox 520 4644 2012 4720">
     <span class='ocr_line' id='line_1_94' title="bbox 520 4644 2012 4720; baseline 0.008 -25"><span class='ocrx_word' id='word_1_674' title='bbox 520 4644 781 4697; x_wconf 77' lang='lat' dir='ltr'><strong>Extranea</strong></span> <span class='ocrx_word' id='word_1_675' title='bbox 804 4646 1204 4713; x_wconf 88' lang='lat' dir='ltr'><strong>quodammodo</strong></span> <span class='ocrx_word' id='word_1_676' title='bbox 1231 4661 1353 4701; x_wconf 89' lang='lat' dir='ltr'><strong>esse</strong></span> <span class='ocrx_word' id='word_1_677' title='bbox 1389 4664 1473 4711; x_wconf 89' lang='lat' dir='ltr'><strong>ea,</strong></span> <span class='ocrx_word' id='word_1_678' title='bbox 1510 4650 1577 4703; x_wconf 92' lang='lat' dir='ltr'><strong>de</strong></span> <span class='ocrx_word' id='word_1_679' title='bbox 1620 4652 1819 4720; x_wconf 88' lang='lat' dir='ltr'><strong>quibus</strong></span> <span class='ocrx_word' id='word_1_680' title='bbox 1867 4669 2012 4707; x_wconf 90' lang='lat' dir='ltr'><strong>nunc</strong></span> 
     </span>
    </p>
   </div>
   <div class='ocr_carea' id='block_1_95' title="bbox 447 4737 2009 4814">
    <p class='ocr_par' dir='ltr' id='par_1_95' title="bbox 447 4737 2009 4814">
     <span class='ocr_line' id='line_1_95' title="bbox 447 4737 2009 4814; baseline 0.006 -26"><span class='ocrx_word' id='word_1_681' title='bbox 447 4745 641 4790; x_wconf 86' lang='lat' dir='ltr'><strong>tractat</strong></span> <span class='ocrx_word' id='word_1_682' title='bbox 665 4737 956 4806; x_wconf 89' lang='lat' dir='ltr'><strong>legislator,</strong></span> <span class='ocrx_word' id='word_1_683' title='bbox 979 4749 1246 4806; x_wconf 83' lang='lat' dir='ltr'><strong>apparent</strong></span> <span class='ocrx_word' id='word_1_684' title='bbox 1274 4757 1286 4792; x_wconf 92' lang='lat'>:</span> <span class='ocrx_word' id='word_1_685' title='bbox 1336 4741 1492 4809; x_wconf 87' lang='lat' dir='ltr'><strong>cujus</strong></span> <span class='ocrx_word' id='word_1_686' title='bbox 1519 4743 1664 4796; x_wconf 90' lang='lat' dir='ltr'><strong>enim</strong></span> <span class='ocrx_word' id='word_1_687' title='bbox 1705 4745 1779 4797; x_wconf 88' lang='lat' dir='ltr'><strong>rei</strong></span> <span class='ocrx_word' id='word_1_688' title='bbox 1835 4746 2009 4814; x_wconf 83' lang='lat' dir='ltr'><strong>gratia</strong></span> 
     </span>
    </p>
   </div>
   <div class='ocr_carea' id='block_1_96' title="bbox 443 4827 2016 4896">
    <p class='ocr_par' dir='ltr' id='par_1_96' title="bbox 443 4827 2016 4896">
     <span class='ocr_line' id='line_1_96' title="bbox 443 4827 2016 4896; baseline 0.007 -19"><span class='ocrx_word' id='word_1_689' title='bbox 443 4827 688 4881; x_wconf 86' lang='lat' dir='ltr'><strong>clibauos</strong></span> <span class='ocrx_word' id='word_1_690' title='bbox 728 4837 782 4880; x_wconf 81' lang='lat' dir='ltr'><strong>et</strong></span> <span class='ocrx_word' id='word_1_691' title='bbox 810 4828 1170 4896; x_wconf 77' lang='lat' dir='ltr'><strong>chytropodas</strong></span> <span class='ocrx_word' id='word_1_692' title='bbox 1204 4830 1257 4881; x_wconf 91' lang='lat' dir='ltr'><strong>in</strong></span> <span class='ocrx_word' id='word_1_693' title='bbox 1286 4839 1492 4884; x_wconf 91' lang='lat' dir='ltr'><strong>tantum</strong></span> <span class='ocrx_word' id='word_1_694' title='bbox 1524 4833 1598 4885; x_wconf 90' lang='lat' dir='ltr'><strong>ait</strong></span> <span class='ocrx_word' id='word_1_695' title='bbox 1629 4849 1749 4887; x_wconf 89' lang='lat' dir='ltr'><strong>esse</strong></span> <span class='ocrx_word' id='word_1_696' title='bbox 1785 4835 2016 4889; x_wconf 87' lang='lat' dir='ltr'><strong>inuuun-</strong></span> 
     </span>
    </p>
   </div>
   <div class='ocr_carea' id='block_1_97' title="bbox 443 4920 2014 4992">
    <p class='ocr_par' dir='ltr' id='par_1_97' title="bbox 443 4920 2014 4992">
     <span class='ocr_line' id='line_1_97' title="bbox 443 4920 2014 4992; baseline 0.004 -20"><span class='ocrx_word' id='word_1_697' title='bbox 443 4920 542 4972; x_wconf 91' lang='lat' dir='ltr'><strong>dos</strong></span> <span class='ocrx_word' id='word_1_698' title='bbox 594 4929 653 4972; x_wconf 92' lang='lat' dir='ltr'><strong>ut</strong></span> <span class='ocrx_word' id='word_1_699' title='bbox 707 4935 899 4973; x_wconf 88' lang='lat' dir='ltr'><strong>eorum</strong></span> <span class='ocrx_word' id='word_1_700' title='bbox 950 4920 1359 4974; x_wconf 86' lang='lat' dir='ltr'><strong>mundatiouem</strong></span> <span class='ocrx_word' id='word_1_701' title='bbox 1411 4923 1766 4992; x_wconf 63' lang='lat' dir='ltr'><strong>praeciperet;</strong></span> <span class='ocrx_word' id='word_1_702' title='bbox 1836 4924 2014 4978; x_wconf 88' lang='lat' dir='ltr'><strong>fontes</strong></span> 
     </span>
    </p>
   </div>
   <div class='ocr_carea' id='block_1_98' title="bbox 443 5007 2010 5081">
    <p class='ocr_par' dir='ltr' id='par_1_98' title="bbox 443 5007 2010 5081">
     <span class='ocr_line' id='line_1_98' title="bbox 443 5007 2010 5081; baseline 0.006 -23"><span class='ocrx_word' id='word_1_703' title='bbox 443 5021 572 5059; x_wconf 88' lang='lat' dir='ltr'><strong>vero</strong></span> <span class='ocrx_word' id='word_1_704' title='bbox 601 5015 657 5060; x_wconf 89' lang='lat' dir='ltr'><strong>et</strong></span> <span class='ocrx_word' id='word_1_705' title='bbox 686 5007 975 5072; x_wconf 88' lang='lat' dir='ltr'><strong>cisternas,</strong></span> <span class='ocrx_word' id='word_1_706' title='bbox 1003 5007 1243 5076; x_wconf 87' lang='lat' dir='ltr'><strong>aliasque</strong></span> <span class='ocrx_word' id='word_1_707' title='bbox 1284 5011 1732 5080; x_wconf 84' lang='lat' dir='ltr'><strong>congregationes</strong></span> <span class='ocrx_word' id='word_1_708' title='bbox 1751 5029 2010 5081; x_wconf 89' lang='lat' dir='ltr'><strong>aquarum</strong></span> 
     </span>
    </p>
   </div>
   <div class='ocr_carea' id='block_1_99' title="bbox 442 5097 2009 5168">
    <p class='ocr_par' dir='ltr' id='par_1_99' title="bbox 442 5097 2009 5168">
     <span class='ocr_line' id='line_1_99' title="bbox 442 5097 2009 5168; baseline 0.006 -20"><span class='ocrx_word' id='word_1_709' title='bbox 442 5111 561 5148; x_wconf 82' lang='lat' dir='ltr'><strong>esse</strong></span> <span class='ocrx_word' id='word_1_710' title='bbox 600 5098 830 5150; x_wconf 90' lang='lat' dir='ltr'><strong>mundas</strong></span> <span class='ocrx_word' id='word_1_711' title='bbox 878 5097 1133 5165; x_wconf 86' lang='lat' dir='ltr'><strong>scripsit?</strong></span> <span class='ocrx_word' id='word_1_712' title='bbox 1182 5097 1265 5150; x_wconf 82' lang='lat' dir='ltr'><strong>Au</strong></span> <span class='ocrx_word' id='word_1_713' title='bbox 1310 5097 1493 5152; x_wconf 89' lang='lat' dir='ltr'><strong>forsan</strong></span> <span class='ocrx_word' id='word_1_714' title='bbox 1543 5100 1666 5168; x_wconf 89' lang='lat' dir='ltr'><strong>quia</strong></span> <span class='ocrx_word' id='word_1_715' title='bbox 1732 5101 1845 5157; x_wconf 67' lang='lat' dir='ltr'><strong>haec</strong></span> <span class='ocrx_word' id='word_1_716' title='bbox 1901 5119 2009 5157; x_wconf 92' lang='lat' dir='ltr'><strong>non</strong></span> 
     </span>
    </p>
   </div>
   <div class='ocr_carea' id='block_1_100' title="bbox 441 5182 2008 5259">
    <p class='ocr_par' dir='ltr' id='par_1_100' title="bbox 441 5182 2008 5259">
     <span class='ocr_line' id='line_1_100' title="bbox 441 5182 2008 5259; baseline 0.008 -25"><span class='ocrx_word' id='word_1_717' title='bbox 441 5182 620 5234; x_wconf 74' lang='lat' dir='ltr'><strong>Solent</strong></span> <span class='ocrx_word' id='word_1_718' title='bbox 653 5182 863 5249; x_wconf 88' lang='lat' dir='ltr'><strong>pollui?</strong></span> <span class='ocrx_word' id='word_1_719' title='bbox 899 5183 951 5235; x_wconf 91' lang='lat' dir='ltr'><strong>Si</strong></span> <span class='ocrx_word' id='word_1_720' title='bbox 975 5183 1121 5236; x_wconf 91' lang='lat' dir='ltr'><strong>enim</strong></span> <span class='ocrx_word' id='word_1_721' title='bbox 1158 5200 1420 5253; x_wconf 86' lang='lat' dir='ltr'><strong>aquarum</strong></span> <span class='ocrx_word' id='word_1_722' title='bbox 1460 5188 1809 5244; x_wconf 81' lang='lat' dir='ltr'><strong>collectiones</strong></span> <span class='ocrx_word' id='word_1_723' title='bbox 1833 5193 2008 5259; x_wconf 87' lang='lat' dir='ltr'><strong>pollu-</strong></span> 
     </span>
    </p>
   </div>
   <div class='ocr_carea' id='block_1_101' title="bbox 441 5272 2010 5351">
    <p class='ocr_par' dir='ltr' id='par_1_101' title="bbox 441 5272 2010 5351">
     <span class='ocr_line' id='line_1_101' title="bbox 441 5272 2010 5351; baseline 0.008 -25"><span class='ocrx_word' id='word_1_724' title='bbox 441 5272 619 5326; x_wconf 86' lang='lat' dir='ltr'><strong>tiones</strong></span> <span class='ocrx_word' id='word_1_725' title='bbox 669 5283 880 5328; x_wconf 90' lang='lat' dir='ltr'><strong>nostras</strong></span> <span class='ocrx_word' id='word_1_726' title='bbox 923 5275 1156 5340; x_wconf 89' lang='lat' dir='ltr'><strong>diluunt,</strong></span> <span class='ocrx_word' id='word_1_727' title='bbox 1211 5280 1484 5346; x_wconf 89' lang='lat' dir='ltr'><strong>quomodo</strong></span> <span class='ocrx_word' id='word_1_728' title='bbox 1538 5281 1701 5348; x_wconf 80' lang='lat' dir='ltr'><strong>pollui</strong></span> <span class='ocrx_word' id='word_1_729' title='bbox 1746 5287 2010 5351; x_wconf 85' lang='lat' dir='ltr'><strong>possunt?</strong></span> 
     </span>
    </p>
   </div>
   <div class='ocr_carea' id='block_1_102' title="bbox 439 5362 2007 5442">
    <p class='ocr_par' dir='ltr' id='par_1_102' title="bbox 439 5362 2007 5442">
     <span class='ocr_line' id='line_1_102' title="bbox 439 5362 2007 5442; baseline 0.009 -26"><span class='ocrx_word' id='word_1_730' title='bbox 439 5362 673 5418; x_wconf 86' lang='lat' dir='ltr'><strong>Omnino</strong></span> <span class='ocrx_word' id='word_1_731' title='bbox 723 5380 853 5436; x_wconf 86' lang='lat' dir='ltr'><strong>ergo</strong></span> <span class='ocrx_word' id='word_1_732' title='bbox 909 5366 1156 5422; x_wconf 85' lang='lat' dir='ltr'><strong>invenies</strong></span> <span class='ocrx_word' id='word_1_733' title='bbox 1206 5371 1568 5424; x_wconf 72' lang='lat' dir='ltr'><strong>cohaerentem</strong></span> <span class='ocrx_word' id='word_1_734' title='bbox 1626 5372 1760 5442; x_wconf 75' lang='lat' dir='ltr'><strong>legis</strong></span> <span class='ocrx_word' id='word_1_735' title='bbox 1813 5375 2007 5430; x_wconf 59' lang='lat' dir='ltr'><strong>litterae</strong></span> 
     </span>
    </p>
   </div>
   <div class='ocr_carea' id='block_1_103' title="bbox 493 5562 1945 5646">
    <p class='ocr_par' dir='ltr' id='par_1_103' title="bbox 493 5562 1945 5646">
     <span class='ocr_line' id='line_1_103' title="bbox 493 5562 1945 5646; baseline 0.006 -21"><span class='ocrx_word' id='word_1_736' title='bbox 493 5562 537 5591; x_wconf 65' lang='grc' dir='ltr'><strong>³ο</strong></span> <span class='ocrx_word' id='word_1_737' title='bbox 578 5571 798 5636; x_wconf 86' lang='lat' dir='ltr'><strong>ICor.v,</strong></span> <span class='ocrx_word' id='word_1_738' title='bbox 831 5573 943 5628; x_wconf 78' lang='grc'><strong>1-5.</strong></span> <span class='ocrx_word' id='word_1_739' title='bbox 1007 5576 1047 5605; x_wconf 83' lang='grc'><strong>³⁸</strong></span> <span class='ocrx_word' id='word_1_740' title='bbox 1088 5575 1216 5629; x_wconf 82' lang='lat' dir='ltr'><strong>ibid.</strong></span> <span class='ocrx_word' id='word_1_741' title='bbox 1254 5577 1408 5630; x_wconf 68' lang='lat'><strong>9-12.</strong></span> <span class='ocrx_word' id='word_1_742' title='bbox 1487 5580 1528 5608; x_wconf 78' lang='lat'><strong>&quot;</strong></span> <span class='ocrx_word' id='word_1_743' title='bbox 1566 5578 1830 5646; x_wconf 73' lang='lat' dir='ltr'><strong>I‘sal.t.tx,</strong></span> <span class='ocrx_word' id='word_1_744' title='bbox 1864 5581 1945 5634; x_wconf 81' lang='grc'><strong>10.</strong></span> 
     </span>
    </p>
   </div>
   <div class='ocr_carea' id='block_1_104' title="bbox 2026 5581 2461 5646">
    <p class='ocr_par' dir='ltr' id='par_1_104' title="bbox 2026 5581 2461 5646">
     <span class='ocr_line' id='line_1_104' title="bbox 2026 5581 2461 5646; baseline -0.005 -12"><span class='ocrx_word' id='word_1_745' title='bbox 2026 5582 2069 5611; x_wconf 77' lang='grc'><strong>⁸³</strong></span> <span class='ocrx_word' id='word_1_746' title='bbox 2099 5581 2295 5634; x_wconf 53' lang='grc' dir='ltr'><strong>Ειρινιι.</strong></span> <span class='ocrx_word' id='word_1_747' title='bbox 2320 5581 2461 5646; x_wconf 70' lang='lat' dir='ltr'><strong>xt,7.</strong></span> 
     </span>
    </p>
   </div>
   <div class='ocr_carea' id='block_1_105' title="bbox 2123 4373 3692 4446">
    <p class='ocr_par' dir='ltr' id='par_1_105' title="bbox 2123 4373 3692 4446">
     <span class='ocr_line' id='line_1_105' title="bbox 2123 4373 3692 4446; baseline 0.006 -22"><span class='ocrx_word' id='word_1_748' title='bbox 2123 4373 2317 4425; x_wconf 76' lang='lat' dir='ltr'><strong>animte</strong></span> <span class='ocrx_word' id='word_1_749' title='bbox 2379 4375 2768 4428; x_wconf 87' lang='lat' dir='ltr'><strong>morticinorum</strong></span> <span class='ocrx_word' id='word_1_750' title='bbox 2810 4377 3043 4446; x_wconf 86' lang='lat' dir='ltr'><strong>ipsorum</strong></span> <span class='ocrx_word' id='word_1_751' title='bbox 3075 4417 3092 4443; x_wconf 91' lang='lat'><strong>,</strong></span> <span class='ocrx_word' id='word_1_752' title='bbox 3124 4378 3422 4432; x_wconf 78' lang='lat' dir='ltr'><strong>immundus</strong></span> <span class='ocrx_word' id='word_1_753' title='bbox 3468 4381 3588 4434; x_wconf 86' lang='lat' dir='ltr'><strong>erit.</strong></span> <span class='ocrx_word' id='word_1_754' title='bbox 3628 4381 3692 4434; x_wconf 83' lang='lat' dir='ltr'><strong>Et</strong></span> 
     </span>
    </p>
   </div>
   <div class='ocr_carea' id='block_1_106' title="bbox 2118 4464 3690 4541">
    <p class='ocr_par' dir='ltr' id='par_1_106' title="bbox 2118 4464 3690 4541">
     <span class='ocr_line' id='line_1_106' title="bbox 2118 4464 3690 4541; baseline 0.006 -24"><span class='ocrx_word' id='word_1_755' title='bbox 2118 4464 2357 4517; x_wconf 88' lang='lat' dir='ltr'><strong>animam</strong></span> <span class='ocrx_word' id='word_1_756' title='bbox 2403 4464 2749 4528; x_wconf 87' lang='lat' dir='ltr'><strong>addiderunt,</strong></span> <span class='ocrx_word' id='word_1_757' title='bbox 2786 4483 2856 4521; x_wconf 80' lang='lat' dir='ltr'><strong>ne</strong></span> <span class='ocrx_word' id='word_1_758' title='bbox 2885 4467 3024 4522; x_wconf 88' lang='lat' dir='ltr'><strong>forte</strong></span> <span class='ocrx_word' id='word_1_759' title='bbox 3047 4469 3250 4538; x_wconf 91' lang='lat' dir='ltr'><strong>putetis</strong></span> <span class='ocrx_word' id='word_1_760' title='bbox 3277 4470 3344 4525; x_wconf 91' lang='lat' dir='ltr'><strong>de</strong></span> <span class='ocrx_word' id='word_1_761' title='bbox 3374 4471 3690 4541; x_wconf 85' lang='lat' dir='ltr'><strong>repentibus</strong></span> 
     </span>
    </p>
   </div>
   <div class='ocr_carea' id='block_1_107' title="bbox 2121 4555 3685 4635">
    <p class='ocr_par' dir='ltr' id='par_1_107' title="bbox 2121 4555 3685 4635">
     <span class='ocr_line' id='line_1_107' title="bbox 2121 4555 3685 4635; baseline 0.008 -27"><span class='ocrx_word' id='word_1_762' title='bbox 2121 4555 2469 4612; x_wconf 87' lang='lat' dir='ltr'><strong>scnsibilibus</strong></span> <span class='ocrx_word' id='word_1_763' title='bbox 2489 4567 2581 4612; x_wconf 90' lang='lat' dir='ltr'><strong>aut</strong></span> <span class='ocrx_word' id='word_1_764' title='bbox 2610 4558 2798 4615; x_wconf 87' lang='lat' dir='ltr'><strong>bestiis</strong></span> <span class='ocrx_word' id='word_1_765' title='bbox 2831 4560 2938 4615; x_wconf 92' lang='lat' dir='ltr'><strong>dici</strong></span> <span class='ocrx_word' id='word_1_766' title='bbox 2980 4579 2993 4614; x_wconf 91' lang='lat'><strong>:</strong></span> <span class='ocrx_word' id='word_1_767' title='bbox 3027 4577 3152 4616; x_wconf 89' lang='lat' dir='ltr'><strong>nam</strong></span> <span class='ocrx_word' id='word_1_768' title='bbox 3186 4577 3374 4618; x_wconf 91' lang='lat' dir='ltr'><strong>eorum</strong></span> <span class='ocrx_word' id='word_1_769' title='bbox 3399 4565 3491 4634; x_wconf 91' lang='lat' dir='ltr'><strong>qui</strong></span> <span class='ocrx_word' id='word_1_770' title='bbox 3522 4568 3685 4635; x_wconf 74' lang='lat' dir='ltr'><strong>tangit</strong></span> 
     </span>
    </p>
   </div>
   <div class='ocr_carea' id='block_1_108' title="bbox 2122 4649 3686 4726">
    <p class='ocr_par' dir='ltr' id='par_1_108' title="bbox 2122 4649 3686 4726">
     <span class='ocr_line' id='line_1_108' title="bbox 2122 4649 3686 4726; baseline 0.004 -26"><span class='ocrx_word' id='word_1_771' title='bbox 2122 4649 2427 4712; x_wconf 90' lang='lat' dir='ltr'><strong>morticina,</strong></span> <span class='ocrx_word' id='word_1_772' title='bbox 2469 4665 2577 4704; x_wconf 91' lang='lat' dir='ltr'><strong>non</strong></span> <span class='ocrx_word' id='word_1_773' title='bbox 2637 4653 2852 4716; x_wconf 62' lang='lat' dir='ltr'><strong>animae.</strong></span> <span class='ocrx_word' id='word_1_774' title='bbox 2876 4655 2970 4710; x_wconf 91' lang='lat' dir='ltr'><strong>sed</strong></span> <span class='ocrx_word' id='word_1_775' title='bbox 3002 4655 3246 4726; x_wconf 90' lang='lat' dir='ltr'><strong>corporis</strong></span> <span class='ocrx_word' id='word_1_776' title='bbox 3289 4656 3686 4711; x_wconf 85' lang='lat' dir='ltr'><strong>immunditiam</strong></span> 
     </span>
    </p>
   </div>
   <div class='ocr_carea' id='block_1_109' title="bbox 2123 4737 3688 4814">
    <p class='ocr_par' dir='ltr' id='par_1_109' title="bbox 2123 4737 3688 4814">
     <span class='ocr_line' id='line_1_109' title="bbox 2123 4737 3688 4814; baseline 0.002 -24"><span class='ocrx_word' id='word_1_777' title='bbox 2123 4737 2314 4807; x_wconf 85' lang='lat' dir='ltr'><strong>tangit.</strong></span> <span class='ocrx_word' id='word_1_778' title='bbox 2369 4738 2512 4808; x_wconf 87' lang='lat' dir='ltr'><strong>Ergo</strong></span> <span class='ocrx_word' id='word_1_779' title='bbox 2563 4739 2631 4794; x_wconf 91' lang='lat' dir='ltr'><strong>de</strong></span> <span class='ocrx_word' id='word_1_780' title='bbox 2671 4741 2983 4798; x_wconf 90' lang='lat' dir='ltr'><strong>doctoribus</strong></span> <span class='ocrx_word' id='word_1_781' title='bbox 3015 4744 3422 4814; x_wconf 79' lang='lat' dir='ltr'><strong>intelligendum</strong></span> <span class='ocrx_word' id='word_1_782' title='bbox 3466 4741 3688 4810; x_wconf 88' lang='lat' dir='ltr'><strong>est,qui</strong></span> 
     </span>
    </p>
   </div>
   <div class='ocr_carea' id='block_1_110' title="bbox 2119 4831 3683 4908">
    <p class='ocr_par' dir='ltr' id='par_1_110' title="bbox 2119 4831 3683 4908">
     <span class='ocr_line' id='line_1_110' title="bbox 2119 4831 3683 4908; baseline 0.003 -25"><span class='ocrx_word' id='word_1_783' title='bbox 2119 4831 2381 4886; x_wconf 89' lang='lat' dir='ltr'><strong>immundi</strong></span> <span class='ocrx_word' id='word_1_784' title='bbox 2431 4835 2556 4888; x_wconf 88' lang='lat' dir='ltr'><strong>facti</strong></span> <span class='ocrx_word' id='word_1_785' title='bbox 2616 4848 2745 4890; x_wconf 88' lang='lat' dir='ltr'><strong>sunt</strong></span> <span class='ocrx_word' id='word_1_786' title='bbox 2814 4836 3090 4892; x_wconf 88' lang='lat' dir='ltr'><strong>immunda</strong></span> <span class='ocrx_word' id='word_1_787' title='bbox 3146 4839 3379 4908; x_wconf 87' lang='lat' dir='ltr'><strong>quadam</strong></span> <span class='ocrx_word' id='word_1_788' title='bbox 3442 4847 3498 4890; x_wconf 88' lang='lat' dir='ltr'><strong>et</strong></span> <span class='ocrx_word' id='word_1_789' title='bbox 3545 4836 3683 4888; x_wconf 86' lang='lat' dir='ltr'><strong>mala</strong></span> 
     </span>
    </p>
   </div>
   <div class='ocr_carea' id='block_1_111' title="bbox 2081 4922 3684 4997">
    <p class='ocr_par' dir='ltr' id='par_1_111' title="bbox 2081 4922 3684 4997">
     <span class='ocr_line' id='line_1_111' title="bbox 2081 4922 3684 4997; baseline 0.004 -24"><span class='ocrx_word' id='word_1_790' title='bbox 2081 4922 2348 4976; x_wconf 84' lang='lat' dir='ltr'><strong>actione.</strong></span> <span class='ocrx_word' id='word_1_791' title='bbox 2412 4925 2616 4980; x_wconf 85' lang='lat' dir='ltr'><strong>Horum</strong></span> <span class='ocrx_word' id='word_1_792' title='bbox 2675 4929 2818 4982; x_wconf 87' lang='lat' dir='ltr'><strong>enim</strong></span> <span class='ocrx_word' id='word_1_793' title='bbox 2872 4929 3154 4996; x_wconf 89' lang='lat' dir='ltr'><strong>doctrinis,</strong></span> <span class='ocrx_word' id='word_1_794' title='bbox 3213 4926 3430 4997; x_wconf 88' lang='lat' dir='ltr'><strong>quando</strong></span> <span class='ocrx_word' id='word_1_795' title='bbox 3482 4927 3684 4980; x_wconf 88' lang='lat' dir='ltr'><strong>fuerint</strong></span> 
     </span>
    </p>
   </div>
   <div class='ocr_carea' id='block_1_112' title="bbox 2115 5013 3682 5087">
    <p class='ocr_par' dir='ltr' id='par_1_112' title="bbox 2115 5013 3682 5087">
     <span class='ocr_line' id='line_1_112' title="bbox 2115 5013 3682 5087; baseline 0.004 -24"><span class='ocrx_word' id='word_1_796' title='bbox 2115 5013 2412 5064; x_wconf 87' lang='lat' dir='ltr'><strong>secundum</strong></span> <span class='ocrx_word' id='word_1_797' title='bbox 2455 5015 2626 5085; x_wconf 83' lang='lat' dir='ltr'><strong>legem</strong></span> <span class='ocrx_word' id='word_1_798' title='bbox 2678 5017 2795 5080; x_wconf 90' lang='lat' dir='ltr'><strong>Dei,</strong></span> <span class='ocrx_word' id='word_1_799' title='bbox 2837 5019 3147 5082; x_wconf 88' lang='lat' dir='ltr'><strong>intendere,</strong></span> <span class='ocrx_word' id='word_1_800' title='bbox 3198 5017 3456 5087; x_wconf 85' lang='lat' dir='ltr'><strong>operibus</strong></span> <span class='ocrx_word' id='word_1_801' title='bbox 3496 5032 3682 5072; x_wconf 87' lang='lat' dir='ltr'><strong>eorum</strong></span> 
     </span>
    </p>
   </div>
   <div class='ocr_carea' id='block_1_113' title="bbox 2114 5105 3678 5171">
    <p class='ocr_par' dir='ltr' id='par_1_113' title="bbox 2114 5105 3678 5171">
     <span class='ocr_line' id='line_1_113' title="bbox 2114 5105 3678 5171; baseline 0.004 -18"><span class='ocrx_word' id='word_1_802' title='bbox 2114 5111 2296 5155; x_wconf 88' lang='lat' dir='ltr'><strong>autem</strong></span> <span class='ocrx_word' id='word_1_803' title='bbox 2326 5105 2473 5157; x_wconf 91' lang='lat' dir='ltr'><strong>nullo</strong></span> <span class='ocrx_word' id='word_1_804' title='bbox 2509 5108 2668 5160; x_wconf 88' lang='lat' dir='ltr'><strong>tnodo</strong></span> <span class='ocrx_word' id='word_1_805' title='bbox 2697 5109 3117 5171; x_wconf 87' lang='lat' dir='ltr'><strong>communicare,</strong></span> <span class='ocrx_word' id='word_1_806' title='bbox 3164 5123 3267 5162; x_wconf 88' lang='lat' dir='ltr'><strong>nec</strong></span> <span class='ocrx_word' id='word_1_807' title='bbox 3315 5116 3546 5162; x_wconf 84' lang='lat' dir='ltr'><strong>tractare</strong></span> <span class='ocrx_word' id='word_1_808' title='bbox 3594 5124 3678 5167; x_wconf 83' lang='lat' dir='ltr'><strong>ca,</strong></span> 
     </span>
    </p>
   </div>
   <div class='ocr_carea' id='block_1_114' title="bbox 2117 5193 3681 5267">
    <p class='ocr_par' dir='ltr' id='par_1_114' title="bbox 2117 5193 3681 5267">
     <span class='ocr_line' id='line_1_114' title="bbox 2117 5193 3681 5267; baseline 0.003 -20"><span class='ocrx_word' id='word_1_809' title='bbox 2117 5193 2199 5248; x_wconf 73' lang='lat' dir='ltr'><strong>Vel</strong></span> <span class='ocrx_word' id='word_1_810' title='bbox 2249 5194 2472 5249; x_wconf 88' lang='lat' dir='ltr'><strong>omnino</strong></span> <span class='ocrx_word' id='word_1_811' title='bbox 2536 5198 2849 5267; x_wconf 85' lang='lat' dir='ltr'><strong>contingere</strong></span> <span class='ocrx_word' id='word_1_812' title='bbox 2905 5199 3202 5264; x_wconf 86' lang='lat' dir='ltr'><strong>debemus,</strong></span> <span class='ocrx_word' id='word_1_813' title='bbox 3272 5197 3681 5253; x_wconf 79' lang='lat' dir='ltr'><strong>reminiscentes</strong></span> 
     </span>
    </p>
   </div>
   <div class='ocr_carea' id='block_1_115' title="bbox 2118 5285 3676 5360">
    <p class='ocr_par' dir='ltr' id='par_1_115' title="bbox 2118 5285 3676 5360">
     <span class='ocr_line' id='line_1_115' title="bbox 2118 5285 3676 5360; baseline 0.004 -22"><span class='ocrx_word' id='word_1_814' title='bbox 2118 5285 2406 5339; x_wconf 85' lang='lat' dir='ltr'><strong>verborum</strong></span> <span class='ocrx_word' id='word_1_815' title='bbox 2437 5287 2552 5349; x_wconf 89' lang='lat' dir='ltr'><strong>Dei,</strong></span> <span class='ocrx_word' id='word_1_816' title='bbox 2587 5304 2706 5356; x_wconf 74' lang='lat' dir='ltr'><strong>qua:</strong></span> <span class='ocrx_word' id='word_1_817' title='bbox 2736 5288 2801 5342; x_wconf 87' lang='lat' dir='ltr'><strong>ad</strong></span> <span class='ocrx_word' id='word_1_818' title='bbox 2829 5290 3298 5346; x_wconf 88' lang='lat' dir='ltr'><strong>conﬁrmationem</strong></span> <span class='ocrx_word' id='word_1_819' title='bbox 3327 5290 3676 5360; x_wconf 60' lang='lat' dir='ltr'><strong>praesentium</strong></span> 
     </span>
    </p>
   </div>
   <div class='ocr_carea' id='block_1_116' title="bbox 2115 5381 3679 5452">
    <p class='ocr_par' dir='ltr' id='par_1_116' title="bbox 2115 5381 3679 5452">
     <span class='ocr_line' id='line_1_116' title="bbox 2115 5381 3679 5452; baseline -0.001 -17"><span class='ocrx_word' id='word_1_820' title='bbox 2115 5381 2248 5435; x_wconf 78' lang='lat' dir='ltr'><strong>dixit</strong></span> <span class='ocrx_word' id='word_1_821' title='bbox 2275 5383 2338 5436; x_wconf 90' lang='lat' dir='ltr'><strong>ad</strong></span> <span class='ocrx_word' id='word_1_822' title='bbox 2367 5382 2646 5452; x_wconf 80' lang='lat' dir='ltr'><strong>populant,</strong></span> <span class='ocrx_word' id='word_1_823' title='bbox 2680 5382 2792 5436; x_wconf 87' lang='lat' dir='ltr'><strong>sive</strong></span> <span class='ocrx_word' id='word_1_824' title='bbox 2823 5382 3149 5452; x_wconf 87' lang='lat' dir='ltr'><strong>discipulos:</strong></span> <span class='ocrx_word' id='word_1_825' title='bbox 3184 5382 3352 5452; x_wconf 85' lang='lat' dir='ltr'><strong>Super</strong></span> <span class='ocrx_word' id='word_1_826' title='bbox 3379 5381 3679 5436; x_wconf 73' lang='lat' dir='ltr'><strong>cathedram</strong></span> 
     </span>
    </p>
   </div>
   <div class='ocr_carea' id='block_1_117' title="bbox 2540 5577 3568 5645">
    <p class='ocr_par' dir='ltr' id='par_1_117' title="bbox 2540 5577 3568 5645">
     <span class='ocr_line' id='line_1_117' title="bbox 2540 5577 3568 5645; baseline -0.001 -14"><span class='ocrx_word' id='word_1_827' title='bbox 2540 5577 2836 5645; x_wconf 69' lang='grc' dir='ltr'><strong>σιηυιιωι,</strong></span> <span class='ocrx_word' id='word_1_828' title='bbox 2865 5581 2955 5634; x_wconf 71' lang='lat' dir='ltr'><strong>at.</strong></span> <span class='ocrx_word' id='word_1_829' title='bbox 3035 5578 3568 5645; x_wconf 66' lang='grc' dir='ltr'><strong>³³.)υιιη.1ν,15,ι«ι.</strong></span> 
     </span>
    </p>
   </div>
  </div>
