4076 6188
401 220 510 288 919

1599 229 1960 288 HESYCHII
2006 230 2478 296 PRESBYTERI

3554 243 3659 306 920

402 334 567 407 Moysi
598 333 845 391 sederunt
880 335 1077 390 Scriba
1093 343 1140 388 et
1175 333 1451 389 Pltariswi.
1496 336 1688 390 Omnia
1738 355 1985 407 qmecun-
2016 346 2055 399 Δ
2089 343 2341 409 medelis,
2372 346 2499 415 quia
2529 347 2893 404 abominabile
2926 358 3035 403 est.
3067 348 3247 405 Nolite
3287 353 3662 410 contaminare

402 444 503 498 que
535 427 715 483 dicunt
744 429 904 494 vobis.
939 428 1099 496 facile
1121 438 1169 482 et
1190 430 1442 485 custodite
1459 447 1477 495 ;
1496 439 1778 487 secundum
1806 446 1981 489 autent

403 535 563 590 opera
595 536 775 575 eorum
798 520 957 574 nolite
978 521 1152 590 facere
1166 521 1211 553 ⁵⁸
1232 562 1244 575 .

477 607 637 664 Vens.
656 610 748 673 57,
774 610 862 664 58.
898 629 915 661 ι
953 609 1009 663 Si
1041 610 1294 665 ceciderit
1323 626 1491 683 super
1522 626 1844 677 sementem.
1871 633 1980 671 non

402 700 598 770 polluit
628 715 769 754 eam.
826 698 920 755 Sin
952 708 1135 756 autem
1174 703 1443 775 quispiam
1486 721 1625 775 aqua
1681 720 1979 764 sementem

404 791 705 860 perfuderit
725 801 781 846 et
820 801 1008 861 postea
1059 794 1363 851 morticinis
1392 805 1530 852 tacta
1583 797 1769 866 fuerit,
1835 801 1980 855 illico

405 882 694 950 polluetur.
735 900 758 934 ι

473 971 617 1027 Nihil
646 973 1012 1033 indiscussum
1048 977 1301 1048 relinquit
1339 980 1632 1051 legislator.
1664 984 1760 1038 sed
1795 987 1977 1041 omnia

363 1131 377 1152 .
404 1065 459 1119 in
497 1066 851 1136 subsequenti
877 1069 1120 1136 discutit,
1155 1073 1544 1141 perfectionem
1591 1076 1727 1145 legis
1761 1079 1978 1147 spirita-

404 1159 507 1214 lem
538 1159 769 1229 probare
807 1162 1144 1227 desiderans,
1195 1166 1296 1220 etsi
1341 1166 1655 1237 imperfecta
1686 1170 1770 1229 eis
1828 1173 1974 1227 vide-

404 1251 562 1306 batur
589 1254 813 1322 quando
839 1253 1008 1307 solatu
1037 1255 1389 1310 intuebantur
1425 1258 1685 1312 litteram.
1713 1260 1978 1316 Ditferen-

374 1344 535 1397 tiam
597 1344 760 1415 igitur
799 1346 886 1399 hic
942 1346 1264 1407 inﬁdelium,
1296 1350 1387 1417 qui
1433 1352 1665 1404 necdum
1722 1352 1975 1423 baptizati

403 1445 531 1490 sunt
556 1438 798 1505 exponit,
834 1446 893 1491 et
916 1453 1104 1492 semen
1156 1450 1416 1509 utrosque
1467 1445 1724 1512 appellat,
1788 1456 1977 1514 utpote

402 1528 493 1595 qui
546 1540 904 1597 susceperunt
960 1530 1109 1599 regni
1144 1532 1608 1601 praedicationem.
1654 1534 1725 1589 De
1781 1539 1977 1607 quibus

406 1616 667 1674 Dominus
714 1621 1024 1689 parabolam
1067 1623 1290 1679 seminis
1336 1640 1667 1694 proponens.
1725 1628 1972 1684 diccbat:

401 1709 606 1765 Bonum
629 1728 825 1778 semen,
853 1714 952 1782 lilii
990 1724 1111 1768 sunt
1150 1717 1321 1786 regni,
1348 1719 1439 1770 sed
1469 1735 1643 1772 semen
1678 1722 1815 1789 quod
1855 1739 1978 1776 ner-

402 1802 528 1856 dum
562 1804 880 1858 seminatum
911 1817 983 1860 est
998 1806 1072 1872 ⁸⁷,
1110 1808 1256 1862 unde
1274 1806 1627 1880 Septuaginta
1659 1811 1968 1868 ediderunt:

402 1892 590 1947 Semen
618 1897 849 1951 sativum
882 1898 1021 1968 quod
1064 1900 1436 1967 seminabilur,
1471 1904 1525 1956 id
1547 1913 1646 1970 est,
1686 1907 1822 1975 quod
1855 1923 1971 1959 nec-

403 1986 525 2037 dum
553 1986 872 2040 seminatum
906 1997 1002 2054 est,
1060 1990 1442 2046 seminandum
1482 2004 1664 2048 autem
1719 2007 1821 2061 est,
1856 1997 1979 2051 illos

400 2074 495 2143 qui
529 2077 761 2131 necdum
796 2077 1052 2148 baptizati
1084 2090 1230 2147 sunt,
1269 2082 1580 2153 baptizandi
1607 2098 1786 2142 autem
1823 2100 1971 2151 sunt,

401 2177 548 2223 recte
587 2170 899 2238 appellavit,
947 2188 1110 2240 super
1157 2175 1256 2229 hos
1303 2176 1349 2229 si
1402 2177 1532 2246 quid
1589 2180 1970 2247 praedictorum

400 2261 813 2317 ntorticinorum
848 2265 1026 2330 cadat,
1070 2267 1192 2336 quia
1250 2269 1483 2323 necdum
1512 2272 1777 2326 cautelam
1830 2290 1973 2343 mys-

402 2353 660 2408 teriorum
689 2366 1040 2426 acceperunt,
1077 2372 1180 2412 nec
1211 2358 1474 2430 integram
1508 2359 1601 2415 Dei
1637 2363 1967 2433 agnitionem

398 2447 873 2514 conquisiverunt,
910 2450 1174 2519 qtneillos
1210 2453 1379 2515 possit
1408 2468 1686 2509 removere
1716 2470 1744 2507 a
1779 2470 1970 2525 super-

397 2533 749 2591 venientibus
800 2552 865 2593 ex
922 2540 1249 2611 negligentia
1303 2544 1560 2611 peccatis,
1611 2546 1799 2600 mundi
1847 2563 1970 2602 esse

397 2627 675 2692 dicuntur,
713 2638 937 2698 propter
987 2632 1303 2700 prtedictam
1341 2649 1561 2688 causam
1597 2636 1750 2689 venia
1801 2637 1967 2708 digni.

397 2715 572 2785 Super
598 2732 736 2786 quos
763 2733 891 2773 vero
945 2719 1066 2774 fusa
1116 2722 1279 2776 fuerit
1334 2738 1493 2791 aqua,
1528 2725 1782 2791 videlicet
1839 2727 1972 2797 bap-

378 2807 651 2876 tismatis,
685 2810 741 2865 hi
776 2813 1090 2867 necessario
1127 2814 1390 2868 immundi
1426 2814 1584 2881 tinxit,
1618 2817 1661 2870 si
1710 2833 1875 2872 unum
1906 2836 1972 2873 ex

396 2900 503 2966 bis,
531 2917 651 2972 quae
682 2903 968 2959 morticina
993 2916 1140 2967 sunt,
1171 2922 1337 2977 super
1355 2922 1451 2962 eos
1484 2907 1767 2963 inciderit:
1804 2925 1969 2980 opor-

2085 433 2293 489 animas
2347 446 2583 504 vestras,
2642 454 2743 494 nec
2775 440 3006 512 tangatis
3036 441 3330 512 quidquam
3372 457 3562 497 eorum
3588 459 3665 500 ne

2085 524 2348 582 immundi
2375 528 2514 583 sitis.
2553 547 2571 580 ι

2151 615 2271 672 Jam
2311 629 2366 674 et
2398 620 2511 675 hate
2556 621 2811 691 superius
2863 620 3134 693 legislator
3176 623 3449 693 exposuit.
3503 622 3659 682 Nunc

2082 717 2260 763 autem
2296 710 2422 766 ideo
2471 713 2690 782 repetit,
2737 723 2795 767 ut
2848 712 3120 784 frequenti
3179 715 3534 770 meditatione
3589 718 3659 773 ad

2082 803 2499 859 custodiendam
2532 806 2704 877 legem
2735 817 2955 863 moveat
2999 808 3332 863 auditorem.
3380 808 3656 876 Quamob-

2083 907 2195 946 rem
2228 902 2282 947 et
2302 909 2331 948 a
2360 894 2519 951 nobis
2550 897 2955 967 recapitulanda
2987 910 3134 965 sunt,
3162 900 3289 969 quia
3315 909 3370 954 et
3401 901 3656 970 quiddam

2081 985 2207 1039 novi
2240 985 2451 1041 addidit
2505 988 2761 1057 praesenti
2806 987 3095 1054 sanctioni,
3161 992 3525 1046 necessariam
3577 993 3657 1050 eis

2080 1078 2345 1146 adjiciens
2372 1078 2642 1133 actionem
2673 1079 3059 1135 meditationis.
3089 1079 3223 1146 Quae
3268 1091 3484 1152 reptant
3528 1100 3660 1157 ergo

2081 1184 2246 1238 super
2278 1177 2499 1233 terram,
2534 1169 2588 1223 hi
2641 1178 2770 1223 sunt
2798 1169 2888 1238 qui
2932 1179 3142 1224 terrena
3174 1171 3431 1241 sapiunt:
3478 1182 3533 1229 et
3563 1176 3658 1244 qui

2081 1259 2366 1315 lutulentis
2401 1270 2704 1330 pascuntur
2733 1262 3061 1325 actionibus,
3113 1279 3280 1333 super
3307 1276 3518 1334 peetus,
3542 1269 3658 1323 sive

2081 1365 2245 1419 snper
2289 1359 2534 1404 ventrem
2582 1350 2833 1406 similiter
2884 1353 3229 1423 gradiuntur,
3264 1357 3658 1429 gastrimargiae

2080 1456 2302 1511 operam
2345 1442 2559 1497 dantes.
2615 1441 2672 1495 ln
2709 1452 2944 1513 quatuor
2992 1447 3314 1515 gradiuntur
3351 1464 3517 1520 super
3548 1460 3657 1507 ter-

2079 1549 2234 1597 ram,
2288 1533 2381 1602 qui
2432 1533 2817 1604 praedicatione
2864 1535 3297 1605 evangelicorum
3343 1538 3604 1593 librorum
3636 1584 3655 1606 ,

2081 1640 2178 1692 pro
2212 1638 2278 1677 eo
2308 1623 2451 1693 quod
2492 1622 2639 1677 salus
2679 1623 2731 1676 in
2766 1622 2846 1676 eis
2894 1631 3248 1691 peccatorum
3309 1626 3649 1694 praedicatur,

2079 1717 2380 1772 abutuntur
2416 1715 2469 1768 in
2500 1714 2838 1768 luxuriosam
2885 1713 3080 1767 vitam:
3108 1729 3216 1767 non
3266 1714 3652 1786 intelligentes,

2075 1809 2201 1878 quia
2228 1815 2568 1878 peccatores,
2600 1821 2707 1860 non
2742 1813 2800 1858 ut
2824 1814 3081 1859 maneant
3112 1816 3446 1874 peceatores,
3478 1808 3571 1862 sed
3598 1819 3655 1863 ut

2075 1908 2291 1956 Ct‘SStml.
2324 1916 2354 1953 a
2385 1898 2645 1970 peccatis,
2678 1907 2930 1966 provocat
2956 1898 3295 1967 prtedicatio.
3326 1899 3433 1954 Sed
3459 1899 3538 1954 eis
3561 1901 3660 1970 qui

2077 1993 2130 2045 in
2157 2000 2391 2061 quatuor
2442 1989 2742 2054 ambulant,
2805 1987 3034 2051 addidit,
3097 1998 3152 2043 et
3194 1990 3393 2044 multos
3446 1990 3657 2045 habent

2075 2084 2264 2153 pedes,
2295 2082 2612 2143 ostendens,
2640 2081 2766 2150 quia
2799 2081 2927 2135 licet
2957 2081 3002 2136 si
3039 2096 3146 2135 non
3172 2080 3341 2135 solum
3370 2097 3436 2135 ex
3478 2096 3649 2136 etan-

2076 2175 2267 2246 gelicis
2289 2174 2463 2238 libris,
2497 2175 2590 2228 sed
2624 2188 2693 2227 ex
2715 2172 2834 2227 aliis
2852 2171 3172 2242 Scripturis,
3200 2180 3359 2241 atque
3379 2186 3445 2226 ex
3472 2171 3649 2236 varia,

2075 2270 2218 2322 sicut
2249 2266 2381 2337 ipsis
2393 2265 2631 2331 videtur,
2662 2264 2910 2321 doctrina
2933 2264 3038 2319 hoc
3061 2263 3383 2318 conﬁrmare
3396 2264 3654 2333 cupiunt,

2074 2366 2236 2412 erunt
2263 2366 2317 2411 et
2347 2356 2429 2415 sic
2460 2355 2750 2410 immundi.
2774 2353 2840 2410 Et
2873 2364 2930 2409 ut
2960 2354 3199 2409 breviter
3228 2354 3463 2419 dicatur,
3487 2371 3655 2408 omne

2073 2450 2215 2519 quod
2284 2457 2463 2519 reptat
2518 2463 2683 2517 super
2738 2458 2960 2511 terram,
3012 2445 3063 2502 id
3132 2455 3237 2511 est,
3285 2446 3375 2515 qui
3438 2454 3654 2500 terrena

2075 2542 2315 2610 sapiunt,
2350 2540 2625 2596 declinare
2649 2555 2752 2594 nos
2787 2548 3001 2609 Oportet
3047 2548 3103 2593 et
3149 2538 3431 2609 refugere,
3470 2538 3652 2590 scien-

2075 2645 2175 2696 tes,
2212 2633 2338 2702 quia
2369 2646 2558 2686 eorum
2600 2628 3024 2687 communicatio
3064 2623 3277 2700 polluit,
3310 2638 3367 2682 et
3402 2627 3650 2682 similiter

2074 2725 2392 2780 inuuundus
2410 2732 2492 2778 est
2519 2738 2708 2795 agens,
2745 2722 3036 2793 agentique
3078 2734 3437 2775 concurrens.
3478 2795 3482 2803 ι

2147 2816 2306 2872 Vens.
2338 2816 2427 2879 Η,
2463 2816 2553 2870 45.
2591 2833 2609 2866 ι
2637 2815 2749 2886 Ego
2772 2810 3333 2891 cnimsumDominus
3362 2809 3505 2863 Deus
3552 2821 3652 2861 vc-

2073 2920 2206 2965 ster.
2236 2908 2423 2965 Sancti
2461 2916 2655 2971 estote,
2697 2906 2953 2976 quoniam
2986 2914 3040 2959 et
3094 2919 3196 2974 ego
3235 2912 3458 2957 sanctus
3506 2916 3653 2955 sum.

398 2999 578 3045 tuerat
607 2992 809 3063 quippe
841 2995 977 3050 tanti
1004 2996 1452 3067 participatione,
1493 2998 1635 3053 dona
1666 2999 1732 3054 ad
1780 3015 1968 3055 eorum
1999 3008 2042 3065 ο
2073 3002 2150 3056 Ne
2181 3002 2434 3071 polluatis
2467 3000 2679 3055 anitnas
2730 3005 2940 3054 vestras
2979 2996 3204 3052 inomni
3259 2994 3460 3064 reptili,
3507 2994 3652 3061 quod

395 3084 675 3151 pertinere
703 3086 1028 3142 custodiam.
1087 3086 1279 3142 Terret
1336 3089 1695 3160 igitur-Deus
1742 3092 1967 3161 spiritus

394 3186 493 3226 eos
534 3173 625 3242 qui
676 3173 805 3229 olim
866 3189 1235 3247 perceperunt
1278 3180 1566 3249 baptisma,
1626 3191 1684 3235 ut
1733 3198 1840 3235 non
1901 3201 1967 3238 ex

395 3263 721 3335 negligentia
750 3272 1043 3335 peccantes
1081 3268 1346 3324 immundi
1392 3269 1546 3325 tiam.

473 3355 627 3411 Vens.
667 3356 757 3422 59,
788 3356 876 3413 40.
916 3377 937 3410 t
965 3357 1023 3414 Si
1048 3368 1321 3415 mortuum
1351 3361 1515 3419 fuerit
1562 3366 1784 3431 animal,
1822 3370 1968 3437 quod

397 3447 523 3503 licet
558 3448 713 3504 vobis
762 3451 1065 3518 comedere,
1098 3454 1191 3524 qui
1247 3455 1481 3510 cadaver
1540 3456 1659 3527 ejus
1707 3460 1965 3530 tetigerit,

395 3539 710 3595 immundus
741 3540 847 3596 erit
877 3557 1052 3612 usque
1074 3544 1139 3598 ad
1173 3560 1478 3616 vesperam.
1506 3548 1573 3603 Et
1594 3549 1684 3617 qui
1713 3551 1967 3605 comede-

394 3633 466 3687 rit
499 3647 563 3687 ex
593 3648 660 3689 eo
676 3634 976 3705 quidpiam,
1013 3646 1175 3708 atque
1215 3641 1533 3709 portaverit,
1566 3642 1767 3696 lavahit
1799 3644 1968 3698 vesti-

394 3734 577 3780 menta
603 3741 721 3792 sua,
752 3738 809 3782 et
842 3726 1157 3785 immundus
1184 3732 1290 3786 erit
1312 3748 1482 3804 usque
1507 3735 1573 3789 ad
1606 3749 1908 3806 vesperam.
1946 3757 1963 3787 ι

463 3816 930 3881 Quemadmodum
971 3830 1289 3891 peccatores
1323 3836 1707 3895 permanentes
1745 3826 1801 3882 in
1840 3843 1969 3898 pec-

396 3908 553 3977 catis,
573 3910 921 3968 abominandi
952 3924 1100 3980 sunt,
1132 3929 1680 3986 nequaquamantcm
1706 3922 1969 3976 receden-

405 4012 486 4057 tes
517 4017 583 4057 ac
625 4005 989 4074 pmnitentes:
1026 4006 1099 4062 ita
1132 4008 1297 4078 iustis
1323 4010 1471 4065 omni
1521 4010 1703 4067 studio
1731 4027 1970 4068 concur-

399 4094 629 4150 rendum
661 4106 762 4161 est,
816 4098 1116 4154 scientibus
1146 4100 1305 4155 nobis
1345 4103 1469 4171 quia
1499 4118 1567 4157 ex
1600 4105 1681 4159 eis
1730 4107 1970 4161 sanctiﬁ-

396 4202 605 4243 camur.
668 4188 724 4242 Si
784 4198 967 4244 autem
1024 4191 1225 4246 mortui
1281 4191 1483 4247 fuerint
1558 4196 1704 4265 gravi
1760 4199 1967 4266 peccati

398 4288 593 4342 morte,
628 4295 737 4335 non
780 4282 1046 4336 debemus
1098 4291 1319 4353 tangere
1366 4283 1577 4337 illorum
1630 4286 1818 4351 vitam,
1866 4304 1969 4341 net:

2073 3103 2324 3150 movetur
2359 3108 2528 3163 super
2550 3102 2771 3147 terram.
2809 3092 2920 3160 Ego
2945 3089 3206 3144 Dominus
3239 3089 3330 3158 qui
3365 3087 3525 3141 eduxi
3558 3101 3657 3140 vos

2072 3186 2140 3241 de
2176 3196 2318 3240 terra
2346 3183 2665 3255 [Egyptimt
2682 3196 2858 3236 essent
2886 3180 3037 3246 vobis
3068 3179 3229 3232 Deus.
3263 3175 3444 3230 Sancti
3478 3175 3654 3236 eritis,

2073 3279 2200 3347 quia
2238 3288 2294 3332 et
2318 3292 2419 3348 ego
2452 3284 2674 3331 sanctus
2703 3290 2846 3328 sum.
2883 3293 2903 3323 ι

2144 3367 2382 3423 Omnino
2412 3365 2668 3436 prohibet
2696 3379 2817 3418 esse
2846 3377 2948 3417 nos
2979 3360 3157 3417 socios
3187 3373 3375 3413 eorum
3415 3355 3506 3425 qui
3546 3364 3657 3408 ter-

2075 3474 2205 3514 rena
2234 3458 2450 3529 sapiunt
2474 3476 2488 3511 :
2520 3471 2622 3512 nec
2647 3456 2690 3511 si
2714 3462 2965 3526 potentes
2985 3454 3204 3523 quidam
3222 3451 3353 3514 sint,
3378 3464 3480 3503 nec
3509 3449 3552 3502 si
3572 3449 3657 3517 ju-

2075 3549 2278 3606 stitiam
2305 3556 2399 3605 aut
2415 3547 2734 3619 sapientiam
2762 3546 2987 3617 ﬁngant,
3007 3559 3109 3599 nec
3130 3544 3174 3599 si
3195 3542 3333 3597 forte
3352 3540 3660 3597 sacerdotio

2077 3644 2161 3699 vel
2208 3642 2522 3713 aliqualibet
2550 3639 2877 3695 amiciantur
2905 3636 3199 3706 dignitate.
3224 3633 3381 3690 Unde
3416 3632 3660 3688 breviter

2075 3738 2318 3793 omnium
2371 3733 2678 3804 repentium
2707 3747 2828 3801 quae
2884 3743 3050 3798 super
3096 3737 3294 3782 terram
3343 3735 3655 3786 moventur.

2076 3830 2419 3885 mentionem
2431 3826 2579 3888 fecit,
2596 3838 2706 3879 non
2736 3822 3054 3893 simpliciter
3070 3821 3173 3876 hoc
3200 3819 3343 3889 quod
3360 3826 3444 3873 est
3464 3831 3657 3887 repere

2077 3936 2367 3991 respuens,
2402 3918 2496 3972 sed
2530 3930 2695 3985 super
2723 3924 2923 3971 terram
2959 3929 3187 3983 repere;
3220 3926 3344 3965 nam
3379 3908 3656 3964 humiliari

2075 4013 2293 4086 quidem
2350 4010 2553 4064 bonum
2609 4015 2723 4071 est,
2785 4014 2845 4059 ut
2907 4014 3089 4059 autem
3113 4003 3181 4058 ad
3246 4011 3519 4056 terrenam
3558 3999 3659 4055 de-

2076 4106 2311 4162 clinetur
2358 4098 2681 4171 sapientiam
2702 4140 2718 4164 ,
2744 4112 2852 4151 non
2885 4103 2971 4150 est
3015 4096 3240 4157 bonum,
3266 4107 3371 4146 nec
3401 4090 3549 4146 utilis
3569 4097 3658 4145 est

2075 4198 2363 4254 animabus
2392 4195 2511 4251 talis
2536 4192 2840 4257 humilitas,
2860 4208 2891 4246 a
2918 4207 3026 4261 qua
3058 4190 3293 4245 liberare
3323 4187 3547 4245 volens:

2149 4292 2260 4364 Ego
2279 4307 2417 4353 sum,
2453 4287 2650 4358 inquit,
2680 4286 2936 4340 Dominus
2970 4283 3106 4338 Deus
3137 4291 3325 4337 vester.
3365 4279 3424 4336 ld
3450 4288 3555 4345 est,
3585 4279 3654 4333 ad

397 4385 591 4424 eorum
623 4373 1054 4427 conversationis
1082 4387 1203 4427 esse
1234 4374 1545 4445 participes,
1568 4378 1802 4432 scientes
1827 4381 1974 4448 quod
2010 4369 2051 4424 D
2077 4384 2235 4453 cujus
2252 4382 2542 4453 imaginem
2563 4379 2692 4433 facti
2721 4379 2873 4443 estis,
2905 4386 2967 4430 ut
2989 4374 3231 4431 caelestia
3260 4371 3507 4443 sapiatis,
3528 4386 3654 4425 eum

399 4461 445 4515 si
473 4461 595 4530 quis
646 4462 905 4533 tetigerit,
939 4464 1248 4519 immundus
1302 4465 1427 4531 erit,
1478 4481 1761 4539 nsquequo
1808 4471 1970 4526 etiam

400 4557 518 4625 ipse
552 4556 837 4625 pmniteat.
865 4556 970 4611 Sed
1009 4566 1064 4611 et
1104 4558 1195 4627 qui
1229 4559 1531 4614 comederit
1557 4562 1624 4615 de
1673 4565 1974 4621 morticinis

400 4662 613 4713 eorum,
643 4648 698 4703 id
718 4659 822 4714 est,
856 4649 948 4720 qui
983 4664 1079 4705 eos
1130 4650 1457 4717 defenderit,
1491 4654 1643 4722 quasi
1675 4654 1973 4714 advocatus

400 4749 751 4809 peccatorum
800 4740 1065 4811 ipsorum,
1104 4742 1186 4797 vel
1232 4742 1540 4811 auxiliator,
1573 4754 1627 4801 et
1681 4758 1967 4819 propterea

400 4834 617 4889 illorum
654 4835 706 4888 iu
764 4849 824 4890 se
872 4844 1094 4905 peccata
1141 4837 1470 4907 suscipiens,
1527 4854 1752 4896 necesse
1812 4844 1975 4899 habet

401 4927 582 4981 lavare
623 4929 944 4984 vestimenta
1002 4945 1122 4997 sua,
1154 4929 1406 4986 videlicet
1449 4932 1716 4998 actiones,
1763 4934 1885 5004 quia
1919 4944 1983 4989 et

402 5018 517 5088 ipse
546 5035 725 5089 usque
749 5021 816 5075 ad
849 5036 1163 5091 vesperum,
1193 5022 1246 5077 id
1273 5031 1378 5087 est,
1416 5038 1588 5093 usque
1628 5027 1757 5080 dum
1802 5029 1976 5097 praeni-

403 5116 532 5176 teat,
564 5110 879 5167 immundus
908 5113 1031 5169 erit.
1264 5102 1269 5103 ί

476 5200 637 5258 Vens.
677 5204 870 5260 ιί-ιδ.
914 5223 933 5257 ι
960 5204 1135 5262 Omne
1161 5206 1308 5276 quod
1344 5216 1524 5278 reptat
1550 5225 1715 5280 super
1749 5220 1973 5274 terram.

402 5295 767 5352 bominah‘tle
793 5299 917 5364 erit,
948 5314 1050 5353 nec
1101 5308 1416 5355 assumetur
1451 5301 1504 5354 in
1562 5302 1767 5357 cibum.
1799 5304 1975 5368 Quid-

402 5387 530 5456 quid
558 5390 932 5459 quadrupedis
960 5406 1124 5462 super
1146 5401 1336 5463 pectus
1384 5392 1649 5464 graditur,
1694 5403 1753 5449 et
1774 5394 1980 5451 multos

406 5478 567 5529 habet,
592 5479 773 5539 pedes,
802 5479 916 5531 sive
947 5494 1112 5549 super
1149 5483 1375 5536 humum
1430 5483 1686 5549 trahitur,
1719 5500 1829 5539 non
1886 5502 1981 5541 eo-

506 5660 547 5688 "1
584 5658 764 5711 liam.
800 5678 947 5715 sum,
1070 5666 1117 5715 3.
1230 5668 1270 5695 υτ
1306 5665 1469 5718 \iwh
1530 5681 1640 5730 xm,
1697 5665 1792 5720 58.

2073 4477 2166 4546 qui
2204 4475 2260 4529 in
2287 4473 2441 4529 etatis
2486 4470 2693 4528 habitat
2725 4469 3042 4525 imitantes:
3071 4476 3295 4538 propter
3334 4464 3481 4536 quod
3523 4463 3646 4518 sui»

2072 4565 2239 4624 didit:

2140 4657 2324 4713 Sancti
2354 4655 2522 4720 eritis,
2555 4656 2679 4725 quia
2708 4662 2923 4707 sanctus
2943 4668 3080 4707 sum.
3103 4650 3205 4717 Qui
3229 4666 3339 4705 non
3359 4651 3465 4706 hoe
3488 4648 3629 4704 adde

2072 4760 2175 4816 ret,
2201 4763 2381 4819 neque
2412 4748 2719 4818 duplicaret
2749 4747 2803 4800 in
2822 4746 2980 4802 nobis
3001 4744 3512 4807 sanetiticationem,
3550 4741 3656 4797 nisi

2077 4844 2199 4909 ejus
2217 4857 2465 4897 essemus
2495 4831 2799 4911 participes
2836 4848 2894 4895 et
2929 4847 3212 4894 consortes
3262 4838 3383 4906 ejus
3418 4835 3649 4892 sanctiﬁ-

2078 4934 2307 4991 cationis
2349 4934 2557 4998 eﬂ‘ccti,
2609 4932 2887 4989 custodire
2918 4947 3037 4987 eam
3087 4946 3184 5001 per
3232 4930 3654 5001 philosophiam.

2076 5037 2132 5084 et
2162 5035 2404 5083 sanctam
2440 5024 2913 5082 conversationem
2942 5038 3081 5093 opus
3113 5021 3439 5077 haberemus
3471 5037 3485 5073 :
3518 5019 3661 5072 unde

2077 5120 2185 5173 ait:

2147 5211 2229 5266 Ne
2247 5211 2496 5280 polluatis
2524 5212 2732 5264 animus
2760 5218 2975 5263 restras.
3006 5208 3244 5262 Primum
3271 5206 3513 5277 quidem,
3536 5204 3662 5276 quia

2080 5306 2341 5359 donatum
2388 5314 2474 5358 est
2519 5302 2734 5365 animae,
2785 5317 2907 5356 esse
2956 5301 3035 5354 ad
3080 5298 3368 5370 imaginem
3424 5297 3549 5353 Dei:
3609 5306 3662 5351 et

2082 5384 2320 5451 maxime
2356 5395 2410 5449 in
2441 5409 2505 5449 ea
2553 5408 2675 5449 esse
2735 5392 3224 5448 sanctificationem
3280 5389 3416 5454 vult,
3470 5397 3662 5458 utpote

2083 5504 2204 5560 qua-
2235 5486 2595 5558 principatum
2626 5501 2793 5556 super
2823 5500 2986 5540 omne
3016 5481 3219 5539 animal
3248 5490 3419 5538 tenet.
3452 5478 3665 5537 Deinde
