4076 6188
425 236 525 303 921

1554 244 1636 304 IN
1671 245 2107 307 LEVITICUM.
2143 270 2209 281 --
2250 245 2395 305 LIB.
2432 244 2548 305 III.

3569 251 3673 314 93‘2

426 350 665 405 ostendit
699 349 1057 421 pollutionem
1082 367 1243 421 quam
1267 348 1391 408 odio
1424 354 1606 417 habet,
1645 371 1752 411 non
1782 374 1901 424 esse
1934 360 2000 412 de
2033 363 2072 418 Α
2104 359 2170 412 de
2202 358 2401 428 quibus
2432 357 2730 421 dubitatur,
2750 372 2983 426 quorum
3013 356 3405 430 dubitationem
3428 357 3674 417 docendo

425 440 654 496 mortuis
675 441 1018 512 corporibus,
1052 453 1145 498 aut
1174 444 1310 500 cibis
1333 445 1649 512 immundis,
1677 448 1997 518 corporibus

424 533 565 589 sicut
597 533 813 603 quidam
844 543 1038 604 putant
1059 534 1275 603 factam,
1318 538 1414 592 sed
1469 553 1610 605 eam,
1643 556 1766 610 quae
1792 541 1997 597 anima-

425 626 527 681 bus
557 641 625 681 ex
654 627 960 683 actionibus
986 628 1142 683 malis
1175 629 1377 685 evenit.
1418 629 1612 686 Dicens
1666 642 1847 687 autem
1885 649 1994 688 non

426 726 677 787 oportere
702 719 758 773 in
793 719 1004 774 cunctis
1036 720 1321 790 reptilibus
1371 738 1492 790 qua:
1519 734 1807 778 moventur
1834 739 1999 794 super

426 819 648 876 terram,
699 810 910 866 animas
939 819 1157 867 nostras
1181 813 1367 882 pollui,
1417 815 1641 870 omnino
1678 826 1997 887 competen—

428 906 510 952 ter
537 899 778 953 addidit:

496 984 612 1054 Ego
655 985 910 1042 Dominus
940 989 1029 1058 qui
1061 988 1217 1042 eduxi
1251 1005 1339 1043 vos
1376 991 1440 1043 de
1470 999 1611 1044 terra
1653 990 1889 1061 Egypti,
1940 1003 1996 1047 ut

426 1091 588 1129 essem
615 1077 754 1131 vobis
785 1078 840 1131 in
858 1077 1043 1132 Deum.
1064 1079 1169 1133 Per
1197 1078 1511 1150 IEgyptum,
1535 1079 1748 1152 [Egypti
1767 1083 1996 1138 demon-

427 1175 607 1221 strans
637 1169 799 1233 mala,
837 1180 892 1224 et
928 1170 1110 1224 omnia
1140 1186 1302 1241 opera
1333 1173 1702 1229 tenebrarum.
1734 1174 1998 1246 Egyptus

427 1256 572 1311 enim
632 1260 1044 1316 contenebratio
1090 1261 1495 1331 interpretatur.
1518 1262 1727 1329 Quibus
1779 1266 1823 1320 si
1875 1267 1998 1337 quis

398 1358 553 1402 vere
576 1362 763 1404 carere
812 1351 1065 1415 voluerit,
1114 1360 1169 1406 et
1216 1367 1341 1406 eum
1388 1353 1480 1423 qui
1534 1371 1661 1409 vere
1695 1363 1779 1410 est
1830 1356 1996 1423 Deus,

426 1438 627 1493 habere
655 1455 812 1494 suum
845 1440 1032 1505 Deum,
1059 1457 1169 1495 non
1202 1443 1374 1497 solum
1425 1445 1775 1500 idololatriam
1807 1464 1998 1504 cavere

424 1529 604 1595 debet,
651 1532 745 1585 sed
774 1532 816 1587 si
859 1549 987 1588 vere
1010 1533 1058 1588 ei
1084 1534 1367 1590 adhaerere
1409 1537 1699 1603 desiderat,
1748 1541 1873 1610 quia
1910 1543 1999 1598 ille

423 1629 643 1673 sanctus
661 1630 763 1687 est,
796 1623 913 1693 ipse
935 1640 1151 1694 quoque
1177 1626 1589 1681 sanctimoniam
1612 1630 1849 1698 studeat,
1880 1633 1996 1690 sine

425 1724 529 1777 qua
562 1725 727 1764 nemo
760 1712 962 1767 videbit
1000 1715 1189 1768 Deum.
1430 1720 1435 1725 ’

491 1818 651 1876 Vens.
679 1822 769 1888 46,
806 1826 894 1878 47.
939 1842 956 1876 t
994 1826 1099 1879 Ista
1140 1834 1225 1882 est
1248 1827 1332 1881 lex
1362 1830 1723 1886 animantium
1756 1843 1811 1889 et
1845 1837 1998 1891 volu-

421 1929 594 1980 crum,
622 1922 677 1969 et
721 1917 900 1972 omnis
944 1921 1136 1975 animos
1191 1920 1424 1976 viventis
1489 1927 1901 1994 quze'movctur
1941 1930 1996 1984 in

421 2020 560 2072 aqua
612 2014 668 2061 et
707 2017 885 2078 reptat
930 2010 984 2063 in
1034 2018 1198 2075 terra,
1251 2024 1309 2067 ut
1351 2014 1694 2071 dillerentias
1736 2020 1997 2074 noveritis

421 2098 608 2150 mundi
640 2107 694 2152 et
721 2100 1004 2166 immundi,
1047 2111 1103 2156 et
1145 2104 1331 2158 sciatis
1385 2105 1515 2174 quid
1570 2108 1855 2162 comedere
1904 2120 1998 2165 aut

420 2187 550 2254 quid
582 2204 838 2258 respuere
870 2191 1136 2247 debeatis.
1164 2213 1182 2245 ι

494 2276 960 2347 Recapitulatione
1008 2299 1159 2338 more
1207 2300 1305 2341 suo
1335 2302 1482 2343 nunc
1517 2289 1679 2345 etiam
1725 2291 1997 2362 legislator

422 2366 614 2431 utitur,
652 2379 711 2423 ut
740 2371 922 2425 norint
953 2372 1216 2443 legentes,
1249 2377 1318 2431 de
1354 2379 1552 2447 quibus
1573 2382 1685 2450 jam
1728 2382 1810 2436 lex
1841 2382 1993 2448 dixit,

421 2464 476 2509 et
499 2454 653 2511 facile
671 2472 734 2512 ea
759 2473 1190 2528 perscrutentur.
1214 2465 1366 2531 Quod
1389 2479 1570 2523 autem
1603 2487 1749 2526 nunc
1768 2473 1993 2536 addidit,

421 2547 739 2607 admirabile
764 2553 1047 2623 omnisque
1073 2556 1292 2626 plenum
1316 2560 1632 2629 juvaminis,
1667 2565 1996 2620 notandum-

420 2654 527 2708 que
557 2648 672 2694 est:
718 2643 984 2711 prolatam
1017 2647 1219 2715 quippe
1242 2648 1377 2704 dixit
1436 2652 1605 2723 legem
1639 2654 1997 2710 dinumeratis

418 2729 784 2786 animalibus:
820 2748 924 2788 nec
949 2735 1122 2789 solum
1158 2746 1215 2792 ut
1250 2751 1468 2809 separet
1512 2742 1656 2798 inter
1687 2746 1887 2800 munda
1924 2756 1998 2800 ~et

418 2818 722 2885 immunda,
753 2822 846 2876 sed
890 2831 947 2876 ut
985 2824 1159 2879 sciant
1191 2826 1284 2881 filii
1325 2828 1509 2896 Israel,
1543 2833 1625 2886 vel
1669 2848 1997 2906 cognoscant

417 2909 566 2965 inter
605 2912 947 2969 vivificantes
994 2931 1078 2985 ea,
1110 2933 1230 2988 quae
1258 2924 1641 2980 comeduntur.
1696 2925 1835 2998 Ergo
1882 2944 1993 2983 non

2098 448 2514 517 compescimus,
2556 447 2776 516 quando
2818 449 2950 519 legis
3003 449 3264 504 doctrina:
3293 450 3674 508 convenientia

2098 539 2377 594 docemus.

2695 631 2925 689 CAPUT
2966 632 3082 687 Xll.

2172 721 2330 777 Vsus.
2367 722 2482 779 1-5.
2527 744 2545 776 ι
2586 725 2824 781 Locutus
2874 734 2958 780 est
3010 725 3269 779 Dominus
3331 726 3399 780 ad
3450 726 3671 799 Moysen

2096 811 2313 869 dicens:
2352 814 2599 885 Loquere
2629 816 2756 871 ﬁliis
2798 816 2979 878 Israel,
3016 825 3073 871 et
3099 816 3246 870 dices
3278 816 3346 870 ad
3377 832 3503 871 eos:
3556 817 3674 872 Mu-

2097 904 2198 958 lier
2226 905 2269 959 si
2293 915 2546 975 suscepto
2567 906 2777 961 semine
2798 907 3070 976 pepererit
3093 908 3413 973 masculum,
3437 908 3674 963 immun-

2097 996 2165 1050 da
2215 997 2319 1051 erit
2384 1007 2591 1066 septem
2641 999 2868 1062 diebus,
2928 999 3081 1067 juxta
3137 999 3252 1053 dies
3312 1001 3674 1069 separationis

2100 1096 2414 1142 menstruae.
2478 1088 2575 1142 Die
2642 1099 2836 1144 octavo
2868 1088 3310 1144 circumcidetur
3352 1091 3669 1145 infantulus.

2098 1180 2217 1249 Ipsa
2247 1195 2376 1235 vero
2400 1181 2617 1251 triginta
2649 1182 2844 1236 diebus
2881 1182 3125 1237 manebit
3153 1183 3206 1235 in
3239 1184 3501 1253 sanguine
3523 1184 3672 1253 puri-

2097 1271 2367 1325 ﬁcationis
2402 1287 2535 1327 suae.
2571 1272 2746 1326 Omne
2796 1281 3042 1326 sanctum
3075 1288 3185 1327 non
3234 1281 3435 1342 tanget,
3469 1282 3525 1329 et
3570 1290 3671 1329 nec

2098 1364 2433 1435 ingredietur
2489 1364 2893 1430 sanctuarium,
2951 1365 3127 1419 donec
3179 1365 3507 1434 impleantur
3555 1365 3673 1420 dies

2098 1459 2435 1532 purgationis
2479 1459 2618 1526 ejus.
2677 1459 2771 1512 Sin
2827 1467 3010 1512 autem
3063 1458 3321 1512 feminam
3374 1461 3667 1529 pepererit,

2064 1616 2065 1619 η
2098 1553 2377 1606 immunda
2418 1551 2524 1605 erit
2573 1550 2785 1605 duabus
2817 1549 3273 1611 hebdomadibus,
3309 1549 3458 1616 juxta
3505 1550 3668 1603 ritum

2100 1642 2274 1697 fluxus
2306 1641 2591 1696 menstrui.
2627 1639 2690 1692 Et
2728 1639 3007 1706 sexaginta
3043 1646 3095 1691 et
3125 1654 3215 1692 sex
3247 1638 3439 1692 diebus
3487 1653 3671 1692 mane-

2099 1733 2178 1787 bit
2211 1733 2265 1786 in
2294 1733 2558 1802 sanguine
2594 1730 2992 1801 purificationis
3019 1744 3152 1783 suae.
3192 1747 3210 1779 ι

2171 1822 2456 1877 Manifesta
2514 1832 2599 1877 est
2669 1820 2996 1891 legislatoris
3055 1818 3316 1883 intentio,
3388 1819 3670 1888 antiquum

2099 1914 2312 1984 generis
2349 1914 2569 1967 humani
2603 1911 2958 1982 significantis
2981 1925 3291 1972 excessum,
3346 1919 3508 1979 atque
3552 1910 3673 1963 ideo

2098 2019 2164 2057 ex
2200 2003 2456 2057 omnibus
2484 2002 2570 2058 bis
2590 2000 2841 2058 conferre
2865 2001 3022 2056 nobis
3062 1999 3356 2065 desiderat,
3387 2009 3448 2053 ut
3503 2000 3674 2052 evite-

2098 2110 2220 2149 mus
2258 2095 2549 2148 saaculares
2569 2109 2680 2159 res,
2716 2102 2772 2147 et
2802 2092 3046 2147 actiones
3076 2092 3279 2154 carnis,
3300 2098 3485 2159 utpote
3513 2088 3674 2144 nobis

2099 2204 2209 2241 non
2240 2188 2379 2241 bene
2418 2187 2723 2241 valentibus
2752 2184 3037 2256 proﬂigare
3067 2183 3502 2247 sanctimoniam,
3555 2184 3674 2235 sine

2098 2296 2202 2349 qua
2238 2295 2400 2333 nemo
2438 2279 2643 2333 videbit
2673 2280 2863 2332 Deum.
2896 2276 3031 2331 Nam
3057 2276 3293 2330 mundus
3326 2273 3546 2343 quidem
3577 2288 3675 2342 per

2099 2373 2343 2441 seipsum
2382 2372 2560 2426 bonus
2580 2378 2695 2436 est,
2757 2379 2938 2425 ortum
2987 2368 3115 2423 solis
3173 2382 3419 2429 cernere,
3465 2366 3672 2430 lunam,

2098 2464 2387 2533 stellasque
2444 2464 2640 2518 emtum
2700 2468 3049 2525 coronantes,
3101 2468 3299 2513 terram
3358 2457 3671 2521 distentam,

2097 2555 2352 2610 diﬁ‘usum
2391 2571 2558 2619 mare,
2581 2562 2638 2608 ut
2659 2570 2726 2609 ex
2759 2552 2843 2607 bis
2878 2553 3134 2607 omnibus
3161 2550 3424 2621 sapientia
3453 2549 3675 2619 colliga~

2097 2656 2187 2701 tur
2245 2655 2301 2701 et
2358 2647 2683 2715 cmjiciatur
2730 2644 2975 2715 (lpilicis.
3032 2643 3293 2698 Similiter
3350 2651 3405 2696 et
3475 2654 3676 2710 corpus

2097 2738 2301 2793 bonum
2339 2747 2442 2804 est,
2478 2747 2532 2791 et
2560 2738 2725 2792 nimis
2759 2738 2962 2792 bonum
3000 2735 3144 2805 quod
3183 2734 3340 2789 nobis
3368 2733 3420 2786 in
3460 2732 3675 2786 virtuti-

2096 2831 2200 2885 bus
2228 2830 2545 2885 collaborat.
2590 2830 2764 2884 Habet
2796 2828 2940 2882 enim
2969 2827 3391 2881 instrumentum
3424 2825 3489 2878 ad
3512 2824 3674 2894 glori-

2074 2920 2370 2978 -ﬁcan'dum
2429 2922 2621 2988 Deum,
2669 2920 2930 2991 linguam,
2988 2919 3232 2986 aliosque
3269 2917 3360 2986 qui
3402 2916 3457 2969 in
3514 2915 3675 2969 nobis

416 3001 525 3057 cibi
566 3017 668 3058 nos
706 3006 940 3060 mundos
995 3011 1231 3067 reddunt
1271 3029 1372 3068 nec
1427 3017 1694 3085 polluuut,
1749 3022 1842 3075 sed
1892 3037 1994 3076 nos
2019 3018 2059 3072 C
2095 3025 2223 3072 sunt
2243 3032 2459 3079 sensus,
2482 3031 2580 3085 per
2599 3028 2736 3084 quos
2756 3012 3112 3083 respicientes
3132 3020 3436 3066 creaturam
3460 3009 3671 3073 mundi,

416 3109 533 3163 eos,
567 3095 834 3165 siquidem
864 3115 966 3153 nos
998 3102 1337 3159 viviticamus
1358 3122 1420 3160 ea
1472 3125 1590 3177 qua:
1610 3111 1990 3167 comeduntur.

416 3186 483 3241 Et
508 3190 963 3257 quemadmodum
1013 3197 1191 3250 omnis
1220 3198 1374 3253 cibus
1401 3200 1596 3266 bonus,
1633 3212 1680 3256 et
1706 3204 1995 3274 nillilreji-

414 3279 655 3333 ciendum
691 3294 785 3345 est,
821 3285 956 3354 quod
989 3301 1106 3359 cum
1136 3289 1432 3356 gratiarum
1452 3293 1657 3346 actione
1686 3295 1989 3363 percipitur,

412 3371 777 3439 sanctiﬁcatur
810 3375 949 3427 enim
1001 3393 1094 3443 per
1137 3388 1350 3433 uerbum
1407 3381 1526 3445 Dei,
1561 3384 1704 3438 sicut
1732 3384 1807 3439 ait
1856 3386 1996 3440 Pau-

415 3459 532 3518 lus,
564 3469 612 3513 et
657 3465 949 3518 orationem
975 3467 1019 3498 ⁸⁸
1051 3482 1065 3519 :
1096 3468 1175 3522 sic
1217 3486 1279 3523 ea
1328 3488 1447 3540 quae
1494 3476 1881 3539 comeduntur,
1930 3494 1991 3532 ea

415 3549 669 3605 videlicet
723 3570 844 3623 qua:
883 3557 1131 3610 nutriunt
1156 3560 1419 3624 animam,
1468 3563 1520 3616 id
1549 3575 1652 3629 est,
1686 3566 1856 3622 bonas
1901 3585 1994 3624 ac-

420 3641 615 3708 tiones,
656 3659 757 3698 nos
793 3647 1149 3714 vivificamus,
1204 3651 1247 3703 si
1304 3652 1442 3707 bene
1493 3655 1573 3708 eis
1609 3664 1846 3713 utamur.
1896 3660 1990 3713 Sin

415 3741 602 3788 autem
656 3737 817 3801 male,
873 3754 982 3793 non
1013 3741 1370 3807 viviticamus,
1425 3745 1521 3799 sed
1577 3747 1989 3804 mortificamus.

413 3824 515 3889 Qui
548 3824 694 3879 enim
738 3842 804 3881 ex
840 3829 1126 3899 iniquitate
1168 3834 1295 3887 facit
1345 3836 1765 3908 eleemosynam.
1804 3843 1992 3896 morti-

415 3920 543 3971 ficat
574 3918 692 3986 ejus
726 3920 1007 3986 virtutem,
1042 3924 1156 3980 sive
1189 3928 1507 3996 potentiam.
1561 3929 1627 3984 Et
1655 3926 1800 4001 quia
1855 3935 1991 3989 cibis

412 4007 710 4074 abstinent,
747 4026 847 4081 per
898 4013 1137 4085 lingttam
1177 4032 1303 4072 vero
1358 4018 1616 4076 fratribus
1669 4023 1986 4092 detrahunt,

410 4100 479 4153 de
506 4101 705 4169 quibus
730 4101 901 4159 David
927 4106 1095 4163 dicit:
1127 4108 1231 4173 Qui
1261 4110 1511 4166 devorant
1552 4114 1750 4183 plebem
1794 4135 1985 4183 meam,

407 4191 541 4245 sicut
571 4209 743 4248 escam
786 4197 1036 4264 panis”;
1080 4200 1407 4256 mortiﬁcant
1462 4204 1521 4257 bi
1575 4186 1984 4273 abstinentiam,

410 4291 630 4352 propter
655 4287 799 4354 quod
832 4287 1180 4345 beatitudinis
1214 4302 1318 4356 est,
1356 4309 1514 4348 nosse
1558 4296 1869 4353 discernere
1902 4316 1987 4354 m-

2097 3123 2367 3179 omnequc
2394 3108 2514 3177 ejus
2545 3106 2818 3171 solatium,
2874 3121 2971 3174 per
3009 3103 3127 3158 iure
3165 3102 3315 3157 aliud
3371 3102 3669 3165 intuentes,

2095 3201 2420 3269 conjicimus
2456 3207 2511 3253 et
2535 3214 2601 3251 ex
2635 3197 2721 3251 his
2751 3212 2872 3267 quae
2901 3195 3044 3251 facta
3074 3205 3222 3261 sunt,
3270 3208 3333 3250 ea
3377 3208 3499 3263 qua;
3545 3200 3675 3246 sunt

2095 3290 2408 3346 invisibilia.
2443 3289 2549 3344 Sed
2584 3288 2709 3359 quia
2740 3297 2794 3341 et
2814 3287 3014 3342 satculo
3044 3295 3101 3341 ct
3148 3300 3313 3340 carne
3337 3285 3473 3339 male
3512 3282 3675 3338 simul

2094 3383 2178 3438 usi
2206 3398 2417 3447 sumus,
2447 3382 2518 3436 ita
2545 3389 2605 3435 ut
2637 3380 2898 3434 Dominus
2921 3380 2987 3434 de
3005 3378 3209 3432 mundo
3239 3378 3476 3432 diceret:
3512 3374 3672 3428 Mun—

2092 3477 2189 3529 dus
2227 3477 2282 3528 in
2307 3475 2538 3544 maligno
2588 3473 2788 3542 positus
2815 3481 2892 3525 est
2912 3473 2992 3535 ⁶⁶;
3024 3470 3226 3524 Paulus
3253 3479 3434 3524 autem
3464 3487 3477 3522 :
3516 3468 3671 3521 Video

2092 3569 2252 3621 aliam
2287 3567 2448 3637 legem
2476 3566 2529 3619 in
2557 3565 2797 3619 membris
2816 3564 2964 3629 meis,
3000 3571 3375 3632 repugnantem
3405 3560 3505 3629 legi
3526 3575 3671 3612 mest-

2092 3658 2158 3711 tis
2212 3673 2339 3711 mea:
2359 3658 2442 3721 ";
2494 3663 2549 3709 et
2581 3669 2818 3708 rursus:
2866 3653 2977 3723 Ego
3025 3662 3201 3704 autem
3248 3649 3480 3703 carnalis
3530 3665 3667 3711 sum,

2091 3751 2416 3801 venundatus
2471 3748 2562 3800 sub
2617 3745 2930 3816 peccato“;
2985 3753 3041 3799 et
3083 3758 3331 3797 rursus:
3380 3740 3667 3810 Manifesta

2091 3849 2267 3893 autem
2290 3848 2410 3892 sunt
2437 3855 2596 3908 opera
2629 3838 2841 3890 carnis:
2871 3852 2988 3907 qua!
3026 3844 3148 3889 sunt
3169 3834 3470 3907 fornicatio,
3513 3831 3670 3885 adul-

2091 3932 2247 3995 teria,
2280 3931 2640 3994 immunditia,
2674 3940 2721 3982 et
2750 3944 2866 3996 qua:
2895 3929 2975 3982 Itis
2998 3926 3197 3981 similia
3238 3926 3443 3988 sunt”,
3490 3925 3557 3977 ab
3584 3923 3669 3977 bis

2090 4022 2174 4075 lex
2199 4037 2299 4076 nos
2327 4021 2561 4075 liberare
2590 4028 2841 4084 conatur,
2880 4027 2936 4073 et
2969 4018 3037 4072 de
3070 4017 3172 4071 bac
3221 4032 3278 4070 re
3312 4014 3481 4068 multa
3533 4011 3669 4065 seri-

2090 4115 2221 4168 bere
2252 4129 2361 4167 non
2390 4123 2568 4167 cessat
2601 4112 2910 4183 aenigmata,
2955 4110 3096 4164 sicut
3126 4117 3182 4162 et
3226 4121 3377 4161 nunc
3425 4110 3669 4158 commu-

2089 4208 2182 4261 nia
2228 4215 2283 4260 et
2313 4205 2589 4276 specialia.
2618 4204 2841 4258 Intende
2881 4202 3079 4272 quibus
3125 4199 3305 4254 verbis
3332 4198 3396 4251 ad
3450 4196 3667 4266 Moysen

2094 4298 2359 4353 Dominus
2413 4298 2628 4351 locutus
2678 4304 2761 4350 est
2790 4336 2805 4361 ,
2843 4302 2902 4349 ut
2954 4294 3045 4348 ille
3106 4290 3230 4346 filiis
3276 4289 3434 4345 Israel
3476 4286 3664 4342 eadem

412 4383 493 4429 ter
523 4375 854 4433 vivificantia
887 4395 970 4445 ea,
1006 4396 1125 4450 qua:
1177 4386 1560 4452 comeduntur,
1605 4390 1882 4457 animalia,
1933 4402 1989 4446 ct
2023 4370 2062 4420 υ
2094 4391 2258 4446 verba
2291 4388 2643 4444 ministraret.
2668 4386 2926 4442 Faciebat
2949 4394 3132 4440 autem
3168 4385 3273 4438 hoc
3300 4397 3408 4435 non
3442 4380 3661 4442 frustra,

411 4479 474 4517 ea
515 4480 637 4533 quae
676 4482 787 4520 non
818 4471 1201 4537 comeduntur,
1224 4474 1275 4527 id
1300 4485 1404 4541 est,
1438 4476 1580 4532 inter
1609 4495 1703 4534 eos
1725 4482 1815 4549 qui
1846 4481 1986 4536 bene

410 4555 551 4609 bona
612 4568 797 4629 agunt,
834 4569 890 4615 et
943 4563 1113 4618 malas
1166 4566 1431 4623 actiones.
1478 4569 1606 4625 llaec
1654 4580 1783 4625 sunt
1837 4573 1984 4627 enim

408 4651 661 4705 animalia
683 4668 803 4721 quae
851 4669 960 4709 non
1005 4657 1391 4727 comeduntur,
1450 4672 1505 4717 et
1563 4664 1825 4722 discernit
1873 4686 1982 4723 non

407 4736 583 4791 solum
613 4739 814 4806 sciens,
838 4743 930 4796 sed
967 4745 1057 4813 qui
1081 4746 1364 4802 scientiam
1389 4752 1676 4808 confirmat
1704 4757 1980 4827 operibus.

405 4826 559 4895 Quod
603 4833 757 4898 pauci
788 4834 841 4886 in
874 4835 979 4890 boc
1012 4839 1235 4893 student
1266 4843 1485 4908 s:eculo,
1516 4846 1699 4900 multis
1730 4826 1863 4902 eam
1887 4866 1986 4918 per

404 4920 560 4975 dolos
615 4921 1005 4989 inficientibus,
1059 4930 1353 5001 multisque
1400 4935 1837 4993 adulterantibus
1888 4957 1984 5009 per

406 5009 740 5080 hypocrisin,
775 5024 833 5070 ut
863 5017 1081 5085 quidam
1119 5022 1230 5089 jam
1262 5023 1533 5091 dubitent,
1566 5028 1728 5081 etiam
1760 5030 1813 5083 in
1845 5032 1983 5084 veris

407 5101 584 5165 lumis,
627 5118 749 5172 quae
786 5107 894 5161 sint
926 5112 1283 5179 comedenda,
1315 5130 1434 5183 quae
1480 5131 1586 5169 non
1624 5119 1979 5186 comedenda,

406 5197 629 5258 propter
653 5193 796 5261 quod
826 5194 900 5249 ait
922 5213 935 5247 :
1284 5252 1295 5265 _

472 5280 581 5339 Ista
611 5293 685 5336 cst
721 5284 823 5339 lex.
859 5286 973 5342 Non
1005 5292 1179 5346 solum
1206 5293 1570 5358 discernendi.
1622 5298 1715 5353 sed
1767 5299 1973 5355 sciendi

402 5372 539 5427 filios
574 5373 760 5430 Israel.
814 5378 1233 5450 Cognoscuntur
1271 5397 1473 5454 autem,
1514 5390 1593 5444 vel
1632 5392 1880 5447 sciuntur
1910 5410 1969 5446 ea

487 5596 532 5628 ⁸⁸
558 5597 579 5650 1
604 5598 743 5653 Tim.
781 5618 855 5663 tv,
887 5605 936 5657 -i.

399 5659 439 5688 υ
476 5607 532 5688 ,τ’
559 5607 579 5650 ι
606 5607 743 5688 "I‘im.
781 5618 855 5688 Ἢ
887 5607 936 5657 .i.
1016 5607 1061 5638 ⁵³
1097 5607 1237 5661 l‘sal.
1264 5626 1356 5672 ιιι,
1382 5610 1434 5665 ii.

474 5668 641 5722 Exod.
668 5686 760 5735 xx,
790 5672 869 5725 l9.

1538 5611 1805 5668 “ann.
1843 5632 1895 5681 v,
1932 5616 2017 5672 l9.

2091 4483 2186 4539 sed
2232 4483 2407 4551 palam
2442 4481 2843 4542 demonstrans,
2890 4477 3035 4547 quod
3091 4476 3205 4546 ipse
3231 4474 3449 4545 quidem
3502 4471 3665 4541 Moysi

2090 4575 2422 4645 loqueretur,
2453 4582 2514 4627 ut
2537 4573 2603 4627 ad
2630 4571 3035 4641 intelligendam
3075 4569 3328 4624 virtutem
3368 4565 3500 4634 legis
3545 4564 3664 4617 ido-

2088 4680 2228 4719 neo:
2270 4663 2481 4734 Moyses
2526 4670 2708 4716 autem
2776 4662 2999 4731 p0pulo,
3052 4668 3114 4714 ut
3155 4658 3281 4728 quia
3326 4671 3435 4710 non
3488 4660 3660 4707 totum

2054 4745 2359 4825 'capiebat,
2405 4768 2510 4807 nec
2559 4751 2803 4821 spiritale
2859 4751 3135 4819 suscipere
3181 4746 3516 4804 mandatum,
3560 4755 3663 4795 nec

2092 4845 2199 4899 Deo
2223 4845 2477 4913 loquente
2507 4843 2697 4897 audire
2721 4843 2920 4911 legem,
2961 4840 3277 4895 sublimiora
3327 4840 3661 4889 narrantem.

2091 4936 2230 4989 llinc
2265 4936 2411 4989 enim
2443 4935 2588 5005 quod
2621 4935 2740 5004 ipso
2762 4932 2872 4987 Deo
2898 4933 3068 5003 legem
3092 4930 3273 4994 dante,
3316 4925 3570 4980 dicebant
3595 4923 3663 4978 ad

2088 5029 2337 5098 Moysen:
2368 5030 2601 5097 Loquere
2631 5036 2685 5082 tu
2709 5027 2872 5098 nobis,
2909 5036 2957 5080 et
2987 5026 3296 5079 audiemus:
3329 5036 3432 5074 non
3477 5018 3663 5083 loqua-

2088 5096 2349 5170 tur—nobis
2391 5096 2668 5179 Dominus,
2722 5096 2795 5168 ne
2838 5116 2972 5179 forte
3012 5108 3399 5167 moriamur“.
3450 5105 3556 5160 Sed
3610 5116 3663 5160 ct

2090 5203 2366 5258 humiliter
2394 5218 2512 5256 eam
2536 5211 2697 5271 atque
2721 5200 3023 5255 secundum
3066 5199 3357 5251 humanam
3391 5194 3663 5265 possibili-

2087 5305 2272 5359 talem,
2321 5294 2539 5348 homine
2567 5293 2816 5347 videlicet
2842 5291 3108 5351 tradente,
3134 5287 3456 5357 suscipiunt,
3499 5295 3559 5340 ut
3594 5285 3663 5340 ad

2084 5389 2331 5458 spiritum
2381 5385 2639 5456 paulatim
2681 5383 3030 5438 ascendatur.
3073 5380 3176 5435 Per
3206 5380 3443 5435 litteram
3498 5378 3661 5447 igitur
3754 5426 3769 5435 ,

2100 5617 2138 5646 ’¹
2176 5614 2333 5671 ίῖιῐῐι.
2377 5631 2469 5672 \tt,
2522 5608 2613 5662 “23.
2728 5605 2771 5636 "
2802 5603 2933 5659 ibid.
2980 5607 3062 5660 ii.
3176 5605 3219 5634 ⁸³
3249 5604 3511 5666 Calat.v,
3564 5598 3645 5651 19.
