4076 6188
502 213 610 283 923

1696 212 2058 273 HESYCHII
2098 211 2573 272 PRESBYTERI

3679 201 3779 267 92$

509 343 701 389 semen
729 327 1038 399 suscipiens
1065 336 1150 382 est
1174 325 1392 392 mulier,
1423 340 1548 395 quae
1585 326 1686 381 viri
1719 326 1961 396 concipit
2015 340 2083 381 ex
2112 330 2157 388 Α
2186 332 2368 379 autem
2420 323 2616 379 diebus
2647 321 2724 377 ait
2776 331 3006 377 matrem
3032 334 3178 377 ‘esse
3235 318 3572 374 immundam
3672 324 3778 376 Aut

510 422 745 479 semine.
778 420 931 477 Hanc
955 428 1163 489 septem
1196 417 1393 472 diebus
1422 432 1544 473 esse
1570 418 1906 474 immundam
1946 419 2096 495 dicit,

510 521 568 570 et
594 511 980 584 quamobrem?
1007 510 1258 565 videlicet
1278 509 1407 579 quia
1442 519 1593 565 sator
1626 511 1940 566 immundus
1987 520 2095 584 est,

514 612 708 674 utpote
762 603 937 655 haeres
964 600 1159 663 Adam,
1192 600 1285 669 qui
1318 615 1417 664 per
1451 601 1940 670 transgressionem
1995 600 2099 653 im-

509 694 750 750 mundus
780 691 955 752 factus
975 730 989 753 ,
1016 700 1180 760 atque
1217 694 1288 746 ita
1338 690 1463 746 Eva:
1488 692 1703 756 mistus,
1741 707 1903 745 omne
1925 706 2098 762 genus

510 784 812 838 humanum
864 781 994 836 fecit
1029 781 1399 836 immundum.
1431 784 1635 851 Aperte
1678 792 1860 836 autem
1898 783 2002 837 hoc
2040 782 2095 836 in

509 884 662 924 sacra
694 867 978 936 Scriptura
1021 869 1310 937 legitur“,
1344 869 1487 937 quod
1529 879 1818 939 postquam
1854 870 1989 924 exiit
2027 870 2094 924 de

510 960 786 1029 paradiso,
823 959 1108 1013 mulierem
1144 976 1299 1013 suam
1328 960 1498 1014 Adam
1523 960 1797 1029 cognovit,
1825 969 1987 1029 atque
2018 960 2092 1014 ita

509 1050 702 1105 deduci
726 1050 1212 1118 cmpithumanum
1243 1068 1433 1121 genus.
1470 1052 1689 1122 Septem
1744 1062 1925 1107 autem
1978 1053 2093 1107 dies

510 1138 638 1193 ideo
688 1139 974 1193 mulierem
1034 1154 1157 1193 esse
1226 1141 1487 1209 praacepit
1542 1141 1918 1209 immundam,
1964 1142 2090 1212 quia

509 1229 705 1294 Adam,
726 1245 821 1299 per
854 1230 1011 1299 cujus
1033 1245 1219 1285 semen
1240 1232 1484 1301 suscepit
1510 1232 1934 1300 immunditiam,
1965 1251 2091 1290 cum

511 1337 713 1392 genere
736 1321 898 1375 vitam
935 1331 1178 1377 nostram
1210 1323 1421 1392 polluit.
1480 1322 1699 1394 Septem
1740 1325 1948 1381 dierum
1986 1344 2090 1382 nu-

510 1429 694 1468 merus
731 1413 999 1483 signiﬁcat
1047 1430 1145 1484 per
1189 1430 1355 1485 quem
1416 1423 1659 1486 tempora
1706 1419 2085 1474 revolvuntur.

510 1504 742 1574 Propter
766 1505 909 1573 quod
968 1505 1130 1559 etiam
1162 1507 1283 1575 ejus
1316 1508 1533 1579 requies
1583 1508 1815 1579 septima
1842 1511 1979 1577 dies,
2033 1511 2086 1566 id

466 1606 619 1661 ‘est,
690 1595 1026 1664 iutelligibile
1091 1608 1343 1666 speratur
1413 1599 1731 1654 Sabbatum.
1804 1600 2085 1667 Quomodo

2204 414 2346 471 forte
2382 416 2508 486 quia
2531 413 2915 470 inobedientia:
2936 428 3100 470 causa
3132 411 3242 467 Eva
3291 409 3514 466 seducta
3544 413 3775 476 exstitit,

2203 510 2565 583 transgressio
2590 518 2798 575 autem,
2829 509 2945 563 sive
2975 506 3343 564 inobedientia
3380 505 3779 562 immunditiam

2200 602 2359 656 nobis
2429 601 2758 670 sordemque
2811 599 3104 664 contraxit,
3160 598 3285 652 ideo
3343 597 3446 652 hoc
3503 594 3647 667 quod
3694 612 3783 653 est

2198 690 2453 760 amplius,
2496 690 2773 759 legislator
2798 688 2854 742 in
2915 688 3196 744 mulierem
3233 688 3528 744 convertit.
3564 688 3671 744 Sed
3722 698 3782 746 et

2197 782 2549 852 quaerendum
2589 791 2674 836 est
2726 797 2823 837 cur
2867 781 3031 850 hujus
3061 781 3135 835 rei
3165 780 3359 852 gratia,
3405 780 3461 834 in
3513 783 3779 853 sanguine

2197 872 2597 940 puriﬁcationis
2625 885 2739 925 sua:
2769 886 2989 925 manere
3016 871 3298 924 mulierem
3336 870 3613 940 praecepit,
3665 889 3776 927 non

2196 962 2456 1032 sanguine
2485 962 2728 1028 sordido,
2753 962 2849 1016 sed
2892 962 2946 1016 in
2995 962 3259 1033 sanguine
3299 962 3526 1027 mundo,
3570 962 3622 1016 id
3668 974 3773 1030 est,

2194 1052 2589 1121 puriﬁcationis
2632 1052 2775 1123 ejus,
2828 1052 2971 1106 sicut
3018 1052 3070 1106 in
3121 1052 3226 1117 bis,
3280 1068 3403 1123 qua:
3437 1063 3767 1122 sequuntur,

2193 1144 2524 1200 ostenditur.

2265 1232 2394 1288 [late
2418 1250 2571 1287 omne
2597 1243 2839 1288 sanctum
2873 1250 2975 1288 non
3033 1236 3224 1305 tangit,
3268 1244 3315 1288 et
3358 1236 3415 1289 in
3466 1239 3776 1293 sanctuario

2192 1343 2292 1380 non
2331 1327 2625 1397 ingreditur
2663 1342 2825 1395 usque
2851 1326 2977 1379 dum
3002 1312 3364 1395 compleantur
3388 1328 3497 1382 dies
3523 1329 3775 1398 puriﬁca-

2190 1414 2344 1467 tionis
2381 1414 2517 1482 ejus.
2549 1414 2604 1467 Si
2629 1429 2759 1484 ergo
2787 1413 2839 1467 in
2874 1414 3136 1484 sanguine
3179 1413 3384 1469 mundo
3416 1416 3634 1486 triginta
3664 1425 3776 1473 tres

2189 1505 2308 1560 dies
2329 1512 2386 1559 et
2421 1519 2583 1559 omne
2613 1514 2861 1558 sanctum
2897 1521 3007 1560 non
3040 1505 3232 1577 tangit,
3272 1515 3328 1561 et
3360 1507 3415 1560 in
3464 1508 3774 1563 sanctuario

2189 1612 2297 1649 non
2327 1596 2651 1668 ingreditur,
2698 1595 2843 1651 unde
2889 1596 3201 1666 liujusmodi
3255 1613 3502 1664 causam,
3545 1598 3652 1653 nisi
3701 1615 3767 1654 es

510 1697 692 1740 autem
736 1696 978 1741 nostram
1014 1688 1206 1757 polluit
1235 1689 1442 1744 vitam?
1467 1689 1737 1746 luduceus
1760 1692 1806 1746 ei
1832 1692 2090 1748 maledic—
2121 1676 2162 1731 Β
2192 1687 2403 1742 dierum
2433 1687 2870 1757 perscrutatione
2895 1686 3272 1757 reperiemus?
3300 1687 3545 1759 Triginta
3567 1691 3769 1761 quippe

514 1778 716 1833 tionem
745 1788 802 1832 et
837 1778 1174 1835 transferens
1203 1781 1270 1835 ad
1296 1782 1593 1848 miseriam,
1630 1799 1748 1837 eam
1780 1800 1942 1854 quam
1972 1799 2091 1838 sor-

510 1870 597 1923 titi
626 1869 906 1924 fueramus
944 1870 1013 1924 ab
1056 1870 1213 1926 initio
1256 1872 1675 1929 beatitudinem.
1717 1875 1872 1941 Quod
1917 1875 2091 1929 mani-

510 1961 711 2016 festum
742 1968 823 2017 est
851 1976 915 2016 ex
948 1961 1055 2028 his,
1086 1978 1208 2033 quae
1238 1963 1379 2019 Deus
1408 1958 1476 2020 ad
1516 1965 1686 2021 Adam
1717 1967 1885 2022 dicit:
1926 1966 2091 2022 Male-

508 2056 650 2109 dicta
711 2064 854 2109 terra
907 2056 964 2108 in
1016 2057 1257 2124 operibus
1305 2059 1447 2123 tuis,
1505 2060 1718 2129 spinas,
1775 2068 1824 2114 et
1873 2059 2090 2113 tribulos

508 2146 827 2216 geminabit
875 2146 970 2201 tibi
990 2148 1072 2201 “.
1136 2147 1429 2219 Propterea
1493 2159 1551 2205 et
1607 2166 1757 2205 nunc
1816 2151 2091 2222 legislator

506 2238 645 2294 dixit
673 2256 687 2292 :

579 2331 885 2386 Secundum
912 2331 1024 2385 dies
1056 2333 1407 2400 separationis
1458 2330 1738 2389 menstrua:
1768 2350 1788 2387 :
1816 2334 1904 2389 vel
1948 2334 2091 2390 sicut

506 2418 897 2491 Septuaginta:
932 2419 1235 2476 Secundum
1269 2425 1379 2477 dies
1425 2426 1758 2495 purgationis
1809 2436 2091 2481 menstrua

506 2512 783 2566 immunda
811 2513 929 2567 erit.
957 2513 1097 2578 Quid
1143 2523 1324 2568 autem
1348 2515 1455 2571 hoc
1485 2515 1579 2581 sit,
1621 2516 1712 2570 alii
1762 2516 2090 2588 interpretes

505 2602 724 2672 planius
786 2604 1128 2658 ediderunt:
1174 2604 1534 2675 Symmachus
1588 2606 1811 2676 quidem
1875 2606 2084 2674 dicens,

504 2695 793 2748 secundum
849 2696 961 2750 dies
1020 2697 1371 2765 separationis
1397 2735 1412 2760 ,
1470 2697 1791 2767 aﬂlictionis:
1863 2697 2076 2769 Apulia,

502 2787 855 2855 separationis
890 2827 905 2851 ,
961 2789 1226 2852 miserim;
1278 2787 1655 2859 Theodotion,
1709 2794 2086 2867 separationis,

504 2878 700 2931 doloris
746 2879 883 2948 ejus.
930 2878 1148 2934 Miseria
1190 2888 1396 2943 autem,
1449 2888 1505 2936 et
1552 2882 1793 2939 afﬂictio.
1827 2893 1884 2937 et
1932 2885 2087 2941 dolor

505 2976 640 3023 tunc
686 2984 808 3024 esse
854 2970 1041 3040 coepit,
1097 2981 1382 3042 postquam
1430 2983 1715 3043 separatus
1772 2990 1804 3031 a
1835 2976 2086 3046 paradiso

504 3060 701 3125 Adam,
741 3070 984 3116 nostram
1017 3063 1245 3117 sortitus
1263 3073 1349 3119 est
1395 3065 1584 3127 vitam.
1610 3067 1738 3137 quia
1786 3066 1842 3121 in
1887 3068 2087 3125 sudore

503 3150 685 3205 vultus
714 3152 1003 3207 comedere
1035 3169 1232 3223 panem
1284 3157 1637 3211 condemnati
1685 3172 1894 3214 sumus.
1947 3159 2087 3216 lluic

504 3242 687 3298 sensui
717 3242 1019 3313 planiorem
1089 3253 1143 3299 et
1188 3246 1598 3302 indubitabilem
1640 3248 1848 3305 addidit
1891 3251 2087 3322 proba-

506 3333 735 3400 tionem,
764 3349 887 3389 cum
921 3335 1090 3391 dicit:

576 3423 675 3477 Die
712 3434 897 3478 octauo
940 3426 1341 3479 circumcidetur
1393 3428 1717 3497 infantulus.
1764 3428 1889 3484 Dies
1937 3430 2084 3485 enim

502 3523 748 3580 octavus,
773 3515 1029 3585 quoniam
1048 3517 1298 3586 septimae
1320 3517 1426 3573 diei
1450 3561 1466 3584 ,
1491 3535 1613 3590 qua:
1639 3519 1814 3590 imago
1840 3528 1924 3575 est
1944 3536 2084 3591 prae—

500 3604 672 3659 sentis
708 3605 851 3672 vitae,
878 3607 1142 3674 succedit,
1170 3607 1394 3679 ﬁguram
1422 3612 1561 3681 gerit
1589 3610 1953 3666 futuris-seculi
1979 3654 1994 3678 ,
2029 3612 2082 3666 in

497 3707 607 3760 quo
649 3706 871 3746 carnem
904 3694 1157 3764 pra'putii
1207 3696 1653 3752 eircumcidimus
1675 3739 1689 3764 ,
1714 3713 1878 3768 opera
1903 3699 2083 3754 carnis

497 3783 679 3838 omnia
695 3785 1060 3854 deponentes:
1077 3796 1204 3843 tunc
1227 3789 1317 3858 qui
1326 3805 1429 3859 ppc
1448 3805 1556 3843 non
1574 3790 1749 3843 solum
1768 3805 1877 3844 non
1897 3806 2085 3860 pecca-

501 3872 629 3938 turi,
652 3874 745 3928 sed
768 3888 871 3929 nec
899 3876 1215 3942 comesturi,
1243 3889 1336 3932 aut
1369 3878 1613 3945 bibituri,
1638 3888 1730 3933 aut
1751 3879 1970 3949 nupturi
1990 3895 2084 3934 su-

498 3979 640 4019 mus.
663 3962 877 4020 Erimus
915 3975 1097 4022 autem
1125 3968 1516 4038 proculdubio,
1532 3970 1675 4027 sicut
1698 3972 1772 4027 ait
1796 3973 2077 4035 Dominus.

496 4068 561 4107 ex
587 4056 1009 4124 carruptibilibus
1049 4058 1499 4131 incorruptibiles,
1532 4062 1675 4118 sicut
1720 4064 1895 4135 angeli
1923 4066 1995 4117 "':
2026 4074 2082 4120 et

496 4144 682 4198 mundi
750 4146 926 4200 ntodis
990 4148 1268 4214 omnibus,
1312 4165 1379 4203 ex
1432 4151 1730 4206 immundis
1789 4152 2074 4208 cﬁicimur.

494 4233 800 4289 Seminatur
842 4237 1024 4307 igitur,
1052 4239 1128 4292 ait
1174 4239 1394 4306 Paulus,
1457 4242 1514 4295 in
1550 4245 1886 4313 corruptione
1907 4246 1986 4310 ";
2029 4246 2075 4300 si

2192 1787 2248 1833 et
2269 1787 2380 1834 tres
2402 1778 2519 1833 dies
2552 1778 2674 1833 ideo
2699 1778 2939 1843 tradidit,
2968 1788 3022 1832 ut
3063 1777 3294 1847 adjectis
3324 1788 3558 1849 septem,
3584 1783 3772 1837 cuncti

2191 1868 2546 1940 quadraginta
2605 1867 2756 1923 ﬁant.
2808 1868 2969 1924 Aliud
3022 1884 3151 1940 ergo
3207 1884 3308 1939 per
3367 1870 3775 1942 boclegislator

2191 1962 2482 2035 signiﬁcat.
2519 1961 2659 2028 Quia
2686 1977 2816 2031 ergo
2847 1962 2902 2015 in
2937 1961 3129 2016 diebus
3158 1963 3515 2034 quadraginta
3557 1980 3773 2020 mascu-

2190 2054 2277 2109 lus
2315 2054 2519 2109 dicitur
2557 2053 2738 2109 infans
2781 2052 3025 2120 formari,
3055 2054 3165 2109 duo
3207 2054 3323 2109 haec
3371 2070 3467 2125 per
3512 2071 3595 2121 ea,
3645 2073 3772 2127 qua

2190 2145 2331 2202 dicta
2363 2153 2492 2200 sunt
2510 2146 2841 2215 probantur:
2878 2144 2931 2199 id
2966 2156 3069 2210 est,
3102 2144 3229 2215 quia
3258 2145 3369 2215 ipse
3394 2146 3613 2215 quidem
3639 2150 3772 2203 sub-

2191 2237 2400 2293 stantia
2446 2237 2665 2308 generis
2717 2236 2945 2291 humani
2994 2237 3197 2290 munda
3243 2245 3348 2303 est,
3406 2238 3549 2293 sicut
3595 2254 3623 2292 a
3661 2237 3774 2295 Deo

2190 2338 2397 2385 creata:
2442 2328 2632 2384 Omnia
2673 2328 2846 2395 enim,
2897 2343 3015 2397 qua:
3049 2328 3172 2399 fecit
3209 2327 3368 2394 Deus,
3415 2339 3566 2382 erant
3622 2331 3774 2385 ualde

2191 2422 2325 2476 bona
2343 2422 2385 2454 ⁶⁹
2407 2464 2421 2487 ,
2452 2428 2509 2475 et
2547 2419 2719 2474 multo
2753 2418 2926 2491 magis
2951 2419 3137 2474 homo.
3167 2417 3395 2489 Propter
3434 2421 3578 2491 quod
3611 2422 3680 2474 ait
3716 2422 3771 2476 in

2189 2512 2455 2583 sanguine
2536 2511 2773 2576 mundo,
2836 2511 2950 2565 sive
3022 2509 3424 2580 puriﬁcationis
3485 2512 3771 2567 mulierem

2189 2604 2399 2659 sedere.
2423 2602 2561 2670 Quia
2586 2611 2768 2657 autem
2790 2618 2890 2673 per
2911 2600 3318 2657 successionem
3342 2601 3471 2657 Adae
3500 2610 3772 2672 transgre-

2188 2695 2388 2752 dientis
2426 2695 2588 2750 laesus
2621 2703 2724 2761 est,
2764 2692 3073 2749 necessarie
3108 2707 3229 2762 quae
3276 2707 3465 2755 semen
3490 2692 3767 2763 ,suSrepit,

2187 2799 2240 2844 et
2266 2788 2539 2858 concepit,
2564 2801 2728 2843 omne
2766 2794 3016 2841 sanctum
3049 2800 3161 2838 non
3194 2784 3386 2855 tangit,
3432 2794 3489 2840 et
3528 2784 3581 2838 in
3612 2800 3772 2839 sanc-

2188 2879 2364 2934 tuario
2389 2895 2498 2935 non
2521 2878 2872 2950 ingredietur,
2897 2891 3071 2946 usque
3092 2876 3219 2931 dum
3246 2876 3628 2946 compleantur
3653 2876 3773 2931 dies

2112 3004 2155 3063 C
2189 2970 2585 3063 puriﬁcationis
2629 2970 2781 3063 ejus:
2823 2969 2875 3063 id
2911 2977 3235 3063 est,ﬂusque
3264 2967 3392 3063 dum
3446 2968 3770 3063 complean-

2189 3070 2277 3117 tur
2304 3062 2421 3117 dies
2448 3061 2827 3133 quadraginta,
2855 3061 2908 3115 in
2939 3060 3136 3130 quibus
3169 3074 3306 3130 puer
3332 3059 3616 3114 formatur.
3649 3058 3773 3129 Ipsa

2186 3150 2389 3221 quippe
2435 3150 2613 3222 imago
2664 3150 2781 3217 Dei,
2841 3151 3122 3206 inundatio
3163 3160 3247 3205 est
3287 3158 3497 3205 naturae
3544 3160 3774 3212 nostrae,

2186 3240 2433 3310 quamvis
2456 3239 2621 3294 fuerit
2653 3239 2953 3295 sordidata.
2991 3239 3131 3311 Ergo
3168 3256 3508 3310 nequaquam
3559 3240 3774 3311 ingredi

2185 3331 2240 3386 in
2275 3332 2606 3396 sanctuario,
2636 3346 2739 3387 nec
2767 3346 2930 3388 omne
2956 3340 3202 3386 sanctum
3236 3340 3456 3401 tangere
3510 3330 3774 3401 praecepti

2187 3424 2486 3488 fueramus,
2549 3422 2656 3480 nisi
2703 3423 2881 3495 imago
2948 3421 3043 3477 Dei
3108 3423 3280 3479 semel
3332 3421 3532 3477 donata
3581 3434 3775 3479 nostro

2186 3516 2395 3586 generi,
2448 3522 2765 3570 sanctorum
2817 3514 2977 3571 nobis
3036 3513 3384 3585 praestitisset
3437 3513 3772 3583 ingressum.

2187 3605 2414 3675 Propter
2466 3622 2627 3677 quam
2672 3605 2987 3662 salvandam
3027 3605 3142 3675 ipse
3177 3620 3396 3674 quoque
3447 3603 3773 3659 incarnatus

2185 3705 2267 3750 est
2294 3696 2577 3762 Dominus,
2617 3711 2771 3751 suam
2807 3696 3097 3767 imaginem
3157 3694 3370 3750 salvarc
3402 3694 3609 3763 volens.
3665 3695 3774 3749 Sed

2185 3785 2239 3839 in
2297 3786 2653 3857 quadraginta
2712 3786 2907 3840 diebus
2955 3786 3024 3839 ad
3069 3785 3268 3841 omium
3336 3800 3457 3839 eam
3521 3784 3769 3850 sustulit,

2183 3878 2483 3933 secundum
2505 3878 2648 3948 quod
2674 3893 2794 3932 eam
2821 3877 3103 3935 hominem
3156 3878 3451 3948 plasmans,
3488 3877 3541 3930 in
3601 3877 3772 3933 vulva

2182 3969 2369 4035 donat,
2400 3977 2455 4023 et
2480 3979 2611 4024 tunc
2645 3969 2712 4023 ad
2744 3985 2933 4024 verum
2979 3970 3355 4024 sanetuarium
3412 3978 3607 4023 natura
3671 3984 3773 4023 no—

2183 4073 2293 4117 stra
2321 4061 2639 4132 ingreditur.
2674 4063 2875 4131 Aperte
2912 4070 3091 4116 autem
3122 4062 3239 4117 haec
3261 4062 3557 4132 probantur
3580 4078 3690 4131 per
3708 4079 3772 4117 ea

2180 4167 2300 4221 qua:
2354 4151 2422 4206 de
2465 4167 2664 4223 genere
2723 4150 2964 4205 femineo
3022 4152 3366 4207 sanciuutur.
3426 4150 3564 4217 Quia
3619 4152 3769 4207 enim

2178 4244 2509 4315 octogesima
2537 4244 2625 4299 die
2656 4243 2876 4300 formari
2922 4244 2980 4296 in
3023 4252 3179 4298 utero
3225 4243 3440 4298 femina:
3477 4243 3768 4303 dicuntur,

494 4324 658 4393 igitur
696 4329 750 4380 in
789 4332 1142 4398 corruptione
1203 4331 1508 4386 seminatur
1565 4349 1766 4404 corpus
1810 4336 2065 4403 animale,
2104 4365 2145 4418 υ
2177 4336 2514 4390 tantumdem
2543 4352 2832 4391 numerum
2864 4335 2932 4389 ad
2957 4335 3333 4404 impletionem
3368 4334 3580 4389 dierum
3614 4335 3769 4403 puri-

493 4413 665 4485 surgit
695 4430 897 4487 corpus
915 4419 1191 4487 spiritale;
1226 4436 1355 4493 ergo
1385 4423 1477 4477 hic
1498 4432 1581 4477 est
1600 4423 1793 4479 modus
1847 4435 2070 4495 propter

491 4521 653 4575 quem
679 4505 943 4563 infantem
966 4520 1159 4565 octavo
1193 4511 1281 4566 die
1317 4513 1472 4583 jubet
1529 4513 1866 4570 circumcidi.
1897 4516 2062 4572 lucir-

491 4598 793 4654 cumcisum
820 4609 1004 4656 autem
1039 4603 1223 4673 perire
1278 4605 1346 4660 de
1398 4606 1599 4676 populo
1654 4623 1754 4662 suo
1804 4609 2063 4675 ostendit,

487 4688 616 4758 quia
642 4685 769 4745 ante
795 4690 1290 4761 circumcisionem,
1317 4695 1734 4753 abominabilem
1764 4697 1927 4754 habet
1946 4715 2066 4754 car-

487 4793 613 4834 nem
646 4788 703 4834 et
737 4780 1097 4850 immundam,
1138 4793 1359 4856 propter
1408 4802 1603 4842 causas
1631 4787 1882 4843 videlicet
1929 4803 2067 4859 quas

487 4872 743 4943 superius
765 4873 1023 4931 diximus.
1050 4875 1346 4932 Mundatur
1389 4886 1571 4933 autem
1625 4895 1724 4951 per
1776 4882 2067 4937 circumci-

485 4960 720 5029 sionem,
755 4979 877 5034 qua
917 4964 1208 5038 imaginem
1253 4969 1393 5040 gerit
1445 4972 1863 5028 resurrectionis
1918 4988 2067 5026 mor-

487 5062 723 5109 tuorum.
741 5054 874 5111 Illud
899 5068 1081 5113 autem
1113 5060 1278 5115 nimis
1303 5062 1657 5130 quaerendum
1673 5071 1777 5130 est,
1799 5065 2065 5135 quamob-

493 5159 611 5199 rem
673 5146 994 5205 circumcidi
1056 5151 1145 5208 lcx
1214 5152 1560 5223 praecipiens,
1629 5155 1798 5224 ipsius
1844 5156 2061 5226 quidem

486 5232 885 5293 immunditiam
911 5251 1072 5309 tacet,
1111 5252 1340 5298 matrem
1368 5253 1548 5298 autem
1584 5244 1917 5301 immundam
1940 5262 2062 5302 esse

486 5319 640 5386 dicit,
681 5339 853 5395 usque
879 5329 947 5384 ad
966 5329 1114 5386 diem
1164 5332 1219 5387 in
1246 5348 1355 5404 quo
1393 5333 1573 5391 infans
1607 5336 2055 5391 circumciditur:

485 5419 677 5466 octavo
737 5415 939 5487 quippe
990 5424 1248 5494 praecepit
1311 5425 1399 5481 die
1455 5426 1795 5491 circumcidi,
1851 5436 2058 5497 septem

557 5605 602 5638 “
650 5606 789 5664 Gen.
821 5628 893 5678 iv,
930 5615 973 5669 ι.

1072 5619 1114 5650 ⁸⁸
1146 5620 1285 5676 Ceu.
1320 5637 1399 5689 ιιι,
1443 5622 1524 5688 l7,
1574 5622 1652 5677 l8.
1732 5623 1774 5653 ⁸⁷
1805 5620 1994 5677 Matth.
2030 5641 2161 5690 xxii,
2192 5628 2277 5680 50.

2176 4425 2446 4481 ﬁcationis
2471 4441 2681 4494 earum,
2715 4442 2836 4496 quae
2865 4439 3052 4480 semen
3082 4423 3417 4494 suscipiunt,
3476 4424 3767 4493 prazcepit,

2174 4519 2251 4573 ait
2280 4517 2427 4573 enim
2467 4518 2577 4573 sic:

2244 4608 2302 4666 Si
2353 4611 2599 4677 feminam
2628 4609 2850 4679 peperit,
2904 4610 3176 4663 immunda
3204 4609 3300 4661 erit
3320 4607 3523 4661 duabus
3558 4606 3768 4660 hebdo-

2174 4703 2412 4756 madibus
2441 4720 2452 4754 :
2479 4703 2637 4773 juxta
2672 4703 2832 4755 ritum
2876 4704 3052 4771 [luxus
3110 4702 3384 4755 menstrui.

2240 4792 2307 4849 Et
2361 4809 2483 4848 cum
2538 4802 2753 4864 oportet
2799 4794 3208 4864 quatuordecim
3262 4794 3479 4858 dicere.
3517 4810 3635 4850 non
3688 4795 3767 4851 sic

2167 4881 2344 4946 dicit,
2396 4882 2489 4937 sed
2561 4881 2775 4936 duabus
2836 4881 3287 4941 hebdomadibus.
3344 4882 3500 4950 juxta
3574 4885 3752 4939 ritum

2166 4971 2343 5029 ﬁuxus
2380 4972 2669 5027 menstrui.
2693 4974 2923 5042 Propter
2946 4975 3088 5042 quod
3120 4972 3185 5027 ad
3218 4974 3369 5028 illum
3427 4990 3531 5029 nos
3584 4985 3765 5031 tunso

2175 5064 2340 5118 mittit
2395 5079 2637 5128 sensum,
2696 5064 2749 5119 id
2781 5073 2884 5129 est,
2910 5073 2970 5119 ut
3028 5065 3082 5119 in
3133 5075 3342 5135 Septem
3388 5067 3619 5136 quidem
3653 5068 3765 5122 die-

2170 5155 2273 5211 bus
2318 5172 2438 5211 esse
2466 5157 2758 5211 humanam
2807 5158 2972 5212 vitam
3001 5176 3013 5211 :
3038 5156 3215 5213 ﬂuxus
3256 5169 3436 5213 autem
3486 5156 3763 5213 menstrui

2168 5246 2515 5302 aﬁlictionem
2565 5250 2702 5317 ejus,
2750 5258 2806 5304 et
2867 5249 3132 5312 dolorem,
3158 5259 3214 5305 et
3263 5250 3537 5304 miseriam
3595 5250 3763 5304 intel-

2167 5338 2417 5409 ligamus.
2441 5338 2581 5394 Dixit
2621 5348 2800 5393 autem
2840 5340 3051 5395 duabus
3098 5340 3529 5396 hebdomadibus
3584 5349 3762 5401 recte.

2169 5431 2293 5500 quia
2350 5429 2515 5501 duplo
2578 5446 2749 5501 genus
2799 5430 3063 5484 muliebre
3121 5430 3404 5484 multatum
3480 5430 3766 5499 estzquia

2359 5628 2401 5655 ’θ’
2428 5627 2445 5680 l
2468 5628 2591 5682 Cor.
2629 5644 2715 5693 xv,
2750 5628 2835 5681 $2.
2918 5630 2961 5661 ‘9
2988 5626 3121 5682 Gell.
3161 5643 3197 5691 ι,
3222 5628 3312 5681 51.
