4076 6188
420 226 529 292 925

1526 230 1610 292 IN
1646 229 2084 293 LEVITICUM-
2123 257 2193 269 —
2225 234 2372 295 LIB.
2413 234 2511 298 IV.

407 353 556 408 enim
605 358 662 405 et
707 347 878 403 Adam
937 344 1396 407 maledictionem.
1457 345 1509 399 in
1541 345 1740 425 sudore
1785 346 1969 401 vultus
2003 353 2048 410 Α
2075 346 2217 417 quod
2255 362 2546 411 accusans,
2605 348 2702 403 sed
2741 347 2977 404 'matrem
3065 359 3316 408 naturam
3385 353 3664 425 appellat:

408 444 491 499 sui
542 440 878 498 manducans
924 452 1118 508 panem
1176 451 1360 491 suum.
1403 424 1579 489 Habet
1628 436 1791 490 etiam
1864 436 1979 505 ipsa

409 543 629 594 terram,
668 531 870 601 spinas,
891 536 946 582 et
986 526 1209 581 tribulos
1247 524 1664 595 germinantem,
1696 539 1816 592 qua:
1858 539 1983 578 cum
2018 537 2030 555 ο

409 642 471 681 ex
528 636 670 679 terra
727 631 843 676 orta
912 619 1003 682 sit,
1061 617 1116 670 in
1165 626 1365 670 terram
1451 614 1758 669 revertitur.
1812 613 1986 669 liabet

407 717 568 770 etiam
597 728 812 784 ptenam
860 710 1150 780 specialem
1193 725 1207 762 :
1249 706 1312 760 In
1334 705 1552 758 tristitia
1600 705 1775 773 paries
1824 704 1983 773 ﬁlios,

406 818 454 862 et
499 813 569 861 ad
613 807 785 861 virum
828 816 977 857 tuum
1035 800 1298 855 conversio
1344 807 1454 862 tua,
1518 805 1565 851 et
1613 798 1724 866 ipse
1768 798 1846 850 tui
1892 798 1987 851 do-

405 899 689 953 minabitur
708 896 774 950 ⁷ο.
819 895 884 948 Et
924 901 1212 962 propterea
1253 890 1483 951 duabus,
1531 888 1728 957 inquit,
1779 888 1988 943 hebdo-

404 989 653 1044 madibus
700 985 977 1040 immunda
1024 983 1149 1047 erit,
1191 982 1343 1051 juxta
1389 982 1551 1034 ritum
1602 979 1779 1034 ﬂuxus
1831 995 1988 1034 men-

407 1077 878 1148 strui.Sexaginta
906 1081 1085 1129 autem
1116 1082 1171 1128 et
1217 1088 1312 1127 sex
1358 1073 1548 1127 dit-bus
1605 1073 1659 1125 in
1724 1073 1989 1143 sanguine

405 1170 628 1233 mundo,
683 1168 735 1222 id
761 1177 861 1229 est,
896 1165 949 1219 in
980 1164 1357 1236 purificatione
1405 1162 1634 1229 sedebit,
1665 1171 1851 1217 sancta
1881 1178 1988 1217 non

407 1270 632 1330 tangens
658 1301 673 1324 ,
705 1272 877 1326 usque
933 1256 1060 1311 dum
1094 1255 1470 1324 compleantur
1519 1253 1637 1308 dies
1688 1254 1985 1324 octoginta.

403 1345 647 1412 Quatuor
670 1345 816 1398 enim
840 1352 894 1397 et
935 1342 1144 1405 decem,
1177 1356 1342 1411 super
1376 1339 1654 1411 sexaginta
1673 1355 1765 1395 sex
1787 1341 1986 1405 addita,

403 1439 678 1508 octoginta
710 1437 917 1491 faciunt
943 1475 955 1497 ,
977 1436 1032 1488 in
1068 1435 1266 1504 quibus
1303 1433 1503 1489 femina
1539 1435 1822 1489 formatur.
1854 1433 1990 1503 Ergo

403 1532 523 1584 sine
589 1529 767 1597 aliqua
824 1526 1163 1580 dubitatione
1227 1526 1504 1595 legislator
1543 1526 1798 1585 ostendit.
1863 1525 1988 1595 quia

398 1619 741 1674 immundum
796 1616 999 1670 factum
1046 1615 1335 1670 maledicto
1376 1625 1837 1687 nostrnmgenus.
1887 1632 1987 1669 ne-

2084 436 2480 489 immunditiam
2527 436 2730 505 peccati
2771 437 2898 489 Adae
2927 444 2981 491 et
3015 436 3140 491 Evze
3187 439 3240 492 in
3285 454 3447 494 omne
3488 454 3666 510 genus

2086 535 2331 580 nostrum
2358 527 2701 581 descendisse
2717 526 3046 597 significans.
3065 528 3127 583 Et
3156 540 3443 599 propterea
3483 546 3662 601 quan-

2087 615 2158 670 do
2212 616 2462 685 completi
2494 616 2716 671 fuerunt
2742 617 2859 671 dies
2901 617 3312 686 purificationis.
3365 622 3666 674 secundum

2091 706 2404 775 praedictum
2445 708 2688 769 modum,
2746 708 3071 763 sacrificium
3128 726 3229 779 pro
3250 722 3473 779 peccato
3512 712 3670 779 jubet

2089 796 2291 850 offerri.
2321 796 2457 862 Quia
2508 807 2564 851 et
2604 813 2801 867 agnum
2841 799 3155 853 anniculam
3203 800 3256 853 in
3289 799 3666 854 holocaustum

2090 894 2220 941 tunc
2258 887 2521 940 immolari
2579 888 2855 957 praecepit,
2907 889 3192 944 evidenter
3227 890 3356 944 illud
3405 892 3666 958 ostendit,

2087 986 2143 1032 et
2170 978 2431 1047 approbat
2462 979 2850 1046 consideranti,
2912 981 3036 1051 quia
3101 981 3190 1036 Dei
3255 982 3433 1053 imago
3488 984 3669 1053 perfe-

2088 1070 2321 1123 ctionem
2371 1069 2554 1137 generi
2593 1078 2782 1126 nostro
2838 1072 3045 1127 tribuit.
3103 1072 3236 1128 Nam
3290 1073 3667 1129 formationem

2088 1160 2307 1227 quidem
2339 1160 2454 1214 dies
2490 1163 2786 1217 ostendunt
2837 1165 3226 1231 mundationis,
3278 1165 3667 1235 perfectionem

2089 1258 2270 1304 autem
2317 1250 2637 1306 sacrificium
2682 1254 3008 1309 holocausti.
3034 1255 3377 1311 Manifestum
3397 1266 3479 1311 est
3497 1258 3668 1325 enim,

2092 1344 2215 1412 quia
2243 1343 2505 1413 integrann
2542 1352 2594 1398 et
2629 1345 2924 1414 perfectam
2952 1347 3422 1401 conversationem
3451 1349 3669 1403 denun-

2095 1435 2188 1487 tiat
2216 1434 2604 1488 ltolocauSIum.
2651 1434 2755 1489 Sed
2801 1446 2857 1490 et
2897 1452 3091 1507 agnum
3124 1438 3433 1492 anniculam
3478 1439 3670 1492 imma-

2093 1528 2330 1580 culatum
2374 1526 2640 1582 sacrificio
2679 1529 2977 1598 deputavit,
3006 1545 3069 1583 ex
3094 1541 3324 1600 utroque
3374 1534 3667 1603 designans

2092 1616 2502 1685 perfectionem.
2527 1617 2665 1683 Quid
2696 1620 2840 1672 enim
2904 1628 2986 1673 est
3054 1636 3271 1690 agnum,
3328 1630 3421 1676 aut
3464 1622 3666 1691 aliquid

400 1724 669 1779 quaquam
722 1708 951 1762 intraret
1002 1708 1057 1761 in
1106 1708 1330 1768 sanctis.
1390 1708 1495 1763 nisi
1550 1724 1649 1778 per
1694 1708 1982 1780 imaginem
2019 1699 2055 1751 Β
2088 1709 2193 1763 tale
2250 1709 2396 1764 aliud
2457 1709 2511 1764 in
2578 1710 2864 1772 sacriﬁcio,
2930 1711 3070 1765 forte
3114 1727 3223 1765 non
3295 1710 3665 1768 invenientem

405 1795 515 1860 Dei,
559 1810 718 1865 quam
751 1795 919 1849 semel
963 1794 1213 1848 sortitum
1272 1804 1376 1860 est,
1433 1804 1488 1850 et
1541 1805 1828 1866 propterea
1888 1812 1981 1850 sn-

400 1890 693 1959 scipientes
733 1902 921 1942 semen
976 1887 1250 1947 mulieres,
1295 1887 1837 1943 diebusformationis
1888 1904 1986 1958 pa-

398 1975 711 2029 riendorum
764 1974 1134 2044 parvulorum.
1170 1975 1238 2030 de
1280 1977 1483 2032 sanctis
1515 1984 1786 2032 vetantur.
1829 1977 1987 2044 Quod

398 2065 443 2120 si
475 2064 611 2119 dicis
634 2082 647 2117 :
672 2063 1035 2130 Quamobrem
1065 2076 1176 2118 non
1219 2065 1389 2136 magis
1412 2065 1466 2119 in
1497 2075 1652 2121 utero
1704 2066 1983 2131 habentes,

398 2156 593 2211 diebus
634 2154 997 2218 formationis,
1034 2155 1102 2209 de
1134 2157 1337 2211 sanctis
1375 2165 1576 2212 matres
1599 2158 1985 2223 prohibentur?

398 2247 599 2301 frustra
634 2246 739 2301 hoc
770 2247 1071 2319 interrogas
1103 2265 1116 2301 :
1149 2248 1414 2302 incertum
1460 2257 1546 2303 est
1576 2250 1723 2303 enim
1757 2250 1830 2315 ei,
1862 2266 1984 2320 quae

398 2337 617 2405 gravida
667 2345 769 2402 est,
796 2345 979 2391 utrum
1029 2352 1236 2393 marem
1275 2352 1375 2393 seu
1426 2337 1682 2394 feminam
1744 2341 1983 2410 paritura

398 2436 502 2481 est:
542 2437 598 2482 et
627 2427 773 2482 unde
805 2428 1149 2483 manifestum
1179 2443 1299 2484 esse
1335 2439 1547 2500 poterat
1576 2440 1845 2501 quotquot
1861 2433 1983 2488 die-

398 2515 502 2569 bus
534 2514 817 2584 oportebat
845 2530 964 2571 eam
989 2516 1057 2571 de
1088 2518 1291 2572 sanctis
1309 2518 1596 2588 prohibere
1622 2520 1646 2573 ’ἒ
1681 2520 1820 2592 Ergo
1864 2537 1981 2576 ma-

398 2606 593 2661 nifesta
622 2616 707 2662 est
738 2623 895 2663 causa
927 2624 1025 2679 pro
1053 2624 1160 2679 qua
1190 2610 1305 2666 haec
1334 2610 1610 2683 legislator
1642 2612 1701 2667 in
1731 2613 1836 2669 illis
1869 2614 1980 2670 dis-

397 2696 605 2767 posuit.

464 2787 628 2845 Vens.
642 2789 756 2846 6-8.
781 2809 799 2843 ι
821 2791 1064 2863 Cumque
1079 2793 1273 2865 expleti
1291 2794 1493 2851 fuerint
1515 2795 1630 2851 dies
1648 2795 1981 2866 purificatio-

394 2878 481 2934 nis
496 2880 634 2949 ejus,
650 2897 748 2951 pro
764 2882 892 2949 filio,
932 2883 1046 2940 sive
1079 2901 1178 2955 pro
1208 2885 1337 2951 filia,
1365 2886 1575 2942 deferat
1595 2903 1793 2959 agnum
1823 2887 1980 2941 anni-

395 2968 577 3024 culutn
611 2970 666 3024 in
684 2971 1080 3039 holocaustum,
1103 2983 1159 3029 et
1190 2975 1397 3045 pullum
1428 2976 1712 3043 columbae,
1731 2977 1844 3031 sive
1866 2985 1979 3031 tur-

394 3069 571 3116 turem
588 3077 687 3131 pro
713 3071 957 3132 peccato,
976 3065 1044 3119 ad
1064 3064 1261 3119 ostium
1281 3066 1615 3122 tabernaculi
1654 3066 1973 3133 testimonii,

394 3161 450 3207 et
490 3153 665 3208 tradat
701 3155 992 3217 sacerdoti,
1032 3156 1124 3225 qui
1164 3157 1356 3211 offerat
1394 3158 1481 3212 illa
1500 3174 1681 3212 coram
1723 3159 1973 3227 Domino,

395 3251 454 3296 et
489 3252 639 3313 roget
678 3259 780 3313 pro
813 3260 898 3312 ea,
923 3254 979 3300 et
999 3247 1079 3302 sic
1110 3247 1458 3303 mandabitur
1494 3265 1524 3304 a
1553 3249 1819 3320 profluvio
1851 3266 1977 3306 san-

394 3333 576 3402 guinis
635 3334 741 3389 sui.
809 3334 912 3390 Ista
954 3345 1038 3392 est
1094 3338 1178 3393 lex
1238 3340 1498 3408 parientis
1550 3342 1873 3407 masculum,
1905 3357 1971 3398 ac

393 3423 670 3478 feminam.
703 3424 861 3490 Quod
914 3427 961 3481 si
1005 3443 1117 3483 non
1168 3429 1436 3483 invenerit
1476 3447 1670 3485 manus
1699 3433 1839 3501 ejus,
1868 3448 1972 3489 nec

395 3512 594 3582 poterit
635 3513 832 3569 offerre
852 3531 1073 3587 agnum,
1107 3527 1286 3573 sumat
1331 3520 1467 3575 duos
1522 3529 1760 3577 turtures
1796 3523 1971 3593 pullos

392 3603 678 3671 columbte,
716 3622 883 3662 unum
928 3608 984 3662 in
1031 3609 1408 3664 holocaustum
1453 3651 1467 3675 ,
1508 3623 1563 3666 et
1589 3613 1817 3667 alterum
1874 3628 1971 3684 pro

393 3705 636 3766 peccato,
679 3697 960 3769 orabitque
1013 3715 1113 3770 pro
1164 3715 1229 3756 eo
1271 3702 1544 3767 sacerdos,
1579 3711 1634 3757 et
1682 3702 1760 3758 sic
1809 3719 1971 3757 mun-

391 3788 658 3843 dabitur.»

453 3877 645 3933 Totam
692 3880 779 3936 hic
826 3882 1184 3940 intentionem
1221 3900 1373 3940 suam
1430 3885 1702 3958 legislator
1723 3890 1960 3959 aperuit,

391 3970 516 4039 quia
548 3971 899 4039 pollutionem
932 3991 1039 4031 non
1082 3986 1263 4031 motus
1288 3979 1564 4034 naturales
1600 3979 1807 4034 faciunt
1831 3999 1844 4035 :
1868 3982 1964 4036 sed

393 4064 697 4122 peccatum,
743 4057 810 4112 de
852 4072 962 4128 quo
1030 4058 1197 4114 David
1256 4060 1469 4115 dicebat
1504 4078 1518 4114 :
1556 4061 1687 4116 Ecce
1741 4064 1876 4117 eitint
1910 4066 1966 4118 in

389 4145 761 4216 iniquitatibus
819 4160 1091 4220 conceptus
1141 4168 1277 4218 sum,
1306 4161 1355 4206 et
1410 4153 1466 4206 in
1505 4154 1708 4207 delictis
1767 4157 1965 4224 peperit

390 4253 472 4291 me
526 4250 694 4295 mater
724 4259 840 4297 mea
879 4243 945 4297 τι.
986 4244 1104 4299 Non
1146 4260 1259 4300 suae
1312 4245 1501 4300 matris
1547 4255 1828 4317 peccatum
1868 4248 1969 4301 ali-

1329 4444 1681 4456 ———_

2005 2992 2303 3084 C'fluvlum
2375 3000 2673 3073 sanguinis,
2723 3000 3143 3056 inobedientiam
3221 3000 3459 3055 dicens:

2089 1801 2417 1864 columbam,
2456 1811 2550 1856 aut
2591 1810 2882 1866 turturem,
2916 1803 3137 1867 offerre,
3166 1811 3220 1857 et
3244 1805 3420 1859 curad
3461 1806 3663 1859 ostium

2090 1898 2416 1952 tabernaculi
2453 1898 2770 1965 testimonii,
2820 1899 2885 1953 ad
2932 1900 3268 1955 sacerdotem
3336 1902 3660 1957 sacrificium

2085 1993 2323 2053 ducitur.
2363 2002 2418 2047 et
2450 1992 2721 2062 quomodo
2764 2000 2890 2046 ante
2917 1993 3203 2047 Dominum
3247 1992 3497 2055 offertur.
3524 2011 3663 2063 quo-

2085 2082 2247 2136 modo
2280 2082 2445 2137 etiam
2494 2082 2811 2153 propitiatio
2862 2098 2959 2152 per
2994 2083 3326 2138 sacerdotem
3386 2084 3663 2138 obtinetur

2084 2173 2363 2245 ctagitur,
2430 2174 2482 2227 in
2548 2175 2737 2227 multis
2788 2174 3072 2228 sacrificiis
3129 2174 3334 2230 dictum
3394 2182 3496 2241 est,
3541 2191 3662 2243 qua:

2084 2280 2183 2335 pro
2259 2264 2494 2334 peccatis
2552 2265 2872 2320 offeruntur.
2935 2265 3041 2320 Sed
3116 2265 3204 2319 hic
3265 2275 3485 2336 propter
3558 2266 3662 2320 hoc

2084 2355 2300 2409 interim
2362 2356 2685 2427 legislatoris
2747 2357 3065 2427 sapientiam
3119 2356 3472 2439 obstupescel,
3534 2357 3661 2426 quia

2074 2447 2302 2502 evenire
2381 2455 2593 2517 poterat
2662 2456 2720 2502 ut
2791 2448 3072 2503 studentes
3132 2449 3300 2519 legem
3373 2448 3656 2502 dicerent:

2082 2534 2237 2601 Quali
2273 2535 2656 2606 deprecatione
2690 2537 2906 2606 pariens
2948 2536 3205 2591 infantem
3236 2551 3371 2605 opus
3404 2535 3658 2599 habebat,

2081 2644 2201 2699 quae
2244 2628 2356 2697 ipsa
2386 2644 2494 2683 non
2528 2628 2808 2699 peccavit?
2840 2644 2947 2683 non
2978 2627 3123 2683 enim
3169 2644 3231 2682 ex
3282 2626 3658 2693 fornicatione,

2081 2723 2175 2777 sed
2217 2723 2283 2778 de
2333 2722 2535 2792 nuptiis
2554 2721 2847 2794 generavit.
2892 2721 3235 2791 Interpretari
3279 2720 3658 2775 necessitatem

2081 2818 2243 2889 hujus
2282 2818 2679 2889 deprecationis
2723 2818 2929 2881 volens,
2978 2818 3183 2872 addidit
3216 2836 3229 2871 :

2149 2910 2512 2965 Etmundabit
2541 2926 2659 2964 eam
2698 2927 2731 2963 a
2780 2908 3323 2979 proﬂuviosanguiuis
3368 2908 3472 2962 sui.
3515 2906 3658 2960 Pro-

3510 3000 3657 3053 unde

2078 3092 2437 3155 immunditia,
2488 3101 2547 3147 et
2599 3106 2756 3161 pmna
2801 3092 2920 3162 ejus
2990 3092 3042 3145 in
3091 3100 3262 3145 totum
3330 3106 3499 3161 genus
3553 3090 3657 3143 ltu-

2076 3200 2296 3239 manum
2334 3183 2512 3248 fluxit,
2549 3200 2710 3254 quam
2741 3192 2797 3239 et
2841 3200 2943 3241 nos
2997 3185 3349 3254 deponamus.
3392 3184 3654 3237 sacriﬁcia

2073 3292 2172 3346 pro
2206 3276 2362 3331 nobis
2392 3293 2514 3346 quae
2568 3277 2709 3332 dicta
2748 3286 2891 3340 sunt,
2920 3277 3209 3332 offerentes
3238 3295 3250 3330 :
3287 3277 3424 3330 duos
3477 3284 3656 3329 turtu-

2072 3384 2160 3423 res
2194 3377 2289 3423 aut
2343 3368 2479 3423 duos
2508 3368 2680 3438 pullos
2727 3368 3121 3431 columbarum,
3161 3369 3294 3438 legis
3347 3368 3653 3422 meditatio-

2077 3474 2202 3514 nem
2242 3460 2886 3529 contemplationemque.
2947 3467 3001 3513 et
3042 3459 3344 3525 scientiam,
3395 3459 3509 3512 sive
3561 3475 3656 3512 co-

2076 3551 2373 3623 gnitionem
2406 3570 2419 3606 :
2450 3552 2641 3605 horum
2687 3550 2830 3604 enim
2880 3549 3079 3604 habere
3119 3548 3342 3619 figuram
3395 3549 3649 3618 praedicta

2075 3642 2326 3697 animalia
2359 3643 2785 3697 demonstratum
2813 3650 2915 3696 est.
2950 3641 3085 3707 Quia
3115 3650 3295 3694 autem
3325 3640 3647 3709 negligentia

2075 3734 2208 3804 legis
2261 3731 2652 3786 immundltiam
2691 3732 2997 3786 hominibus
3031 3729 3349 3791 introduxit,
3373 3729 3655 3783 meditatio

2074 3834 2130 3879 et
2168 3823 2395 3879 scientia
2445 3838 2545 3892 per
2574 3838 2735 3892 quam
2763 3821 3046 3876 manifeste
3068 3820 3338 3875 correctio
3371 3819 3647 3887 provenit,

2069 3914 2331 3968 mundare
2377 3913 2712 3982 liberareque
2764 3928 2862 3966 nos
2923 3911 2991 3965 ab
3042 3911 3184 3964 illata
3231 3910 3435 3978 pridem
3486 3925 3649 3978 pmna

2068 4004 2285 4075 poterit,
2336 4004 2389 4058 in
2412 4004 2628 4060 Christo
2659 4004 2787 4060 Jesu
2818 4003 3042 4059 Domino
3081 4011 3289 4065 nostro,
3354 4017 3449 4071 per
3481 4016 3645 4070 quem

2067 4105 2121 4150 et
2151 4112 2275 4151 cum
2311 4112 2419 4166 quo
2447 4097 2614 4168 gloria
2646 4095 2814 4162 Patri,
2842 4104 2898 4151 et
2946 4095 3103 4162 Filio,
3133 4093 3431 4164 etSpiritui
3453 4102 3652 4147 sancto

2069 4186 2125 4241 in
2158 4187 2354 4242 saecula
2395 4186 2740 4242 saeculorum.
2794 4188 2989 4242 Amen.

1108 4445 3593 4482 Μ

1484 4634 1838 4725 LIBER
1945 4636 2523 4742 QUARTUS.

962 4993 1385 5059 PR/EFATIO.

452 5089 921 5160 Importunitatem
969 5091 1082 5147 fieri
1120 5094 1363 5166 plerique
1432 5095 1819 5152 festivitatibus
1845 5114 1949 5168 pu-

385 5191 521 5247 tant,
571 5183 664 5236 sed
700 5183 952 5238 nesciunt
989 5186 1134 5254 quod
1162 5201 1393 5254 summe,
1417 5188 1532 5243 sive
1574 5187 1815 5257 capitulo
1870 5188 1954 5243 fe-

380 5269 642 5324 stivitatis
687 5270 1049 5337 invideant,ct
1088 5275 1156 5329 ad
1184 5274 1454 5331 deteriora
1480 5276 1801 5333 festivitates
1840 5286 1954 5334 tra-

379 5358 554 5412 hunt:
588 5372 695 5412 non
730 5358 912 5415 animo
933 5360 1154 5431 quippe,
1188 5365 1283 5417 sed
1320 5379 1545 5434 corpore
1577 5365 1796 5420 student
1822 5365 1957 5421 festa

380 5444 689 5504 celebrare:
723 5451 865 5507 unde
893 5467 1014 5506 non
1052 5453 1388 5527 negligenter
1423 5472 1485 5512 ea
1535 5458 1733 5524 dicere,
1777 5459 1870 5515 sed
1892 5474 1957 5513 ex

1982 5003 2026 5058 ι)
2054 5015 2218 5070 opere
2274 5001 2550 5056 festinant.
2594 5000 2707 5056 Hoc
2747 5000 2908 5056 etiam
2955 5008 3252 5072 patiuntur,
3298 4999 3390 5069 qui
3444 4998 3640 5069 ianuas

2052 5092 2108 5147 in
2153 5093 2241 5147 die
2276 5095 2587 5161 nuptiarum
2648 5093 2959 5147 cantoribus
3004 5101 3095 5146 aut
3135 5091 3447 5147 citharoedis
3486 5091 3636 5144 clau-

2056 5191 2265 5247 serunt,
2327 5181 2418 5250 qui
2477 5183 2692 5251 plausu,
2742 5192 2795 5238 et
2839 5196 3163 5252 organorum
3205 5191 3390 5245 cantu,
3424 5181 3634 5249 lampa-

2057 5272 2320 5341 dibusque
2351 5272 2683 5342 nuptialibus
2745 5272 2998 5326 destituta
3051 5271 3320 5341 sponsalia
3377 5282 3633 5342 carpenta

2060 5363 2409 5432 praemittunt,
2479 5362 2679 5432 quique
2751 5377 2810 5417 se
2861 5361 3065 5417 amicos
3129 5363 3315 5433 sponsi
3364 5363 3628 5428 dicentes,

2062 5458 2314 5515 cursibus
2353 5459 2539 5526 sacris,
2573 5468 2627 5514 et
2651 5458 2813 5524 tubis,
2863 5459 3010 5514 cultu
3038 5459 3358 5516 festivitates
3391 5461 3629 5531 privant,
