4076 6188
448 240 551 306 937

1640 244 1999 306 IIESYCIIII
2046 245 2521 305 PliESBY'l‘El-ll

3611 242 3727 306 938

444 366 568 422 qua:
624 351 724 407 sibi
778 352 1042 417 exhiberi,
1095 359 1150 405 et
1187 350 1393 419 nuptiis
1431 365 1666 419 sponsae,
1704 363 1891 423 utpote
1931 351 2020 407 cui
2051 362 2094 413 Α
2122 344 2223 417 dit,
2274 353 2368 407 sed
2428 362 2481 406 et
2520 367 2681 406 sanos
2726 351 2780 404 in
2822 324 3034 406 fervore
3083 345 3451 418 aegritudinis,
3494 354 3548 399 et
3578 358 3727 400 arma

446 445 741 499 favendum
782 455 920 509 erat,
970 458 1091 497 cum
1140 442 1285 497 domi
1335 442 1714 512 susciperetur
1741 486 1755 510 ,
1794 453 2029 514 Optaret.

2136 444 2622 514 comprehensione
2652 442 2918 513 passionis
2945 441 3206 496 ostendit.
3253 438 3360 493 Sed
3393 446 3607 508 tempus
3641 447 3734 491 est

447 534 553 588 Sed
616 533 868 589 Christus
925 549 1032 586 non
1092 532 1203 587 ita:
1264 549 1391 587 nam
1452 535 1720 589 exsistens
1760 534 2029 601 Verbum,
2084 558 2105 587 ο
2130 535 2242 604 jam
2281 536 2348 589 ad
2374 535 2536 590 verba
2562 535 2692 605 legis
2726 549 2971 605 pergere,
3005 532 3119 601 ipsa
3150 530 3295 585 enim
3330 529 3487 582 nobis
3516 528 3580 582 ad
3610 530 3733 584 sin-

447 625 770 680 fcstivitates
808 623 1047 692 implicat
1069 622 1304 693 eloquio.
1340 625 1405 679 Et
1439 624 1531 678 alii
1567 624 1785 695 quidem
1811 625 2029 691 vitulos,

446 725 543 771 aut
580 718 747 770 boves
793 757 808 775 ,
862 725 955 769 aut
1007 730 1156 781 otes,
1208 716 1425 783 arietes,
1478 718 1675 782 hircos,
1724 726 1777 772 et
1820 734 2029 784 capras,

448 816 709 873 turtures,
741 816 835 860 aut
862 807 1172 862 columbas:
1212 809 1302 878 qui
1348 818 1530 863 autem
1574 810 1689 864 haec
1717 826 1825 863 non
1865 809 2036 865 habe-

448 894 601 959 bant,
634 895 896 961 crustula,
933 902 988 948 et
1007 895 1217 963 lagana,
1278 906 1334 952 et
1374 898 1610 952 similam
1642 914 1739 968 pro
1768 900 2035 956 saeritleio

448 986 517 1040 ad
566 986 932 1040 sanctuarium
999 986 1323 1041 oll‘erebant.
1380 989 1499 1058 Ipse
1548 1000 1728 1044 autem
1770 992 2034 1057 doctrina,

449 1068 591 1125 sicut
619 1071 927 1139 Oportebat,
975 1072 1180 1127 hostias
1224 1074 1484 1129 variabat.
1530 1074 1595 1129 Et
1629 1092 1774 1131 nunc
1796 1078 2034 1147 quidem,

451 1160 594 1215 sicut
645 1161 872 1215 vitulum
927 1163 1200 1217 novellum
1288 1180 1493 1219 cornua
1558 1166 1922 1234 proferentem
1984 1182 2039 1224 et

452 1254 702 1323 ungulas,
758 1270 856 1324 per
918 1256 1243 1326 theologiam
1305 1255 1543 1311 Verbum
1595 1259 1884 1324 ventilans,
1939 1262 2036 1317 ad-

452 1338 727 1393 versarios
793 1338 1127 1402 immolabat,
1204 1356 1350 1395 nunc
1398 1350 1582 1395 autem
1627 1358 1729 1412 pro
1791 1344 2037 1401 columba

455 1430 831 1484 mediatoriam
904 1432 1205 1485 doctrinam
1268 1432 1610 1501 explanabat,
1669 1443 1725 1489 et
1769 1451 1868 1505 pro
1923 1438 2037 1507 pari

458 1526 728 1572 turturum
790 1521 935 1590 leges
967 1519 1240 1574 indicebat
1306 1523 1501 1576 animae
1566 1524 2039 1593 contemplationis

453 1615 510 1660 et
555 1608 837 1661 castitatis.
898 1607 1026 1663 Erat
1073 1618 1251 1663 autem
1302 1609 1415 1677 ipse
1483 1609 1625 1665 aries
1682 1612 1749 1666 ad
1831 1614 2040 1668 sacriﬁ-

454 1699 596 1751 cium
625 1713 892 1752 coronans
924 1700 1170 1753 laudibus
1199 1700 1394 1766 justos,
1428 1711 1482 1755 et
1510 1701 1690 1757 hircos
1726 1715 2040 1772 peccatores
2076 1686 2114 1739 Β

453 1806 520 1844 ex
560 1806 745 1844 errore
793 1792 1093 1846 venientes.
1151 1792 1246 1846 llis
1280 1808 1407 1861 ergo
1441 1804 1495 1848 et
1544 1810 1644 1849 nos
1686 1795 2036 1851 festivitatem

453 1889 733 1935 ornemus,
816 1873 934 1943 ipso
1018 1875 1070 1927 in
1136 1875 1406 1928 sacriﬁcio
1476 1877 1732 1939 cultrum,
1802 1880 2038 1951 linguam

455 1955 707 2010 videlicet
768 1957 1021 2025 pnesenti
1067 1958 1307 2011 materia:
1385 1960 1475 2028 qui
1549 1959 1868 2027 immolavit,
1916 1962 2039 2015 talia

454 2055 713 2115 tantaque
762 2057 1066 2101 mutuante.
1124 2047 1217 2101 Est
1254 2058 1435 2103 autem
1484 2049 1603 2104 lucc
1660 2051 1830 2120 lepra,
1877 2069 2040 2122 quam

456 2135 664 2208 Moyses
705 2138 979 2209 legislator
1016 2140 1312 2210 proposuit,
1371 2143 1628 2210 plurimas
1691 2145 1810 2213 ejus
1859 2146 2042 2215 profe-

361 2294 377 2304 ‘
456 2245 581 2281 rens
614 2231 848 2299 species,
874 2231 1221 2301 multiplicem
1245 2232 1408 2301 hujus
1439 2235 1753 2291 varietatem
1777 2239 2044 2307 passionis

455 2339 753 2391 exponens,
791 2340 892 2378 nec
925 2325 1098 2379 solum
1131 2324 1333 2395 lepram
1361 2342 1479 2396 quae
1505 2327 1557 2380 in
1596 2328 1834 2395 homine,
1867 2331 1959 2385 sed
1991 2340 2044 2386 et

455 2430 576 2481 quae
609 2415 660 2467 in
700 2416 857 2484 lignis
891 2425 945 2469 et
981 2417 1033 2469 in
1054 2417 1223 2486 petris
1250 2427 1355 2480 est,
1385 2428 1554 2473 trama
1581 2436 1816 2489 quoque,
1851 2430 1904 2476 et
1936 2431 2045 2477 sta-

456 2504 625 2564 mine,
645 2513 699 2558 et
727 2505 977 2572 pellibus,
1004 2506 1053 2558 in
1084 2506 1279 2575 quibus
1316 2510 1529 2577 operari
1558 2520 1753 2579 potest,
1779 2513 1872 2567 sed
1906 2522 1958 2567 et
1993 2514 2043 2568 in

456 2591 618 2642 domo
669 2590 903 2658 integra.
952 2592 1313 2662 similiterque
1354 2596 1703 2650 accedentem
1781 2600 2042 2663 vestibus,

456 2696 579 2735 cum
645 2681 698 2735 in
750 2682 898 2735 nulla
955 2683 1057 2736 alia
1082 2684 1185 2737 hoc
1239 2686 1563 2741 custodisset
1606 2689 1945 2758 mgritudine,
1992 2701 2051 2746 ut

457 2773 621 2827 etiam
674 2773 939 2845 pigriores
989 2774 1312 2845 intelligant,
1347 2777 1709 2847 legislatorem
1773 2781 2047 2851 quidpiam

457 2865 741 2919 sublimius
773 2866 991 2927 intueri,
1049 2876 1209 2937 atque
1245 2867 1506 2934 divinius,
1550 2870 1851 2941 meliusque
1887 2888 2049 2941 quam

455 2957 649 3012 litterae
711 2958 890 3027 prodit
951 2956 1226 3026 aspectus.
1291 2958 1396 3014 Sed
1486 2969 1542 3015 et
1595 2976 1717 3015 cum
1781 2964 2049 3021 sacerdoti

2140 622 2262 692 gula
2293 623 2451 693 plane
2483 624 2739 678 exhibent
2784 638 2996 678 causas.
3026 621 3411 675 Verumtamen
3447 619 3735 675 auditores

2139 714 2269 768 illud
2300 724 2459 769 antea
2491 725 2885 779 contestamur,
2917 723 2976 769 ut
3000 713 3045 767 is
3073 713 3166 783 qui
3198 712 3408 767 discere
3427 711 3731 775 desiderat,

2137 807 2361 861 minime
2395 807 2763 873 indoctorum,
2799 807 2941 861 sicut
2972 821 3070 875 ego
3098 820 3239 866 sum,
3268 803 3413 857 dicta
3442 802 3730 872 despiciat.

2137 897 2325 968 Neque
2352 900 2499 954 enim
2532 900 2751 970 propria
2780 898 3013 954 dicimus
3045 908 3106 953 ut
3132 897 3352 951 fallaces
3381 911 3730 958 accusemur,

2139 991 2342 1062 quippe
2372 992 2571 1061 quibus
2599 1006 2764 1061 parva
2801 990 2870 1045 de
2915 988 3140 1060 proprio
3183 984 3560 1044 ministrantur
3584 1004 3599 1041 :
3626 986 3732 1042 Dei

2137 1089 2322 1137 autem
2348 1092 2450 1148 est,
2482 1083 2573 1153 qui
2601 1083 2690 1137 ubi
2736 1083 2851 1137 vult
2881 1082 3134 1151 inspirat,
3183 1090 3237 1135 et
3266 1080 3359 1150 qui
3403 1079 3602 1149 pueris,
3638 1080 3729 1134 vel

2142 1174 2308 1246 pigris
2336 1176 2670 1239 hominibus,
2705 1175 2975 1244 nimisque
3004 1173 3293 1243 imperitis,
3336 1174 3542 1244 majora
3581 1187 3733 1241 saepe

2140 1283 2301 1336 quam
2333 1268 2615 1338 prophetis
2643 1266 2866 1320 revelat.
2891 1264 3046 1330 Quod
3073 1262 3423 1319 manifestum
3456 1270 3541 1318 est
3571 1278 3639 1317 ex
3665 1277 3733 1316 eo

2141 1362 2283 1429 quod
2313 1361 2546 1431 populus
2567 1360 2659 1415 ille
2686 1358 2872 1413 Jesum
2891 1373 3051 1427 super
3072 1356 3291 1410 asinum
3307 1356 3586 1411 sedentem
3608 1355 3731 1409 lau-

2140 1452 2298 1518 dans.
2328 1467 2517 1506 vocem
2563 1450 2767 1515 emisit,
2793 1464 2913 1519 qua:
2949 1446 3182 1517 amplius
3219 1446 3370 1501 omni
3408 1446 3730 1517 prepbetica

2146 1545 2272 1599 tuba
2305 1544 2536 1598 notanda
2568 1543 2663 1596 sit.
2692 1542 2890 1611 Legem
2918 1548 3101 1594 autem
3131 1537 3395 1593 Ecclesiis
3424 1537 3479 1592 in
3505 1536 3732 1606 mystico

2144 1632 2446 1687 ministerio
2488 1632 2652 1685 latam
2704 1630 2856 1685 scitis
2904 1645 3000 1684 vos
3052 1628 3144 1698 qui
3179 1628 3400 1683 servitis
3437 1627 3727 1699 mysteriis.

2141 1724 2491 1793 quamobrem
2518 1738 2627 1776 non
2661 1730 2876 1791 oportet
2916 1720 3271 1790 profanorum
3306 1734 3473 1779 aures
3513 1719 3729 1774 onerari

2142 1816 2343 1872 verbis.
2371 1830 2602 1883 quorum
2634 1811 2917 1882 prephetis
2948 1826 3074 1880 pars
3107 1825 3216 1864 non
3244 1810 3430 1863 omnia
3456 1810 3726 1880 capienti~

2142 1907 2262 1966 bus.
2286 1906 2488 1961 credita
2510 1917 2624 1959 est:
2653 1905 2705 1957 in
2737 1920 2846 1972 quo
2871 1912 2927 1957 et
2955 1918 3055 1973 ego
3077 1901 3243 1955 nimis
3272 1900 3533 1966 admiror,
3557 1910 3611 1956 et
3636 1916 3738 1971 pro

2145 2014 2337 2068 magno
2357 1996 2614 2052 miraculo
2633 1996 2778 2066 quod
2800 1994 3019 2058 accidit,
3049 1993 3258 2047 habeo:
3283 1993 3407 2060 quia
3435 1993 3577 2062 quod
3607 2008 3741 2062 pro-

2147 2092 2362 2160 phetica
2397 2106 2647 2159 vox,quaa
2673 2097 2798 2143 ante
2820 2086 3018 2141 multas
3041 2086 3414 2156 generationes
3439 2084 3731 2153 praedicata

2144 2192 2247 2246 est,
2271 2182 2456 2247 latuit,
2482 2181 2710 2249 populus
2732 2180 2981 2235 indoctus
3002 2177 3449 2248 ostendit,etipse
3460 2178 3736 2247 reliquum

2144 2276 2467 2345 inspiratum
2491 2274 2869 2342 creditumque
2891 2273 3188 2342 capitulum
3224 2280 3327 2333 est,
3349 2271 3422 2325 ita
3441 2278 3504 2325 ut
3522 2270 3743 2325 dicatur

2145 2378 2199 2421 et
2229 2384 2257 2420 a
2285 2366 2443 2421 nobis
2471 2365 2691 2435 aliquid,
2722 2364 2867 2434 quod
2888 2364 3111 2434 quidem
3163 2363 3389 2418 auribus
3426 2362 3738 2416 auditorum

2147 2458 2346 2528 prosit,
2388 2458 2620 2512 necdum
2669 2466 2852 2512 autem
2890 2457 2960 2511 ab
3006 2455 3378 2511 anterioribus
3444 2454 3746 2517 dictum,’si

2149 2552 2292 2605 Deus
2338 2550 2525 2613 donet,
2581 2549 2893 2604 utlibenter
2938 2548 3267 2618 suscipiatur
3315 2547 3419 2600 ειη
3466 2547 3574 2616 ipso
3602 2543 3743 2622 enim

2148 2642 2388 2702 vivimus,
2417 2657 2684 2695 movemur
2719 2652 2766 2695 et
2799 2657 2977 2695 sumus
2998 2641 3071 2703 7';
3100 2640 3243 2695 sicut
3273 2637 3746 2708 prtecepitl’aulus

2149 2735 2313 2787 etiam
2347 2749 2448 2787 nos
2471 2733 2673 2797 dicere,
2705 2741 2762 2788 et
2780 2742 2929 2789 tanto
2948 2733 3116 2803 magis
3160 2738 3387 2802 quanto,
3414 2739 3475 2784 ut
3500 2728 3742 2800 guber-

2151 2836 2311 2880 netur
2388 2824 2573 2897 lingua
2634 2833 2820 2880 nostra
2877 2825 2946 2880 de
2980 2824 3139 2888 omlo,
3177 2839 3301 2878 cum
3350 2822 3517 2877 nimis
3572 2820 3750 2875 simus

2153 2917 2376 2982 indocti,
2415 2932 2554 2986 Opus
2601 2916 2887 2971 habemus.
2941 2914 3017 2970 Ita
3039 2931 3096 2967 se
3121 2914 3288 2970 habet
3343 2912 3480 2982 legis
3521 2909 3747 2980 leprosi,

579 3005 648 3012 ,η
713 3005 890 3027 ,.-ν.-.-
952 3005 1226 3026 _-,.---_--
1292 3005 1396 3014 η-..
1488 3005 1541 3015 --
1597 3005 1717 3015 νη...
1782 3005 2049 3021 -.............
2379 3008 2390 3021 .
3043 3006 3053 3017 .
3210 3023 3220 3033 ,
3318 3006 3330 3017 .
3448 3025 3458 3035 ,

458 3048 759 3102 servaverit
805 3048 1192 3103 discretionem
1223 3067 1236 3103 :
1272 3065 1375 3104 nec
1404 3050 1548 3104 hanc
1584 3058 1747 3117 tacet,
1798 3052 1893 3107 sed
1924 3069 2047 3123 qua:
2075 3043 2117 3099 C
2152 3024 2273 3080 qua
2292 3009 2360 3065 ab
2379 3022 2500 3080 'pso
2525 3009 2634 3064 Deo
2663 3009 2730 3063 ad
2759 3007 2977 3078 M°ysen
3003 3007 3269 3072 meum"
3296 3005 3497 3060 mter"

458 3139 526 3193 azl
583 3137 725 3193 hanc
779 3147 905 3192 sunt
948 3140 1276 3204 necessaria,
1324 3154 1421 3209 per
1472 3142 1719 3197 ordinem
1769 3143 2047 3208 describit,

459 3238 520 3281 ut
574 3236 678 3282 tam
741 3228 916 3297 ipsum
970 3229 1262 3284 constituat
1310 3230 1553 3295 modum,
1600 3247 1709 3301 quo
1754 3234 1941 3288 volens
1985 3235 2052 3290 de

460 3320 548 3373 his
599 3319 843 3388 judicare
891 3319 1104 3385 debeat,
1152 3336 1313 3391 quam
1365 3323 1568 3393 absque
1615 3324 1921 3389 inimicitia,
1969 3327 2052 3381 vel

461 3409 643 3479 gratia:
693 3410 1003 3479 suspicione
1062 3411 1115 3464 in
1173 3411 1377 3479 judicio
1413 3429 1735 3469 conservare
1777 3431 1924 3477 eum,
1962 3417 2051 3486 qui

462 3502 704 3558 incidere
760 3502 917 3557 facile
969 3504 1020 3557 in
1075 3504 1387 3573 hujnsmodi
1432 3515 1644 3575 poterat
1695 3507 2054 3563 existimatio-

460 3609 610 3655 nem,
651 3604 706 3649 et
754 3595 900 3649 hunc
947 3594 1164 3664 quidem
1212 3613 1311 3665 per
1376 3595 1715 3652 inimicitiam
1798 3599 2054 3664 retinere,

461 3688 626 3741 alium
688 3698 869 3742 autem
929 3689 1113 3759 gratite
1152 3703 1400 3749 causam
1451 3690 1704 3759 passione
1763 3693 2056 3756 resolvere,

461 3787 519 3833 ct
575 3778 827 3834 amicitiae
880 3780 1245 3849 suspicionem
1293 3781 1442 3845 dare,
1500 3782 1599 3835 nisi
1641 3782 1781 3839 forte
1843 3785 2058 3855 planam

463 3871 531 3924 de
584 3871 663 3924 eis
712 3872 1024 3941 protulisset
1068 3873 1262 3942 legem,
1316 3890 1452 3943 quos
1495 3885 1771 3944 Oporteret
1820 3878 2059 3947 separari

463 3976 491 4014 a
527 3962 895 4025 tabernaculo,
936 3970 1123 4032 utpote
1183 3963 1273 4031 qui
1310 3964 1500 4019 morbo
1543 3974 1880 4021 tenerentur.
1913 3966 2064 4032 Quos

466 4060 647 4106 autem
716 4068 905 4106 rursus
977 4053 1325 4108 niundatosa
1371 4055 1643 4123 passione,
1699 4055 1919 4124 suscipi,
1974 4058 2066 4125 qui

466 4145 627 4198 etiam
668 4159 737 4198 ne
787 4143 904 4213 ipso
966 4144 1119 4197 initio
1154 4144 1294 4198 inter
1332 4144 1597 4213 leprosos,
1648 4153 1703 4199 ut
1749 4147 1817 4200 de
1871 4147 2069 4216 quibus

463 4234 665 4290 frustra
734 4235 971 4304 suspicio
1046 4235 1225 4289 habita
1291 4236 1399 4299 sit,
1459 4237 1810 4305 computandi
1864 4248 2067 4304 essent,

468 4327 686 4394 quando
740 4327 808 4380 de
863 4342 929 4381 eo
957 4343 1076 4380 esse
1126 4319 1460 4381 dubietatem
1510 4328 1625 4396 lege
1697 4344 1913 4398 quoque
1962 4329 2066 4383 lata

470 4418 759 4488 rontingit.
804 4418 872 4471 Et
914 4417 1077 4471 nimis
1121 4419 1614 4489 ohstupescendum
1659 4428 1760 4482 est,
1805 4422 2069 4490 quemad-

467 4508 687 4561 modum
726 4524 849 4563 eum
906 4510 1002 4578 qui
1040 4509 1093 4562 in
1134 4518 1286 4579 parte
1329 4511 1579 4580 corporis
1630 4509 1838 4579 lepratn
1883 4513 2065 4576 habet,

468 4601 616 4669 ejicit
664 4601 731 4654 de
763 4600 1134 4661 tabernaculo.
1188 4610 1244 4655 et
1282 4616 1460 4671 paenae
1510 4602 1712 4665 subdit,
1751 4618 1877 4656 eum
1939 4620 2072 4659 vero

466 4691 558 4763 qui
603 4700 716 4746 toto
761 4706 990 4761 corpore
1043 4693 1262 4760 patitur,
1306 4691 1570 4746 mundum
1609 4693 1761 4758 dicit,
1791 4704 1846 4749 et
1889 4710 2076 4763 quem.

467 4783 762 4837 admodum
828 4782 873 4836 si
938 4782 1074 4836 nihil
1117 4782 1343 4837 omnino
1393 4799 1587 4853 passus
1639 4784 1733 4849 sit,
1808 4787 2072 4857 praecepit

467 4877 721 4933 omnibus
778 4876 1095 4948 permisceri
1166 4876 1519 4948 prazjudicare
1551 4917 1564 4941 ,
1607 4877 1876 4948 siquidem
1932 4895 2068 4947 quo-

470 4971 769 5026 dammodo
816 4985 911 5025 eos
941 4970 1033 5041 qui
1089 4980 1339 5041 exparte
1384 4969 1579 5041 leprosi
1629 4979 1777 5033 sunt,
1853 4970 2069 5025 videtur

468 5072 524 5117 et
547 5064 776 5119 Suadere
804 5064 870 5118 ad
909 5079 1017 5118 non
1053 5063 1341 5127 orandum,
1376 5073 1435 5118 ut
1465 5063 1534 5118 ab
1561 5062 1784 5118 instanti
1832 5063 2067 5118 liberen-

471 5165 558 5208 tur
586 5156 862 5226 passione,
893 5156 987 5210 sed
1044 5154 1213 5226 magis
1269 5164 1328 5209 ut
1372 5156 1650 5225 depascat,
1717 5156 2066 5226 exundetque

470 5249 649 5318 passio
674 5266 773 5320 per
795 5249 1109 5304 universum
1142 5263 1361 5316 corpus,
1390 5263 1515 5301 nam
1551 5247 1681 5301 illud
1707 5246 1925 5317 quidem
1953 5247 2064 5301 dis-

470 5342 779 5408 ceptatione
799 5341 965 5396 multa
986 5347 1129 5412 eget,
1163 5349 1219 5395 et
1253 5340 1317 5393 ad
1352 5338 1892 5409 districtionemlegis
1916 5340 2062 5407 cogit

473 5432 811 5487 sacerdotem
860 5433 1215 5501 jndicantem.
1274 5431 1425 5485 Istud
1469 5440 1650 5484 autem
1703 5428 2058 5498 inculpabilcs

471 5520 729 5584 custodit,
748 5530 802 5574 et
830 5522 1017 5577 beatos
1046 5539 1109 5575 ex
1156 5518 1503 5577 multitudine
1532 5520 1894 5590 periculorum
1931 5518 2055 5572 red-

580 5700 623 5733 "
658 5701 772 5756 Act.
818 5720 943 5769 \vn,
977 5705 1070 5757 ‘23.

2717 3165 2946 3223 CAPUT
2998 3164 3137 3221 XIII.

2230 3303 2387 3360 Vens.
2424 3303 2571 3358 l-l'l.
2600 3322 2620 3356 ε
2647 3303 2887 3358 Locutus
2918 3312 3003 3357 est
3023 3300 3287 3356 Dominus
3322 3301 3389 3355 ad
3424 3298 3646 3371 Moysen
3687 3313 3754 3356 et

2157 3397 2364 3460 Aaron,
2392 3397 2612 3452 dicens:
2649 3395 2819 3449 Homo
2850 3396 2907 3449 in
2929 3396 3086 3464 cujus
3116 3410 3280 3448 carne
3325 3402 3382 3447 et
3430 3402 3558 3447 cute
3592 3402 3757 3448 ortus

2167 3488 2332 3543 fuerit
2363 3489 2611 3543 diversus
2639 3486 2810 3551 color,
2841 3488 2955 3540 sive
2987 3485 3226 3555 pustula,
3259 3491 3354 3537 aut
3375 3485 3528 3554 quasi
3554 3484 3756 3540 lucens

2160 3579 2457 3650 quippiam,
2489 3578 2539 3633 id
2563 3586 2668 3645 est,
2714 3577 2865 3649 plaga
2907 3577 3092 3647 lepraé,
3134 3576 3434 3631 adducetur
3465 3575 3532 3630 ad
3571 3576 3760 3631 Aaron

2162 3672 2520 3734 sacerdotem,
2539 3670 2620 3725 vel
2641 3670 2707 3725 ad
2731 3669 3200 3739 unumquemlibet
3243 3668 3477 3722 ﬁliorum
3496 3667 3760 3737 ejus.Qui

2164 3782 2289 3819 cum
2321 3764 2520 3820 viderit
2550 3764 2753 3831 lepram
2786 3762 2840 3816 in
2896 3770 3040 3824 cute,
3075 3771 3130 3815 et
3161 3761 3298 3831 pilos
3325 3759 3379 3813 in
3404 3760 3589 3814 album
3633 3776 3762 3813 mn-

2166 3870 2304 3913 tatos
2326 3859 2583 3919 colorem,
2616 3856 2895 3926 ipsamque
2932 3854 3167 3924 speciem
3217 3854 3378 3921 lepra:
3410 3851 3763 3907 humiliorem

2167 3956 2378 4012 cute_et
2401 3961 2567 4002 carne
2580 3946 2805 4015 reliqua,
2829 3945 2980 4015 plaga
3003 3944 3166 4015 lepra:
3179 3952 3281 4008 est,
3305 3953 3361 3997 ct
3379 3943 3445 3997 ad
3469 3943 3763 3998 arbitrium

2169 4041 2287 4109 ejus
2329 4037 2686 4108 separabitur.
2740 4035 2833 4090 Sin
2891 4045 3074 4091 autem
3120 4037 3308 4089 lucens
3348 4034 3515 4089 fuerit
3547 4036 3768 4090 candor

2172 4136 2224 4187 in
2262 4140 2407 4196 cute,
2437 4145 2541 4185 nec
2561 4129 2819 4184 humilior
2846 4142 3013 4184 carne
3057 4128 3286 4197 reliqua.
3333 4136 3389 4181 et
3432 4125 3526 4196 pili
3560 4126 3767 4182 coloris

2173 4226 2409 4297 pristini,
2444 4223 2830 4279 recludeteum
2882 4221 3137 4276 sacerdos
3183 4228 3391 4289 septem
3445 4218 3661 4282 diebus,
3706 4229 3768 4274 et

2175 4316 2540 4372 considerabit
2572 4313 2931 4383 dieseptimo.
2988 4312 3116 4367 Etsi
3169 4311 3387 4381 quidem
3423 4310 3573 4380 lepra
3615 4312 3767 4365 ultra

2171 4425 2279 4463 non
2312 4406 2565 4471 creverit,
2584 4420 2687 4460 nec
2717 4402 2993 4458 transierit
3016 4402 3069 4457 in
3092 4411 3216 4457 cute
3241 4402 3448 4472 priores
3472 4401 3765 4463 terminos.

2169 4517 2359 4556 rursus
2403 4498 2645 4555 includet
2682 4512 2805 4552 eum
2865 4504 3073 4566 septem
3132 4495 3326 4549 diebus
3373 4494 3519 4554 aliis.
3573 4503 3631 4548 et
3672 4494 3768 4550 die

2169 4594 2401 4664 septimo
2425 4590 2884 4660 contemplabitur
2948 4606 2962 4643 :
2991 4588 3035 4642 si
3070 4587 3357 4642 obscurior
3385 4586 3549 4642 fuerit
3578 4586 3761 4657 lepra,

2171 4698 2220 4741 et
2252 4703 2358 4741 non
2387 4683 2621 4741 creverit
2653 4682 2706 4736 in
2735 4690 2881 4745 cute,
2916 4678 3201 4735 mundabit
3235 4694 3361 4733 eum
3399 4698 3412 4733 :
3451 4679 3582 4748 quia
3639 4693 3767 4733 sca-

2173 4780 2290 4833 liies
2320 4786 2423 4838 est.
2442 4776 2751 4845 lavabitque
2778 4774 2943 4828 homo
2974 4773 3301 4828 vestimenta
3345 4787 3465 4837 sua,
3518 4781 3575 4826 et
3598 4787 3769 4826 mm:-

2173 4874 2275 4927 (lus
2305 4872 2428 4925 erit.
2470 4868 2625 4936 Quod
2645 4868 2688 4922 si
2719 4875 3007 4937 postquam
3028 4882 3058 4919 a
3086 4865 3370 4920 sacerdote
3391 4863 3540 4920 visus
3568 4873 3679 4930 est,
3710 4875 3771 4919 ct

2174 4963 2419 5018 redditus
2446 4959 2749 5022 munditiae,
2786 4959 2981 5013 iterum
3006 4957 3155 5027 lepra
3179 4956 3430 5021 creverit,
3459 4956 3770 5011 adducetur

2171 5057 2236 5109 ad
2261 5069 2409 5118 eum,
2436 5062 2489 5109 et
2522 5050 2879 5107 immunditia‘.
2929 5048 3398 5104 condemnabitur.
3421 5047 3581 5118 Plaga
3601 5047 3768 5117 lepra:

2173 5150 2216 5201 si
2261 5147 2427 5201 fuerit
2475 5146 2526 5199 in
2576 5144 2819 5207 homine,
2864 5142 3166 5199 adducetur
3197 5142 3263 5196 ad
3309 5140 3676 5203 sacerdotem,
3710 5150 3770 5194 et

2174 5240 2379 5294 videbit
2401 5254 2549 5293 eum.
2586 5236 2832 5304 Cumque
2864 5235 3013 5289 color
3046 5234 3201 5288 albus
3223 5232 3276 5286 in
3308 5238 3434 5287 cute
3475 5231 3666 5295 fuerit,
3710 5240 3770 5284 ct

2172 5332 2487 5399 capillorum
2515 5328 2741 5384 mutarit
2771 5334 3073 5397 aspectum,
3108 5325 3223 5394 ipsa
3242 5338 3460 5393 quoque
3490 5336 3620 5377 caro
3640 5320 3769 5375 viva

2170 5422 2500 5493 apparuerit,
2526 5422 2674 5491 lepra
2695 5416 3065 5472 vetustissima
3080 5414 3436 5484 iudicabitur,
3458 5421 3622 5482 atque
3643 5410 3771 5466 iuo-

2167 5513 2398 5571 htacuti.
2419 5510 2821 5568 Contaminabit
2844 5524 2967 5565 eum
2993 5506 3269 5572 sacerdos,
3290 5512 3469 5560 etnon
3494 5500 3770 5567 recludet,
