4076 6188
381 236 484 297 εἷζο

1505 236 1588 297 ΙΝ
1626 235 2064 298 LEVITlCUM.
2101 262 2165 275 -
2198 237 2349 296 ΠΒ.
2394 234 2489 296 IV.

3536 235 3639 301 930

378 346 504 414 quia
526 345 811 417 perspicue
833 347 1172 404 immunditia
1207 357 1308 404 est.
1339 349 1435 404 Sin
1459 359 1640 405 autem
1663 348 1958 405 efiloruerit
1991 354 2028 408 Α
2062 347 2327 418 pluribus,
2352 348 2446 404 sed
2468 347 2629 402 etiam
2652 345 2876 400 omnino
2897 345 2961 400 ad
2987 345 3485 416 interpretationem
3510 363 3639 404 cau-

380 438 692 494 discurrens
714 440 859 511 lepra
895 441 947 495 in
966 452 1105 508 cute,
1135 450 1190 497 et
1211 442 1483 512 operuerit
1496 456 1714 513 omnem
1739 457 1958 497 Carnem

379 544 411 583 a
459 532 635 601 capite
673 549 845 603 usque
893 534 959 589 ad
1007 536 1208 603 pedes,
1261 535 1526 605 quidquid
1579 535 1680 589 sub
1738 545 1959 604 aspectu

379 622 654 677 oculorum
682 624 846 689 cadit,
879 626 1243 681 considerabit
1267 642 1390 680 eum
1419 627 1689 691 sacerdos,
1719 628 1960 681 etteneri

380 710 527 781 lepra
556 715 914 770 mundissima
934 717 1218 786 judicabit,
1244 732 1311 772 eo
1340 718 1484 787 quod
1530 718 1708 773 omnis
1746 718 1800 771 in
1832 734 1963 773 can—

380 804 566 859 dorem
593 821 748 880 versa
779 806 870 871 sit,
898 815 953 861 et
975 808 1177 863 idcirco
1198 809 1361 863 homo
1377 810 1611 864 mundus
1630 807 1755 864 erit.
1777 808 1962 874 Quan-

379 896 450 948 do
472 912 603 952 vero
630 914 759 953 caro
778 900 1036 954 vivensin
1062 916 1126 956 ea
1148 902 1481 972 apparuerit,
1508 909 1636 958 tunc
1666 902 1964 957 sacerdotis

376 987 585 1058 judicio
631 990 927 1060 polluetur,
971 1002 1025 1047 et
1051 993 1192 1048 inter
1236 994 1546 1050 immundos
1600 996 1961 1065 reputabitur;

382 1094 510 1133 caro
544 1082 690 1135 enim
723 1084 866 1148 viva,
902 1084 945 1138 si
976 1082 1124 1153 lepra
1160 1095 1495 1157 aspergatur,
1540 1086 1820 1142 immunda
1858 1096 1958 1142 est.

381 1168 537 1235 Quod
562 1171 606 1225 si
631 1187 847 1227 rursum
885 1189 1040 1229 versa
1078 1173 1243 1229 fuerit
1300 1176 1354 1230 in
1402 1176 1666 1240 alborem,
1707 1186 1763 1231 et
1792 1185 1963 1231 totum

386 1260 659 1316 hominem
698 1265 994 1333 operuerit,
1028 1268 1394 1339 considerabit
1433 1282 1558 1322 eum
1597 1270 1870 1331 Sacerdos,
1910 1277 1965 1323 et

384 1353 647 1406 mundum
679 1367 801 1408 esse
841 1355 1119 1411 decernet.
1146 1376 1165 1408 ι

454 1439 585 1494 ltem
611 1443 909 1497 secundum
944 1442 1297 1516 Septuaginta
1332 1455 1573 1501 textum:

459 1546 477 1578 ι
549 1529 616 1583 Ει
660 1531 872 1585 locutus
905 1539 989 1585 est
1032 1532 1292 1586 Dominus
1347 1534 1414 1587 ad
1450 1533 1665 1603 Moysen
1705 1544 1759 1589 et
1786 1534 1963 1588 Aaron

382 1619 570 1674 dicens
603 1638 614 1673 :
644 1620 857 1675 Homini
890 1623 975 1675 cui
1000 1621 1140 1677 facta
1162 1622 1326 1678 fuerit
1354 1625 1407 1678 in
1448 1625 1696 1694 pellicula
1720 1628 1966 1695 corporis

2064 442 2133 495 tis
2162 456 2363 512 egens:
2404 456 2563 511 quam
2592 449 2900 494 nontamen
2930 448 3092 494 totam
3122 426 3277 494 nobis
3302 439 3368 495 ad
3401 441 3639 496 medium

2065 532 2289 586 deduxit
2330 533 2510 598 lectio,
2550 533 2645 586 sed
2681 541 2843 600 prout
2873 532 3089 585 auditus
3117 531 3441 600 suscipiens,
3466 547 3642 601 quan-

2067 630 2179 675 tum
2216 621 2471 685 habeant,
2517 629 2572 675 et
2594 622 2801 690 reliqua
2850 620 3090 674 veritatis
3117 620 3357 688 conjicit,
3384 630 3440 674 et
3462 622 3529 676 ad
3555 636 3642 677 se-

2065 711 2359 779 metipsum
2387 711 2591 782 colligit
2615 719 2872 764 mentem.
2907 710 3095 778 Neque
3121 710 3266 763 enim
3303 725 3464 778 parva
3493 726 3643 779 quaa-

2066 795 2199 850 libet
2217 796 2472 850 discenda
2505 807 2651 858 sunt,
2686 797 2779 850 scd
2826 810 3056 865 quorum
3095 811 3123 847 a
3151 794 3261 849 Deo
3287 796 3644 864 prtestolanda

2066 888 2138 942 sit
2163 889 2413 951 scientia,
2447 887 2539 957 qui
2563 888 2766 942 nullius
2800 888 2992 941 horum
3030 886 3643 956 iuvidetcoguitionem,

2064 989 2121 1034 et
2156 979 2250 1049 qui
2279 993 2459 1047 neque
2487 994 2574 1044 ea,
2599 993 2720 1048 qua:
2755 978 2977 1047 petitur,
3011 976 3236 1047 indiget.
3262 976 3377 1030 Hoc
3407 976 3552 1030 enim
3569 977 3647 1032 ait

2064 1071 2302 1126 Iacobus
2338 1071 2542 1140 ",qui
2582 1070 2793 1124 Domini
2842 1070 3013 1125 frater
3049 1078 3133 1123 est
3183 1068 3504 1139 appellatus,
3546 1071 3646 1124 im-

2066 1158 2406 1228 properantis
2435 1172 2557 1213 esse
2588 1160 2889 1228 proprium,
2923 1167 3147 1227 propter
3191 1157 3334 1226 quod
3372 1157 3427 1210 in
3469 1158 3646 1226 ipsum

2065 1249 2446 1311 confidentes,
2485 1250 2755 1317 simulque
2796 1250 2850 1302 in
2885 1249 3063 1313 nobis;
3105 1248 3255 1302 dabit
3282 1247 3425 1302 enim
3449 1248 3502 1301 in
3541 1233 3680 1313 his,

2064 1356 2186 1410 quae
2237 1341 2464 1395 dicenda
2509 1350 2655 1406 sunt,
2702 1341 2951 1410 gratiam.
3001 1338 3508 1408 Interpretationem
3562 1338 3643 1391 in-

2067 1434 2351 1488 choemus.
2369 1431 2621 1486 Ostendit
2639 1432 2785 1485 enim
2813 1447 3016 1490 sermo.
3046 1447 3113 1484 ex
3137 1441 3291 1501 parte
3321 1431 3543 1499 quidem
3570 1430 3656 1484 le-

2071 1540 2289 1594 prosum
2316 1523 2565 1580 Judaeum
2599 1526 2881 1594 populum,
2924 1534 3113 1593 utpote
3159 1523 3215 1577 in
3266 1532 3420 1592 parte
3465 1531 3650 1575 trans-

2068 1632 2373 1686 gressorem
2405 1618 2557 1688 legis,
2599 1626 2822 1687 propter
2843 1617 2986 1686 quod
3004 1631 3130 1670 eum
3148 1615 3423 1697 sacerdos,
3447 1623 3509 1668 ut
3545 1614 3650 1666 im-

381 1713 501 1782 ejus
528 1713 752 1767 cicatrix
793 1714 1241 1784 significationis,
1291 1716 1604 1787 τηλαυγὴς,
1646 1726 1741 1771 aut
1786 1716 1960 1786 αὔτα.
1998 1711 2037 1764 Β
2068 1709 2353 1771 mundum,
2388 1708 2613 1778 expellit
2647 1726 2661 1761 :
2705 1718 2817 1762 toto
2847 1717 3027 1761 autem
3074 1721 3304 1775 corpore
3350 1705 3649 1774 leprosum,

382 1818 514 1870 σμα,
539 1811 596 1855 et
634 1800 771 1855 facta
799 1802 963 1856 fuerit
992 1803 1047 1856 in
1087 1804 1339 1873 pellicula
1378 1807 1624 1876 corporis
1663 1807 1783 1876 ejus
1815 1810 1965 1862 cica-

382 1891 484 1945 trix
528 1893 596 1946 ad
646 1894 916 1947 maculam
994 1895 1176 1965 leprze,
1247 1906 1303 1953 et
1372 1901 1585 1954 venerit
1654 1900 1721 1955 ad
1779 1904 1959 1955 Aaron

385 1982 758 2049 sacerdotem,
836 1994 928 2039 aut
988 2003 1155 2042 unum
1238 1989 1471 2044 ﬁliorum
1520 1992 1639 2061 ejus
1705 1994 1959 2047 sacerdo-

383 2084 512 2137 tem,
545 2082 599 2126 et
625 2073 819 2127 viderit
844 2077 1097 2131 sacerdos
1145 2080 1411 2133 maculam
1468 2081 1522 2132 in
1566 2081 1813 2150 pellicula
1843 2099 1964 2137 cor-

381 2169 548 2237 poris,
608 2178 662 2224 et.
715 2170 884 2240 pilum
932 2172 986 2226 in
1023 2176 1233 2229 macula
1285 2178 1576 2232 mutaverit
1632 2178 1836 2242 album,
1910 2189 1965 2234 ct

381 2269 636 2329 aspectus
688 2262 917 2317 maculae
965 2264 1223 2335 humilior
1278 2282 1310 2321 a
1361 2268 1616 2338 pellicula
1692 2270 1959 2339 corporis,

382 2350 595 2402 macula
629 2350 776 2420 lepra
809 2360 930 2406 est:
964 2362 1019 2408 ct
1065 2353 1270 2409 videbit
1309 2357 1583 2423 sacerdos,
1625 2366 1679 2413 et
1699 2360 1965 2413 contami-

384 2438 538 2494 nabit
566 2456 713 2495 eum.
745 2442 798 2497 Si
822 2452 1002 2499 autem
1044 2444 1307 2517 αὖγασμα
1335 2448 1515 2503 album
1546 2449 1711 2506 fuerit
1757 2451 1811 2506 in
1852 2453 1966 2522 pcl-

383 2527 545 2582 licula
571 2531 817 2599 corporis
849 2534 988 2602 ejus,
1019 2543 1074 2589 et
1099 2535 1357 2591 humilior
1379 2553 1492 2592 non
1524 2538 1688 2594 luerit
1716 2554 1967 2612 aspectus

383 2620 503 2687 ejus
519 2636 546 2674 a
564 2621 831 2691 pellicula,
855 2633 910 2679 ct
925 2624 1068 2695 pilus
1091 2628 1211 2697 ejus
1231 2644 1338 2683 non
1358 2633 1897 2689 commutatusfucrit
1912 2633 1967 2688 in

382 2710 565 2766 album
590 2711 780 2782 pilum,
814 2714 927 2784 ipsa
957 2726 1037 2771 est
1069 2717 1323 2797 obscura.
1349 2719 1412 2775 Et
1428 2722 1968 2790 separabitsaccrdos

382 2803 649 2859 maculam
674 2814 880 2876 septem
911 2808 1125 2870 diebus,
1156 2820 1212 2865 et
1232 2811 1432 2867 videbit
1459 2815 1712 2870 sacerdos
1742 2818 1968 2886 septima

383 2894 495 2960 die,
521 2905 577 2950 ct
604 2910 735 2952 ecce
768 2900 980 2954 macula
1015 2910 1297 2970 permanet
1329 2912 1517 2959 contra
1563 2920 1711 2974 eum,
1742 2923 1848 2961 non
1873 2908 1966 2963 de-

384 2987 531 3042 cidet
554 2989 765 3043 macula
804 2990 858 3044 in
892 2991 1162 3060 pellicula.
1193 2995 1254 3047 Et
1275 2995 1688 3065 separabiteum
1720 3001 1973 3055 sacerdos

2067 1799 2343 1867 gentilem,
2375 1800 2468 1867 qui
2500 1808 2666 1852 totam
2717 1797 3110 1868 transgreditur
3136 1797 3332 1867 legem.
3365 1793 3653 1850 Verumta-

2068 1904 2192 1941 men
2222 1888 2484 1943 mundum
2516 1903 2641 1943 eum
2665 1889 2919 1943 sacerdos
2952 1888 3179 1957 judicat.
3212 1886 3336 1956 quia
3366 1885 3498 1955 legis
3519 1884 3653 1956 jugo

2070 1981 2345 2050 subjectus
2366 1996 2474 2034 non
2500 1979 2623 2035 fuit.
2652 1979 2875 2049 Oportet
2891 1989 3091 2043 autem,
3110 1988 3169 2034 ut
3198 1988 3378 2033 tamen
3396 1978 3651 2045 arbitror,

2069 2073 2222 2142 prius
2239 2074 2432 2127 littera:
2455 2072 2745 2127 decurrere
2764 2071 3184 2141 expositionem.
3217 2072 3307 2126 Sic
3322 2072 3468 2125 enim
3488 2071 3651 2140 spiri-

2072 2168 2233 2222 talem
2272 2167 2605 2222 intellectum
2644 2167 2787 2220 ultro
2814 2166 3166 2235 semetipsum
3195 2166 3530 2236 ingerentem
3563 2180 3653 2219 re-

2070 2259 2346 2328 periemus
2371 2259 2691 2314 :deflciente
2713 2258 2854 2313 circa
2877 2272 3087 2324 causas,
3114 2266 3168 2311 et
3204 2273 3377 2326 usque
3398 2257 3464 2311 ad
3491 2257 3655 2311 linem

2073 2365 2295 2405 sensum
2332 2366 2492 2405 suum
2535 2364 2789 2404 exserere
2817 2365 2925 2403 non
2950 2348 3164 2403 valente
3195 2349 3396 2409 littera,
3423 2347 3565 2401 sicut
3597 2347 3656 2400 in

2072 2442 2328 2511 praesenti
2353 2441 2755 2512 cognoscimus.
2792 2440 2898 2495 Sed
2927 2441 3162 2509 primum
3200 2439 3320 2509 quis
3360 2438 3432 2493 sit
3452 2437 3545 2507 qui
3571 2436 3653 2491 le-

2073 2547 2193 2604 gem
2219 2532 2343 2597 fert,
2370 2543 2426 2586 et
2447 2533 2512 2587 ad
2536 2547 2695 2601 quem
2724 2530 2982 2601 proferat.
3012 2531 3373 2586 attendamus.

2146 2625 2372 2679 Locutus
2389 2630 2465 2679 εει
2484 2624 2738 2678 Dominus
2779 2626 2849 2676 ad
2868 2623 3083 2692 illogsen
3105 2632 3153 2676 et
3191 2623 3389 2676 Aaron.
3423 2622 3655 2688 Quando

2078 2713 2315 2783 loquitur
2337 2715 2497 2776 Deus,
2519 2712 2716 2781 duplex
2742 2720 2827 2766 est
2852 2711 3024 2766 fidelis
3050 2712 3287 2766 auditus.
3317 2713 3459 2767 sicut
3490 2711 3658 2766 David

2076 2806 2340 2876 propheta
2368 2807 2445 2859 ait
2473 2824 2486 2858 :
2514 2802 2687 2858 Semel
2713 2805 2914 2858 locutus
2943 2813 3014 2857 cst
3049 2803 3203 2864 Deus,
3233 2804 3335 2857 duo
3361 2804 3470 2857 Ιιωσ
3497 2805 3660 2857 audi-

2076 2901 2127 2955 vi
2151 2900 2217 2965 “,
2272 2898 2507 2953 litteram
2537 2897 2803 2957 videlicet.
2837 2906 2892 2951 et
2918 2896 3183 2965 spiritum.
3225 2894 3361 2966 Ergo
3406 2897 3657 2965 spiritus,

2080 3000 2139 3047 ut
2176 2990 2476 3047 sublimiori
2524 2989 2687 3061 Moysi
2720 3008 2733 3042 :
2787 2989 3028 3043 litteram
3060 2996 3271 3053 autent,
3305 2996 3364 3041 ut
3413 2988 3660 3056 subjecto

385 3088 593 3149 septem
618 3080 811 3136 diebus
841 3084 1102 3147 secundo,
1121 3092 1177 3138 et
1208 3085 1411 3141 videbit
1446 3090 1704 3145 sacerdos
1742 3093 1972 3161 septima
2002 3099 2047 3159 (ζ
2079 3086 2258 3138 Aaron
2289 3083 2546 3152 loquitur;
2575 3083 2699 3152 quia
2743 3081 2887 3135 enim
2937 3080 3185 3135 sublimis
3210 3088 3328 3134 erat
3354 3078 3581 3151 Moyses,
3605 3087 3663 3135 et

387 3168 472 3222 die
523 3176 785 3236 secundo,
843 3180 897 3226 et
929 3187 1058 3228 ecce
1109 3174 1340 3231 obscura
1389 3178 1600 3233 macula
1648 3179 1814 3249 lepra:
1866 3197 1976 3236 non

384 3260 589 3317 decidit
622 3264 675 3316 in
708 3264 983 3333 pellicula.
1004 3264 1068 3320 Et
1115 3266 1403 3323 mundabit
1433 3285 1557 3325 cum
1583 3273 1839 3327 sacerdos
1859 3315 1872 3337 ,
1903 3273 1977 3327 si-

385 3353 665 3424 gnificatio
693 3355 840 3408 enim
866 3365 971 3423 est,
1001 3365 1052 3411 et
1082 3356 1274 3412 lavans
1300 3360 1624 3414 vestimenta
1647 3361 1787 3430 ejus,
1820 3377 1979 3415 mun-

387 3447 492 3499 dus
511 3446 638 3499 erit.
661 3446 724 3499 Si
748 3455 929 3501 autem
978 3458 1315 3505 commutata
1345 3451 1547 3506 decidit
1571 3452 1893 3523 significatio
1920 3453 1977 3507 in

388 3535 661 3605 pellicula,
697 3546 983 3607 postquam
1007 3540 1205 3594 viderit
1233 3556 1360 3595 eum
1392 3543 1668 3610 sacerdos,
1698 3552 1754 3596 ut
1786 3560 1976 3599 emun-

386 3628 481 3681 dct
520 3627 691 3694 illum,
722 3637 777 3682 et
794 3628 1069 3684 videbitur
1106 3633 1348 3686 secundo
1381 3634 1668 3697 sacerdoti,
1698 3644 1752 3688 et
1780 3635 1979 3691 videbit

389 3719 666 3785 sacerdos,
699 3728 753 3775 et
769 3735 897 3776 ecce
918 3722 1451 3794 deciditsignificatio
1483 3727 1534 3780 in
1568 3727 1727 3796 pcllc,
1759 3736 1812 3782 et
1845 3743 1976 3783 con-

389 3812 674 3866 taminabit
702 3828 826 3867 eum
857 3814 1127 3879 sacerdos,
1167 3816 1312 3886 lepra
1347 3827 1450 3872 est.
1478 3818 1544 3872 Et
1575 3819 1785 3873 macula
1814 3820 1975 3890 lepra:

390 3903 432 3956 si
466 3901 630 3958 fuerit
668 3903 736 3957 ad
759 3906 937 3959 Aaron
977 3907 1337 3975 sacerdotem,
1366 3918 1421 3964 et
1461 3909 1663 3965 videbit
1694 3913 1972 3980 sacerdos,

390 4004 446 4048 ct
470 4009 600 4050 ecce
636 3995 864 4050 cicatrix
895 3997 1013 4050 alba
1038 3998 1091 4051 in
1122 3999 1282 4067 pelle,
1318 4008 1371 4055 et
1392 4000 1510 4058 hare
1538 4003 1767 4057 mutabit
1801 4003 1970 4073 pilum

387 4088 568 4142 albqu
621 4103 648 4142 a
699 4102 834 4143 sano
864 4090 1055 4142 «carnis
1092 4090 1245 4145 virm.
1265 4090 1320 4146 Si
1359 4093 1789 4158 lueritcicatrix,
1824 4094 1973 4163 lepra

388 4183 688 4237 inveterata
744 4190 830 4235 est
880 4181 934 4235 in
978 4183 1117 4252 pelle
1180 4186 1425 4256 corporis
1470 4187 1611 4256 ejus.
1663 4188 1731 4241 Et
1781 4196 1973 4241 conta-

387 4273 618 4328 minabit
657 4287 783 4327 eum
820 4274 1097 4337 sacerdos,
1143 4283 1198 4330 et
1238 4276 1511 4346 separabit
1559 4292 1685 4331 eum
1728 4277 1821 4347 qui
1866 4278 1969 4332 im-

385 4367 627 4421 mundus
707 4373 808 4419 est.
876 4363 934 4422 Si
999 4376 1180 4423 autem
1255 4369 1457 4423 florens
1529 4367 1828 4423 ellloruerit
1908 4369 1963 4423 in

2081 3184 2365 3245 propterea
2390 3173 2584 3243 dignus
2610 3174 2804 3242 spiritu
2835 3189 2847 3226 :
2876 3171 3127 3227 subditus
3153 3179 3333 3227 autem
3374 3172 3575 3237 Aaron,
3603 3181 3664 3227 et

2080 3275 2241 3334 aptus
2264 3263 2469 3319 auditui
2498 3264 2701 3333 populi,
2722 3263 2928 3334 egentis
2953 3263 3153 3327 littera,
3174 3262 3291 3331 ipso
3316 3263 3426 3317 Deo
3441 3263 3662 3318 dicente

2079 3356 2146 3410 dc
2173 3359 2349 3410 Aaron
2378 3356 2444 3410 ad
2474 3355 2685 3427 Moysen
2717 3372 2731 3408 :
2772 3355 2892 3424 Ipse
2915 3354 3158 3425 loquetur
3193 3355 3265 3408 ad
3300 3354 3572 3423 populum,
3599 3359 3653 3406 et

2078 3448 2189 3515 ipse
2205 3448 2303 3501 erit
2321 3463 2376 3501 os
2400 3457 2568 3508 tuum,
2588 3456 2643 3500 tu
2665 3456 2841 3499 autem
2865 3446 2911 3498 ei
2934 3447 3038 3499 eris
3058 3446 3113 3498 in
3139 3446 3238 3509 his,
3257 3461 3373 3516 quae
3395 3448 3464 3500 ad
3491 3447 3660 3501 Deum

2079 3540 2333 3608 pertinent
2374 3540 2439 3593 ⁷⁵.
2476 3538 2612 3608 Ergo
2657 3536 2799 3606 quod
2824 3545 2941 3590 erat
2986 3536 3119 3605 legis
3145 3536 3422 3600 excelsus,
3458 3538 3562 3592 hoc
3586 3537 3656 3592 ad

2080 3630 2296 3703 Moysen
2326 3632 2630 3697 dicebatur,
2662 3631 2780 3700 ipse
2809 3629 3010 3699 quippe
3041 3628 3275 3681 habebat
3299 3643 3383 3688 ea,
3428 3643 3550 3696 quae
3589 3628 3659 3683 ad

2080 3723 2246 3776 Deum
2277 3722 2643 3792 pertinebant.
2669 3721 2719 3775 id
2749 3729 2851 3781 est,
2877 3734 2938 3772 ea
2957 3733 3079 3788 quas
3098 3717 3482 3785 suntspiritus.
3503 3717 3659 3783 Quod

2076 3825 2256 3869 autem
2269 3823 2384 3869 erat
2409 3814 2734 3882 subjectum,
2760 3822 2812 3868 et
2834 3811 3110 3867 humilius.
3135 3812 3236 3864 hoc
3251 3811 3316 3864 ad
3336 3809 3660 3880 Aaron.ipse

2076 3907 2223 3962 enim
2254 3906 2451 3978 Moysis
2476 3915 2595 3961 erat
2620 3921 2681 3961 os
2709 3905 2774 3960 ad
2820 3903 3104 3974 populum.
3144 3903 3314 3972 legem
3353 3904 3658 3957 secundum

2074 3998 2310 4054 litteram
2336 3999 2709 4068 accipientem,
2737 4012 2898 4068 quam
2924 4003 2980 4051 et
3006 3994 3231 4065 primam
3260 4009 3360 4047 nos
3388 4007 3659 4062 exponere

2075 4084 2446 4155 promisimus.
2476 4085 2661 4153 Lepraz
2682 4097 2809 4152 ergo
2825 4080 3053 4150 species,
3071 4086 3164 4132 aut
3185 4078 3347 4130 nimis
3362 4085 3455 4130 aut
3481 4078 3661 4132 mode-

2074 4185 2190 4230 rate
2218 4175 2446 4231 obscura
2475 4184 2575 4239 est,
2607 4185 2661 4229 et
2688 4171 3087 4244 quodammodo
3125 4169 3469 4231 obumbrata,
3494 4177 3550 4224 et
3575 4169 3661 4223 in-

2075 4269 2232 4324 terim
2261 4269 2472 4323 occulta
2507 4269 2609 4322 sub
2643 4267 2801 4338 pelle,
2839 4264 3072 4318 necdum
3108 4263 3499 4317 effervescente
3536 4276 3660 4332 pas-

2074 4359 2246 4425 sione,
2262 4359 2613 4429 quamobrcm
2633 4367 2687 4412 et
2706 4356 2870 4410 nimia
2889 4354 3095 4425 indiget
3114 4352 3525 4408 deliberatione.
3541 4352 3659 4406 Alia

384 4458 527 4527 pelle
572 4459 743 4529 lepra,
780 4472 835 4516 et
872 4463 1149 4532 operui-rit
1182 4475 1399 4515 omnem
1432 4460 1627 4530 pellem
1660 4460 1907 4525 maculae,
1936 4476 1966 4515 a

2072 4460 2252 4505 autem
2298 4451 2507 4521 species
2556 4450 2674 4519 ejus
2729 4456 2832 4513 est,
2894 4461 3016 4517 quae
3074 4444 3239 4499 nimis
3287 4445 3432 4499 clara
3472 4452 3577 4509 est,
3604 4453 3661 4499 et

384 4551 565 4619 capite
595 4566 767 4622 usque
784 4555 849 4608 ad
891 4556 1078 4624 pedes,
1117 4567 1214 4623 per
1242 4561 1416 4607 totum
1447 4552 1621 4606 visum
1648 4552 1967 4617 sacerdotis,

385 4652 443 4697 et
465 4644 668 4700 videbit
706 4648 978 4712 sacerdos,
1009 4655 1064 4700 et
1098 4661 1226 4701 ecce
1254 4644 1538 4713 cooperuit
1564 4642 1715 4713 lepra
1750 4658 1968 4698 omnem

389 4733 495 4803 pell
528 4749 583 4787 m
623 4736 887 4805 corporis.
913 4735 974 4790 Et
993 4734 1276 4790 mundabit
1306 4749 1431 4789 eum
1457 4734 1713 4789 sacerdos
1731 4748 1760 4787 a
1783 4748 1972 4787 macu-

382 4824 457 4890 ta,
486 4826 612 4895 quia
647 4835 815 4881 totam
848 4829 1202 4882 commutavit
1230 4826 1285 4880 in
1322 4826 1468 4889 albo,
1504 4825 1742 4879 mundus
1771 4832 1874 4879 est.
1910 4825 1975 4879 Et

383 4933 710 4988 quacunque
740 4919 828 4973 die
856 4920 1172 4989 apparuerit
1197 4919 1250 4972 in
1278 4932 1344 4972 eo
1379 4933 1580 4987 corpus
1603 4917 1810 4979 vivum,
1840 4930 1975 4970 con-

387 5010 690 5064 taminahit.
755 5011 821 5066 Et
872 5010 1077 5066 videbit
1114 5010 1367 5065 sacerdos
1406 5024 1607 5078 corpus
1631 5021 1848 5073 sanum,
1872 5007 1975 5059 im—

388 5102 622 5155 mundus
665 5112 770 5169 est,
817 5105 964 5175 lepra
989 5116 1091 5157 est.
1133 5099 1190 5156 Si
1237 5112 1417 5156 autem
1459 5100 1771 5155 restitutum
1796 5082 1976 5152 ‘l‘uerit

384 5208 586 5262 corpus
621 5209 834 5261 sanum,
862 5205 917 5250 rt
949 5203 1343 5251 commutatum
1387 5192 1549 5246 fuerit
1579 5191 1634 5244 in
1680 5191 1885 5251 album,
1920 5197 1976 5243 et

386 5286 574 5341 veniet
607 5288 672 5342 ad
723 5290 1086 5354 sacerdotem,
1130 5286 1407 5341 ctvidcbit
1448 5299 1571 5339 eum
1607 5283 1883 5346 sacerdos,
1914 5291 1968 5335 rt

387 5393 516 5433 cccc
544 5388 873 5433 cnmmutata
895 5390 978 5435 cst
998 5380 1204 5433 macula
1225 5379 1344 5448 ejus
1372 5378 1425 5431 in
1455 5377 1657 5439 album,
1684 5373 1970 5428 umndabit

387 5472 642 5529 sacerdos
675 5476 965 5537 maculam,
998 5483 1050 5528 et
1082 5473 1315 5535 mundus
1347 5471 1470 5527 erit.
1512 5489 1529 5520 ι

458 5564 733 5621 Profunda
759 5573 861 5627 est,
883 5566 1021 5619 sicut
1040 5564 1241 5626 cernis,
1264 5564 1369 5627 lex,
1392 5572 1446 5616 et
1465 5576 1571 5615 non
1598 5560 1771 5615 solum
1797 5559 1973 5613 verbis

457 5724 503 5755 "
526 5720 643 5778 Jac.
678 5738 716 5788 ι,
752 5724 801 5790 5,
835 5723 889 5778 6.
992 5722 1035 5753 τ³
1061 5721 1201 5775 Psal.
1229 5733 1336 5786 ιιι,
1374 5718 1458 5772 l2.

1559 5716 1606 5750 ⁷⁸
1667 5714 1835 5769 Est-rd.
1872 5729 1943 5777 ιν,
1978 5714 2060 5767 lli.

2072 4542 2230 4597 valde
2275 4541 2585 4612 perspicua,
2632 4540 2704 4595 ita
2753 4548 2813 4594 ut
2863 4537 3091 4608 simplex
3120 4537 3211 4600 sit,
3254 4547 3310 4591 et
3349 4546 3535 4606 aperta
3565 4550 3660 4591 co—

2075 4635 2268 4706 gnitio.
2320 4634 2393 4688 Ex
2441 4634 2528 4688 his
2578 4634 2808 4702 prima‘m
2863 4629 3102 4701 speciem
3157 4628 3514 4700 Septuaginta
3563 4643 3657 4681 se-

2076 4729 2315 4782 cundum
2379 4742 2518 4797 quos
2589 4741 2730 4797 pene
2790 4733 2937 4779 totus
2981 4723 3070 4777 hic
3108 4738 3306 4778 sensus
3351 4719 3655 4775 secundum

2078 4819 2315 4874 litteram
2350 4817 2661 4889 exponitur,
2706 4816 3014 4871 cicatricem
3058 4811 3474 4885 signiﬁcationis
3502 4818 3655 4864 recte

2074 4908 2505 4978 appellaverunt,
2542 4906 2596 4962 id
2636 4914 2743 4970 est,
2774 4903 3108 4967 cicatricem,
3145 4900 3452 4972 passionem
3485 4897 3656 4968 signi-

2074 5001 2349 5054 ficantem.
2407 4998 2465 5052 ln
2514 4997 2652 5052 duas
2690 5003 2871 5050 autem
2922 5002 3108 5063 partes
3149 4993 3311 5055 hanc,
3360 4988 3416 5043 id
3465 4998 3570 5053 est,
3598 4987 3655 5043 in

2074 5093 2238 5148 nimis
2269 5089 2645 5154 dubitabilem,
2675 5096 2730 5143 et
2772 5088 2826 5142 in
2853 5088 3034 5141 minus
3063 5083 3418 5140 dubitandam
3449 5081 3654 5137 divise-

2076 5195 2222 5240 runt.
2269 5181 2349 5237 Ex
2389 5182 2590 5253 quibus
2626 5195 2790 5235 unam
2822 5177 3125 5249 τηλαυγὴν,
3160 5174 3320 5228 aliam
3350 5183 3533 5228 autem
3560 5187 3657 5243 ap-

2076 5278 2415 5349 pellaverunt
2468 5272 2728 5344 αὖγασμα
2750 5291 2762 5304 ·
2786 5270 3063 5339 τηλαυγὴν
3093 5268 3316 5340 quidem
3339 5308 3355 5333 ,
3411 5267 3535 5337 quia
3587 5267 3658 5321 de

2075 5373 2235 5441 longe
2260 5369 2504 5423 videatur
2528 5384 2542 5419 :
2582 5363 2842 5433 αΰγαςμα
2865 5371 3067 5428 autem,
3101 5360 3227 5432 quia
3246 5358 3431 5414 ‘nimis
3457 5359 3658 5413 obscu-

2080 5480 2137 5518 ra
2169 5471 2271 5527 est,
2315 5473 2645 5533 parvamque
2690 5457 2856 5513 habet
2887 5455 3155 5527 passionis
3203 5450 3653 5518 insinuationem,

2084 5567 2138 5612 ct
2204 5557 2343 5611 hanc
2386 5551 2781 5614 dubitabilem,
2845 5560 2906 5604 ut
2977 5547 3204 5620 proximi
3265 5545 3659 5617 disceptatione
