  <div class='ocr_page' id='page_1' title='image "/cluster/home/n/w/nwhite01/storage/ocr_20150623/93/hvd.32044054128533/479.png"; bbox 0 0 4076 6188; ppageno 0'>
   <div class='ocr_carea' id='block_1_1' title="bbox 383 324 590 391">
    <p class='ocr_par' dir='ltr' id='par_1_1' title="bbox 383 324 590 391">
     <span class='ocr_line' id='line_1_1' title="bbox 383 324 590 391; baseline -0.01 -1"><span class='ocrx_word' id='word_1_1' title='bbox 383 379 394 390; x_wconf 93' lang='grc'><strong>.</strong></span> <span class='ocrx_word' id='word_1_2' title='bbox 485 324 590 391; x_wconf 81' lang='lat'><strong>931</strong></span> 
     </span>
    </p>
   </div>
   <div class='ocr_carea' id='block_1_2' title="bbox 488 502 2062 593">
    <p class='ocr_par' dir='ltr' id='par_1_2' title="bbox 488 502 2062 593">
     <span class='ocr_line' id='line_1_2' title="bbox 488 502 2062 593; baseline -0.017 -9"><span class='ocrx_word' id='word_1_3' title='bbox 488 502 632 584; x_wconf 65' lang='lat' dir='ltr'><strong>sicut</strong></span> <span class='ocrx_word' id='word_1_4' title='bbox 662 525 714 579; x_wconf 90' lang='lat' dir='ltr'><strong>hi</strong></span> <span class='ocrx_word' id='word_1_5' title='bbox 735 502 831 593; x_wconf 80' lang='lat' dir='ltr'><strong>qui</strong></span> <span class='ocrx_word' id='word_1_6' title='bbox 871 519 1076 590; x_wconf 85' lang='lat' dir='ltr'><strong>lapides</strong></span> <span class='ocrx_word' id='word_1_7' title='bbox 1107 512 1404 584; x_wconf 79' lang='lat' dir='ltr'><strong>inspiciunt</strong></span> <span class='ocrx_word' id='word_1_8' title='bbox 1439 508 1728 579; x_wconf 84' lang='lat' dir='ltr'><strong>pretiosos,</strong></span> <span class='ocrx_word' id='word_1_9' title='bbox 1756 512 1974 576; x_wconf 91' lang='lat' dir='ltr'><strong>egeant.</strong></span> <span class='ocrx_word' id='word_1_10' title='bbox 2006 502 2062 557; x_wconf 94' lang='lat' dir='ltr'><strong>In</strong></span> 
     </span>
    </p>
   </div>
   <div class='ocr_carea' id='block_1_3' title="bbox 488 597 2067 685">
    <p class='ocr_par' dir='ltr' id='par_1_3' title="bbox 488 597 2067 685">
     <span class='ocr_line' id='line_1_3' title="bbox 488 597 2067 685; baseline -0.017 -11"><span class='ocrx_word' id='word_1_11' title='bbox 488 620 593 673; x_wconf 87' lang='lat' dir='ltr'><strong>hac</strong></span> <span class='ocrx_word' id='word_1_12' title='bbox 635 617 948 685; x_wconf 86' lang='lat' dir='ltr'><strong>frequenter</strong></span> <span class='ocrx_word' id='word_1_13' title='bbox 997 609 1154 678; x_wconf 92' lang='lat' dir='ltr'><strong>jubet</strong></span> <span class='ocrx_word' id='word_1_14' title='bbox 1199 601 1536 659; x_wconf 75' lang='lat' dir='ltr'><strong>sacerdotem</strong></span> <span class='ocrx_word' id='word_1_15' title='bbox 1598 597 1971 658; x_wconf 77' lang='lat' dir='ltr'><strong>considerare,</strong></span> <span class='ocrx_word' id='word_1_16' title='bbox 2011 601 2067 647; x_wconf 88' lang='lat' dir='ltr'><strong>et</strong></span> 
     </span>
    </p>
   </div>
   <div class='ocr_carea' id='block_1_4' title="bbox 490 687 2064 763">
    <p class='ocr_par' dir='ltr' id='par_1_4' title="bbox 490 687 2064 763">
     <span class='ocr_line' id='line_1_4' title="bbox 490 687 2064 763; baseline -0.015 0"><span class='ocrx_word' id='word_1_17' title='bbox 490 725 599 763; x_wconf 91' lang='lat' dir='ltr'><strong>non</strong></span> <span class='ocrx_word' id='word_1_18' title='bbox 630 707 851 760; x_wconf 83' lang='lat' dir='ltr'><strong>credere</strong></span> <span class='ocrx_word' id='word_1_19' title='bbox 891 696 1332 759; x_wconf 87' lang='lat' dir='ltr'><strong>obvenientibus,</strong></span> <span class='ocrx_word' id='word_1_20' title='bbox 1365 693 1480 748; x_wconf 85' lang='lat' dir='ltr'><strong>sive</strong></span> <span class='ocrx_word' id='word_1_21' title='bbox 1505 689 1922 746; x_wconf 79' lang='lat' dir='ltr'><strong>occurrentibus</strong></span> <span class='ocrx_word' id='word_1_22' title='bbox 1953 687 2064 757; x_wconf 88' lang='lat' dir='ltr'><strong>pri-</strong></span> 
     </span>
    </p>
   </div>
   <div class='ocr_carea' id='block_1_5' title="bbox 490 779 2068 864">
    <p class='ocr_par' dir='ltr' id='par_1_5' title="bbox 490 779 2068 864">
     <span class='ocr_line' id='line_1_5' title="bbox 490 779 2068 864; baseline -0.012 -12"><span class='ocrx_word' id='word_1_23' title='bbox 490 814 591 852; x_wconf 72' lang='lat' dir='ltr'><strong>mae</strong></span> <span class='ocrx_word' id='word_1_24' title='bbox 632 791 968 864; x_wconf 74' lang='lat' dir='ltr'><strong>probationis</strong></span> <span class='ocrx_word' id='word_1_25' title='bbox 1013 787 1346 857; x_wconf 79' lang='lat' dir='ltr'><strong>aspectibus.</strong></span> <span class='ocrx_word' id='word_1_26' title='bbox 1399 783 1506 837; x_wconf 86' lang='lat' dir='ltr'><strong>Sed</strong></span> <span class='ocrx_word' id='word_1_27' title='bbox 1533 791 1588 837; x_wconf 90' lang='lat' dir='ltr'><strong>et</strong></span> <span class='ocrx_word' id='word_1_28' title='bbox 1626 783 1670 837; x_wconf 91' lang='lat' dir='ltr'><strong>si</strong></span> <span class='ocrx_word' id='word_1_29' title='bbox 1702 779 2068 836; x_wconf 78' lang='lat' dir='ltr'><strong>consideratio</strong></span> 
     </span>
    </p>
   </div>
   <div class='ocr_carea' id='block_1_6' title="bbox 490 871 2068 946">
    <p class='ocr_par' dir='ltr' id='par_1_6' title="bbox 490 871 2068 946">
     <span class='ocr_line' id='line_1_6' title="bbox 490 871 2068 946; baseline -0.012 -6"><span class='ocrx_word' id='word_1_30' title='bbox 490 883 755 940; x_wconf 80' lang='lat' dir='ltr'><strong>cicatricis</strong></span> <span class='ocrx_word' id='word_1_31' title='bbox 795 879 1027 934; x_wconf 87' lang='lat' dir='ltr'><strong>necdum</strong></span> <span class='ocrx_word' id='word_1_32' title='bbox 1079 885 1339 946; x_wconf 83' lang='lat' dir='ltr'><strong>appareat</strong></span> <span class='ocrx_word' id='word_1_33' title='bbox 1389 873 1646 929; x_wconf 85' lang='lat' dir='ltr'><strong>humilior</strong></span> <span class='ocrx_word' id='word_1_34' title='bbox 1692 871 1852 941; x_wconf 90' lang='lat' dir='ltr'><strong>pelle,</strong></span> <span class='ocrx_word' id='word_1_35' title='bbox 1889 883 2068 938; x_wconf 87' lang='lat' dir='ltr'><strong>neque</strong></span> 
     </span>
    </p>
   </div>
   <div class='ocr_carea' id='block_1_7' title="bbox 491 961 2070 1042">
    <p class='ocr_par' dir='ltr' id='par_1_7' title="bbox 491 961 2070 1042">
     <span class='ocr_line' id='line_1_7' title="bbox 491 961 2070 1042; baseline -0.009 -12"><span class='ocrx_word' id='word_1_36' title='bbox 491 979 546 1032; x_wconf 86' lang='lat' dir='ltr'><strong>in</strong></span> <span class='ocrx_word' id='word_1_37' title='bbox 590 977 710 1029; x_wconf 90' lang='lat' dir='ltr'><strong>loco</strong></span> <span class='ocrx_word' id='word_1_38' title='bbox 759 973 898 1042; x_wconf 92' lang='lat' dir='ltr'><strong>pilus</strong></span> <span class='ocrx_word' id='word_1_39' title='bbox 945 977 1312 1024; x_wconf 87' lang='lat' dir='ltr'><strong>commutatus</strong></span> <span class='ocrx_word' id='word_1_40' title='bbox 1353 982 1383 1020; x_wconf 90' lang='lat' dir='ltr'><strong>a</strong></span> <span class='ocrx_word' id='word_1_41' title='bbox 1415 965 1670 1035; x_wconf 86' lang='lat' dir='ltr'><strong>passione</strong></span> <span class='ocrx_word' id='word_1_42' title='bbox 1699 964 1855 1018; x_wconf 86' lang='lat' dir='ltr'><strong>albus</strong></span> <span class='ocrx_word' id='word_1_43' title='bbox 1893 961 2070 1016; x_wconf 87' lang='lat' dir='ltr'><strong>factus</strong></span> 
     </span>
    </p>
   </div>
   <div class='ocr_carea' id='block_1_8' title="bbox 489 1053 2070 1132">
    <p class='ocr_par' dir='ltr' id='par_1_8' title="bbox 489 1053 2070 1132">
     <span class='ocr_line' id='line_1_8' title="bbox 489 1053 2070 1132; baseline -0.011 -11"><span class='ocrx_word' id='word_1_44' title='bbox 489 1067 672 1124; x_wconf 78' lang='lat' dir='ltr'><strong>fuerit,</strong></span> <span class='ocrx_word' id='word_1_45' title='bbox 699 1072 904 1132; x_wconf 90' lang='lat' dir='ltr'><strong>septem</strong></span> <span class='ocrx_word' id='word_1_46' title='bbox 939 1070 1118 1115; x_wconf 88' lang='lat' dir='ltr'><strong>tamen</strong></span> <span class='ocrx_word' id='word_1_47' title='bbox 1147 1059 1263 1112; x_wconf 90' lang='lat' dir='ltr'><strong>dies</strong></span> <span class='ocrx_word' id='word_1_48' title='bbox 1292 1056 1631 1126; x_wconf 88' lang='lat' dir='ltr'><strong>separabitur</strong></span> <span class='ocrx_word' id='word_1_49' title='bbox 1655 1053 1721 1107; x_wconf 90' lang='lat' dir='ltr'><strong>ad</strong></span> <span class='ocrx_word' id='word_1_50' title='bbox 1751 1053 1910 1106; x_wconf 88' lang='lat' dir='ltr'><strong>aliam</strong></span> <span class='ocrx_word' id='word_1_51' title='bbox 1937 1065 2070 1104; x_wconf 89' lang='lat' dir='ltr'><strong>con-</strong></span> 
     </span>
    </p>
   </div>
   <div class='ocr_carea' id='block_1_9' title="bbox 491 1143 2069 1217">
    <p class='ocr_par' dir='ltr' id='par_1_9' title="bbox 491 1143 2069 1217">
     <span class='ocr_line' id='line_1_9' title="bbox 491 1143 2069 1217; baseline -0.011 -5"><span class='ocrx_word' id='word_1_52' title='bbox 491 1156 896 1217; x_wconf 90' lang='lat' dir='ltr'><strong>siderationem,</strong></span> <span class='ocrx_word' id='word_1_53' title='bbox 927 1162 982 1206; x_wconf 92' lang='lat' dir='ltr'><strong>et</strong></span> <span class='ocrx_word' id='word_1_54' title='bbox 1015 1166 1204 1205; x_wconf 89' lang='lat' dir='ltr'><strong>rursus</strong></span> <span class='ocrx_word' id='word_1_55' title='bbox 1238 1149 1372 1203; x_wconf 89' lang='lat' dir='ltr'><strong>alios</strong></span> <span class='ocrx_word' id='word_1_56' title='bbox 1399 1156 1610 1216; x_wconf 84' lang='lat' dir='ltr'><strong>septem</strong></span> <span class='ocrx_word' id='word_1_57' title='bbox 1648 1146 1764 1200; x_wconf 89' lang='lat' dir='ltr'><strong>dies</strong></span> <span class='ocrx_word' id='word_1_58' title='bbox 1793 1165 1804 1198; x_wconf 90' lang='lat'><strong>:</strong></span> <span class='ocrx_word' id='word_1_59' title='bbox 1841 1143 2069 1198; x_wconf 78' lang='lat' dir='ltr'><strong>forsitan</strong></span> 
     </span>
    </p>
   </div>
   <div class='ocr_carea' id='block_1_10' title="bbox 490 1231 2070 1309">
    <p class='ocr_par' dir='ltr' id='par_1_10' title="bbox 490 1231 2070 1309">
     <span class='ocr_line' id='line_1_10' title="bbox 490 1231 2070 1309; baseline -0.011 -8"><span class='ocrx_word' id='word_1_60' title='bbox 490 1248 633 1302; x_wconf 89' lang='lat' dir='ltr'><strong>enim</strong></span> <span class='ocrx_word' id='word_1_61' title='bbox 672 1245 1060 1298; x_wconf 79' lang='lat' dir='ltr'><strong>effervescente</strong></span> <span class='ocrx_word' id='word_1_62' title='bbox 1103 1255 1199 1309; x_wconf 89' lang='lat' dir='ltr'><strong>per</strong></span> <span class='ocrx_word' id='word_1_63' title='bbox 1248 1247 1463 1306; x_wconf 86' lang='lat' dir='ltr'><strong>tempus</strong></span> <span class='ocrx_word' id='word_1_64' title='bbox 1503 1234 1788 1304; x_wconf 79' lang='lat' dir='ltr'><strong>passione,</strong></span> <span class='ocrx_word' id='word_1_65' title='bbox 1837 1231 2070 1286; x_wconf 86' lang='lat' dir='ltr'><strong>manife-</strong></span> 
     </span>
    </p>
   </div>
   <div class='ocr_carea' id='block_1_11' title="bbox 491 1324 2070 1394">
    <p class='ocr_par' dir='ltr' id='par_1_11' title="bbox 491 1324 2070 1394">
     <span class='ocr_line' id='line_1_11' title="bbox 491 1324 2070 1394; baseline -0.01 -2"><span class='ocrx_word' id='word_1_66' title='bbox 491 1340 624 1394; x_wconf 88' lang='lat' dir='ltr'><strong>stior</strong></span> <span class='ocrx_word' id='word_1_67' title='bbox 658 1335 881 1389; x_wconf 82' lang='lat' dir='ltr'><strong>morbus</strong></span> <span class='ocrx_word' id='word_1_68' title='bbox 925 1331 1175 1386; x_wconf 77' lang='lat' dir='ltr'><strong>edicitur.</strong></span> <span class='ocrx_word' id='word_1_69' title='bbox 1209 1329 1571 1382; x_wconf 82' lang='lat' dir='ltr'><strong>Permanente</strong></span> <span class='ocrx_word' id='word_1_70' title='bbox 1617 1334 1798 1378; x_wconf 87' lang='lat' dir='ltr'><strong>autem</strong></span> <span class='ocrx_word' id='word_1_71' title='bbox 1839 1324 2070 1377; x_wconf 87' lang='lat' dir='ltr'><strong>obscura</strong></span> 
     </span>
    </p>
   </div>
   <div class='ocr_carea' id='block_1_12' title="bbox 492 1413 2071 1491">
    <p class='ocr_par' dir='ltr' id='par_1_12' title="bbox 492 1413 2071 1491">
     <span class='ocr_line' id='line_1_12' title="bbox 492 1413 2071 1491; baseline -0.012 -7"><span class='ocrx_word' id='word_1_72' title='bbox 492 1430 768 1491; x_wconf 84' lang='lat' dir='ltr'><strong>cicatrice,</strong></span> <span class='ocrx_word' id='word_1_73' title='bbox 815 1435 872 1480; x_wconf 93' lang='lat' dir='ltr'><strong>et</strong></span> <span class='ocrx_word' id='word_1_74' title='bbox 913 1424 1061 1478; x_wconf 91' lang='lat' dir='ltr'><strong>nulla</strong></span> <span class='ocrx_word' id='word_1_75' title='bbox 1092 1423 1231 1476; x_wconf 83' lang='lat' dir='ltr'><strong>facta</strong></span> <span class='ocrx_word' id='word_1_76' title='bbox 1282 1420 1338 1474; x_wconf 91' lang='lat' dir='ltr'><strong>in</strong></span> <span class='ocrx_word' id='word_1_77' title='bbox 1369 1418 1508 1489; x_wconf 88' lang='lat' dir='ltr'><strong>pelle</strong></span> <span class='ocrx_word' id='word_1_78' title='bbox 1533 1415 1960 1487; x_wconf 85' lang='lat' dir='ltr'><strong>permutatione,</strong></span> <span class='ocrx_word' id='word_1_79' title='bbox 1993 1413 2071 1466; x_wconf 83' lang='lat' dir='ltr'><strong>si-</strong></span> 
     </span>
    </p>
   </div>
   <div class='ocr_carea' id='block_1_13' title="bbox 493 1507 2068 1594">
    <p class='ocr_par' dir='ltr' id='par_1_13' title="bbox 493 1507 2068 1594">
     <span class='ocr_line' id='line_1_13' title="bbox 493 1507 2068 1594; baseline -0.011 -17"><span class='ocrx_word' id='word_1_80' title='bbox 493 1521 895 1594; x_wconf 76' lang='lat' dir='ltr'><strong>gnificationem</strong></span> <span class='ocrx_word' id='word_1_81' title='bbox 923 1517 1078 1582; x_wconf 90' lang='lat' dir='ltr'><strong>dixit,</strong></span> <span class='ocrx_word' id='word_1_82' title='bbox 1121 1530 1231 1568; x_wconf 93' lang='lat' dir='ltr'><strong>non</strong></span> <span class='ocrx_word' id='word_1_83' title='bbox 1266 1523 1447 1567; x_wconf 90' lang='lat' dir='ltr'><strong>autem</strong></span> <span class='ocrx_word' id='word_1_84' title='bbox 1469 1511 1677 1580; x_wconf 90' lang='lat' dir='ltr'><strong>lepram</strong></span> <span class='ocrx_word' id='word_1_85' title='bbox 1702 1507 2068 1570; x_wconf 85' lang='lat' dir='ltr'><strong>manifestam,</strong></span> 
     </span>
    </p>
   </div>
   <div class='ocr_carea' id='block_1_14' title="bbox 492 1597 2073 1682">
    <p class='ocr_par' dir='ltr' id='par_1_14' title="bbox 492 1597 2073 1682">
     <span class='ocr_line' id='line_1_14' title="bbox 492 1597 2073 1682; baseline -0.013 -12"><span class='ocrx_word' id='word_1_86' title='bbox 492 1632 615 1671; x_wconf 88' lang='lat' dir='ltr'><strong>cum</strong></span> <span class='ocrx_word' id='word_1_87' title='bbox 656 1629 760 1682; x_wconf 90' lang='lat' dir='ltr'><strong>qua</strong></span> <span class='ocrx_word' id='word_1_88' title='bbox 808 1609 1261 1681; x_wconf 83' lang='lat' dir='ltr'><strong>significationem</strong></span> <span class='ocrx_word' id='word_1_89' title='bbox 1313 1619 1424 1658; x_wconf 91' lang='lat' dir='ltr'><strong>non</strong></span> <span class='ocrx_word' id='word_1_90' title='bbox 1464 1600 1723 1662; x_wconf 84' lang='lat' dir='ltr'><strong>subdidit,</strong></span> <span class='ocrx_word' id='word_1_91' title='bbox 1756 1597 2073 1653; x_wconf 89' lang='lat' dir='ltr'><strong>custodiens</strong></span> 
     </span>
    </p>
   </div>
   <div class='ocr_carea' id='block_1_15' title="bbox 492 1689 2073 1772">
    <p class='ocr_par' dir='ltr' id='par_1_15' title="bbox 492 1689 2073 1772">
     <span class='ocr_line' id='line_1_15' title="bbox 492 1689 2073 1772; baseline -0.013 -12"><span class='ocrx_word' id='word_1_92' title='bbox 492 1723 609 1760; x_wconf 89' lang='lat' dir='ltr'><strong>eam</strong></span> <span class='ocrx_word' id='word_1_93' title='bbox 637 1706 718 1758; x_wconf 91' lang='lat' dir='ltr'><strong>his</strong></span> <span class='ocrx_word' id='word_1_94' title='bbox 746 1703 837 1772; x_wconf 86' lang='lat' dir='ltr'><strong>qui</strong></span> <span class='ocrx_word' id='word_1_95' title='bbox 864 1701 1162 1755; x_wconf 89' lang='lat' dir='ltr'><strong>secundum</strong></span> <span class='ocrx_word' id='word_1_96' title='bbox 1202 1695 1454 1766; x_wconf 88' lang='lat' dir='ltr'><strong>spiritum</strong></span> <span class='ocrx_word' id='word_1_97' title='bbox 1489 1690 1765 1760; x_wconf 88' lang='lat' dir='ltr'><strong>accipiunt</strong></span> <span class='ocrx_word' id='word_1_98' title='bbox 1797 1689 1990 1759; x_wconf 86' lang='lat' dir='ltr'><strong>legem,</strong></span> <span class='ocrx_word' id='word_1_99' title='bbox 2019 1696 2073 1740; x_wconf 89' lang='lat' dir='ltr'><strong>et</strong></span> 
     </span>
    </p>
   </div>
   <div class='ocr_carea' id='block_1_16' title="bbox 1679 304 3028 379">
    <p class='ocr_par' dir='ltr' id='par_1_16' title="bbox 1679 304 3028 379">
     <span class='ocr_line' id='line_1_16' title="bbox 1679 304 3028 379; baseline -0.006 -11"><span class='ocrx_word' id='word_1_100' title='bbox 1679 306 2041 368; x_wconf 84' lang='lat' dir='ltr'><strong>HESYCHII</strong></span> <span class='ocrx_word' id='word_1_101' title='bbox 2093 304 2567 365; x_wconf 76' lang='lat' dir='ltr'><strong>PRESBYTERI</strong></span> <span class='ocrx_word' id='word_1_102' title='bbox 3015 365 3028 379; x_wconf 47' lang='lat'><em>.</em></span> 
     </span>
    </p>
   </div>
   <div class='ocr_carea' id='block_1_17' title="bbox 487 410 3746 510">
    <p class='ocr_par' dir='ltr' id='par_1_17' title="bbox 487 410 3746 510">
     <span class='ocr_line' id='line_1_17' title="bbox 487 410 3746 510; baseline -0.009 -17"><span class='ocrx_word' id='word_1_103' title='bbox 487 444 664 510; x_wconf 83' lang='lat' dir='ltr'><strong>egeat,</strong></span> <span class='ocrx_word' id='word_1_104' title='bbox 717 440 988 506; x_wconf 82' lang='lat' dir='ltr'><strong>quatenus</strong></span> <span class='ocrx_word' id='word_1_105' title='bbox 1036 437 1092 483; x_wconf 88' lang='lat' dir='ltr'><strong>et</strong></span> <span class='ocrx_word' id='word_1_106' title='bbox 1123 426 1243 481; x_wconf 85' lang='lat' dir='ltr'><strong>luce</strong></span> <span class='ocrx_word' id='word_1_107' title='bbox 1269 418 1544 492; x_wconf 68' lang='lat' dir='ltr'><strong>passionis</strong></span> <span class='ocrx_word' id='word_1_108' title='bbox 1574 418 1632 472; x_wconf 75' lang='lat' dir='ltr'><strong>hi</strong></span> <span class='ocrx_word' id='word_1_109' title='bbox 1673 417 1767 486; x_wconf 78' lang='grc' dir='ltr'><strong>(ιιιί</strong></span> <span class='ocrx_word' id='word_1_110' title='bbox 1790 416 2061 510; x_wconf 57' lang='lat' dir='ltr'><strong>indicati}.</strong></span> <span class='ocrx_word' id='word_1_111' title='bbox 2093 421 2139 475; x_wconf 76' lang='grc' dir='ltr'>Α</span> <span class='ocrx_word' id='word_1_112' title='bbox 2168 416 2352 480; x_wconf 85' lang='lat' dir='ltr'><strong>solvit,</strong></span> <span class='ocrx_word' id='word_1_113' title='bbox 2391 425 2445 470; x_wconf 91' lang='lat' dir='ltr'><strong>et</strong></span> <span class='ocrx_word' id='word_1_114' title='bbox 2489 414 2581 484; x_wconf 89' lang='lat' dir='ltr'><strong>qui</strong></span> <span class='ocrx_word' id='word_1_115' title='bbox 2611 413 2806 468; x_wconf 86' lang='lat' dir='ltr'><strong>debeat</strong></span> <span class='ocrx_word' id='word_1_116' title='bbox 2846 428 2876 467; x_wconf 90' lang='lat' dir='ltr'><strong>a</strong></span> <span class='ocrx_word' id='word_1_117' title='bbox 2909 413 3026 483; x_wconf 85' lang='lat' dir='ltr'><strong>lege</strong></span> <span class='ocrx_word' id='word_1_118' title='bbox 3067 410 3264 510; x_wconf 74' lang='lat' dir='ltr'><strong>mereri</strong></span> <span class='ocrx_word' id='word_1_119' title='bbox 3294 410 3746 510; x_wconf 63' lang='lat' dir='ltr'><strong>miscricordiam,</strong></span> 
     </span>
    </p>
   </div>
   <div class='ocr_carea' id='block_1_18' title="bbox 3645 303 3744 365">
    <p class='ocr_par' dir='ltr' id='par_1_18' title="bbox 3645 303 3744 365">
     <span class='ocr_line' id='line_1_18' title="bbox 3645 303 3744 365; baseline 0.01 -1"><span class='ocrx_word' id='word_1_120' title='bbox 3645 303 3744 365; x_wconf 73' lang='lat'><strong>932</strong></span> 
     </span>
    </p>
   </div>
   <div class='ocr_carea' id='block_1_19' title="bbox 2169 503 3752 576">
    <p class='ocr_par' dir='ltr' id='par_1_19' title="bbox 2169 503 3752 576">
     <span class='ocr_line' id='line_1_19' title="bbox 2169 503 3752 576; baseline -0.001 -18"><span class='ocrx_word' id='word_1_121' title='bbox 2169 507 2427 576; x_wconf 89' lang='lat' dir='ltr'><strong>punitur:</strong></span> <span class='ocrx_word' id='word_1_122' title='bbox 2457 521 2690 574; x_wconf 87' lang='lat' dir='ltr'><strong>cumque</strong></span> <span class='ocrx_word' id='word_1_123' title='bbox 2717 505 2912 575; x_wconf 84' lang='lat' dir='ltr'><strong>dignus</strong></span> <span class='ocrx_word' id='word_1_124' title='bbox 2940 512 3086 559; x_wconf 89' lang='lat' dir='ltr'><strong>esset</strong></span> <span class='ocrx_word' id='word_1_125' title='bbox 3111 503 3315 556; x_wconf 83' lang='lat' dir='ltr'><strong>auxilio</strong></span> <span class='ocrx_word' id='word_1_126' title='bbox 3351 509 3571 571; x_wconf 83' lang='lat' dir='ltr'><strong>propter</strong></span> <span class='ocrx_word' id='word_1_127' title='bbox 3602 503 3752 557; x_wconf 83' lang='lat' dir='ltr'><strong>inﬁr-</strong></span> 
     </span>
    </p>
   </div>
   <div class='ocr_carea' id='block_1_20' title="bbox 2168 593 3756 664">
    <p class='ocr_par' dir='ltr' id='par_1_20' title="bbox 2168 593 3756 664">
     <span class='ocr_line' id='line_1_20' title="bbox 2168 593 3756 664; baseline 0.001 -16"><span class='ocrx_word' id='word_1_128' title='bbox 2168 597 2435 658; x_wconf 89' lang='lat' dir='ltr'><strong>mitatem,</strong></span> <span class='ocrx_word' id='word_1_129' title='bbox 2485 597 2588 650; x_wconf 90' lang='lat' dir='ltr'><strong>hoc</strong></span> <span class='ocrx_word' id='word_1_130' title='bbox 2615 603 2785 660; x_wconf 90' lang='lat' dir='ltr'><strong>caret,</strong></span> <span class='ocrx_word' id='word_1_131' title='bbox 2813 595 3210 664; x_wconf 86' lang='lat' dir='ltr'><strong>subjiciturqne</strong></span> <span class='ocrx_word' id='word_1_132' title='bbox 3238 610 3414 648; x_wconf 71' lang='lat' dir='ltr'><strong>noxae.</strong></span> <span class='ocrx_word' id='word_1_133' title='bbox 3444 593 3546 659; x_wconf 90' lang='lat' dir='ltr'><strong>Qui</strong></span> <span class='ocrx_word' id='word_1_134' title='bbox 3573 596 3614 648; x_wconf 91' lang='lat' dir='ltr'><strong>si</strong></span> <span class='ocrx_word' id='word_1_135' title='bbox 3657 612 3756 664; x_wconf 77' lang='lat' dir='ltr'><strong>po-</strong></span> 
     </span>
    </p>
   </div>
   <div class='ocr_carea' id='block_1_21' title="bbox 2171 687 3756 756">
    <p class='ocr_par' dir='ltr' id='par_1_21' title="bbox 2171 687 3756 756">
     <span class='ocr_line' id='line_1_21' title="bbox 2171 687 3756 756; baseline 0 -16"><span class='ocrx_word' id='word_1_136' title='bbox 2171 687 2361 742; x_wconf 82' lang='lat' dir='ltr'><strong>tuisset</strong></span> <span class='ocrx_word' id='word_1_137' title='bbox 2410 689 2686 752; x_wconf 80' lang='lat' dir='ltr'><strong>resistere,</strong></span> <span class='ocrx_word' id='word_1_138' title='bbox 2727 704 3001 756; x_wconf 82' lang='lat' dir='ltr'><strong>nunquam</strong></span> <span class='ocrx_word' id='word_1_139' title='bbox 3033 687 3081 741; x_wconf 91' lang='lat' dir='ltr'><strong>ei</strong></span> <span class='ocrx_word' id='word_1_140' title='bbox 3117 687 3494 756; x_wconf 68' lang='lat' dir='ltr'><strong>prtevaluissct</strong></span> <span class='ocrx_word' id='word_1_141' title='bbox 3523 687 3756 740; x_wconf 77' lang='lat' dir='ltr'><strong>inﬁrmi—</strong></span> 
     </span>
    </p>
   </div>
   <div class='ocr_carea' id='block_1_22' title="bbox 2171 779 3756 848">
    <p class='ocr_par' dir='ltr' id='par_1_22' title="bbox 2171 779 3756 848">
     <span class='ocr_line' id='line_1_22' title="bbox 2171 779 3756 848; baseline -0.001 -16"><span class='ocrx_word' id='word_1_142' title='bbox 2171 787 2290 832; x_wconf 91' lang='lat' dir='ltr'><strong>tas:</strong></span> <span class='ocrx_word' id='word_1_143' title='bbox 2331 779 2533 847; x_wconf 82' lang='lat' dir='ltr'><strong>quique</strong></span> <span class='ocrx_word' id='word_1_144' title='bbox 2576 779 2931 848; x_wconf 86' lang='lat' dir='ltr'><strong>reprehendit</strong></span> <span class='ocrx_word' id='word_1_145' title='bbox 2977 788 3253 841; x_wconf 88' lang='lat' dir='ltr'><strong>naturam,</strong></span> <span class='ocrx_word' id='word_1_146' title='bbox 3302 779 3462 846; x_wconf 86' lang='lat' dir='ltr'><strong>cujus</strong></span> <span class='ocrx_word' id='word_1_147' title='bbox 3503 794 3622 831; x_wconf 87' lang='lat' dir='ltr'><strong>esse</strong></span> <span class='ocrx_word' id='word_1_148' title='bbox 3667 795 3756 830; x_wconf 89' lang='lat' dir='ltr'><strong>ar-</strong></span> 
     </span>
    </p>
   </div>
   <div class='ocr_carea' id='block_1_23' title="bbox 2169 869 3753 933">
    <p class='ocr_par' dir='ltr' id='par_1_23' title="bbox 2169 869 3753 933">
     <span class='ocr_line' id='line_1_23' title="bbox 2169 869 3753 933; baseline -0.001 -9"><span class='ocrx_word' id='word_1_149' title='bbox 2169 870 2403 924; x_wconf 89' lang='lat' dir='ltr'><strong>bitratur</strong></span> <span class='ocrx_word' id='word_1_150' title='bbox 2431 871 2785 925; x_wconf 88' lang='lat' dir='ltr'><strong>accedentem</strong></span> <span class='ocrx_word' id='word_1_151' title='bbox 2821 871 3148 933; x_wconf 82' lang='lat' dir='ltr'><strong>molestiam,</strong></span> <span class='ocrx_word' id='word_1_152' title='bbox 3177 879 3231 922; x_wconf 87' lang='lat' dir='ltr'><strong>et</strong></span> <span class='ocrx_word' id='word_1_153' title='bbox 3279 886 3388 922; x_wconf 92' lang='lat' dir='ltr'><strong>non</strong></span> <span class='ocrx_word' id='word_1_154' title='bbox 3431 869 3753 923; x_wconf 73' lang='lat' dir='ltr'><strong>intentionis.</strong></span> 
     </span>
    </p>
   </div>
   <div class='ocr_carea' id='block_1_24' title="bbox 2169 960 3754 1027">
    <p class='ocr_par' dir='ltr' id='par_1_24' title="bbox 2169 960 3754 1027">
     <span class='ocr_line' id='line_1_24' title="bbox 2169 960 3754 1027; baseline 0.001 -13"><span class='ocrx_word' id='word_1_155' title='bbox 2169 969 2265 1014; x_wconf 89' lang='lat' dir='ltr'><strong>aut</strong></span> <span class='ocrx_word' id='word_1_156' title='bbox 2303 961 2604 1020; x_wconf 51' lang='lat' dir='ltr'><strong>voluntatis,</strong></span> <span class='ocrx_word' id='word_1_157' title='bbox 2647 976 2779 1016; x_wconf 61' lang='lat' dir='ltr'><strong>sua}.</strong></span> <span class='ocrx_word' id='word_1_158' title='bbox 2831 961 2970 1026; x_wconf 85' lang='lat' dir='ltr'><strong>Quid</strong></span> <span class='ocrx_word' id='word_1_159' title='bbox 3015 961 3160 1014; x_wconf 91' lang='lat' dir='ltr'><strong>enim</strong></span> <span class='ocrx_word' id='word_1_160' title='bbox 3201 968 3408 1027; x_wconf 76' lang='lat' dir='ltr'><strong>ageret,</strong></span> <span class='ocrx_word' id='word_1_161' title='bbox 3460 970 3518 1013; x_wconf 90' lang='lat' dir='ltr'><strong>ut</strong></span> <span class='ocrx_word' id='word_1_162' title='bbox 3550 960 3603 1012; x_wconf 88' lang='lat' dir='ltr'><strong>in</strong></span> <span class='ocrx_word' id='word_1_163' title='bbox 3650 962 3754 1015; x_wconf 84' lang='lat' dir='ltr'><strong>hoc</strong></span> 
     </span>
    </p>
   </div>
   <div class='ocr_carea' id='block_1_25' title="bbox 2169 1052 3754 1121">
    <p class='ocr_par' dir='ltr' id='par_1_25' title="bbox 2169 1052 3754 1121">
     <span class='ocr_line' id='line_1_25' title="bbox 2169 1052 3754 1121; baseline 0.001 -16"><span class='ocrx_word' id='word_1_164' title='bbox 2169 1066 2281 1106; x_wconf 91' lang='lat' dir='ltr'><strong>non</strong></span> <span class='ocrx_word' id='word_1_165' title='bbox 2334 1052 2599 1108; x_wconf 89' lang='lat' dir='ltr'><strong>incideret</strong></span> <span class='ocrx_word' id='word_1_166' title='bbox 2670 1054 2896 1108; x_wconf 87' lang='lat' dir='ltr'><strong>morbo?</strong></span> <span class='ocrx_word' id='word_1_167' title='bbox 2950 1052 3056 1108; x_wconf 89' lang='lat' dir='ltr'><strong>Sed</strong></span> <span class='ocrx_word' id='word_1_168' title='bbox 3104 1053 3181 1106; x_wconf 90' lang='lat' dir='ltr'><strong>ait</strong></span> <span class='ocrx_word' id='word_1_169' title='bbox 3231 1052 3500 1121; x_wconf 88' lang='lat' dir='ltr'><strong>quispiam</strong></span> <span class='ocrx_word' id='word_1_170' title='bbox 3550 1055 3754 1120; x_wconf 86' lang='lat' dir='ltr'><strong>peccati</strong></span> 
     </span>
    </p>
   </div>
   <div class='ocr_carea' id='block_1_26' title="bbox 2170 1140 3756 1210">
    <p class='ocr_par' dir='ltr' id='par_1_26' title="bbox 2170 1140 3756 1210">
     <span class='ocr_line' id='line_1_26' title="bbox 2170 1140 3756 1210; baseline 0.002 -16"><span class='ocrx_word' id='word_1_171' title='bbox 2170 1140 2491 1204; x_wconf 89' lang='lat' dir='ltr'><strong>vindictam,</strong></span> <span class='ocrx_word' id='word_1_172' title='bbox 2539 1140 2623 1194; x_wconf 89' lang='lat' dir='ltr'><strong>vel</strong></span> <span class='ocrx_word' id='word_1_173' title='bbox 2682 1156 2898 1210; x_wconf 70' lang='lat' dir='ltr'><strong>pmnam</strong></span> <span class='ocrx_word' id='word_1_174' title='bbox 2945 1155 3066 1195; x_wconf 90' lang='lat' dir='ltr'><strong>esse</strong></span> <span class='ocrx_word' id='word_1_175' title='bbox 3115 1140 3257 1195; x_wconf 87' lang='lat' dir='ltr'><strong>hanc</strong></span> <span class='ocrx_word' id='word_1_176' title='bbox 3313 1141 3623 1210; x_wconf 84' lang='lat' dir='ltr'><strong>passionem</strong></span> <span class='ocrx_word' id='word_1_177' title='bbox 3656 1160 3668 1194; x_wconf 90' lang='lat'><strong>:</strong></span> <span class='ocrx_word' id='word_1_178' title='bbox 3701 1153 3756 1197; x_wconf 88' lang='lat' dir='ltr'><strong>et</strong></span> 
     </span>
    </p>
   </div>
   <div class='ocr_carea' id='block_1_27' title="bbox 2171 1229 3758 1302">
    <p class='ocr_par' dir='ltr' id='par_1_27' title="bbox 2171 1229 3758 1302">
     <span class='ocr_line' id='line_1_27' title="bbox 2171 1229 3758 1302; baseline 0.004 -22"><span class='ocrx_word' id='word_1_179' title='bbox 2171 1229 2406 1298; x_wconf 89' lang='lat' dir='ltr'><strong>primum</strong></span> <span class='ocrx_word' id='word_1_180' title='bbox 2451 1229 2670 1299; x_wconf 89' lang='lat' dir='ltr'><strong>quidem</strong></span> <span class='ocrx_word' id='word_1_181' title='bbox 2705 1230 3006 1293; x_wconf 74' lang='lat' dir='ltr'><strong>Mariam”,</strong></span> <span class='ocrx_word' id='word_1_182' title='bbox 3038 1231 3236 1285; x_wconf 86' lang='lat' dir='ltr'><strong>deinde</strong></span> <span class='ocrx_word' id='word_1_183' title='bbox 3265 1230 3456 1285; x_wconf 82' lang='lat' dir='ltr'><strong>Oziam</strong></span> <span class='ocrx_word' id='word_1_184' title='bbox 3476 1233 3518 1263; x_wconf 82' lang='grc'><strong>⁷⁷</strong></span> <span class='ocrx_word' id='word_1_185' title='bbox 3559 1248 3758 1302; x_wconf 85' lang='lat' dir='ltr'><strong>propo-</strong></span> 
     </span>
    </p>
   </div>
   <div class='ocr_carea' id='block_1_28' title="bbox 2171 1318 3752 1390">
    <p class='ocr_par' dir='ltr' id='par_1_28' title="bbox 2171 1318 3752 1390">
     <span class='ocr_line' id='line_1_28' title="bbox 2171 1318 3752 1390; baseline 0.004 -20"><span class='ocrx_word' id='word_1_186' title='bbox 2171 1318 2295 1373; x_wconf 89' lang='lat' dir='ltr'><strong>nit:</strong></span> <span class='ocrx_word' id='word_1_187' title='bbox 2327 1335 2558 1387; x_wconf 89' lang='lat' dir='ltr'><strong>quorum</strong></span> <span class='ocrx_word' id='word_1_188' title='bbox 2585 1319 2673 1373; x_wconf 90' lang='lat' dir='ltr'><strong>illa</strong></span> <span class='ocrx_word' id='word_1_189' title='bbox 2697 1321 2914 1390; x_wconf 86' lang='lat' dir='ltr'><strong>quidem</strong></span> <span class='ocrx_word' id='word_1_190' title='bbox 2951 1321 3102 1374; x_wconf 81' lang='lat' dir='ltr'><strong>fratri</strong></span> <span class='ocrx_word' id='word_1_191' title='bbox 3139 1322 3407 1387; x_wconf 77' lang='lat' dir='ltr'><strong>detraxit;</strong></span> <span class='ocrx_word' id='word_1_192' title='bbox 3430 1323 3518 1376; x_wconf 93' lang='lat' dir='ltr'><strong>ille</strong></span> <span class='ocrx_word' id='word_1_193' title='bbox 3546 1334 3752 1384; x_wconf 87' lang='lat' dir='ltr'><strong>autem,</strong></span> 
     </span>
    </p>
   </div>
   <div class='ocr_carea' id='block_1_29' title="bbox 2172 1411 3837 1485">
    <p class='ocr_par' dir='ltr' id='par_1_29' title="bbox 2172 1411 3837 1485">
     <span class='ocr_line' id='line_1_29' title="bbox 2172 1411 3837 1485; baseline 0.002 -19"><span class='ocrx_word' id='word_1_194' title='bbox 2172 1411 2302 1466; x_wconf 90' lang='lat' dir='ltr'><strong>dum</strong></span> <span class='ocrx_word' id='word_1_195' title='bbox 2348 1422 2495 1467; x_wconf 88' lang='lat' dir='ltr'><strong>esset</strong></span> <span class='ocrx_word' id='word_1_196' title='bbox 2537 1428 2653 1478; x_wconf 89' lang='lat' dir='ltr'><strong>rex,</strong></span> <span class='ocrx_word' id='word_1_197' title='bbox 2709 1413 2994 1467; x_wconf 82' lang='lat' dir='ltr'><strong>incensum</strong></span> <span class='ocrx_word' id='word_1_198' title='bbox 3045 1413 3249 1469; x_wconf 82' lang='lat' dir='ltr'><strong>inferre</strong></span> <span class='ocrx_word' id='word_1_199' title='bbox 3295 1419 3646 1485; x_wconf 53' lang='lat' dir='ltr'><strong>praesumpsit</strong></span> <span class='ocrx_word' id='word_1_200' title='bbox 3701 1419 3755 1470; x_wconf 91' lang='lat' dir='ltr'><strong>in</strong></span> <span class='ocrx_word' id='word_1_201' title='bbox 3835 1412 3837 1414; x_wconf 65' lang='grc'><em>’</em></span> 
     </span>
    </p>
   </div>
   <div class='ocr_carea' id='block_1_30' title="bbox 2172 1504 3752 1574">
    <p class='ocr_par' dir='ltr' id='par_1_30' title="bbox 2172 1504 3752 1574">
     <span class='ocr_line' id='line_1_30' title="bbox 2172 1504 3752 1574; baseline 0.002 -16"><span class='ocrx_word' id='word_1_202' title='bbox 2172 1504 2408 1558; x_wconf 89' lang='lat' dir='ltr'><strong>sanctis:</strong></span> <span class='ocrx_word' id='word_1_203' title='bbox 2470 1504 2599 1558; x_wconf 89' lang='lat' dir='ltr'><strong>solis</strong></span> <span class='ocrx_word' id='word_1_204' title='bbox 2649 1505 2873 1574; x_wconf 72' lang='lat' dir='ltr'><strong>.quippe</strong></span> <span class='ocrx_word' id='word_1_205' title='bbox 2929 1505 3034 1559; x_wconf 91' lang='lat' dir='ltr'><strong>hoc</strong></span> <span class='ocrx_word' id='word_1_206' title='bbox 3094 1507 3478 1561; x_wconf 81' lang='lat' dir='ltr'><strong>sacerdotibus</strong></span> <span class='ocrx_word' id='word_1_207' title='bbox 3542 1508 3752 1572; x_wconf 85' lang='lat' dir='ltr'><strong>licebat,</strong></span> 
     </span>
    </p>
   </div>
   <div class='ocr_carea' id='block_1_31' title="bbox 2171 1595 3752 1669">
    <p class='ocr_par' dir='ltr' id='par_1_31' title="bbox 2171 1595 3752 1669">
     <span class='ocr_line' id='line_1_31' title="bbox 2171 1595 3752 1669; baseline 0.002 -20"><span class='ocrx_word' id='word_1_208' title='bbox 2171 1603 2336 1665; x_wconf 89' lang='lat' dir='ltr'><strong>atque</strong></span> <span class='ocrx_word' id='word_1_209' title='bbox 2352 1595 2475 1650; x_wconf 88' lang='lat' dir='ltr'><strong>ideo</strong></span> <span class='ocrx_word' id='word_1_210' title='bbox 2499 1612 2605 1651; x_wconf 94' lang='lat' dir='ltr'><strong>non</strong></span> <span class='ocrx_word' id='word_1_211' title='bbox 2633 1597 2920 1652; x_wconf 76' lang='lat' dir='ltr'><strong>differente</strong></span> <span class='ocrx_word' id='word_1_212' title='bbox 2949 1597 3060 1651; x_wconf 89' lang='lat' dir='ltr'><strong>Deo</strong></span> <span class='ocrx_word' id='word_1_213' title='bbox 3084 1613 3301 1667; x_wconf 73' lang='lat' dir='ltr'><strong>ptenam</strong></span> <span class='ocrx_word' id='word_1_214' title='bbox 3326 1614 3539 1662; x_wconf 89' lang='lat' dir='ltr'><strong>eorum,</strong></span> <span class='ocrx_word' id='word_1_215' title='bbox 3561 1599 3752 1669; x_wconf 91' lang='lat' dir='ltr'><strong>leprosi</strong></span> 
     </span>
    </p>
   </div>
   <div class='ocr_carea' id='block_1_32' title="bbox 2174 1687 3753 1760">
    <p class='ocr_par' dir='ltr' id='par_1_32' title="bbox 2174 1687 3753 1760">
     <span class='ocr_line' id='line_1_32' title="bbox 2174 1687 3753 1760; baseline 0.005 -22"><span class='ocrx_word' id='word_1_216' title='bbox 2174 1687 2358 1742; x_wconf 82' lang='lat' dir='ltr'><strong>cll‘ecti</strong></span> <span class='ocrx_word' id='word_1_217' title='bbox 2411 1696 2558 1741; x_wconf 89' lang='lat' dir='ltr'><strong>sunt.</strong></span> <span class='ocrx_word' id='word_1_218' title='bbox 2615 1689 2757 1759; x_wconf 84' lang='lat' dir='ltr'><strong>Ergo</strong></span> <span class='ocrx_word' id='word_1_219' title='bbox 2813 1689 3119 1758; x_wconf 86' lang='lat' dir='ltr'><strong>oportebat,</strong></span> <span class='ocrx_word' id='word_1_220' title='bbox 3179 1701 3239 1744; x_wconf 88' lang='lat' dir='ltr'><strong>ut</strong></span> <span class='ocrx_word' id='word_1_221' title='bbox 3287 1694 3389 1744; x_wconf 87' lang='lat' dir='ltr'><strong>hoc</strong></span> <span class='ocrx_word' id='word_1_222' title='bbox 3441 1702 3627 1760; x_wconf 86' lang='lat' dir='ltr'><strong>aperte</strong></span> <span class='ocrx_word' id='word_1_223' title='bbox 3670 1693 3753 1746; x_wconf 89' lang='lat' dir='ltr'><strong>lex</strong></span> 
     </span>
    </p>
   </div>
   <div class='ocr_carea' id='block_1_33' title="bbox 492 1775 3755 1866">
    <p class='ocr_par' dir='ltr' id='par_1_33' title="bbox 492 1775 3755 1866">
     <span class='ocr_line' id='line_1_33' title="bbox 492 1775 3755 1866; baseline -0.002 -26"><span class='ocrx_word' id='word_1_224' title='bbox 492 1798 583 1866; x_wconf 75' lang='lat' dir='ltr'><strong>qui</strong></span> <span class='ocrx_word' id='word_1_225' title='bbox 643 1794 787 1863; x_wconf 86' lang='lat' dir='ltr'><strong>quod</strong></span> <span class='ocrx_word' id='word_1_226' title='bbox 853 1792 1034 1844; x_wconf 91' lang='lat' dir='ltr'><strong>minus</strong></span> <span class='ocrx_word' id='word_1_227' title='bbox 1089 1796 1190 1849; x_wconf 90' lang='lat' dir='ltr'><strong>est,</strong></span> <span class='ocrx_word' id='word_1_228' title='bbox 1251 1784 1336 1840; x_wconf 91' lang='lat' dir='ltr'><strong>vel</strong></span> <span class='ocrx_word' id='word_1_229' title='bbox 1382 1781 1571 1852; x_wconf 81' lang='lat' dir='ltr'><strong>magis,</strong></span> <span class='ocrx_word' id='word_1_230' title='bbox 1603 1780 1756 1842; x_wconf 87' lang='lat' dir='ltr'><strong>latet,</strong></span> <span class='ocrx_word' id='word_1_231' title='bbox 1809 1775 2071 1839; x_wconf 84' lang='lat' dir='ltr'><strong>revelare,</strong></span> <span class='ocrx_word' id='word_1_232' title='bbox 2111 1793 2151 1848; x_wconf 75' lang='grc' dir='ltr'>Β</span> <span class='ocrx_word' id='word_1_233' title='bbox 2177 1776 2383 1830; x_wconf 87' lang='lat' dir='ltr'><strong>diceret</strong></span> <span class='ocrx_word' id='word_1_234' title='bbox 2411 1779 2478 1832; x_wconf 90' lang='lat' dir='ltr'><strong>ad</strong></span> <span class='ocrx_word' id='word_1_235' title='bbox 2503 1777 2870 1832; x_wconf 86' lang='lat' dir='ltr'><strong>excusandum</strong></span> <span class='ocrx_word' id='word_1_236' title='bbox 2906 1778 3292 1848; x_wconf 84' lang='lat' dir='ltr'><strong>legislaturem,</strong></span> <span class='ocrx_word' id='word_1_237' title='bbox 3320 1791 3514 1834; x_wconf 91' lang='lat' dir='ltr'><strong>contra</strong></span> <span class='ocrx_word' id='word_1_238' title='bbox 3547 1797 3640 1836; x_wconf 89' lang='lat' dir='ltr'><strong>eos</strong></span> <span class='ocrx_word' id='word_1_239' title='bbox 3665 1781 3755 1849; x_wconf 86' lang='lat' dir='ltr'><strong>qui</strong></span> 
     </span>
    </p>
   </div>
   <div class='ocr_carea' id='block_1_34' title="bbox 493 1866 2074 1956">
    <p class='ocr_par' dir='ltr' id='par_1_34' title="bbox 493 1866 2074 1956">
     <span class='ocr_line' id='line_1_34' title="bbox 493 1866 2074 1956; baseline -0.015 -14"><span class='ocrx_word' id='word_1_240' title='bbox 493 1899 654 1956; x_wconf 89' lang='lat' dir='ltr'><strong>atque</strong></span> <span class='ocrx_word' id='word_1_241' title='bbox 693 1885 894 1939; x_wconf 84' lang='lat' dir='ltr'><strong>addere</strong></span> <span class='ocrx_word' id='word_1_242' title='bbox 946 1887 1180 1951; x_wconf 82' lang='lat' dir='ltr'><strong>possunt</strong></span> <span class='ocrx_word' id='word_1_243' title='bbox 1202 1870 1640 1942; x_wconf 89' lang='lat' dir='ltr'><strong>contemplativis</strong></span> <span class='ocrx_word' id='word_1_244' title='bbox 1663 1866 2074 1937; x_wconf 87' lang='lat' dir='ltr'><strong>interpretatio-</strong></span> 
     </span>
    </p>
   </div>
   <div class='ocr_carea' id='block_1_35' title="bbox 492 1956 2076 2046">
    <p class='ocr_par' dir='ltr' id='par_1_35' title="bbox 492 1956 2076 2046">
     <span class='ocr_line' id='line_1_35' title="bbox 492 1956 2076 2046; baseline -0.017 -11"><span class='ocrx_word' id='word_1_245' title='bbox 492 1983 656 2034; x_wconf 89' lang='lat' dir='ltr'><strong>nibus</strong></span> <span class='ocrx_word' id='word_1_246' title='bbox 683 1978 928 2046; x_wconf 89' lang='lat' dir='ltr'><strong>spiritus.</strong></span> <span class='ocrx_word' id='word_1_247' title='bbox 959 1972 1346 2026; x_wconf 77' lang='lat' dir='ltr'><strong>Verumtamen</strong></span> <span class='ocrx_word' id='word_1_248' title='bbox 1378 1979 1491 2019; x_wconf 91' lang='lat' dir='ltr'><strong>non</strong></span> <span class='ocrx_word' id='word_1_249' title='bbox 1522 1961 1726 2017; x_wconf 91' lang='lat' dir='ltr'><strong>malum</strong></span> <span class='ocrx_word' id='word_1_250' title='bbox 1749 1973 1873 2013; x_wconf 90' lang='lat' dir='ltr'><strong>esse</strong></span> <span class='ocrx_word' id='word_1_251' title='bbox 1911 1956 2076 2010; x_wconf 76' lang='lat' dir='ltr'><strong>nimis</strong></span> 
     </span>
    </p>
   </div>
   <div class='ocr_carea' id='block_1_36' title="bbox 493 2046 2077 2141">
    <p class='ocr_par' dir='ltr' id='par_1_36' title="bbox 493 2046 2077 2141">
     <span class='ocr_line' id='line_1_36' title="bbox 493 2046 2077 2141; baseline -0.017 -15"><span class='ocrx_word' id='word_1_252' title='bbox 493 2069 942 2141; x_wconf 78' lang='lat' dir='ltr'><strong>signiﬁcationem</strong></span> <span class='ocrx_word' id='word_1_253' title='bbox 1005 2059 1547 2117; x_wconf 89' lang='lat' dir='ltr'><strong>manifestaverunt:</strong></span> <span class='ocrx_word' id='word_1_254' title='bbox 1613 2066 1738 2106; x_wconf 90' lang='lat' dir='ltr'><strong>nam</strong></span> <span class='ocrx_word' id='word_1_255' title='bbox 1805 2046 2077 2119; x_wconf 90' lang='lat' dir='ltr'><strong>quomodo</strong></span> 
     </span>
    </p>
   </div>
   <div class='ocr_carea' id='block_1_37' title="bbox 493 2141 2077 2214">
    <p class='ocr_par' dir='ltr' id='par_1_37' title="bbox 493 2141 2077 2214">
     <span class='ocr_line' id='line_1_37' title="bbox 493 2141 2077 2214; baseline -0.018 0"><span class='ocrx_word' id='word_1_256' title='bbox 493 2161 786 2214; x_wconf 84' lang='lat' dir='ltr'><strong>mundatus</strong></span> <span class='ocrx_word' id='word_1_257' title='bbox 837 2162 954 2208; x_wconf 84' lang='lat' dir='ltr'><strong>erat</strong></span> <span class='ocrx_word' id='word_1_258' title='bbox 1019 2147 1295 2210; x_wconf 88' lang='lat' dir='ltr'><strong>sacerdos,</strong></span> <span class='ocrx_word' id='word_1_259' title='bbox 1343 2144 1396 2199; x_wconf 90' lang='lat' dir='ltr'><strong>id</strong></span> <span class='ocrx_word' id='word_1_260' title='bbox 1451 2151 1555 2207; x_wconf 89' lang='lat' dir='ltr'><strong>est,</strong></span> <span class='ocrx_word' id='word_1_261' title='bbox 1585 2141 1876 2195; x_wconf 86' lang='lat' dir='ltr'><strong>habentem</strong></span> <span class='ocrx_word' id='word_1_262' title='bbox 1915 2150 2077 2190; x_wconf 83' lang='lat' dir='ltr'><strong>inun-</strong></span> 
     </span>
    </p>
   </div>
   <div class='ocr_carea' id='block_1_38' title="bbox 493 2231 2074 2308">
    <p class='ocr_par' dir='ltr' id='par_1_38' title="bbox 493 2231 2074 2308">
     <span class='ocr_line' id='line_1_38' title="bbox 493 2231 2074 2308; baseline -0.018 0"><span class='ocrx_word' id='word_1_263' title='bbox 493 2255 619 2308; x_wconf 91' lang='lat' dir='ltr'><strong>dum</strong></span> <span class='ocrx_word' id='word_1_264' title='bbox 653 2247 1092 2305; x_wconf 88' lang='lat' dir='ltr'><strong>deuuntiaturus,</strong></span> <span class='ocrx_word' id='word_1_265' title='bbox 1144 2239 1237 2308; x_wconf 92' lang='lat' dir='ltr'><strong>qui</strong></span> <span class='ocrx_word' id='word_1_266' title='bbox 1278 2249 1624 2304; x_wconf 90' lang='lat' dir='ltr'><strong>nequaquam</strong></span> <span class='ocrx_word' id='word_1_267' title='bbox 1674 2231 1841 2299; x_wconf 83' lang='lat' dir='ltr'><strong>hujus</strong></span> <span class='ocrx_word' id='word_1_268' title='bbox 1869 2232 2074 2298; x_wconf 82' lang='lat' dir='ltr'><strong>egeret,</strong></span> 
     </span>
    </p>
   </div>
   <div class='ocr_carea' id='block_1_39' title="bbox 494 2317 2078 2397">
    <p class='ocr_par' dir='ltr' id='par_1_39' title="bbox 494 2317 2078 2397">
     <span class='ocr_line' id='line_1_39' title="bbox 494 2317 2078 2397; baseline -0.019 0"><span class='ocrx_word' id='word_1_269' title='bbox 494 2345 540 2397; x_wconf 90' lang='lat' dir='ltr'><strong>si</strong></span> <span class='ocrx_word' id='word_1_270' title='bbox 578 2358 642 2394; x_wconf 88' lang='lat' dir='ltr'><strong>ex</strong></span> <span class='ocrx_word' id='word_1_271' title='bbox 692 2349 804 2393; x_wconf 89' lang='lat' dir='ltr'><strong>toto</strong></span> <span class='ocrx_word' id='word_1_272' title='bbox 839 2335 1032 2389; x_wconf 88' lang='lat' dir='ltr'><strong>fuisset</strong></span> <span class='ocrx_word' id='word_1_273' title='bbox 1059 2329 1194 2382; x_wconf 84' lang='lat' dir='ltr'><strong>liber</strong></span> <span class='ocrx_word' id='word_1_274' title='bbox 1225 2326 1248 2378; x_wconf 92' lang='lat'><strong>?</strong></span> <span class='ocrx_word' id='word_1_275' title='bbox 1295 2325 1526 2393; x_wconf 86' lang='lat' dir='ltr'><strong>Propter</strong></span> <span class='ocrx_word' id='word_1_276' title='bbox 1552 2319 1697 2390; x_wconf 87' lang='lat' dir='ltr'><strong>quod</strong></span> <span class='ocrx_word' id='word_1_277' title='bbox 1725 2333 1843 2373; x_wconf 89' lang='lat' dir='ltr'><strong>eam</strong></span> <span class='ocrx_word' id='word_1_278' title='bbox 1876 2317 2078 2370; x_wconf 88' lang='lat' dir='ltr'><strong>obscu-</strong></span> 
     </span>
    </p>
   </div>
   <div class='ocr_carea' id='block_1_40' title="bbox 493 2406 2078 2500">
    <p class='ocr_par' dir='ltr' id='par_1_40' title="bbox 493 2406 2078 2500">
     <span class='ocr_line' id='line_1_40' title="bbox 493 2406 2078 2500; baseline -0.018 -12"><span class='ocrx_word' id='word_1_279' title='bbox 493 2451 607 2489; x_wconf 85' lang='lat' dir='ltr'><strong>ram</strong></span> <span class='ocrx_word' id='word_1_280' title='bbox 656 2427 968 2500; x_wconf 84' lang='lat' dir='ltr'><strong>appellavit,</strong></span> <span class='ocrx_word' id='word_1_281' title='bbox 1008 2439 1111 2476; x_wconf 90' lang='lat' dir='ltr'><strong>nec</strong></span> <span class='ocrx_word' id='word_1_282' title='bbox 1151 2433 1343 2474; x_wconf 87' lang='lat' dir='ltr'><strong>rursus</strong></span> <span class='ocrx_word' id='word_1_283' title='bbox 1374 2417 1520 2470; x_wconf 91' lang='lat' dir='ltr'><strong>inter</strong></span> <span class='ocrx_word' id='word_1_284' title='bbox 1553 2412 1756 2467; x_wconf 86' lang='lat' dir='ltr'><strong>munda</strong></span> <span class='ocrx_word' id='word_1_285' title='bbox 1784 2421 1908 2480; x_wconf 88' lang='lat' dir='ltr'><strong>post</strong></span> <span class='ocrx_word' id='word_1_286' title='bbox 1932 2406 2078 2478; x_wconf 81' lang='lat' dir='ltr'><strong>judi-</strong></span> 
     </span>
    </p>
   </div>
   <div class='ocr_carea' id='block_1_41' title="bbox 493 2500 2080 2579">
    <p class='ocr_par' dir='ltr' id='par_1_41' title="bbox 493 2500 2080 2579">
     <span class='ocr_line' id='line_1_41' title="bbox 493 2500 2080 2579; baseline -0.018 -1"><span class='ocrx_word' id='word_1_287' title='bbox 493 2525 637 2579; x_wconf 88' lang='lat' dir='ltr'><strong>cium</strong></span> <span class='ocrx_word' id='word_1_288' title='bbox 680 2524 723 2575; x_wconf 91' lang='lat' dir='ltr'><strong>si</strong></span> <span class='ocrx_word' id='word_1_289' title='bbox 766 2519 902 2574; x_wconf 86' lang='lat' dir='ltr'><strong>mala</strong></span> <span class='ocrx_word' id='word_1_290' title='bbox 924 2516 1140 2576; x_wconf 88' lang='lat' dir='ltr'><strong>fuisset,</strong></span> <span class='ocrx_word' id='word_1_291' title='bbox 1192 2507 1476 2578; x_wconf 80' lang='lat' dir='ltr'><strong>cujusdam</strong></span> <span class='ocrx_word' id='word_1_292' title='bbox 1520 2502 1792 2574; x_wconf 91' lang='lat' dir='ltr'><strong>passionis</strong></span> <span class='ocrx_word' id='word_1_293' title='bbox 1831 2500 1970 2554; x_wconf 89' lang='lat' dir='ltr'><strong>facta</strong></span> <span class='ocrx_word' id='word_1_294' title='bbox 1997 2504 2080 2551; x_wconf 90' lang='lat' dir='ltr'><strong>est</strong></span> 
     </span>
    </p>
   </div>
   <div class='ocr_carea' id='block_1_42' title="bbox 494 2589 2078 2685">
    <p class='ocr_par' dir='ltr' id='par_1_42' title="bbox 494 2589 2078 2685">
     <span class='ocr_line' id='line_1_42' title="bbox 494 2589 2078 2685; baseline -0.019 -16"><span class='ocrx_word' id='word_1_295' title='bbox 494 2610 839 2685; x_wconf 82' lang='lat' dir='ltr'><strong>significatio.</strong></span> <span class='ocrx_word' id='word_1_296' title='bbox 886 2608 942 2660; x_wconf 86' lang='lat' dir='ltr'><strong>Si</strong></span> <span class='ocrx_word' id='word_1_297' title='bbox 981 2612 1163 2658; x_wconf 87' lang='lat' dir='ltr'><strong>autem</strong></span> <span class='ocrx_word' id='word_1_298' title='bbox 1206 2601 1286 2655; x_wconf 90' lang='lat' dir='ltr'><strong>sic</strong></span> <span class='ocrx_word' id='word_1_299' title='bbox 1334 2598 1544 2652; x_wconf 88' lang='lat' dir='ltr'><strong>habens</strong></span> <span class='ocrx_word' id='word_1_300' title='bbox 1591 2593 1841 2648; x_wconf 88' lang='lat' dir='ltr'><strong>incidens</strong></span> <span class='ocrx_word' id='word_1_301' title='bbox 1873 2589 2078 2685; x_wconf 80' lang='lat' dir='ltr'><strong>signiti-</strong></span> 
     </span>
    </p>
   </div>
   <div class='ocr_carea' id='block_1_43' title="bbox 493 2681 2078 2770">
    <p class='ocr_par' dir='ltr' id='par_1_43' title="bbox 493 2681 2078 2770">
     <span class='ocr_line' id='line_1_43' title="bbox 493 2681 2078 2770; baseline -0.019 -7"><span class='ocrx_word' id='word_1_302' title='bbox 493 2681 635 2763; x_wconf 64' lang='lat' dir='ltr'><strong>catio</strong></span> <span class='ocrx_word' id='word_1_303' title='bbox 689 2705 743 2756; x_wconf 93' lang='lat' dir='ltr'><strong>in</strong></span> <span class='ocrx_word' id='word_1_304' title='bbox 791 2697 1060 2770; x_wconf 86' lang='lat' dir='ltr'><strong>pellicula,</strong></span> <span class='ocrx_word' id='word_1_305' title='bbox 1111 2695 1164 2747; x_wconf 90' lang='lat' dir='ltr'><strong>id</strong></span> <span class='ocrx_word' id='word_1_306' title='bbox 1197 2701 1299 2755; x_wconf 90' lang='lat' dir='ltr'><strong>est,</strong></span> <span class='ocrx_word' id='word_1_307' title='bbox 1333 2689 1380 2742; x_wconf 94' lang='lat' dir='ltr'><strong>si</strong></span> <span class='ocrx_word' id='word_1_308' title='bbox 1425 2686 1598 2742; x_wconf 64' lang='lat' dir='ltr'><strong>effusa</strong></span> <span class='ocrx_word' id='word_1_309' title='bbox 1646 2683 1830 2743; x_wconf 90' lang='lat' dir='ltr'><strong>fuerit,</strong></span> <span class='ocrx_word' id='word_1_310' title='bbox 1869 2688 1925 2736; x_wconf 87' lang='lat' dir='ltr'><strong>et</strong></span> <span class='ocrx_word' id='word_1_311' title='bbox 1956 2681 2078 2750; x_wconf 88' lang='lat' dir='ltr'><strong>plus</strong></span> 
     </span>
    </p>
   </div>
   <div class='ocr_carea' id='block_1_44' title="bbox 493 2773 2076 2870">
    <p class='ocr_par' dir='ltr' id='par_1_44' title="bbox 493 2773 2076 2870">
     <span class='ocr_line' id='line_1_44' title="bbox 493 2773 2076 2870; baseline -0.02 -17"><span class='ocrx_word' id='word_1_312' title='bbox 493 2813 654 2870; x_wconf 87' lang='lat' dir='ltr'><strong>quam</strong></span> <span class='ocrx_word' id='word_1_313' title='bbox 702 2794 853 2865; x_wconf 91' lang='lat' dir='ltr'><strong>prius</strong></span> <span class='ocrx_word' id='word_1_314' title='bbox 903 2789 1064 2844; x_wconf 80' lang='lat' dir='ltr'><strong>latior</strong></span> <span class='ocrx_word' id='word_1_315' title='bbox 1118 2786 1174 2838; x_wconf 90' lang='lat' dir='ltr'><strong>in</strong></span> <span class='ocrx_word' id='word_1_316' title='bbox 1223 2779 1474 2853; x_wconf 89' lang='lat' dir='ltr'><strong>pellicula</strong></span> <span class='ocrx_word' id='word_1_317' title='bbox 1507 2773 1850 2870; x_wconf 82' lang='lat' dir='ltr'><strong>processerit,</strong></span> <span class='ocrx_word' id='word_1_318' title='bbox 1884 2781 2076 2826; x_wconf 90' lang='lat' dir='ltr'><strong>etnon</strong></span> 
     </span>
    </p>
   </div>
   <div class='ocr_carea' id='block_1_45' title="bbox 495 2867 2078 2948">
    <p class='ocr_par' dir='ltr' id='par_1_45' title="bbox 495 2867 2078 2948">
     <span class='ocr_line' id='line_1_45' title="bbox 495 2867 2078 2948; baseline -0.018 -4"><span class='ocrx_word' id='word_1_319' title='bbox 495 2867 812 2944; x_wconf 76' lang='lat' dir='ltr'><strong>immutatus</strong></span> <span class='ocrx_word' id='word_1_320' title='bbox 857 2882 1020 2936; x_wconf 87' lang='lat' dir='ltr'><strong>fuerit</strong></span> <span class='ocrx_word' id='word_1_321' title='bbox 1069 2879 1231 2948; x_wconf 91' lang='lat' dir='ltr'><strong>pilus,</strong></span> <span class='ocrx_word' id='word_1_322' title='bbox 1285 2874 1391 2928; x_wconf 91' lang='lat' dir='ltr'><strong>hoc</strong></span> <span class='ocrx_word' id='word_1_323' title='bbox 1436 2870 1583 2925; x_wconf 89' lang='lat' dir='ltr'><strong>enim</strong></span> <span class='ocrx_word' id='word_1_324' title='bbox 1616 2867 1708 2921; x_wconf 90' lang='lat' dir='ltr'><strong>hic</strong></span> <span class='ocrx_word' id='word_1_325' title='bbox 1746 2880 1854 2919; x_wconf 93' lang='lat' dir='ltr'><strong>non</strong></span> <span class='ocrx_word' id='word_1_326' title='bbox 1889 2877 2078 2932; x_wconf 89' lang='lat' dir='ltr'><strong>repre-</strong></span> 
     </span>
    </p>
   </div>
   <div class='ocr_carea' id='block_1_46' title="bbox 493 2951 2078 3042">
    <p class='ocr_par' dir='ltr' id='par_1_46' title="bbox 493 2951 2078 3042">
     <span class='ocr_line' id='line_1_46' title="bbox 493 2951 2078 3042; baseline -0.018 -11"><span class='ocrx_word' id='word_1_327' title='bbox 493 2976 704 3038; x_wconf 88' lang='lat' dir='ltr'><strong>hemlit,</strong></span> <span class='ocrx_word' id='word_1_328' title='bbox 745 2970 936 3042; x_wconf 90' lang='lat' dir='ltr'><strong>polluit</strong></span> <span class='ocrx_word' id='word_1_329' title='bbox 979 2981 1104 3022; x_wconf 89' lang='lat' dir='ltr'><strong>eum</strong></span> <span class='ocrx_word' id='word_1_330' title='bbox 1150 2961 1426 3026; x_wconf 85' lang='lat' dir='ltr'><strong>sacerdos,</strong></span> <span class='ocrx_word' id='word_1_331' title='bbox 1472 2959 1676 3027; x_wconf 79' lang='lat' dir='ltr'><strong>lepram</strong></span> <span class='ocrx_word' id='word_1_332' title='bbox 1717 2969 1837 3009; x_wconf 85' lang='lat' dir='ltr'><strong>esse</strong></span> <span class='ocrx_word' id='word_1_333' title='bbox 1867 2951 2078 3023; x_wconf 88' lang='lat' dir='ltr'><strong>passio-</strong></span> 
     </span>
    </p>
   </div>
   <div class='ocr_carea' id='block_1_47' title="bbox 495 3042 2074 3133">
    <p class='ocr_par' dir='ltr' id='par_1_47' title="bbox 495 3042 2074 3133">
     <span class='ocr_line' id='line_1_47' title="bbox 495 3042 2074 3133; baseline -0.017 -12"><span class='ocrx_word' id='word_1_334' title='bbox 495 3084 618 3121; x_wconf 86' lang='lat' dir='ltr'><strong>nem</strong></span> <span class='ocrx_word' id='word_1_335' title='bbox 651 3063 924 3133; x_wconf 83' lang='lat' dir='ltr'><strong>judicans,</strong></span> <span class='ocrx_word' id='word_1_336' title='bbox 963 3057 1134 3128; x_wconf 88' lang='lat' dir='ltr'><strong>ipsius</strong></span> <span class='ocrx_word' id='word_1_337' title='bbox 1169 3053 1388 3124; x_wconf 89' lang='lat' dir='ltr'><strong>quidem</strong></span> <span class='ocrx_word' id='word_1_338' title='bbox 1429 3048 1740 3120; x_wconf 83' lang='lat' dir='ltr'><strong>cognitione</strong></span> <span class='ocrx_word' id='word_1_339' title='bbox 1770 3042 2074 3108; x_wconf 91' lang='lat' dir='ltr'><strong>dubitabili,</strong></span> 
     </span>
    </p>
   </div>
   <div class='ocr_carea' id='block_1_48' title="bbox 2177 1869 3761 1940">
    <p class='ocr_par' dir='ltr' id='par_1_48' title="bbox 2177 1869 3761 1940">
     <span class='ocr_line' id='line_1_48' title="bbox 2177 1869 3761 1940; baseline 0.003 -19"><span class='ocrx_word' id='word_1_340' title='bbox 2177 1885 2302 1922; x_wconf 89' lang='lat' dir='ltr'><strong>eum</strong></span> <span class='ocrx_word' id='word_1_341' title='bbox 2350 1877 2542 1938; x_wconf 88' lang='lat' dir='ltr'><strong>putant</strong></span> <span class='ocrx_word' id='word_1_342' title='bbox 2590 1869 2790 1940; x_wconf 89' lang='lat' dir='ltr'><strong>injuste</strong></span> <span class='ocrx_word' id='word_1_343' title='bbox 2813 1869 2880 1923; x_wconf 91' lang='lat' dir='ltr'><strong>de</strong></span> <span class='ocrx_word' id='word_1_344' title='bbox 2909 1869 3138 1938; x_wconf 86' lang='lat' dir='ltr'><strong>leprosis</strong></span> <span class='ocrx_word' id='word_1_345' title='bbox 3164 1871 3404 1934; x_wconf 90' lang='lat' dir='ltr'><strong>sancire,</strong></span> <span class='ocrx_word' id='word_1_346' title='bbox 3439 1879 3500 1926; x_wconf 90' lang='lat' dir='ltr'><strong>et</strong></span> <span class='ocrx_word' id='word_1_347' title='bbox 3533 1889 3637 1926; x_wconf 90' lang='lat' dir='ltr'><strong>non</strong></span> <span class='ocrx_word' id='word_1_348' title='bbox 3673 1889 3761 1926; x_wconf 78' lang='lat' dir='ltr'><strong>5o-</strong></span> 
     </span>
    </p>
   </div>
   <div class='ocr_carea' id='block_1_49' title="bbox 2177 1960 3764 2030">
    <p class='ocr_par' dir='ltr' id='par_1_49' title="bbox 2177 1960 3764 2030">
     <span class='ocr_line' id='line_1_49' title="bbox 2177 1960 3764 2030; baseline 0.001 -16"><span class='ocrx_word' id='word_1_349' title='bbox 2177 1961 2289 2015; x_wconf 92' lang='lat' dir='ltr'><strong>lum</strong></span> <span class='ocrx_word' id='word_1_350' title='bbox 2332 1961 2435 2015; x_wconf 90' lang='lat' dir='ltr'><strong>hoc</strong></span> <span class='ocrx_word' id='word_1_351' title='bbox 2475 1961 2542 2016; x_wconf 91' lang='lat' dir='ltr'><strong>de</strong></span> <span class='ocrx_word' id='word_1_352' title='bbox 2591 1961 2842 2030; x_wconf 83' lang='lat' dir='ltr'><strong>leprosis,</strong></span> <span class='ocrx_word' id='word_1_353' title='bbox 2889 1961 2984 2014; x_wconf 90' lang='lat' dir='ltr'><strong>sed</strong></span> <span class='ocrx_word' id='word_1_354' title='bbox 3018 1960 3172 2014; x_wconf 87' lang='lat' dir='ltr'><strong>etde</strong></span> <span class='ocrx_word' id='word_1_355' title='bbox 3217 1960 3417 2029; x_wconf 86' lang='lat' dir='ltr'><strong>bisqui</strong></span> <span class='ocrx_word' id='word_1_356' title='bbox 3449 1962 3764 2016; x_wconf 86' lang='lat' dir='ltr'><strong>vulneratos</strong></span> 
     </span>
    </p>
   </div>
   <div class='ocr_carea' id='block_1_50' title="bbox 2193 2051 3764 2121">
    <p class='ocr_par' dir='ltr' id='par_1_50' title="bbox 2193 2051 3764 2121">
     <span class='ocr_line' id='line_1_50' title="bbox 2193 2051 3764 2121; baseline 0.001 -16"><span class='ocrx_word' id='word_1_357' title='bbox 2193 2052 2394 2106; x_wconf 88' lang='lat' dir='ltr'><strong>habent</strong></span> <span class='ocrx_word' id='word_1_358' title='bbox 2443 2052 2636 2106; x_wconf 91' lang='lat' dir='ltr'><strong>oculos</strong></span> <span class='ocrx_word' id='word_1_359' title='bbox 2681 2067 2777 2106; x_wconf 90' lang='lat' dir='ltr'><strong>seu</strong></span> <span class='ocrx_word' id='word_1_360' title='bbox 2829 2051 3080 2114; x_wconf 91' lang='lat' dir='ltr'><strong>auditus,</strong></span> <span class='ocrx_word' id='word_1_361' title='bbox 3127 2061 3223 2106; x_wconf 90' lang='lat' dir='ltr'><strong>aut</strong></span> <span class='ocrx_word' id='word_1_362' title='bbox 3268 2054 3502 2121; x_wconf 88' lang='lat' dir='ltr'><strong>reliquos</strong></span> <span class='ocrx_word' id='word_1_363' title='bbox 3547 2068 3764 2116; x_wconf 89' lang='lat' dir='ltr'><strong>sensus,</strong></span> 
     </span>
    </p>
   </div>
   <div class='ocr_carea' id='block_1_51' title="bbox 2179 2142 3761 2212">
    <p class='ocr_par' dir='ltr' id='par_1_51' title="bbox 2179 2142 3761 2212">
     <span class='ocr_line' id='line_1_51' title="bbox 2179 2142 3761 2212; baseline 0.001 -16"><span class='ocrx_word' id='word_1_364' title='bbox 2179 2143 2416 2212; x_wconf 86' lang='lat' dir='ltr'><strong>aliisque</strong></span> <span class='ocrx_word' id='word_1_365' title='bbox 2459 2142 2710 2207; x_wconf 83' lang='lat' dir='ltr'><strong>infirmis,</strong></span> <span class='ocrx_word' id='word_1_366' title='bbox 2745 2151 2800 2196; x_wconf 87' lang='lat' dir='ltr'><strong>et</strong></span> <span class='ocrx_word' id='word_1_367' title='bbox 2845 2142 3150 2212; x_wconf 76' lang='lat' dir='ltr'><strong>paralyticis</strong></span> <span class='ocrx_word' id='word_1_368' title='bbox 3199 2143 3569 2197; x_wconf 63' lang='lat' dir='ltr'><strong>aestimabitur.</strong></span> <span class='ocrx_word' id='word_1_369' title='bbox 3607 2143 3761 2208; x_wconf 87' lang='lat' dir='ltr'><strong>Quod</strong></span> 
     </span>
    </p>
   </div>
   <div class='ocr_carea' id='block_1_52' title="bbox 2179 2231 3768 2301">
    <p class='ocr_par' dir='ltr' id='par_1_52' title="bbox 2179 2231 3768 2301">
     <span class='ocr_line' id='line_1_52' title="bbox 2179 2231 3768 2301; baseline -0.001 -14"><span class='ocrx_word' id='word_1_370' title='bbox 2179 2232 2543 2287; x_wconf 86' lang='lat' dir='ltr'><strong>manifestum</strong></span> <span class='ocrx_word' id='word_1_371' title='bbox 2573 2237 2658 2285; x_wconf 82' lang='lat' dir='ltr'><strong>est</strong></span> <span class='ocrx_word' id='word_1_372' title='bbox 2681 2246 2745 2284; x_wconf 89' lang='lat' dir='ltr'><strong>ex</strong></span> <span class='ocrx_word' id='word_1_373' title='bbox 2785 2245 2851 2284; x_wconf 89' lang='lat' dir='ltr'><strong>eo</strong></span> <span class='ocrx_word' id='word_1_374' title='bbox 2881 2232 3027 2299; x_wconf 90' lang='lat' dir='ltr'><strong>quod</strong></span> <span class='ocrx_word' id='word_1_375' title='bbox 3062 2231 3311 2301; x_wconf 90' lang='lat' dir='ltr'><strong>discipuli</strong></span> <span class='ocrx_word' id='word_1_376' title='bbox 3345 2247 3543 2287; x_wconf 56' lang='lat' dir='ltr'><strong>caecum</strong></span> <span class='ocrx_word' id='word_1_377' title='bbox 3568 2247 3596 2286; x_wconf 92' lang='lat' dir='ltr'><strong>a</strong></span> <span class='ocrx_word' id='word_1_378' title='bbox 3625 2234 3768 2286; x_wconf 85' lang='lat' dir='ltr'><strong>nati-</strong></span> 
     </span>
    </p>
   </div>
   <div class='ocr_carea' id='block_1_53' title="bbox 2178 2320 3759 2392">
    <p class='ocr_par' dir='ltr' id='par_1_53' title="bbox 2178 2320 3759 2392">
     <span class='ocr_line' id='line_1_53' title="bbox 2178 2320 3759 2392; baseline -0.002 -14"><span class='ocrx_word' id='word_1_379' title='bbox 2178 2323 2348 2378; x_wconf 86' lang='lat' dir='ltr'><strong>vitate</strong></span> <span class='ocrx_word' id='word_1_380' title='bbox 2386 2323 2657 2385; x_wconf 87' lang='lat' dir='ltr'><strong>videntes,</strong></span> <span class='ocrx_word' id='word_1_381' title='bbox 2697 2320 2983 2376; x_wconf 90' lang='lat' dir='ltr'><strong>Dominum</strong></span> <span class='ocrx_word' id='word_1_382' title='bbox 3033 2321 3434 2392; x_wconf 82' lang='lat' dir='ltr'><strong>interrogantes</strong></span> <span class='ocrx_word' id='word_1_383' title='bbox 3464 2323 3759 2377; x_wconf 84' lang='lat' dir='ltr'><strong>dicebant:</strong></span> 
     </span>
    </p>
   </div>
   <div class='ocr_carea' id='block_1_54' title="bbox 2177 2413 3769 2485">
    <p class='ocr_par' dir='ltr' id='par_1_54' title="bbox 2177 2413 3769 2485">
     <span class='ocr_line' id='line_1_54' title="bbox 2177 2413 3769 2485; baseline 0 -17"><span class='ocrx_word' id='word_1_384' title='bbox 2177 2413 2368 2478; x_wconf 83' lang='lat' dir='ltr'><strong>Rabbi,</strong></span> <span class='ocrx_word' id='word_1_385' title='bbox 2418 2415 2534 2483; x_wconf 87' lang='lat' dir='ltr'><strong>quis</strong></span> <span class='ocrx_word' id='word_1_386' title='bbox 2563 2414 2820 2481; x_wconf 78' lang='lat' dir='ltr'><strong>peccavit,</strong></span> <span class='ocrx_word' id='word_1_387' title='bbox 2859 2413 2963 2479; x_wconf 79' lang='lat' dir='ltr'><strong>hic,</strong></span> <span class='ocrx_word' id='word_1_388' title='bbox 3006 2423 3099 2466; x_wconf 89' lang='lat' dir='ltr'><strong>aut</strong></span> <span class='ocrx_word' id='word_1_389' title='bbox 3133 2424 3377 2482; x_wconf 79' lang='lat' dir='ltr'><strong>parentes</strong></span> <span class='ocrx_word' id='word_1_390' title='bbox 3405 2416 3540 2485; x_wconf 88' lang='lat' dir='ltr'><strong>ejus,</strong></span> <span class='ocrx_word' id='word_1_391' title='bbox 3578 2425 3632 2468; x_wconf 87' lang='lat' dir='ltr'><strong>ut</strong></span> <span class='ocrx_word' id='word_1_392' title='bbox 3666 2432 3769 2468; x_wconf 81' lang='lat' dir='ltr'><strong>ar-</strong></span> 
     </span>
    </p>
   </div>
   <div class='ocr_carea' id='block_1_55' title="bbox 2178 2503 3769 2563">
    <p class='ocr_par' dir='ltr' id='par_1_55' title="bbox 2178 2503 3769 2563">
     <span class='ocr_line' id='line_1_55' title="bbox 2178 2503 3769 2563; baseline 0.001 -5"><span class='ocrx_word' id='word_1_393' title='bbox 2178 2522 2270 2558; x_wconf 86' lang='lat' dir='ltr'><strong>cus</strong></span> <span class='ocrx_word' id='word_1_394' title='bbox 2303 2506 2700 2558; x_wconf 77' lang='lat' dir='ltr'><strong>nasceretur&quot;?</strong></span> <span class='ocrx_word' id='word_1_395' title='bbox 2733 2503 2814 2558; x_wconf 84' lang='lat' dir='ltr'><strong>Tu</strong></span> <span class='ocrx_word' id='word_1_396' title='bbox 2847 2515 3028 2560; x_wconf 90' lang='lat' dir='ltr'><strong>autem</strong></span> <span class='ocrx_word' id='word_1_397' title='bbox 3054 2506 3191 2560; x_wconf 87' lang='lat' dir='ltr'><strong>mihi</strong></span> <span class='ocrx_word' id='word_1_398' title='bbox 3222 2522 3333 2561; x_wconf 90' lang='lat' dir='ltr'><strong>non</strong></span> <span class='ocrx_word' id='word_1_399' title='bbox 3368 2508 3570 2563; x_wconf 90' lang='lat' dir='ltr'><strong>relidas</strong></span> <span class='ocrx_word' id='word_1_400' title='bbox 3609 2509 3769 2562; x_wconf 84' lang='lat' dir='ltr'><strong>Chri-</strong></span> 
     </span>
    </p>
   </div>
   <div class='ocr_carea' id='block_1_56' title="bbox 2180 2596 3771 2670">
    <p class='ocr_par' dir='ltr' id='par_1_56' title="bbox 2180 2596 3771 2670">
     <span class='ocr_line' id='line_1_56' title="bbox 2180 2596 3771 2670; baseline 0.003 -21"><span class='ocrx_word' id='word_1_401' title='bbox 2180 2596 2246 2649; x_wconf 90' lang='lat' dir='ltr'><strong>sti</strong></span> <span class='ocrx_word' id='word_1_402' title='bbox 2305 2596 2723 2666; x_wconf 82' lang='lat' dir='ltr'><strong>responsionem</strong></span> <span class='ocrx_word' id='word_1_403' title='bbox 2779 2597 2975 2652; x_wconf 88' lang='lat' dir='ltr'><strong>scienti</strong></span> <span class='ocrx_word' id='word_1_404' title='bbox 3037 2599 3302 2668; x_wconf 82' lang='lat' dir='ltr'><strong>quidem,</strong></span> <span class='ocrx_word' id='word_1_405' title='bbox 3355 2601 3453 2655; x_wconf 90' lang='lat' dir='ltr'><strong>sed</strong></span> <span class='ocrx_word' id='word_1_406' title='bbox 3500 2603 3771 2670; x_wconf 81' lang='lat' dir='ltr'><strong>quomodo</strong></span> 
     </span>
    </p>
   </div>
   <div class='ocr_carea' id='block_1_57' title="bbox 2179 2688 3771 2760">
    <p class='ocr_par' dir='ltr' id='par_1_57' title="bbox 2179 2688 3771 2760">
     <span class='ocr_line' id='line_1_57' title="bbox 2179 2688 3771 2760; baseline 0.004 -20"><span class='ocrx_word' id='word_1_407' title='bbox 2179 2688 2333 2741; x_wconf 91' lang='lat' dir='ltr'><strong>nmlti</strong></span> <span class='ocrx_word' id='word_1_408' title='bbox 2373 2688 2608 2744; x_wconf 89' lang='lat' dir='ltr'><strong>habeant</strong></span> <span class='ocrx_word' id='word_1_409' title='bbox 2635 2689 2703 2744; x_wconf 92' lang='lat' dir='ltr'><strong>de</strong></span> <span class='ocrx_word' id='word_1_410' title='bbox 2731 2690 3094 2759; x_wconf 87' lang='lat' dir='ltr'><strong>passionibus,</strong></span> <span class='ocrx_word' id='word_1_411' title='bbox 3129 2707 3250 2760; x_wconf 66' lang='lat' dir='ltr'><strong>qua:</strong></span> <span class='ocrx_word' id='word_1_412' title='bbox 3294 2693 3458 2748; x_wconf 89' lang='lat' dir='ltr'><strong>nobis</strong></span> <span class='ocrx_word' id='word_1_413' title='bbox 3487 2695 3771 2758; x_wconf 79' lang='lat' dir='ltr'><strong>eveniunt,</strong></span> 
     </span>
    </p>
   </div>
   <div class='ocr_carea' id='block_1_58' title="bbox 2179 2779 3772 2853">
    <p class='ocr_par' dir='ltr' id='par_1_58' title="bbox 2179 2779 3772 2853">
     <span class='ocr_line' id='line_1_58' title="bbox 2179 2779 3772 2853; baseline 0.006 -20"><span class='ocrx_word' id='word_1_414' title='bbox 2179 2781 2466 2848; x_wconf 70' lang='lat' dir='ltr'><strong>quaarenti.</strong></span> <span class='ocrx_word' id='word_1_415' title='bbox 2512 2779 2618 2836; x_wconf 87' lang='lat' dir='ltr'><strong>Sed</strong></span> <span class='ocrx_word' id='word_1_416' title='bbox 2657 2791 2713 2837; x_wconf 90' lang='lat' dir='ltr'><strong>et</strong></span> <span class='ocrx_word' id='word_1_417' title='bbox 2742 2783 2859 2853; x_wconf 89' lang='lat' dir='ltr'><strong>ipse</strong></span> <span class='ocrx_word' id='word_1_418' title='bbox 2913 2785 3178 2840; x_wconf 90' lang='lat' dir='ltr'><strong>Dominus</strong></span> <span class='ocrx_word' id='word_1_419' title='bbox 3217 2803 3230 2840; x_wconf 90' lang='lat'><strong>:</strong></span> <span class='ocrx_word' id='word_1_420' title='bbox 3283 2787 3643 2843; x_wconf 79' lang='lat' dir='ltr'><strong>Dimittuntur</strong></span> <span class='ocrx_word' id='word_1_421' title='bbox 3678 2792 3772 2843; x_wconf 78' lang='lat' dir='ltr'><strong>tibi</strong></span> 
     </span>
    </p>
   </div>
   <div class='ocr_carea' id='block_1_59' title="bbox 2179 2875 3773 2946">
    <p class='ocr_par' dir='ltr' id='par_1_59' title="bbox 2179 2875 3773 2946">
     <span class='ocr_line' id='line_1_59' title="bbox 2179 2875 3773 2946; baseline 0.004 -19"><span class='ocrx_word' id='word_1_422' title='bbox 2179 2883 2416 2943; x_wconf 84' lang='lat' dir='ltr'><strong>peccata,</strong></span> <span class='ocrx_word' id='word_1_423' title='bbox 2471 2875 2661 2929; x_wconf 84' lang='lat' dir='ltr'><strong>volens</strong></span> <span class='ocrx_word' id='word_1_424' title='bbox 2721 2875 2930 2944; x_wconf 84' lang='lat' dir='ltr'><strong>erigere</strong></span> <span class='ocrx_word' id='word_1_425' title='bbox 2977 2878 3358 2946; x_wconf 75' lang='lat' dir='ltr'><strong>paralyticum,</strong></span> <span class='ocrx_word' id='word_1_426' title='bbox 3411 2880 3571 2933; x_wconf 87' lang='lat' dir='ltr'><strong>dixit.</strong></span> <span class='ocrx_word' id='word_1_427' title='bbox 3621 2880 3773 2934; x_wconf 85' lang='lat' dir='ltr'><strong>Sicut</strong></span> 
     </span>
    </p>
   </div>
   <div class='ocr_carea' id='block_1_60' title="bbox 2180 2965 3775 3044">
    <p class='ocr_par' dir='ltr' id='par_1_60' title="bbox 2180 2965 3775 3044">
     <span class='ocr_line' id='line_1_60' title="bbox 2180 2965 3775 3044; baseline 0.006 -25"><span class='ocrx_word' id='word_1_428' title='bbox 2180 2982 2310 3036; x_wconf 81' lang='lat' dir='ltr'><strong>ergo</strong></span> <span class='ocrx_word' id='word_1_429' title='bbox 2342 2965 2451 3020; x_wconf 90' lang='lat' dir='ltr'><strong>Deo</strong></span> <span class='ocrx_word' id='word_1_430' title='bbox 2488 2966 2736 3033; x_wconf 88' lang='lat' dir='ltr'><strong>odibiles,</strong></span> <span class='ocrx_word' id='word_1_431' title='bbox 2768 2969 2932 3022; x_wconf 88' lang='lat' dir='ltr'><strong>etiam</strong></span> <span class='ocrx_word' id='word_1_432' title='bbox 2963 2970 3063 3025; x_wconf 89' lang='lat' dir='ltr'><strong>hos</strong></span> <span class='ocrx_word' id='word_1_433' title='bbox 3087 2971 3157 3025; x_wconf 90' lang='lat' dir='ltr'><strong>de</strong></span> <span class='ocrx_word' id='word_1_434' title='bbox 3189 2973 3540 3028; x_wconf 87' lang='lat' dir='ltr'><strong>tabernaculo</strong></span> <span class='ocrx_word' id='word_1_435' title='bbox 3579 2975 3775 3044; x_wconf 77' lang='lat' dir='ltr'><strong>expelli</strong></span> 
     </span>
    </p>
   </div>
   <div class='ocr_carea' id='block_1_61' title="bbox 2181 3057 3774 3129">
    <p class='ocr_par' dir='ltr' id='par_1_61' title="bbox 2181 3057 3774 3129">
     <span class='ocr_line' id='line_1_61' title="bbox 2181 3057 3774 3129; baseline 0.005 -18"><span class='ocrx_word' id='word_1_436' title='bbox 2181 3057 2486 3126; x_wconf 86' lang='lat' dir='ltr'><strong>oportebat,</strong></span> <span class='ocrx_word' id='word_1_437' title='bbox 2518 3066 2573 3110; x_wconf 91' lang='lat' dir='ltr'><strong>et</strong></span> <span class='ocrx_word' id='word_1_438' title='bbox 2601 3057 2867 3125; x_wconf 89' lang='lat' dir='ltr'><strong>injustitia</strong></span> <span class='ocrx_word' id='word_1_439' title='bbox 2899 3060 3034 3114; x_wconf 89' lang='lat' dir='ltr'><strong>levis</strong></span> <span class='ocrx_word' id='word_1_440' title='bbox 3060 3070 3367 3129; x_wconf 86' lang='lat' dir='ltr'><strong>putaretur,</strong></span> <span class='ocrx_word' id='word_1_441' title='bbox 3399 3065 3444 3117; x_wconf 89' lang='lat' dir='ltr'><strong>si</strong></span> <span class='ocrx_word' id='word_1_442' title='bbox 3481 3065 3569 3117; x_wconf 93' lang='lat' dir='ltr'><strong>alii</strong></span> <span class='ocrx_word' id='word_1_443' title='bbox 3603 3067 3774 3119; x_wconf 86' lang='lat' dir='ltr'><strong>simul</strong></span> 
     </span>
    </p>
   </div>
   <div class='ocr_carea' id='block_1_62' title="bbox 496 3131 3778 3227">
    <p class='ocr_par' dir='ltr' id='par_1_62' title="bbox 496 3131 3778 3227">
     <span class='ocr_line' id='line_1_62' title="bbox 496 3131 3778 3227; baseline -0.004 -16"><span class='ocrx_word' id='word_1_444' title='bbox 496 3131 683 3227; x_wconf 79' lang='lat' dir='ltr'><strong>utpote</strong></span> <span class='ocrx_word' id='word_1_445' title='bbox 736 3155 969 3208; x_wconf 85' lang='lat' dir='ltr'><strong>obscura</strong></span> <span class='ocrx_word' id='word_1_446' title='bbox 1018 3147 1316 3202; x_wconf 88' lang='lat' dir='ltr'><strong>exsistente</strong></span> <span class='ocrx_word' id='word_1_447' title='bbox 1377 3141 1652 3196; x_wconf 89' lang='lat' dir='ltr'><strong>cicatrice.</strong></span> <span class='ocrx_word' id='word_1_448' title='bbox 1707 3137 1842 3227; x_wconf 86' lang='lat' dir='ltr'><strong>Alba</strong></span> <span class='ocrx_word' id='word_1_449' title='bbox 1894 3143 2074 3227; x_wconf 83' lang='lat' dir='ltr'><strong>autem</strong></span> <span class='ocrx_word' id='word_1_450' title='bbox 2106 3131 2147 3188; x_wconf 94' lang='lat' dir='ltr'><strong><em>C</em></strong></span> <span class='ocrx_word' id='word_1_451' title='bbox 2181 3146 2507 3216; x_wconf 50' lang='lat' dir='ltr'><strong>iniustitiam</strong></span> <span class='ocrx_word' id='word_1_452' title='bbox 2558 3149 2888 3217; x_wconf 62' lang='lat' dir='ltr'><strong>potiremur,</strong></span> <span class='ocrx_word' id='word_1_453' title='bbox 2937 3150 2992 3204; x_wconf 80' lang='lat' dir='ltr'><strong>Si</strong></span> <span class='ocrx_word' id='word_1_454' title='bbox 3025 3162 3208 3207; x_wconf 54' lang='lat' dir='ltr'><strong>autem</strong></span> <span class='ocrx_word' id='word_1_455' title='bbox 3243 3154 3404 3217; x_wconf 70' lang='lat' dir='ltr'><strong>dicis,</strong></span> <span class='ocrx_word' id='word_1_456' title='bbox 3435 3157 3562 3224; x_wconf 68' lang='lat' dir='ltr'><strong>quia</strong></span> <span class='ocrx_word' id='word_1_457' title='bbox 3591 3159 3778 3210; x_wconf 66' lang='lat' dir='ltr'><strong>omni-</strong></span> 
     </span>
    </p>
   </div>
   <div class='ocr_carea' id='block_1_63' title="bbox 495 3223 2080 3300">
    <p class='ocr_par' dir='ltr' id='par_1_63' title="bbox 495 3223 2080 3300">
     <span class='ocr_line' id='line_1_63' title="bbox 495 3223 2080 3300; baseline -0.016 1"><span class='ocrx_word' id='word_1_458' title='bbox 495 3223 815 3300; x_wconf 79' lang='lat' dir='ltr'><strong>exsistente.</strong></span> <span class='ocrx_word' id='word_1_459' title='bbox 861 3249 916 3293; x_wconf 90' lang='lat' dir='ltr'><strong>et</strong></span> <span class='ocrx_word' id='word_1_460' title='bbox 956 3237 1191 3292; x_wconf 88' lang='lat' dir='ltr'><strong>similem</strong></span> <span class='ocrx_word' id='word_1_461' title='bbox 1221 3232 1473 3286; x_wconf 89' lang='lat' dir='ltr'><strong>mittente</strong></span> <span class='ocrx_word' id='word_1_462' title='bbox 1499 3229 1670 3299; x_wconf 91' lang='lat' dir='ltr'><strong>pilum</strong></span> <span class='ocrx_word' id='word_1_463' title='bbox 1699 3225 1846 3296; x_wconf 84' lang='lat' dir='ltr'><strong>pelli,</strong></span> <span class='ocrx_word' id='word_1_464' title='bbox 1888 3223 2080 3293; x_wconf 87' lang='lat' dir='ltr'><strong>polluit</strong></span> 
     </span>
    </p>
   </div>
   <div class='ocr_carea' id='block_1_64' title="bbox 494 3311 2078 3394">
    <p class='ocr_par' dir='ltr' id='par_1_64' title="bbox 494 3311 2078 3394">
     <span class='ocr_line' id='line_1_64' title="bbox 494 3311 2078 3394; baseline -0.015 -4"><span class='ocrx_word' id='word_1_465' title='bbox 494 3337 644 3390; x_wconf 89' lang='lat' dir='ltr'><strong>hunc</strong></span> <span class='ocrx_word' id='word_1_466' title='bbox 671 3331 946 3394; x_wconf 83' lang='lat' dir='ltr'><strong>sacerdos,</strong></span> <span class='ocrx_word' id='word_1_467' title='bbox 971 3338 1026 3382; x_wconf 89' lang='lat' dir='ltr'><strong>et</strong></span> <span class='ocrx_word' id='word_1_468' title='bbox 1054 3322 1395 3380; x_wconf 90' lang='lat' dir='ltr'><strong>immundum</strong></span> <span class='ocrx_word' id='word_1_469' title='bbox 1424 3320 1546 3390; x_wconf 88' lang='lat' dir='ltr'><strong>ejici</strong></span> <span class='ocrx_word' id='word_1_470' title='bbox 1579 3316 1841 3388; x_wconf 71' lang='lat' dir='ltr'><strong>praecipit,</strong></span> <span class='ocrx_word' id='word_1_471' title='bbox 1864 3311 2078 3368; x_wconf 87' lang='lat' dir='ltr'><strong>etiamsi</strong></span> 
     </span>
    </p>
   </div>
   <div class='ocr_carea' id='block_1_65' title="bbox 497 3405 2081 3494">
    <p class='ocr_par' dir='ltr' id='par_1_65' title="bbox 497 3405 2081 3494">
     <span class='ocr_line' id='line_1_65' title="bbox 497 3405 2081 3494; baseline -0.015 -13"><span class='ocrx_word' id='word_1_472' title='bbox 497 3427 660 3481; x_wconf 81' lang='lat' dir='ltr'><strong>fuerit</strong></span> <span class='ocrx_word' id='word_1_473' title='bbox 693 3440 819 3494; x_wconf 89' lang='lat' dir='ltr'><strong>pars</strong></span> <span class='ocrx_word' id='word_1_474' title='bbox 867 3418 1136 3475; x_wconf 89' lang='lat' dir='ltr'><strong>cicatricis</strong></span> <span class='ocrx_word' id='word_1_475' title='bbox 1175 3430 1328 3480; x_wconf 87' lang='lat' dir='ltr'><strong>sana,</strong></span> <span class='ocrx_word' id='word_1_476' title='bbox 1380 3421 1436 3468; x_wconf 88' lang='lat' dir='ltr'><strong>et</strong></span> <span class='ocrx_word' id='word_1_477' title='bbox 1474 3425 1694 3466; x_wconf 89' lang='lat' dir='ltr'><strong>carnem</strong></span> <span class='ocrx_word' id='word_1_478' title='bbox 1748 3409 1953 3462; x_wconf 89' lang='lat' dir='ltr'><strong>habens</strong></span> <span class='ocrx_word' id='word_1_479' title='bbox 2000 3405 2081 3458; x_wconf 88' lang='lat' dir='ltr'><strong>vi-</strong></span> 
     </span>
    </p>
   </div>
   <div class='ocr_carea' id='block_1_66' title="bbox 494 3495 2081 3578">
    <p class='ocr_par' dir='ltr' id='par_1_66' title="bbox 494 3495 2081 3578">
     <span class='ocr_line' id='line_1_66' title="bbox 494 3495 2081 3578; baseline -0.014 -6"><span class='ocrx_word' id='word_1_480' title='bbox 494 3526 734 3578; x_wconf 81' lang='lat' dir='ltr'><strong>ventem,</strong></span> <span class='ocrx_word' id='word_1_481' title='bbox 788 3513 842 3567; x_wconf 89' lang='lat' dir='ltr'><strong>id</strong></span> <span class='ocrx_word' id='word_1_482' title='bbox 872 3520 977 3574; x_wconf 88' lang='lat' dir='ltr'><strong>est,</strong></span> <span class='ocrx_word' id='word_1_483' title='bbox 1010 3509 1113 3564; x_wconf 90' lang='lat' dir='ltr'><strong>sub</strong></span> <span class='ocrx_word' id='word_1_484' title='bbox 1146 3507 1402 3578; x_wconf 86' lang='lat' dir='ltr'><strong>passione</strong></span> <span class='ocrx_word' id='word_1_485' title='bbox 1444 3504 1609 3573; x_wconf 74' lang='lat' dir='ltr'><strong>lepra:</strong></span> <span class='ocrx_word' id='word_1_486' title='bbox 1649 3515 1760 3555; x_wconf 92' lang='lat' dir='ltr'><strong>non</strong></span> <span class='ocrx_word' id='word_1_487' title='bbox 1812 3495 2081 3552; x_wconf 91' lang='lat' dir='ltr'><strong>constitu—</strong></span> 
     </span>
    </p>
   </div>
   <div class='ocr_carea' id='block_1_67' title="bbox 495 3600 1401 3678">
    <p class='ocr_par' dir='ltr' id='par_1_67' title="bbox 495 3600 1401 3678">
     <span class='ocr_line' id='line_1_67' title="bbox 495 3600 1401 3678; baseline -0.015 -11"><span class='ocrx_word' id='word_1_488' title='bbox 495 3622 626 3668; x_wconf 85' lang='lat' dir='ltr'><strong>tam.</strong></span> <span class='ocrx_word' id='word_1_489' title='bbox 667 3610 836 3678; x_wconf 88' lang='lat' dir='ltr'><strong>Cujus</strong></span> <span class='ocrx_word' id='word_1_490' title='bbox 869 3615 1050 3660; x_wconf 87' lang='lat' dir='ltr'><strong>autem</strong></span> <span class='ocrx_word' id='word_1_491' title='bbox 1083 3603 1159 3658; x_wconf 91' lang='lat' dir='ltr'><strong>rei</strong></span> <span class='ocrx_word' id='word_1_492' title='bbox 1196 3600 1401 3656; x_wconf 84' lang='lat' dir='ltr'><strong>causa?</strong></span> 
     </span>
    </p>
   </div>
   <div class='ocr_carea' id='block_1_68' title="bbox 565 3681 2083 3764">
    <p class='ocr_par' dir='ltr' id='par_1_68' title="bbox 565 3681 2083 3764">
     <span class='ocr_line' id='line_1_68' title="bbox 565 3681 2083 3764; baseline -0.013 -11"><span class='ocrx_word' id='word_1_493' title='bbox 565 3699 702 3764; x_wconf 81' lang='lat' dir='ltr'><strong>Quia</strong></span> <span class='ocrx_word' id='word_1_494' title='bbox 733 3697 901 3764; x_wconf 82' lang='lat' dir='ltr'><strong>lepra,</strong></span> <span class='ocrx_word' id='word_1_495' title='bbox 923 3692 1117 3762; x_wconf 85' lang='lat' dir='ltr'><strong>inquit,</strong></span> <span class='ocrx_word' id='word_1_496' title='bbox 1145 3692 1433 3744; x_wconf 80' lang='lat' dir='ltr'><strong>inveterata</strong></span> <span class='ocrx_word' id='word_1_497' title='bbox 1453 3695 1548 3741; x_wconf 87' lang='lat' dir='ltr'><strong>est.</strong></span> <span class='ocrx_word' id='word_1_498' title='bbox 1581 3681 1972 3740; x_wconf 87' lang='lat' dir='ltr'><strong>Admirandum</strong></span> <span class='ocrx_word' id='word_1_499' title='bbox 1999 3688 2083 3734; x_wconf 82' lang='lat' dir='ltr'><strong>est</strong></span> 
     </span>
    </p>
   </div>
   <div class='ocr_carea' id='block_1_69' title="bbox 497 3773 2082 3854">
    <p class='ocr_par' dir='ltr' id='par_1_69' title="bbox 497 3773 2082 3854">
     <span class='ocr_line' id='line_1_69' title="bbox 497 3773 2082 3854; baseline -0.014 -8"><span class='ocrx_word' id='word_1_500' title='bbox 497 3791 621 3853; x_wconf 68' lang='lat' dir='ltr'><strong>hoc,</strong></span> <span class='ocrx_word' id='word_1_501' title='bbox 668 3787 1005 3854; x_wconf 90' lang='lat' dir='ltr'><strong>nimiamque</strong></span> <span class='ocrx_word' id='word_1_502' title='bbox 1045 3779 1374 3851; x_wconf 89' lang='lat' dir='ltr'><strong>imperitiam</strong></span> <span class='ocrx_word' id='word_1_503' title='bbox 1420 3779 1506 3834; x_wconf 89' lang='lat' dir='ltr'><strong>vel</strong></span> <span class='ocrx_word' id='word_1_504' title='bbox 1557 3775 1728 3846; x_wconf 81' lang='lat' dir='ltr'><strong>magis</strong></span> <span class='ocrx_word' id='word_1_505' title='bbox 1781 3773 2082 3843; x_wconf 88' lang='lat' dir='ltr'><strong>reprehen-</strong></span> 
     </span>
    </p>
   </div>
   <div class='ocr_carea' id='block_1_70' title="bbox 494 3863 2084 3947">
    <p class='ocr_par' dir='ltr' id='par_1_70' title="bbox 494 3863 2084 3947">
     <span class='ocr_line' id='line_1_70' title="bbox 494 3863 2084 3947; baseline -0.011 -11"><span class='ocrx_word' id='word_1_506' title='bbox 494 3885 706 3936; x_wconf 84' lang='lat' dir='ltr'><strong>sionem</strong></span> <span class='ocrx_word' id='word_1_507' title='bbox 758 3877 911 3947; x_wconf 86' lang='lat' dir='ltr'><strong>legali</strong></span> <span class='ocrx_word' id='word_1_508' title='bbox 961 3875 1214 3944; x_wconf 79' lang='lat' dir='ltr'><strong>ingerens</strong></span> <span class='ocrx_word' id='word_1_509' title='bbox 1261 3872 1478 3934; x_wconf 70' lang='lat' dir='ltr'><strong>litterae,</strong></span> <span class='ocrx_word' id='word_1_510' title='bbox 1528 3867 1675 3923; x_wconf 88' lang='lat' dir='ltr'><strong>unde</strong></span> <span class='ocrx_word' id='word_1_511' title='bbox 1706 3866 1854 3920; x_wconf 90' lang='lat' dir='ltr'><strong>enim</strong></span> <span class='ocrx_word' id='word_1_512' title='bbox 1895 3863 2084 3918; x_wconf 89' lang='lat' dir='ltr'><strong>debuit</strong></span> 
     </span>
    </p>
   </div>
   <div class='ocr_carea' id='block_1_71' title="bbox 495 3957 2080 4034">
    <p class='ocr_par' dir='ltr' id='par_1_71' title="bbox 495 3957 2080 4034">
     <span class='ocr_line' id='line_1_71' title="bbox 495 3957 2080 4034; baseline -0.011 -9"><span class='ocrx_word' id='word_1_513' title='bbox 495 3969 750 4026; x_wconf 89' lang='lat' dir='ltr'><strong>sanabilis</strong></span> <span class='ocrx_word' id='word_1_514' title='bbox 796 3965 1048 4020; x_wconf 89' lang='lat' dir='ltr'><strong>arbitrari</strong></span> <span class='ocrx_word' id='word_1_515' title='bbox 1098 3963 1302 4034; x_wconf 86' lang='lat' dir='ltr'><strong>passio,</strong></span> <span class='ocrx_word' id='word_1_516' title='bbox 1337 3963 1390 4016; x_wconf 94' lang='lat' dir='ltr'><strong>id</strong></span> <span class='ocrx_word' id='word_1_517' title='bbox 1421 3969 1523 4024; x_wconf 89' lang='lat' dir='ltr'><strong>est,</strong></span> <span class='ocrx_word' id='word_1_518' title='bbox 1571 3975 1640 4014; x_wconf 88' lang='lat' dir='ltr'><strong>ex</strong></span> <span class='ocrx_word' id='word_1_519' title='bbox 1666 3957 1791 4012; x_wconf 87' lang='lat' dir='ltr'><strong>vivo</strong></span> <span class='ocrx_word' id='word_1_520' title='bbox 1829 3969 2080 4025; x_wconf 88' lang='lat' dir='ltr'><strong>corpore,</strong></span> 
     </span>
    </p>
   </div>
   <div class='ocr_carea' id='block_1_72' title="bbox 495 4049 2082 4130">
    <p class='ocr_par' dir='ltr' id='par_1_72' title="bbox 495 4049 2082 4130">
     <span class='ocr_line' id='line_1_72' title="bbox 495 4049 2082 4130; baseline -0.012 -12"><span class='ocrx_word' id='word_1_521' title='bbox 495 4064 724 4130; x_wconf 83' lang='lat' dir='ltr'><strong>vivaque</strong></span> <span class='ocrx_word' id='word_1_522' title='bbox 748 4074 947 4115; x_wconf 91' lang='lat' dir='ltr'><strong>carne:</strong></span> <span class='ocrx_word' id='word_1_523' title='bbox 981 4057 1130 4111; x_wconf 88' lang='lat' dir='ltr'><strong>illinc</strong></span> <span class='ocrx_word' id='word_1_524' title='bbox 1155 4057 1298 4109; x_wconf 87' lang='lat' dir='ltr'><strong>illam</strong></span> <span class='ocrx_word' id='word_1_525' title='bbox 1331 4054 1502 4124; x_wconf 86' lang='lat' dir='ltr'><strong>magis</strong></span> <span class='ocrx_word' id='word_1_526' title='bbox 1532 4053 1812 4121; x_wconf 87' lang='lat' dir='ltr'><strong>desperat,</strong></span> <span class='ocrx_word' id='word_1_527' title='bbox 1847 4049 2082 4118; x_wconf 88' lang='lat' dir='ltr'><strong>lepram-</strong></span> 
     </span>
    </p>
   </div>
   <div class='ocr_carea' id='block_1_73' title="bbox 495 4139 2081 4222">
    <p class='ocr_par' dir='ltr' id='par_1_73' title="bbox 495 4139 2081 4222">
     <span class='ocr_line' id='line_1_73' title="bbox 495 4139 2081 4222; baseline -0.009 -16"><span class='ocrx_word' id='word_1_528' title='bbox 495 4169 600 4222; x_wconf 83' lang='lat' dir='ltr'><strong>que</strong></span> <span class='ocrx_word' id='word_1_529' title='bbox 643 4153 1001 4206; x_wconf 89' lang='lat' dir='ltr'><strong>inveteratam</strong></span> <span class='ocrx_word' id='word_1_530' title='bbox 1035 4145 1166 4202; x_wconf 89' lang='lat' dir='ltr'><strong>dicit</strong></span> <span class='ocrx_word' id='word_1_531' title='bbox 1198 4146 1360 4211; x_wconf 86' lang='lat' dir='ltr'><strong>Deus,</strong></span> <span class='ocrx_word' id='word_1_532' title='bbox 1409 4145 1462 4198; x_wconf 91' lang='lat' dir='ltr'><strong>id</strong></span> <span class='ocrx_word' id='word_1_533' title='bbox 1493 4151 1597 4207; x_wconf 88' lang='lat' dir='ltr'><strong>est,</strong></span> <span class='ocrx_word' id='word_1_534' title='bbox 1633 4157 1746 4196; x_wconf 90' lang='lat' dir='ltr'><strong>non</strong></span> <span class='ocrx_word' id='word_1_535' title='bbox 1780 4139 2081 4194; x_wconf 88' lang='lat' dir='ltr'><strong>sanabilem</strong></span> 
     </span>
    </p>
   </div>
   <div class='ocr_carea' id='block_1_74' title="bbox 494 4231 2081 4305">
    <p class='ocr_par' dir='ltr' id='par_1_74' title="bbox 494 4231 2081 4305">
     <span class='ocr_line' id='line_1_74' title="bbox 494 4231 2081 4305; baseline -0.011 -6"><span class='ocrx_word' id='word_1_536' title='bbox 494 4263 589 4299; x_wconf 69' lang='lat' dir='ltr'><strong>Sull</strong></span> <span class='ocrx_word' id='word_1_537' title='bbox 615 4245 708 4300; x_wconf 85' lang='lat' dir='ltr'><strong>diu</strong></span> <span class='ocrx_word' id='word_1_538' title='bbox 748 4249 1083 4300; x_wconf 90' lang='lat' dir='ltr'><strong>manentem,</strong></span> <span class='ocrx_word' id='word_1_539' title='bbox 1123 4245 1178 4290; x_wconf 90' lang='lat' dir='ltr'><strong>et</strong></span> <span class='ocrx_word' id='word_1_540' title='bbox 1206 4235 1364 4305; x_wconf 92' lang='lat' dir='ltr'><strong>quasi</strong></span> <span class='ocrx_word' id='word_1_541' title='bbox 1397 4231 1664 4303; x_wconf 84' lang='lat' dir='ltr'><strong>passionis</strong></span> <span class='ocrx_word' id='word_1_542' title='bbox 1703 4237 2081 4285; x_wconf 89' lang='lat' dir='ltr'><strong>senescentem</strong></span> 
     </span>
    </p>
   </div>
   <div class='ocr_carea' id='block_1_75' title="bbox 496 4321 2082 4397">
    <p class='ocr_par' dir='ltr' id='par_1_75' title="bbox 496 4321 2082 4397">
     <span class='ocr_line' id='line_1_75' title="bbox 496 4321 2082 4397; baseline -0.008 -8"><span class='ocrx_word' id='word_1_543' title='bbox 496 4339 636 4389; x_wconf 84' lang='lat' dir='ltr'><strong>loco.</strong></span> <span class='ocrx_word' id='word_1_544' title='bbox 670 4335 744 4387; x_wconf 83' lang='lat' dir='ltr'><strong>De</strong></span> <span class='ocrx_word' id='word_1_545' title='bbox 778 4335 879 4386; x_wconf 90' lang='lat' dir='ltr'><strong>hac</strong></span> <span class='ocrx_word' id='word_1_546' title='bbox 911 4346 968 4385; x_wconf 94' lang='lat' dir='ltr'><strong>re</strong></span> <span class='ocrx_word' id='word_1_547' title='bbox 1014 4344 1207 4383; x_wconf 90' lang='lat' dir='ltr'><strong>rursus</strong></span> <span class='ocrx_word' id='word_1_548' title='bbox 1239 4330 1342 4382; x_wconf 91' lang='lat' dir='ltr'><strong>hoc</strong></span> <span class='ocrx_word' id='word_1_549' title='bbox 1371 4327 1518 4397; x_wconf 91' lang='lat' dir='ltr'><strong>quod</strong></span> <span class='ocrx_word' id='word_1_550' title='bbox 1553 4322 1805 4394; x_wconf 88' lang='lat' dir='ltr'><strong>sequitur</strong></span> <span class='ocrx_word' id='word_1_551' title='bbox 1833 4321 2082 4376; x_wconf 91' lang='lat' dir='ltr'><strong>invenies</strong></span> 
     </span>
    </p>
   </div>
   <div class='ocr_carea' id='block_1_76' title="bbox 492 4417 2081 4490">
    <p class='ocr_par' dir='ltr' id='par_1_76' title="bbox 492 4417 2081 4490">
     <span class='ocr_line' id='line_1_76' title="bbox 492 4417 2081 4490; baseline -0.009 -11"><span class='ocrx_word' id='word_1_552' title='bbox 492 4425 820 4479; x_wconf 76' lang='lat' dir='ltr'><strong>obscurius:</strong></span> <span class='ocrx_word' id='word_1_553' title='bbox 853 4421 977 4490; x_wconf 91' lang='lat' dir='ltr'><strong>quia</strong></span> <span class='ocrx_word' id='word_1_554' title='bbox 1039 4434 1163 4472; x_wconf 88' lang='lat' dir='ltr'><strong>eum</strong></span> <span class='ocrx_word' id='word_1_555' title='bbox 1198 4418 1288 4487; x_wconf 89' lang='lat' dir='ltr'><strong>qui</strong></span> <span class='ocrx_word' id='word_1_556' title='bbox 1348 4426 1459 4472; x_wconf 91' lang='lat' dir='ltr'><strong>toto</strong></span> <span class='ocrx_word' id='word_1_557' title='bbox 1516 4417 1763 4485; x_wconf 89' lang='lat' dir='ltr'><strong>leprosus</strong></span> <span class='ocrx_word' id='word_1_558' title='bbox 1823 4421 1906 4467; x_wconf 86' lang='lat' dir='ltr'><strong>est</strong></span> <span class='ocrx_word' id='word_1_559' title='bbox 1959 4427 2081 4466; x_wconf 88' lang='lat' dir='ltr'><strong>cor-</strong></span> 
     </span>
    </p>
   </div>
   <div class='ocr_carea' id='block_1_77' title="bbox 457 4485 2153 4584">
    <p class='ocr_par' dir='ltr' id='par_1_77' title="bbox 457 4485 2153 4584">
     <span class='ocr_line' id='line_1_77' title="bbox 457 4485 2153 4584; baseline -0.004 -22"><span class='ocrx_word' id='word_1_560' title='bbox 457 4555 465 4562; x_wconf 94' lang='lat'><strong>.</strong></span> <span class='ocrx_word' id='word_1_561' title='bbox 497 4530 648 4584; x_wconf 85' lang='lat' dir='ltr'><strong>pore,</strong></span> <span class='ocrx_word' id='word_1_562' title='bbox 689 4521 744 4566; x_wconf 87' lang='lat' dir='ltr'><strong>et</strong></span> <span class='ocrx_word' id='word_1_563' title='bbox 767 4528 796 4564; x_wconf 91' lang='lat' dir='ltr'><strong>a</strong></span> <span class='ocrx_word' id='word_1_564' title='bbox 826 4485 1056 4580; x_wconf 78' lang='lat' dir='ltr'><strong>pedibus</strong></span> <span class='ocrx_word' id='word_1_565' title='bbox 1097 4485 1266 4576; x_wconf 76' lang='lat' dir='ltr'><strong>usque</strong></span> <span class='ocrx_word' id='word_1_566' title='bbox 1294 4507 1360 4560; x_wconf 91' lang='lat' dir='ltr'><strong>ad</strong></span> <span class='ocrx_word' id='word_1_567' title='bbox 1391 4515 1554 4576; x_wconf 89' lang='lat' dir='ltr'><strong>caput</strong></span> <span class='ocrx_word' id='word_1_568' title='bbox 1579 4513 1804 4574; x_wconf 86' lang='lat' dir='ltr'><strong>opertus</strong></span> <span class='ocrx_word' id='word_1_569' title='bbox 1859 4503 2075 4567; x_wconf 89' lang='lat' dir='ltr'><strong>morbo,</strong></span> <span class='ocrx_word' id='word_1_570' title='bbox 2112 4485 2153 4539; x_wconf 78' lang='grc' dir='ltr'><strong>υ</strong></span> 
     </span>
    </p>
   </div>
   <div class='ocr_carea' id='block_1_78' title="bbox 495 4594 2081 4672">
    <p class='ocr_par' dir='ltr' id='par_1_78' title="bbox 495 4594 2081 4672">
     <span class='ocr_line' id='line_1_78' title="bbox 495 4594 2081 4672; baseline -0.008 -11"><span class='ocrx_word' id='word_1_571' title='bbox 495 4606 698 4661; x_wconf 90' lang='lat' dir='ltr'><strong>munda</strong></span> <span class='ocrx_word' id='word_1_572' title='bbox 732 4601 902 4657; x_wconf 90' lang='lat' dir='ltr'><strong>teneri</strong></span> <span class='ocrx_word' id='word_1_573' title='bbox 951 4601 1121 4672; x_wconf 87' lang='lat' dir='ltr'><strong>lepra,</strong></span> <span class='ocrx_word' id='word_1_574' title='bbox 1168 4599 1269 4654; x_wconf 91' lang='lat' dir='ltr'><strong>hoc</strong></span> <span class='ocrx_word' id='word_1_575' title='bbox 1289 4599 1356 4653; x_wconf 89' lang='lat' dir='ltr'><strong>de</strong></span> <span class='ocrx_word' id='word_1_576' title='bbox 1389 4613 1455 4652; x_wconf 92' lang='lat' dir='ltr'><strong>co</strong></span> <span class='ocrx_word' id='word_1_577' title='bbox 1489 4598 1769 4668; x_wconf 90' lang='lat' dir='ltr'><strong>judicante</strong></span> <span class='ocrx_word' id='word_1_578' title='bbox 1799 4594 2081 4650; x_wconf 87' lang='lat' dir='ltr'><strong>sacerdote</strong></span> 
     </span>
    </p>
   </div>
   <div class='ocr_carea' id='block_1_79' title="bbox 492 4698 1397 4752">
    <p class='ocr_par' dir='ltr' id='par_1_79' title="bbox 492 4698 1397 4752">
     <span class='ocr_line' id='line_1_79' title="bbox 492 4698 1397 4752; baseline -0.003 0"><span class='ocrx_word' id='word_1_579' title='bbox 492 4698 629 4752; x_wconf 89' lang='lat' dir='ltr'><strong>vult.</strong></span> <span class='ocrx_word' id='word_1_580' title='bbox 1393 4711 1397 4714; x_wconf 94' lang='grc'><strong>·</strong></span> 
     </span>
    </p>
   </div>
   <div class='ocr_carea' id='block_1_80' title="bbox 561 4780 2078 4852">
    <p class='ocr_par' dir='ltr' id='par_1_80' title="bbox 561 4780 2078 4852">
     <span class='ocr_line' id='line_1_80' title="bbox 561 4780 2078 4852; baseline -0.006 -10"><span class='ocrx_word' id='word_1_581' title='bbox 561 4786 620 4842; x_wconf 86' lang='lat' dir='ltr'><strong>Si</strong></span> <span class='ocrx_word' id='word_1_582' title='bbox 657 4794 833 4840; x_wconf 81' lang='lat' dir='ltr'><strong>autem</strong></span> <span class='ocrx_word' id='word_1_583' title='bbox 863 4784 920 4837; x_wconf 86' lang='lat' dir='ltr'><strong>in</strong></span> <span class='ocrx_word' id='word_1_584' title='bbox 955 4799 1013 4837; x_wconf 90' lang='lat' dir='ltr'><strong>eo</strong></span> <span class='ocrx_word' id='word_1_585' title='bbox 1054 4781 1219 4836; x_wconf 83' lang='lat' dir='ltr'><strong>visum</strong></span> <span class='ocrx_word' id='word_1_586' title='bbox 1251 4780 1409 4852; x_wconf 77' lang='lat' dir='ltr'><strong>fuerit</strong></span> <span class='ocrx_word' id='word_1_587' title='bbox 1448 4780 1737 4849; x_wconf 84' lang='lat' dir='ltr'><strong>aliquando</strong></span> <span class='ocrx_word' id='word_1_588' title='bbox 1776 4798 1965 4850; x_wconf 78' lang='lat' dir='ltr'><strong>corpus</strong></span> <span class='ocrx_word' id='word_1_589' title='bbox 1999 4781 2078 4834; x_wconf 86' lang='lat' dir='ltr'><strong>vi-</strong></span> 
     </span>
    </p>
   </div>
   <div class='ocr_carea' id='block_1_81' title="bbox 490 4873 2073 4943">
    <p class='ocr_par' dir='ltr' id='par_1_81' title="bbox 490 4873 2073 4943">
     <span class='ocr_line' id='line_1_81' title="bbox 490 4873 2073 4943; baseline -0.007 -8"><span class='ocrx_word' id='word_1_590' title='bbox 490 4897 632 4943; x_wconf 79' lang='lat' dir='ltr'><strong>vens,</strong></span> <span class='ocrx_word' id='word_1_591' title='bbox 656 4887 860 4933; x_wconf 84' lang='lat' dir='ltr'><strong>revocat</strong></span> <span class='ocrx_word' id='word_1_592' title='bbox 881 4875 1121 4929; x_wconf 90' lang='lat' dir='ltr'><strong>sacerdos</strong></span> <span class='ocrx_word' id='word_1_593' title='bbox 1137 4874 1396 4943; x_wconf 84' lang='lat' dir='ltr'><strong>judicium</strong></span> <span class='ocrx_word' id='word_1_594' title='bbox 1425 4888 1579 4926; x_wconf 88' lang='lat' dir='ltr'><strong>suum</strong></span> <span class='ocrx_word' id='word_1_595' title='bbox 1609 4887 1627 4925; x_wconf 89' lang='lat'><strong>:</strong></span> <span class='ocrx_word' id='word_1_596' title='bbox 1654 4881 1700 4925; x_wconf 86' lang='lat' dir='ltr'><strong>et</strong></span> <span class='ocrx_word' id='word_1_597' title='bbox 1728 4873 1911 4940; x_wconf 84' lang='lat' dir='ltr'><strong>polluit</strong></span> <span class='ocrx_word' id='word_1_598' title='bbox 1936 4889 2073 4925; x_wconf 73' lang='lat' dir='ltr'><strong>enin.</strong></span> 
     </span>
    </p>
   </div>
   <div class='ocr_carea' id='block_1_82' title="bbox 493 4963 2076 5036">
    <p class='ocr_par' dir='ltr' id='par_1_82' title="bbox 493 4963 2076 5036">
     <span class='ocr_line' id='line_1_82' title="bbox 493 4963 2076 5036; baseline -0.004 -11"><span class='ocrx_word' id='word_1_599' title='bbox 493 4973 552 5026; x_wconf 77' lang='lat' dir='ltr'><strong>Si</strong></span> <span class='ocrx_word' id='word_1_600' title='bbox 591 4981 770 5025; x_wconf 85' lang='lat' dir='ltr'><strong>autem</strong></span> <span class='ocrx_word' id='word_1_601' title='bbox 810 4975 1102 5022; x_wconf 86' lang='lat' dir='ltr'><strong>remutatus</strong></span> <span class='ocrx_word' id='word_1_602' title='bbox 1137 4967 1294 5036; x_wconf 78' lang='lat' dir='ltr'><strong>fuerit</strong></span> <span class='ocrx_word' id='word_1_603' title='bbox 1342 4965 1397 5016; x_wconf 71' lang='lat' dir='ltr'><strong>ira</strong></span> <span class='ocrx_word' id='word_1_604' title='bbox 1447 4963 1625 5016; x_wconf 84' lang='lat' dir='ltr'><strong>album</strong></span> <span class='ocrx_word' id='word_1_605' title='bbox 1658 5003 1674 5027; x_wconf 97' lang='lat'><strong>,</strong></span> <span class='ocrx_word' id='word_1_606' title='bbox 1713 4973 1758 5016; x_wconf 89' lang='lat' dir='ltr'><strong>et</strong></span> <span class='ocrx_word' id='word_1_607' title='bbox 1791 4974 1898 5017; x_wconf 87' lang='lat' dir='ltr'><strong>tota</strong></span> <span class='ocrx_word' id='word_1_608' title='bbox 1927 4965 2076 5034; x_wconf 80' lang='lat' dir='ltr'><strong>pellis</strong></span> 
     </span>
    </p>
   </div>
   <div class='ocr_carea' id='block_1_83' title="bbox 491 5054 2076 5129">
    <p class='ocr_par' dir='ltr' id='par_1_83' title="bbox 491 5054 2076 5129">
     <span class='ocr_line' id='line_1_83' title="bbox 491 5054 2076 5129; baseline -0.003 -15"><span class='ocrx_word' id='word_1_609' title='bbox 491 5062 561 5116; x_wconf 85' lang='lat' dir='ltr'><strong>ad</strong></span> <span class='ocrx_word' id='word_1_610' title='bbox 605 5061 903 5129; x_wconf 75' lang='lat' dir='ltr'><strong>passionem</strong></span> <span class='ocrx_word' id='word_1_611' title='bbox 951 5057 1111 5126; x_wconf 77' lang='lat' dir='ltr'><strong>lepra:</strong></span> <span class='ocrx_word' id='word_1_612' title='bbox 1151 5054 1416 5109; x_wconf 83' lang='lat' dir='ltr'><strong>translata</strong></span> <span class='ocrx_word' id='word_1_613' title='bbox 1466 5055 1645 5123; x_wconf 74' lang='lat' dir='ltr'><strong>fuerit,</strong></span> <span class='ocrx_word' id='word_1_614' title='bbox 1691 5057 1911 5112; x_wconf 81' lang='lat' dir='ltr'><strong>tmmdat</strong></span> <span class='ocrx_word' id='word_1_615' title='bbox 1957 5073 2076 5110; x_wconf 85' lang='lat' dir='ltr'><strong>eum</strong></span> 
     </span>
    </p>
   </div>
   <div class='ocr_carea' id='block_1_84' title="bbox 490 5146 2078 5218">
    <p class='ocr_par' dir='ltr' id='par_1_84' title="bbox 490 5146 2078 5218">
     <span class='ocr_line' id='line_1_84' title="bbox 490 5146 2078 5218; baseline -0.001 -15"><span class='ocrx_word' id='word_1_616' title='bbox 490 5151 754 5211; x_wconf 81' lang='lat' dir='ltr'><strong>sacerdos,</strong></span> <span class='ocrx_word' id='word_1_617' title='bbox 801 5151 885 5203; x_wconf 89' lang='lat' dir='ltr'><strong>cui</strong></span> <span class='ocrx_word' id='word_1_618' title='bbox 930 5150 1177 5218; x_wconf 86' lang='lat' dir='ltr'><strong>judicare</strong></span> <span class='ocrx_word' id='word_1_619' title='bbox 1215 5154 1532 5213; x_wconf 69' lang='lat' dir='ltr'><strong>pra‘ceptum</strong></span> <span class='ocrx_word' id='word_1_620' title='bbox 1583 5156 1678 5199; x_wconf 82' lang='lat' dir='ltr'><strong>est.</strong></span> <span class='ocrx_word' id='word_1_621' title='bbox 1728 5146 1780 5200; x_wconf 88' lang='lat' dir='ltr'><strong>Si</strong></span> <span class='ocrx_word' id='word_1_622' title='bbox 1813 5156 2078 5202; x_wconf 84' lang='lat' dir='ltr'><strong>autemet</strong></span> 
     </span>
    </p>
   </div>
   <div class='ocr_carea' id='block_1_85' title="bbox 492 5236 2072 5307">
    <p class='ocr_par' dir='ltr' id='par_1_85' title="bbox 492 5236 2072 5307">
     <span class='ocr_line' id='line_1_85' title="bbox 492 5236 2072 5307; baseline -0.001 -14"><span class='ocrx_word' id='word_1_623' title='bbox 492 5241 608 5295; x_wconf 79' lang='lat' dir='ltr'><strong>lucc</strong></span> <span class='ocrx_word' id='word_1_624' title='bbox 655 5251 801 5296; x_wconf 88' lang='lat' dir='ltr'><strong>recte</strong></span> <span class='ocrx_word' id='word_1_625' title='bbox 835 5241 981 5297; x_wconf 90' lang='lat' dir='ltr'><strong>dicta</strong></span> <span class='ocrx_word' id='word_1_626' title='bbox 1031 5247 1182 5302; x_wconf 89' lang='lat' dir='ltr'><strong>sunt,</strong></span> <span class='ocrx_word' id='word_1_627' title='bbox 1237 5236 1489 5307; x_wconf 88' lang='lat' dir='ltr'><strong>quamvis</strong></span> <span class='ocrx_word' id='word_1_628' title='bbox 1542 5237 1646 5292; x_wconf 88' lang='lat' dir='ltr'><strong>hoc</strong></span> <span class='ocrx_word' id='word_1_629' title='bbox 1685 5253 1848 5293; x_wconf 93' lang='lat' dir='ltr'><strong>nemo</strong></span> <span class='ocrx_word' id='word_1_630' title='bbox 1893 5239 2072 5294; x_wconf 83' lang='lat' dir='ltr'><strong>dicat:</strong></span> 
     </span>
    </p>
   </div>
   <div class='ocr_carea' id='block_1_86' title="bbox 490 5317 2077 5400">
    <p class='ocr_par' dir='ltr' id='par_1_86' title="bbox 490 5317 2077 5400">
     <span class='ocr_line' id='line_1_86' title="bbox 490 5317 2077 5400; baseline 0.001 -16"><span class='ocrx_word' id='word_1_631' title='bbox 490 5347 654 5400; x_wconf 87' lang='lat' dir='ltr'><strong>quam</strong></span> <span class='ocrx_word' id='word_1_632' title='bbox 691 5341 871 5386; x_wconf 89' lang='lat' dir='ltr'><strong>tamen</strong></span> <span class='ocrx_word' id='word_1_633' title='bbox 930 5329 1358 5387; x_wconf 88' lang='lat' dir='ltr'><strong>satisfactionem</strong></span> <span class='ocrx_word' id='word_1_634' title='bbox 1403 5328 1470 5383; x_wconf 92' lang='lat' dir='ltr'><strong>ad</strong></span> <span class='ocrx_word' id='word_1_635' title='bbox 1503 5327 1663 5382; x_wconf 90' lang='lat' dir='ltr'><strong>aliam</strong></span> <span class='ocrx_word' id='word_1_636' title='bbox 1708 5330 1850 5384; x_wconf 90' lang='lat' dir='ltr'><strong>hanc</strong></span> <span class='ocrx_word' id='word_1_637' title='bbox 1895 5317 2077 5400; x_wconf 62' lang='lat' dir='ltr'><strong>reprc-</strong></span> 
     </span>
    </p>
   </div>
   <div class='ocr_carea' id='block_1_87' title="bbox 493 5421 2073 5494">
    <p class='ocr_par' dir='ltr' id='par_1_87' title="bbox 493 5421 2073 5494">
     <span class='ocr_line' id='line_1_87' title="bbox 493 5421 2073 5494; baseline -0.001 -17"><span class='ocrx_word' id='word_1_638' title='bbox 493 5425 815 5478; x_wconf 85' lang='lat' dir='ltr'><strong>bensionem</strong></span> <span class='ocrx_word' id='word_1_639' title='bbox 850 5423 1224 5494; x_wconf 81' lang='lat' dir='ltr'><strong>reperiemus?</strong></span> <span class='ocrx_word' id='word_1_640' title='bbox 1250 5421 1386 5487; x_wconf 90' lang='lat' dir='ltr'><strong>Quia</strong></span> <span class='ocrx_word' id='word_1_641' title='bbox 1419 5421 1668 5490; x_wconf 86' lang='lat' dir='ltr'><strong>leprosus</strong></span> <span class='ocrx_word' id='word_1_642' title='bbox 1689 5437 1797 5483; x_wconf 87' lang='lat' dir='ltr'><strong>non</strong></span> <span class='ocrx_word' id='word_1_643' title='bbox 1827 5423 2073 5476; x_wconf 85' lang='lat' dir='ltr'><strong>volunta-</strong></span> 
     </span>
    </p>
   </div>
   <div class='ocr_carea' id='block_1_88' title="bbox 492 5514 2074 5586">
    <p class='ocr_par' dir='ltr' id='par_1_88' title="bbox 492 5514 2074 5586">
     <span class='ocr_line' id='line_1_88' title="bbox 492 5514 2074 5586; baseline -0.001 -15"><span class='ocrx_word' id='word_1_644' title='bbox 492 5516 585 5571; x_wconf 73' lang='lat' dir='ltr'><strong>ria:</strong></span> <span class='ocrx_word' id='word_1_645' title='bbox 633 5516 922 5586; x_wconf 87' lang='lat' dir='ltr'><strong>passionis,</strong></span> <span class='ocrx_word' id='word_1_646' title='bbox 969 5516 1064 5568; x_wconf 84' lang='lat' dir='ltr'><strong>sed</strong></span> <span class='ocrx_word' id='word_1_647' title='bbox 1110 5531 1272 5583; x_wconf 88' lang='lat' dir='ltr'><strong>quam</strong></span> <span class='ocrx_word' id='word_1_648' title='bbox 1328 5514 1532 5568; x_wconf 88' lang='lat' dir='ltr'><strong>invitus</strong></span> <span class='ocrx_word' id='word_1_649' title='bbox 1581 5515 1831 5578; x_wconf 83' lang='lat' dir='ltr'><strong>sustinet,</strong></span> <span class='ocrx_word' id='word_1_650' title='bbox 1884 5531 2074 5584; x_wconf 61' lang='lat' dir='ltr'><strong>poenas</strong></span> 
     </span>
    </p>
   </div>
   <div class='ocr_carea' id='block_1_89' title="bbox 561 5728 1939 5800">
    <p class='ocr_par' dir='ltr' id='par_1_89' title="bbox 561 5728 1939 5800">
     <span class='ocr_line' id='line_1_89' title="bbox 561 5728 1939 5800; baseline 0.005 -18"><span class='ocrx_word' id='word_1_651' title='bbox 561 5731 604 5762; x_wconf 80' lang='lat'><strong>&quot;</strong></span> <span class='ocrx_word' id='word_1_652' title='bbox 631 5728 792 5783; x_wconf 76' lang='lat' dir='ltr'><strong>Num.</strong></span> <span class='ocrx_word' id='word_1_653' title='bbox 825 5744 918 5794; x_wconf 77' lang='lat' dir='ltr'><strong>xu,</strong></span> <span class='ocrx_word' id='word_1_654' title='bbox 956 5729 1016 5782; x_wconf 80' lang='lat' dir='ltr'><strong>l0</strong></span> <span class='ocrx_word' id='word_1_655' title='bbox 1043 5745 1192 5800; x_wconf 88' lang='lat' dir='ltr'><strong>seqq.</strong></span> <span class='ocrx_word' id='word_1_656' title='bbox 1295 5733 1339 5762; x_wconf 74' lang='grc'>⁷⁷</span> <span class='ocrx_word' id='word_1_657' title='bbox 1388 5733 1434 5786; x_wconf 91' lang='lat' dir='ltr'><strong>ll</strong></span> <span class='ocrx_word' id='word_1_658' title='bbox 1465 5733 1638 5788; x_wconf 79' lang='lat' dir='ltr'><strong>Paral.</strong></span> <span class='ocrx_word' id='word_1_659' title='bbox 1677 5749 1818 5800; x_wconf 74' lang='lat' dir='ltr'><strong>xxvi,</strong></span> <span class='ocrx_word' id='word_1_660' title='bbox 1860 5734 1939 5789; x_wconf 86' lang='lat' dir='ltr'><strong>l9.</strong></span> 
     </span>
    </p>
   </div>
   <div class='ocr_carea' id='block_1_90' title="bbox 2186 3236 3778 3314">
    <p class='ocr_par' dir='ltr' id='par_1_90' title="bbox 2186 3236 3778 3314">
     <span class='ocr_line' id='line_1_90' title="bbox 2186 3236 3778 3314; baseline 0.006 -24"><span class='ocrx_word' id='word_1_661' title='bbox 2186 3236 2349 3290; x_wconf 92' lang='lat' dir='ltr'><strong>modo</strong></span> <span class='ocrx_word' id='word_1_662' title='bbox 2371 3236 2426 3288; x_wconf 89' lang='lat' dir='ltr'><strong>in</strong></span> <span class='ocrx_word' id='word_1_663' title='bbox 2457 3236 2540 3290; x_wconf 77' lang='lat' dir='ltr'><strong>his</strong></span> <span class='ocrx_word' id='word_1_664' title='bbox 2572 3237 2922 3306; x_wconf 87' lang='lat' dir='ltr'><strong>passionibus</strong></span> <span class='ocrx_word' id='word_1_665' title='bbox 2948 3252 3169 3311; x_wconf 87' lang='lat' dir='ltr'><strong>peccata</strong></span> <span class='ocrx_word' id='word_1_666' title='bbox 3207 3245 3536 3314; x_wconf 88' lang='lat' dir='ltr'><strong>puniuntur,</strong></span> <span class='ocrx_word' id='word_1_667' title='bbox 3569 3262 3698 3300; x_wconf 89' lang='lat' dir='ltr'><strong>nam</strong></span> <span class='ocrx_word' id='word_1_668' title='bbox 3726 3258 3778 3301; x_wconf 88' lang='lat' dir='ltr'><strong>et</strong></span> 
     </span>
    </p>
   </div>
   <div class='ocr_carea' id='block_1_91' title="bbox 2184 3328 3781 3410">
    <p class='ocr_par' dir='ltr' id='par_1_91' title="bbox 2184 3328 3781 3410">
     <span class='ocr_line' id='line_1_91' title="bbox 2184 3328 3781 3410; baseline 0.008 -30"><span class='ocrx_word' id='word_1_669' title='bbox 2184 3343 2308 3381; x_wconf 92' lang='lat' dir='ltr'><strong>eum</strong></span> <span class='ocrx_word' id='word_1_670' title='bbox 2345 3328 2439 3398; x_wconf 90' lang='lat' dir='ltr'><strong>qui</strong></span> <span class='ocrx_word' id='word_1_671' title='bbox 2471 3328 2673 3384; x_wconf 81' lang='lat' dir='ltr'><strong>ﬂuxum</strong></span> <span class='ocrx_word' id='word_1_672' title='bbox 2703 3332 2932 3388; x_wconf 89' lang='lat' dir='ltr'><strong>seminis</strong></span> <span class='ocrx_word' id='word_1_673' title='bbox 2955 3335 3180 3403; x_wconf 87' lang='lat' dir='ltr'><strong>patitur,</strong></span> <span class='ocrx_word' id='word_1_674' title='bbox 3206 3352 3236 3390; x_wconf 92' lang='lat' dir='ltr'><strong>a</strong></span> <span class='ocrx_word' id='word_1_675' title='bbox 3266 3337 3620 3392; x_wconf 88' lang='lat' dir='ltr'><strong>tabernaculo</strong></span> <span class='ocrx_word' id='word_1_676' title='bbox 3657 3357 3781 3410; x_wconf 83' lang='lat' dir='ltr'><strong>pro-</strong></span> 
     </span>
    </p>
   </div>
   <div class='ocr_carea' id='block_1_92' title="bbox 2183 3417 3779 3496">
    <p class='ocr_par' dir='ltr' id='par_1_92' title="bbox 2183 3417 3779 3496">
     <span class='ocr_line' id='line_1_92' title="bbox 2183 3417 3779 3496; baseline 0.008 -25"><span class='ocrx_word' id='word_1_677' title='bbox 2183 3417 2354 3481; x_wconf 90' lang='lat' dir='ltr'><strong>hibet,</strong></span> <span class='ocrx_word' id='word_1_678' title='bbox 2389 3427 2444 3472; x_wconf 89' lang='lat' dir='ltr'><strong>et</strong></span> <span class='ocrx_word' id='word_1_679' title='bbox 2466 3435 2586 3474; x_wconf 91' lang='lat' dir='ltr'><strong>cam</strong></span> <span class='ocrx_word' id='word_1_680' title='bbox 2621 3436 2741 3489; x_wconf 64' lang='lat' dir='ltr'><strong>quae</strong></span> <span class='ocrx_word' id='word_1_681' title='bbox 2767 3420 2970 3476; x_wconf 84' lang='lat' dir='ltr'><strong>fluxum</strong></span> <span class='ocrx_word' id='word_1_682' title='bbox 2999 3424 3204 3493; x_wconf 87' lang='lat' dir='ltr'><strong>patitur</strong></span> <span class='ocrx_word' id='word_1_683' title='bbox 3228 3427 3512 3496; x_wconf 80' lang='lat' dir='ltr'><strong>sanguinis</strong></span> <span class='ocrx_word' id='word_1_684' title='bbox 3533 3466 3548 3491; x_wconf 94' lang='lat'><strong>,</strong></span> <span class='ocrx_word' id='word_1_685' title='bbox 3584 3444 3779 3483; x_wconf 88' lang='lat' dir='ltr'><strong>verum</strong></span> 
     </span>
    </p>
   </div>
   <div class='ocr_carea' id='block_1_93' title="bbox 2182 3510 3778 3589">
    <p class='ocr_par' dir='ltr' id='par_1_93' title="bbox 2182 3510 3778 3589">
     <span class='ocr_line' id='line_1_93' title="bbox 2182 3510 3778 3589; baseline 0.006 -26"><span class='ocrx_word' id='word_1_686' title='bbox 2182 3510 2401 3580; x_wconf 91' lang='lat' dir='ltr'><strong>quidem</strong></span> <span class='ocrx_word' id='word_1_687' title='bbox 2439 3511 2598 3576; x_wconf 89' lang='lat' dir='ltr'><strong>dicis,</strong></span> <span class='ocrx_word' id='word_1_688' title='bbox 2627 3514 2721 3568; x_wconf 88' lang='lat' dir='ltr'><strong>sed</strong></span> <span class='ocrx_word' id='word_1_689' title='bbox 2753 3530 2862 3568; x_wconf 90' lang='lat' dir='ltr'><strong>non</strong></span> <span class='ocrx_word' id='word_1_690' title='bbox 2890 3515 2994 3570; x_wconf 88' lang='lat' dir='ltr'><strong>hoc</strong></span> <span class='ocrx_word' id='word_1_691' title='bbox 3025 3525 3132 3570; x_wconf 89' lang='lat' dir='ltr'><strong>tam</strong></span> <span class='ocrx_word' id='word_1_692' title='bbox 3163 3517 3462 3573; x_wconf 85' lang='lat' dir='ltr'><strong>satisfactio</strong></span> <span class='ocrx_word' id='word_1_693' title='bbox 3481 3528 3584 3576; x_wconf 84' lang='lat' dir='ltr'><strong>est.</strong></span> <span class='ocrx_word' id='word_1_694' title='bbox 3613 3536 3778 3589; x_wconf 90' lang='lat' dir='ltr'><strong>quam</strong></span> 
     </span>
    </p>
   </div>
   <div class='ocr_carea' id='block_1_94' title="bbox 2183 3601 3785 3677">
    <p class='ocr_par' dir='ltr' id='par_1_94' title="bbox 2183 3601 3785 3677">
     <span class='ocr_line' id='line_1_94' title="bbox 2183 3601 3785 3677; baseline 0.006 -25"><span class='ocrx_word' id='word_1_695' title='bbox 2183 3614 2372 3654; x_wconf 84' lang='lat' dir='ltr'><strong>rursus</strong></span> <span class='ocrx_word' id='word_1_696' title='bbox 2414 3601 2518 3654; x_wconf 90' lang='lat' dir='ltr'><strong>alia</strong></span> <span class='ocrx_word' id='word_1_697' title='bbox 2585 3602 2871 3671; x_wconf 89' lang='lat' dir='ltr'><strong>scriptoris</strong></span> <span class='ocrx_word' id='word_1_698' title='bbox 2930 3607 3241 3671; x_wconf 89' lang='lat' dir='ltr'><strong>accusatio,</strong></span> <span class='ocrx_word' id='word_1_699' title='bbox 3289 3608 3382 3677; x_wconf 91' lang='lat' dir='ltr'><strong>qui</strong></span> <span class='ocrx_word' id='word_1_700' title='bbox 3422 3612 3785 3665; x_wconf 75' lang='lat' dir='ltr'><strong>necessitates</strong></span> 
     </span>
    </p>
   </div>
   <div class='ocr_carea' id='block_1_95' title="bbox 2183 3694 3782 3766">
    <p class='ocr_par' dir='ltr' id='par_1_95' title="bbox 2183 3694 3782 3766">
     <span class='ocr_line' id='line_1_95' title="bbox 2183 3694 3782 3766; baseline 0.007 -20"><span class='ocrx_word' id='word_1_701' title='bbox 2183 3701 2392 3748; x_wconf 64' lang='lat' dir='ltr'><strong>natura:</strong></span> <span class='ocrx_word' id='word_1_702' title='bbox 2441 3694 2810 3758; x_wconf 89' lang='lat' dir='ltr'><strong>condemnat,</strong></span> <span class='ocrx_word' id='word_1_703' title='bbox 2864 3713 3000 3764; x_wconf 87' lang='lat' dir='ltr'><strong>quas</strong></span> <span class='ocrx_word' id='word_1_704' title='bbox 3043 3698 3328 3754; x_wconf 85' lang='lat' dir='ltr'><strong>defensare</strong></span> <span class='ocrx_word' id='word_1_705' title='bbox 3377 3700 3666 3766; x_wconf 88' lang='lat' dir='ltr'><strong>debuerat,</strong></span> <span class='ocrx_word' id='word_1_706' title='bbox 3725 3714 3782 3761; x_wconf 89' lang='lat' dir='ltr'><strong>ut</strong></span> 
     </span>
    </p>
   </div>
   <div class='ocr_carea' id='block_1_96' title="bbox 2181 3785 3782 3862">
    <p class='ocr_par' dir='ltr' id='par_1_96' title="bbox 2181 3785 3782 3862">
     <span class='ocr_line' id='line_1_96' title="bbox 2181 3785 3782 3862; baseline 0.006 -22"><span class='ocrx_word' id='word_1_707' title='bbox 2181 3801 2292 3840; x_wconf 92' lang='lat' dir='ltr'><strong>non</strong></span> <span class='ocrx_word' id='word_1_708' title='bbox 2319 3785 2582 3840; x_wconf 91' lang='lat' dir='ltr'><strong>factorem</strong></span> <span class='ocrx_word' id='word_1_709' title='bbox 2611 3787 2668 3842; x_wconf 92' lang='lat' dir='ltr'><strong>in</strong></span> <span class='ocrx_word' id='word_1_710' title='bbox 2696 3789 3037 3844; x_wconf 90' lang='lat' dir='ltr'><strong>naturalibus</strong></span> <span class='ocrx_word' id='word_1_711' title='bbox 3067 3791 3515 3847; x_wconf 89' lang='lat' dir='ltr'><strong>accusationibus</strong></span> <span class='ocrx_word' id='word_1_712' title='bbox 3542 3794 3782 3862; x_wconf 80' lang='lat' dir='ltr'><strong>injuria-</strong></span> 
     </span>
    </p>
   </div>
   <div class='ocr_carea' id='block_1_97' title="bbox 2183 3878 3779 3956">
    <p class='ocr_par' dir='ltr' id='par_1_97' title="bbox 2183 3878 3779 3956">
     <span class='ocr_line' id='line_1_97' title="bbox 2183 3878 3779 3956; baseline 0.006 -25"><span class='ocrx_word' id='word_1_713' title='bbox 2183 3885 2286 3931; x_wconf 89' lang='lat' dir='ltr'><strong>ret.</strong></span> <span class='ocrx_word' id='word_1_714' title='bbox 2319 3878 2684 3943; x_wconf 88' lang='lat' dir='ltr'><strong>Quamobrem</strong></span> <span class='ocrx_word' id='word_1_715' title='bbox 2720 3882 3026 3936; x_wconf 86' lang='lat' dir='ltr'><strong>necessaria</strong></span> <span class='ocrx_word' id='word_1_716' title='bbox 3055 3884 3215 3937; x_wconf 85' lang='lat' dir='ltr'><strong>nobis</strong></span> <span class='ocrx_word' id='word_1_717' title='bbox 3245 3892 3328 3939; x_wconf 88' lang='lat' dir='ltr'><strong>est</strong></span> <span class='ocrx_word' id='word_1_718' title='bbox 3377 3889 3779 3956; x_wconf 79' lang='lat' dir='ltr'><strong>contemplatio</strong></span> 
     </span>
    </p>
   </div>
   <div class='ocr_carea' id='block_1_98' title="bbox 2182 3967 3780 4050">
    <p class='ocr_par' dir='ltr' id='par_1_98' title="bbox 2182 3967 3780 4050">
     <span class='ocr_line' id='line_1_98' title="bbox 2182 3967 3780 4050; baseline 0.008 -30"><span class='ocrx_word' id='word_1_719' title='bbox 2182 3967 2335 4038; x_wconf 84' lang='lat' dir='ltr'><strong>legis,</strong></span> <span class='ocrx_word' id='word_1_720' title='bbox 2390 3978 2445 4022; x_wconf 92' lang='lat' dir='ltr'><strong>et</strong></span> <span class='ocrx_word' id='word_1_721' title='bbox 2497 3969 2616 4022; x_wconf 90' lang='lat' dir='ltr'><strong>vitii</strong></span> <span class='ocrx_word' id='word_1_722' title='bbox 2679 3970 2945 4039; x_wconf 86' lang='lat' dir='ltr'><strong>spiritalis</strong></span> <span class='ocrx_word' id='word_1_723' title='bbox 2997 3972 3414 4043; x_wconf 89' lang='lat' dir='ltr'><strong>interpretatio,</strong></span> <span class='ocrx_word' id='word_1_724' title='bbox 3462 3983 3780 4050; x_wconf 78' lang='lat' dir='ltr'><strong>mentiSque</strong></span> 
     </span>
    </p>
   </div>
   <div class='ocr_carea' id='block_1_99' title="bbox 2183 4059 3782 4134">
    <p class='ocr_par' dir='ltr' id='par_1_99' title="bbox 2183 4059 3782 4134">
     <span class='ocr_line' id='line_1_99' title="bbox 2183 4059 3782 4134; baseline 0.006 -21"><span class='ocrx_word' id='word_1_725' title='bbox 2183 4059 2402 4113; x_wconf 88' lang='lat' dir='ltr'><strong>oculum</strong></span> <span class='ocrx_word' id='word_1_726' title='bbox 2453 4069 2668 4130; x_wconf 89' lang='lat' dir='ltr'><strong>oportet</strong></span> <span class='ocrx_word' id='word_1_727' title='bbox 2723 4062 2881 4116; x_wconf 92' lang='lat' dir='ltr'><strong>oculo</strong></span> <span class='ocrx_word' id='word_1_728' title='bbox 2921 4064 3101 4118; x_wconf 90' lang='lat' dir='ltr'><strong>carnis</strong></span> <span class='ocrx_word' id='word_1_729' title='bbox 3151 4081 3508 4134; x_wconf 64' lang='lat' dir='ltr'><strong>prmponere,</strong></span> <span class='ocrx_word' id='word_1_730' title='bbox 3560 4078 3623 4122; x_wconf 91' lang='lat' dir='ltr'><strong>ut</strong></span> <span class='ocrx_word' id='word_1_731' title='bbox 3678 4071 3782 4123; x_wconf 91' lang='lat' dir='ltr'><strong>hoc</strong></span> 
     </span>
    </p>
   </div>
   <div class='ocr_carea' id='block_1_100' title="bbox 2183 4150 3780 4224">
    <p class='ocr_par' dir='ltr' id='par_1_100' title="bbox 2183 4150 3780 4224">
     <span class='ocr_line' id='line_1_100' title="bbox 2183 4150 3780 4224; baseline 0.005 -22"><span class='ocrx_word' id='word_1_732' title='bbox 2183 4150 2403 4220; x_wconf 91' lang='lat' dir='ltr'><strong>quidem</strong></span> <span class='ocrx_word' id='word_1_733' title='bbox 2453 4150 2523 4205; x_wconf 88' lang='lat' dir='ltr'><strong>ad</strong></span> <span class='ocrx_word' id='word_1_734' title='bbox 2566 4151 2984 4222; x_wconf 84' lang='lat' dir='ltr'><strong>intelligentiam</strong></span> <span class='ocrx_word' id='word_1_735' title='bbox 3023 4169 3213 4208; x_wconf 91' lang='lat' dir='ltr'><strong>eorum</strong></span> <span class='ocrx_word' id='word_1_736' title='bbox 3259 4171 3380 4224; x_wconf 72' lang='lat' dir='ltr'><strong>qua:</strong></span> <span class='ocrx_word' id='word_1_737' title='bbox 3427 4158 3780 4224; x_wconf 87' lang='lat' dir='ltr'><strong>sanciuntur,</strong></span> 
     </span>
    </p>
   </div>
   <div class='ocr_carea' id='block_1_101' title="bbox 2183 4246 3783 4324">
    <p class='ocr_par' dir='ltr' id='par_1_101' title="bbox 2183 4246 3783 4324">
     <span class='ocr_line' id='line_1_101' title="bbox 2183 4246 3783 4324; baseline 0.006 -24"><span class='ocrx_word' id='word_1_738' title='bbox 2183 4246 2277 4300; x_wconf 90' lang='lat' dir='ltr'><strong>illo</strong></span> <span class='ocrx_word' id='word_1_739' title='bbox 2323 4262 2453 4300; x_wconf 79' lang='lat' dir='ltr'><strong>vero</strong></span> <span class='ocrx_word' id='word_1_740' title='bbox 2498 4257 2715 4301; x_wconf 88' lang='lat' dir='ltr'><strong>utamur</strong></span> <span class='ocrx_word' id='word_1_741' title='bbox 2761 4248 2829 4303; x_wconf 92' lang='lat' dir='ltr'><strong>ad</strong></span> <span class='ocrx_word' id='word_1_742' title='bbox 2860 4249 3170 4321; x_wconf 83' lang='lat' dir='ltr'><strong>legendum.</strong></span> <span class='ocrx_word' id='word_1_743' title='bbox 3221 4250 3383 4323; x_wconf 83' lang='lat' dir='ltr'><strong>Legis</strong></span> <span class='ocrx_word' id='word_1_744' title='bbox 3416 4269 3546 4324; x_wconf 82' lang='lat' dir='ltr'><strong>ergo</strong></span> <span class='ocrx_word' id='word_1_745' title='bbox 3582 4271 3783 4310; x_wconf 90' lang='lat' dir='ltr'><strong>rursus</strong></span> 
     </span>
    </p>
   </div>
   <div class='ocr_carea' id='block_1_102' title="bbox 2185 4337 2754 4405">
    <p class='ocr_par' dir='ltr' id='par_1_102' title="bbox 2185 4337 2754 4405">
     <span class='ocr_line' id='line_1_102' title="bbox 2185 4337 2754 4405; baseline 0.004 -17"><span class='ocrx_word' id='word_1_746' title='bbox 2185 4345 2522 4405; x_wconf 88' lang='lat' dir='ltr'><strong>proponatur</strong></span> <span class='ocrx_word' id='word_1_747' title='bbox 2551 4337 2754 4391; x_wconf 89' lang='lat' dir='ltr'><strong>littera.</strong></span> 
     </span>
    </p>
   </div>
   <div class='ocr_carea' id='block_1_103' title="bbox 2258 4427 3780 4501">
    <p class='ocr_par' dir='ltr' id='par_1_103' title="bbox 2258 4427 3780 4501">
     <span class='ocr_line' id='line_1_103' title="bbox 2258 4427 3780 4501; baseline 0.007 -20"><span class='ocrx_word' id='word_1_748' title='bbox 2258 4427 2484 4482; x_wconf 85' lang='lat' dir='ltr'><strong>Locutus</strong></span> <span class='ocrx_word' id='word_1_749' title='bbox 2523 4438 2598 4482; x_wconf 85' lang='lat' dir='ltr'><strong>est</strong></span> <span class='ocrx_word' id='word_1_750' title='bbox 2629 4429 2884 4484; x_wconf 82' lang='lat' dir='ltr'><strong>Dominus</strong></span> <span class='ocrx_word' id='word_1_751' title='bbox 2914 4433 2984 4484; x_wconf 88' lang='lat' dir='ltr'><strong>ad</strong></span> <span class='ocrx_word' id='word_1_752' title='bbox 3022 4435 3234 4501; x_wconf 78' lang='lat' dir='ltr'><strong>Moysen</strong></span> <span class='ocrx_word' id='word_1_753' title='bbox 3260 4443 3307 4487; x_wconf 90' lang='lat' dir='ltr'><strong>et</strong></span> <span class='ocrx_word' id='word_1_754' title='bbox 3340 4433 3517 4488; x_wconf 76' lang='lat' dir='ltr'><strong>Aaron</strong></span> <span class='ocrx_word' id='word_1_755' title='bbox 3558 4437 3780 4492; x_wconf 85' lang='lat' dir='ltr'><strong>dicens:</strong></span> 
     </span>
    </p>
   </div>
   <div class='ocr_carea' id='block_1_104' title="bbox 2188 4521 3782 4594">
    <p class='ocr_par' dir='ltr' id='par_1_104' title="bbox 2188 4521 3782 4594">
     <span class='ocr_line' id='line_1_104' title="bbox 2188 4521 3782 4594; baseline 0.006 -20"><span class='ocrx_word' id='word_1_756' title='bbox 2188 4521 2353 4574; x_wconf 80' lang='lat' dir='ltr'><strong>Homo</strong></span> <span class='ocrx_word' id='word_1_757' title='bbox 2399 4523 2453 4575; x_wconf 81' lang='lat' dir='ltr'><strong>in</strong></span> <span class='ocrx_word' id='word_1_758' title='bbox 2480 4522 2629 4590; x_wconf 85' lang='lat' dir='ltr'><strong>cujus</strong></span> <span class='ocrx_word' id='word_1_759' title='bbox 2657 4539 2814 4576; x_wconf 88' lang='lat' dir='ltr'><strong>carne</strong></span> <span class='ocrx_word' id='word_1_760' title='bbox 2839 4531 2887 4576; x_wconf 88' lang='lat' dir='ltr'><strong>et</strong></span> <span class='ocrx_word' id='word_1_761' title='bbox 2911 4532 3026 4576; x_wconf 87' lang='lat' dir='ltr'><strong>cute</strong></span> <span class='ocrx_word' id='word_1_762' title='bbox 3049 4533 3193 4578; x_wconf 87' lang='lat' dir='ltr'><strong>ortus</strong></span> <span class='ocrx_word' id='word_1_763' title='bbox 3223 4526 3380 4594; x_wconf 81' lang='lat' dir='ltr'><strong>fuerit</strong></span> <span class='ocrx_word' id='word_1_764' title='bbox 3413 4527 3651 4581; x_wconf 80' lang='lat' dir='ltr'><strong>diversus</strong></span> <span class='ocrx_word' id='word_1_765' title='bbox 3688 4547 3782 4583; x_wconf 87' lang='lat' dir='ltr'><strong>co-</strong></span> 
     </span>
    </p>
   </div>
   <div class='ocr_carea' id='block_1_105' title="bbox 2185 4615 3781 4688">
    <p class='ocr_par' dir='ltr' id='par_1_105' title="bbox 2185 4615 3781 4688">
     <span class='ocr_line' id='line_1_105' title="bbox 2185 4615 3781 4688; baseline 0.005 -20"><span class='ocrx_word' id='word_1_766' title='bbox 2185 4616 2284 4678; x_wconf 87' lang='lat' dir='ltr'><strong>lor,</strong></span> <span class='ocrx_word' id='word_1_767' title='bbox 2307 4616 2413 4670; x_wconf 84' lang='lat' dir='ltr'><strong>sive</strong></span> <span class='ocrx_word' id='word_1_768' title='bbox 2449 4615 2687 4684; x_wconf 85' lang='lat' dir='ltr'><strong>pustula,</strong></span> <span class='ocrx_word' id='word_1_769' title='bbox 2721 4626 2814 4669; x_wconf 87' lang='lat' dir='ltr'><strong>aut</strong></span> <span class='ocrx_word' id='word_1_770' title='bbox 2859 4618 3012 4686; x_wconf 87' lang='lat' dir='ltr'><strong>quasi</strong></span> <span class='ocrx_word' id='word_1_771' title='bbox 3045 4617 3220 4671; x_wconf 88' lang='lat' dir='ltr'><strong>lucens</strong></span> <span class='ocrx_word' id='word_1_772' title='bbox 3261 4617 3556 4688; x_wconf 74' lang='lat' dir='ltr'><strong>quidpiam,</strong></span> <span class='ocrx_word' id='word_1_773' title='bbox 3590 4623 3645 4675; x_wconf 89' lang='lat' dir='ltr'><strong>ia</strong></span> <span class='ocrx_word' id='word_1_774' title='bbox 3677 4635 3781 4687; x_wconf 88' lang='lat' dir='ltr'><strong>est,</strong></span> 
     </span>
    </p>
   </div>
   <div class='ocr_carea' id='block_1_106' title="bbox 2183 4705 3787 4777">
    <p class='ocr_par' dir='ltr' id='par_1_106' title="bbox 2183 4705 3787 4777">
     <span class='ocr_line' id='line_1_106' title="bbox 2183 4705 3787 4777; baseline 0.006 -19"><span class='ocrx_word' id='word_1_775' title='bbox 2183 4705 2341 4774; x_wconf 85' lang='lat' dir='ltr'><strong>plaga</strong></span> <span class='ocrx_word' id='word_1_776' title='bbox 2392 4705 2570 4774; x_wconf 58' lang='lat' dir='ltr'><strong>leprat,</strong></span> <span class='ocrx_word' id='word_1_777' title='bbox 2629 4706 2920 4760; x_wconf 86' lang='lat' dir='ltr'><strong>adducetur</strong></span> <span class='ocrx_word' id='word_1_778' title='bbox 2979 4709 3051 4762; x_wconf 88' lang='lat' dir='ltr'><strong>ad</strong></span> <span class='ocrx_word' id='word_1_779' title='bbox 3099 4707 3278 4762; x_wconf 82' lang='lat' dir='ltr'><strong>Aaron</strong></span> <span class='ocrx_word' id='word_1_780' title='bbox 3316 4712 3670 4777; x_wconf 85' lang='lat' dir='ltr'><strong>sacerdotem,</strong></span> <span class='ocrx_word' id='word_1_781' title='bbox 3702 4714 3787 4767; x_wconf 86' lang='lat' dir='ltr'><strong>vel</strong></span> 
     </span>
    </p>
   </div>
   <div class='ocr_carea' id='block_1_107' title="bbox 2182 4793 3784 4870">
    <p class='ocr_par' dir='ltr' id='par_1_107' title="bbox 2182 4793 3784 4870">
     <span class='ocr_line' id='line_1_107' title="bbox 2182 4793 3784 4870; baseline 0.006 -24"><span class='ocrx_word' id='word_1_782' title='bbox 2182 4809 2344 4846; x_wconf 85' lang='lat' dir='ltr'><strong>unum</strong></span> <span class='ocrx_word' id='word_1_783' title='bbox 2375 4793 2648 4858; x_wconf 83' lang='lat' dir='ltr'><strong>quemlibet</strong></span> <span class='ocrx_word' id='word_1_784' title='bbox 2671 4794 2900 4862; x_wconf 81' lang='lat' dir='ltr'><strong>ﬁliorum</strong></span> <span class='ocrx_word' id='word_1_785' title='bbox 2923 4795 3056 4864; x_wconf 89' lang='lat' dir='ltr'><strong>ejus.</strong></span> <span class='ocrx_word' id='word_1_786' title='bbox 3085 4795 3186 4860; x_wconf 80' lang='lat' dir='ltr'><strong>Qui</strong></span> <span class='ocrx_word' id='word_1_787' title='bbox 3212 4813 3330 4850; x_wconf 87' lang='lat' dir='ltr'><strong>cum</strong></span> <span class='ocrx_word' id='word_1_788' title='bbox 3359 4797 3542 4852; x_wconf 86' lang='lat' dir='ltr'><strong>viderit</strong></span> <span class='ocrx_word' id='word_1_789' title='bbox 3572 4800 3784 4870; x_wconf 79' lang='lat' dir='ltr'><strong>lepram</strong></span> 
     </span>
    </p>
   </div>
   <div class='ocr_carea' id='block_1_108' title="bbox 2180 4885 3788 4960">
    <p class='ocr_par' dir='ltr' id='par_1_108' title="bbox 2180 4885 3788 4960">
     <span class='ocr_line' id='line_1_108' title="bbox 2180 4885 3788 4960; baseline 0.004 -22"><span class='ocrx_word' id='word_1_790' title='bbox 2180 4887 2234 4938; x_wconf 86' lang='lat' dir='ltr'><strong>in</strong></span> <span class='ocrx_word' id='word_1_791' title='bbox 2273 4896 2406 4950; x_wconf 89' lang='lat' dir='ltr'><strong>cute,</strong></span> <span class='ocrx_word' id='word_1_792' title='bbox 2443 4897 2490 4939; x_wconf 93' lang='lat' dir='ltr'><strong>et</strong></span> <span class='ocrx_word' id='word_1_793' title='bbox 2517 4885 2648 4955; x_wconf 88' lang='lat' dir='ltr'><strong>pilos</strong></span> <span class='ocrx_word' id='word_1_794' title='bbox 2675 4887 2730 4938; x_wconf 85' lang='lat' dir='ltr'><strong>in</strong></span> <span class='ocrx_word' id='word_1_795' title='bbox 2755 4886 2934 4940; x_wconf 82' lang='lat' dir='ltr'><strong>album</strong></span> <span class='ocrx_word' id='word_1_796' title='bbox 2961 4895 3188 4942; x_wconf 85' lang='lat' dir='ltr'><strong>mutatos</strong></span> <span class='ocrx_word' id='word_1_797' title='bbox 3215 4889 3462 4954; x_wconf 84' lang='lat' dir='ltr'><strong>colorem,</strong></span> <span class='ocrx_word' id='word_1_798' title='bbox 3499 4890 3788 4960; x_wconf 83' lang='lat' dir='ltr'><strong>ipsamque</strong></span> 
     </span>
    </p>
   </div>
   <div class='ocr_carea' id='block_1_109' title="bbox 2177 4973 3783 5050">
    <p class='ocr_par' dir='ltr' id='par_1_109' title="bbox 2177 4973 3783 5050">
     <span class='ocr_line' id='line_1_109' title="bbox 2177 4973 3783 5050; baseline 0.007 -27"><span class='ocrx_word' id='word_1_799' title='bbox 2177 4973 2399 5039; x_wconf 85' lang='lat' dir='ltr'><strong>speciem</strong></span> <span class='ocrx_word' id='word_1_800' title='bbox 2423 4973 2581 5042; x_wconf 77' lang='lat' dir='ltr'><strong>lepra:</strong></span> <span class='ocrx_word' id='word_1_801' title='bbox 2608 4974 2938 5028; x_wconf 78' lang='lat' dir='ltr'><strong>humiliorem</strong></span> <span class='ocrx_word' id='word_1_802' title='bbox 2955 4987 3072 5028; x_wconf 86' lang='lat' dir='ltr'><strong>cule</strong></span> <span class='ocrx_word' id='word_1_803' title='bbox 3100 4988 3149 5031; x_wconf 89' lang='lat' dir='ltr'><strong>et</strong></span> <span class='ocrx_word' id='word_1_804' title='bbox 3183 4994 3340 5033; x_wconf 83' lang='lat' dir='ltr'><strong>carne</strong></span> <span class='ocrx_word' id='word_1_805' title='bbox 3359 4980 3585 5050; x_wconf 85' lang='lat' dir='ltr'><strong>reliqua,</strong></span> <span class='ocrx_word' id='word_1_806' title='bbox 3613 4986 3783 5050; x_wconf 74' lang='lat' dir='ltr'><strong>plaga</strong></span> 
     </span>
    </p>
   </div>
   <div class='ocr_carea' id='block_1_110' title="bbox 2180 5061 3784 5141">
    <p class='ocr_par' dir='ltr' id='par_1_110' title="bbox 2180 5061 3784 5141">
     <span class='ocr_line' id='line_1_110' title="bbox 2180 5061 3784 5141; baseline 0.007 -27"><span class='ocrx_word' id='word_1_807' title='bbox 2180 5061 2338 5131; x_wconf 66' lang='lat' dir='ltr'><strong>lepra&#39;</strong></span> <span class='ocrx_word' id='word_1_808' title='bbox 2380 5073 2474 5127; x_wconf 87' lang='lat' dir='ltr'><strong>est,</strong></span> <span class='ocrx_word' id='word_1_809' title='bbox 2509 5073 2558 5117; x_wconf 87' lang='lat' dir='ltr'><strong>et</strong></span> <span class='ocrx_word' id='word_1_810' title='bbox 2585 5065 2656 5118; x_wconf 88' lang='lat' dir='ltr'><strong>ad</strong></span> <span class='ocrx_word' id='word_1_811' title='bbox 2689 5065 2969 5118; x_wconf 86' lang='lat' dir='ltr'><strong>arbitrium</strong></span> <span class='ocrx_word' id='word_1_812' title='bbox 3009 5065 3122 5135; x_wconf 86' lang='lat' dir='ltr'><strong>ejus</strong></span> <span class='ocrx_word' id='word_1_813' title='bbox 3149 5069 3504 5136; x_wconf 86' lang='lat' dir='ltr'><strong>separabitur.</strong></span> <span class='ocrx_word' id='word_1_814' title='bbox 3545 5068 3784 5141; x_wconf 82' lang='lat' dir='ltr'><strong>Simpli-</strong></span> 
     </span>
    </p>
   </div>
   <div class='ocr_carea' id='block_1_111' title="bbox 2179 5155 3783 5234">
    <p class='ocr_par' dir='ltr' id='par_1_111' title="bbox 2179 5155 3783 5234">
     <span class='ocr_line' id='line_1_111' title="bbox 2179 5155 3783 5234; baseline 0.006 -28"><span class='ocrx_word' id='word_1_815' title='bbox 2179 5155 2334 5218; x_wconf 89' lang='lat' dir='ltr'><strong>citer,</strong></span> <span class='ocrx_word' id='word_1_816' title='bbox 2361 5170 2455 5209; x_wconf 89' lang='lat' dir='ltr'><strong>seu</strong></span> <span class='ocrx_word' id='word_1_817' title='bbox 2487 5155 2813 5224; x_wconf 81' lang='lat' dir='ltr'><strong>generaliter</strong></span> <span class='ocrx_word' id='word_1_818' title='bbox 2843 5157 3119 5213; x_wconf 90' lang='lat' dir='ltr'><strong>hominem</strong></span> <span class='ocrx_word' id='word_1_819' title='bbox 3149 5160 3332 5215; x_wconf 89' lang='lat' dir='ltr'><strong>divina</strong></span> <span class='ocrx_word' id='word_1_820' title='bbox 3359 5161 3647 5232; x_wconf 86' lang='lat' dir='ltr'><strong>Scriptura</strong></span> <span class='ocrx_word' id='word_1_821' title='bbox 3679 5181 3783 5234; x_wconf 80' lang='lat' dir='ltr'><strong>ap-</strong></span> 
     </span>
    </p>
   </div>
   <div class='ocr_carea' id='block_1_112' title="bbox 2181 5242 3783 5316">
    <p class='ocr_par' dir='ltr' id='par_1_112' title="bbox 2181 5242 3783 5316">
     <span class='ocr_line' id='line_1_112' title="bbox 2181 5242 3783 5316; baseline 0.006 -21"><span class='ocrx_word' id='word_1_822' title='bbox 2181 5242 2346 5312; x_wconf 90' lang='lat' dir='ltr'><strong>pellat</strong></span> <span class='ocrx_word' id='word_1_823' title='bbox 2375 5259 2522 5307; x_wconf 89' lang='lat' dir='ltr'><strong>eum,</strong></span> <span class='ocrx_word' id='word_1_824' title='bbox 2563 5243 2655 5311; x_wconf 88' lang='lat' dir='ltr'><strong>qui</strong></span> <span class='ocrx_word' id='word_1_825' title='bbox 2685 5244 2780 5298; x_wconf 87' lang='lat' dir='ltr'><strong>Dei</strong></span> <span class='ocrx_word' id='word_1_826' title='bbox 2811 5245 3124 5316; x_wconf 89' lang='lat' dir='ltr'><strong>imaginem,</strong></span> <span class='ocrx_word' id='word_1_827' title='bbox 3157 5256 3210 5302; x_wconf 88' lang='lat' dir='ltr'><strong>et</strong></span> <span class='ocrx_word' id='word_1_828' title='bbox 3243 5259 3443 5303; x_wconf 76' lang='lat' dir='ltr'><strong>nostra:</strong></span> <span class='ocrx_word' id='word_1_829' title='bbox 3477 5259 3783 5304; x_wconf 74' lang='lat' dir='ltr'><strong>conservet</strong></span> 
     </span>
    </p>
   </div>
   <div class='ocr_carea' id='block_1_113' title="bbox 2180 5334 3777 5411">
    <p class='ocr_par' dir='ltr' id='par_1_113' title="bbox 2180 5334 3777 5411">
     <span class='ocr_line' id='line_1_113' title="bbox 2180 5334 3777 5411; baseline 0.007 -26"><span class='ocrx_word' id='word_1_830' title='bbox 2180 5342 2389 5388; x_wconf 74' lang='lat' dir='ltr'><strong>natura:</strong></span> <span class='ocrx_word' id='word_1_831' title='bbox 2420 5334 2758 5402; x_wconf 80' lang='lat' dir='ltr'><strong>dignitatem.</strong></span> <span class='ocrx_word' id='word_1_832' title='bbox 2811 5335 3040 5406; x_wconf 88' lang='lat' dir='ltr'><strong>PrOptcr</strong></span> <span class='ocrx_word' id='word_1_833' title='bbox 3071 5339 3214 5408; x_wconf 91' lang='lat' dir='ltr'><strong>quod</strong></span> <span class='ocrx_word' id='word_1_834' title='bbox 3245 5341 3370 5394; x_wconf 89' lang='lat' dir='ltr'><strong>audi</strong></span> <span class='ocrx_word' id='word_1_835' title='bbox 3405 5340 3731 5411; x_wconf 84' lang='lat' dir='ltr'><strong>Sapientem</strong></span> <span class='ocrx_word' id='word_1_836' title='bbox 3762 5360 3777 5396; x_wconf 90' lang='lat'><strong>:</strong></span> 
     </span>
    </p>
   </div>
   <div class='ocr_carea' id='block_1_114' title="bbox 2179 5424 3783 5500">
    <p class='ocr_par' dir='ltr' id='par_1_114' title="bbox 2179 5424 3783 5500">
     <span class='ocr_line' id='line_1_114' title="bbox 2179 5424 3783 5500; baseline 0.006 -22"><span class='ocrx_word' id='word_1_837' title='bbox 2179 5424 2428 5495; x_wconf 80' lang='lat' dir='ltr'><strong>Magnum</strong></span> <span class='ocrx_word' id='word_1_838' title='bbox 2448 5435 2530 5479; x_wconf 87' lang='lat' dir='ltr'><strong>est</strong></span> <span class='ocrx_word' id='word_1_839' title='bbox 2558 5424 2736 5493; x_wconf 89' lang='lat' dir='ltr'><strong>homo,</strong></span> <span class='ocrx_word' id='word_1_840' title='bbox 2757 5428 3050 5498; x_wconf 75' lang='lat' dir='ltr'><strong>pretiosum</strong></span> <span class='ocrx_word' id='word_1_841' title='bbox 3074 5431 3154 5486; x_wconf 85' lang='lat' dir='ltr'><strong>vir</strong></span> <span class='ocrx_word' id='word_1_842' title='bbox 3175 5432 3483 5487; x_wconf 91' lang='lat' dir='ltr'><strong>misericors</strong></span> <span class='ocrx_word' id='word_1_843' title='bbox 3501 5476 3514 5500; x_wconf 90' lang='lat'><strong>,</strong></span> <span class='ocrx_word' id='word_1_844' title='bbox 3550 5434 3602 5487; x_wconf 91' lang='lat' dir='ltr'><strong>in</strong></span> <span class='ocrx_word' id='word_1_845' title='bbox 3637 5434 3783 5488; x_wconf 80' lang='lat' dir='ltr'><strong>Pro-</strong></span> 
     </span>
    </p>
   </div>
   <div class='ocr_carea' id='block_1_115' title="bbox 2181 5518 3782 5597">
    <p class='ocr_par' dir='ltr' id='par_1_115' title="bbox 2181 5518 3782 5597">
     <span class='ocr_line' id='line_1_115' title="bbox 2181 5518 3782 5597; baseline 0.009 -30"><span class='ocrx_word' id='word_1_846' title='bbox 2181 5518 2384 5572; x_wconf 67' lang='lat' dir='ltr'><strong>verbiis</strong></span> <span class='ocrx_word' id='word_1_847' title='bbox 2413 5518 2707 5574; x_wconf 86' lang='lat' dir='ltr'><strong>dicentem.</strong></span> <span class='ocrx_word' id='word_1_848' title='bbox 2750 5519 3033 5576; x_wconf 90' lang='lat' dir='ltr'><strong>llominem</strong></span> <span class='ocrx_word' id='word_1_849' title='bbox 3081 5538 3210 5579; x_wconf 86' lang='lat' dir='ltr'><strong>vero</strong></span> <span class='ocrx_word' id='word_1_850' title='bbox 3247 5524 3483 5594; x_wconf 88' lang='lat' dir='ltr'><strong>aliquem</strong></span> <span class='ocrx_word' id='word_1_851' title='bbox 3508 5535 3782 5597; x_wconf 78' lang='lat' dir='ltr'><strong>peccato-</strong></span> 
     </span>
    </p>
   </div>
   <div class='ocr_carea' id='block_1_116' title="bbox 2020 5735 2416 5800">
    <p class='ocr_par' dir='ltr' id='par_1_116' title="bbox 2020 5735 2416 5800">
     <span class='ocr_line' id='line_1_116' title="bbox 2020 5735 2416 5800; baseline -0.003 -9"><span class='ocrx_word' id='word_1_852' title='bbox 2020 5736 2061 5765; x_wconf 77' lang='grc' dir='ltr'><strong>τδ</strong></span> <span class='ocrx_word' id='word_1_853' title='bbox 2095 5735 2252 5791; x_wconf 82' lang='lat' dir='ltr'><strong>loan.</strong></span> <span class='ocrx_word' id='word_1_854' title='bbox 2284 5736 2416 5800; x_wconf 51' lang='lat'><strong>«,2.</strong></span> 
     </span>
    </p>
   </div>
  </div>
