4076 6188
376 228 484 293 933

1510 224 1594 285 IN
1640 218 2086 285 LEVITICUM.
2112 245 2180 257 -
2220 220 2367 281 LIB.
2408 222 2510 284 IV.

3530 222 3639 288 934

376 353 513 405 rem,
545 335 697 407 quasi
718 334 858 390 male
889 332 1180 388 formatum
1208 330 1476 386 numisma
1510 330 1788 393 describit,
1818 327 1959 398 quod
1989 332 2034 387 Α
2065 327 2457 399 transgreditur
2495 332 2670 396 parte,
2717 324 2855 381 nihil
2894 341 2959 380 ex
2989 297 3231 384 custodia
3274 328 3433 384 mand
3452 329 3509 383 ιιι
3541 330 3636 400 ju-

374 428 627 498 exprimit
664 427 717 481 in
769 425 1046 496 parabolis
1100 425 1397 486 Dominus,
1438 422 1659 477 dicens:
1716 420 1958 474 Hominis

374 522 649 591 cujusdam
688 521 864 575 divitis
906 519 1086 573 uberes
1132 520 1332 589 fructus
1359 531 1486 587 ager
1514 516 1712 578 attulit,
1738 523 1783 568 et
1813 515 1957 584 rogi-

375 613 519 667 tabat
551 614 692 666 intra
734 628 790 666 se
824 613 1040 665 dicens:
1076 610 1216 675 Quid
1259 609 1478 678 faciam,
1518 608 1643 677 quia
1673 622 1772 659 non
1794 606 1956 659 habeo

372 716 474 771 quo
499 717 803 772 congregem
843 702 1044 770 fructus
1084 699 1260 752 meos?
1288 697 1356 751 Et
1388 697 1562 751 dixit:
1592 694 1705 748 Hoc
1733 696 1949 763 faciam,

373 792 640 845 destruam
668 791 854 845 horrea
882 807 1021 853 mea,
1047 798 1095 843 et
1127 788 1332 857 majora
1353 780 1569 859 faciam,
1604 795 1651 840 et
1677 787 1805 839 illuc
1828 801 1954 838 cou-

372 882 595 954 gregabo
621 883 818 947 oninia,
850 897 968 951 quas
995 890 1125 934 nata
1164 888 1286 934 sunt
1320 880 1468 942 mihi,
1500 888 1548 931 et
1571 877 1706 931 bona
1733 894 1870 941 mea,
1904 887 1953 930 et

371 974 546 1027 dicam
573 974 767 1027 anima.-
803 989 933 1028 mece
953 990 971 1027 :
997 975 1210 1039 Anima,
1238 973 1396 1027 habes
1424 973 1591 1027 multa
1616 972 1749 1025 bona
1781 974 1952 1039 posita

371 1066 614 1119 iuanuos
653 1066 929 1135 plurimos,
981 1068 1260 1137 requiesce,
1312 1066 1540 1130 comede,
1585 1065 1715 1129 bibe,
1763 1064 1950 1132 epula-

375 1157 536 1212 re"".
580 1156 648 1211 Et
676 1173 903 1212 rursus:
940 1156 1110 1211 Homo
1141 1158 1355 1228 quidam
1391 1155 1731 1210 descendebat
1766 1155 1832 1207 ab
1855 1154 1950 1208 Je-

372 1247 600 1301 rusalem
627 1249 681 1301 in
710 1247 939 1314 Iericho,
968 1257 1018 1302 et
1046 1248 1226 1301 incidit
1254 1248 1311 1300 in
1335 1247 1565 1300 latrones
1600 1261 1617 1299 :
1664 1248 1755 1317 qui
1790 1246 1950 1300 etiam

371 1338 794 1406 despoliaverunt
849 1353 988 1405 eum,
1047 1348 1097 1391 et
1148 1337 1320 1409 plagis
1383 1338 1638 1406 impositis
1685 1337 1947 1398 abierunt,

370 1427 615 1480 κριηὶυίυο
675 1428 935 1481 relicto".
1001 1424 1059 1481 In
1120 1436 1353 1497 utroque
1406 1436 1587 1481 autem
1660 1440 1949 1497 personam

370 1518 598 1587 suscipit
639 1518 964 1587 peccatoris.
1007 1517 1163 1584 Quod
1194 1526 1375 1573 autem
1400 1518 1454 1571 in
1488 1517 1593 1571 Job
1632 1518 1950 1572 continetur

370 1607 617 1673 historia,
660 1608 796 1662 nihil
843 1608 1020 1664 oberit
1067 1609 1306 1663 nostris:
1349 1608 1475 1678 quia
1519 1608 1708 1662 dicens
1747 1623 1949 1663 secun~

369 1697 498 1751 dum
530 1697 883 1767 Septuaginta
909 1716 923 1751 :
960 1698 1127 1753 Homo
1151 1700 1371 1770 quidam
1393 1699 1581 1753 eratin
1614 1709 1755 1752 terra
1788 1699 1946 1751 Ausi—
1978 1725 1983 1729 -

370 1790 495 1855 tide,
530 1789 673 1843 illico
701 1789 1004 1859 subjunxit,
1035 1791 1121 1843 cui
1144 1806 1331 1845 nomen
1362 1799 1477 1844 erat
1512 1789 1687 1844 Job”.
1718 1790 1947 1844 Addita-

371 1887 552 1933 mento
588 1880 786 1949 quippe
814 1879 1072 1946 nominis,
1115 1880 1535 1952 insigniﬁcatum
1569 1897 1694 1936 eum
1723 1880 1816 1950 qui
1851 1881 1945 1934 de-

366 1969 723 2036 scribebatur,
776 1971 999 2026 minime
1047 1970 1356 2041 dereliquit.
1402 1970 1565 2026 Pellis
1597 1979 1800 2035 autem,
1848 1985 1943 2023 seu

366 2063 506 2116 cutis
526 2063 765 2129 nomine,
788 2078 936 2119 nunc
960 2064 1387 2134 uniuscujusque
1419 2076 1566 2129 caro,
1591 2080 1739 2119 nunc
1763 2072 1942 2117 autem

366 2155 485 2220 ejus
515 2154 832 2223 designatur
862 2155 1133 2223 cognatio.
1173 2154 1400 2224 Propter
1429 2155 1573 2224 quod
1601 2155 1654 2208 in
1679 2154 1822 2208 libro
1843 2153 1944 2208 Job

367 2259 431 2297 ex
474 2260 705 2313 persona
745 2245 943 2303 diaboli
974 2245 1317 2315 decipientis,
1350 2262 1413 2300 ea
1442 2260 1562 2316 quae
1588 2246 1705 2301 viro
1733 2245 1806 2298 illi
1831 2245 1943 2298 lor-

368 2334 580 2389 tissimo
624 2343 926 2390 evenerunt
972 2346 1120 2403 tunc,
1151 2336 1372 2406 quando
1404 2352 1527 2392 cum
1561 2337 1663 2390 alia
1691 2336 1943 2391 substan-

366 2426 462 2490 tia,
507 2426 667 2493 ﬁlios,
722 2427 964 2498 ﬁliasque
989 2429 1132 2498 ejus,
1175 2429 1396 2483 domum
1428 2440 1593 2497 super
1621 2444 1717 2483 eos
1752 2429 1939 2498 sepul-

369 2522 504 2568 turas
548 2516 666 2571 vice
715 2532 1014 2589 congerens
1064 2518 1403 2587 disperdidit,
1458 2518 1695 2575 dicitur:
1742 2517 1940 2572 Pellem

364 2618 462 2669 pro
488 2601 641 2670 pelle,
679 2613 728 2656 et
759 2612 945 2656 cuncta
976 2619 1094 2672 qute
1119 2605 1273 2658 habet
1306 2606 1477 2669 homo,
1509 2605 1655 2657 dabit
1689 2620 1785 2673 pro
1815 2604 1937 2657 ani-

365 2707 452 2744 ma
500 2708 598 2745 sua
617 2694 694 2747 ἰε
731 2694 783 2747 id
822 2702 925 2759 est,
956 2695 1151 2763 pellem
1193 2695 1416 2764 quidem
1455 2696 1795 2766 cognationis
1840 2712 1939 2766 per

364 2780 501 2834 ﬁlios
530 2780 785 2849 perdidit,
811 2782 906 2835 sed
930 2792 1116 2836 tamen
1144 2782 1341 2839 sullicit
1363 2783 1434 2849 ei,
1460 2785 1604 2853 quod
1637 2786 1789 2853 pellis
1813 2800 1937 2839 car-

362 2872 449 2925 nis
477 2864 597 2937 ejus
618 2872 765 2926 salva
797 2878 901 2937 est,
932 2871 1264 2941 minimeque
1288 2874 1678 2943 corrumpitur.
1709 2873 1939 2944 Propter

2059 429 2216 472 vatur
2241 418 2503 473 alterius:
2535 415 2638 481 Qui
2662 416 2806 471 enim
2852 426 3017 471 totam
3047 418 3209 488 legem
3238 419 3480 485 custodit,
3515 435 3637 488 pec-

2058 517 2141 559 cat
2169 520 2343 560 autem
2369 507 2427 559 iu
2453 522 2575 569 uno,
2613 505 2787 572 factus
2815 514 2889 559 est
2912 506 3145 559 omnium
3184 522 3299 560 reus
3313 503 3384 559 θ’.

2126 620 2227 671 llic
2243 618 2312 671 ad
2343 619 2522 670 Aaron
2560 616 2878 669 sacerdotem
2910 617 3220 680 adducetur,
3264 624 3358 669 aut
3382 617 3452 669 ad
3474 632 3637 670 unum

2056 708 2331 777 quemlibet
2360 707 2593 776 ﬁliorum
2622 706 2759 773 ejus.
2803 706 2922 761 Filii
2962 714 3143 759 autem
3179 707 3476 760 sacerdotis
3506 716 3639 761 sunt

2055 800 2266 868 cognati
2290 800 2410 867 ejus
2436 797 2737 853 secundum
2766 796 3038 865 spiritum,
3068 812 3096 850 a
3121 812 3228 865 quo
3252 803 3309 850 et
3338 797 3634 851 sacerdotii

2054 886 2257 942 habent
2290 888 2630 958 dignitatem.
2679 885 2821 941 Sunt
2848 896 3030 941 autem
3069 887 3145 952 hi,
3184 886 3239 940 in
3263 887 3463 956 quibus
3502 903 3634 956 per-

2053 977 2194 1032 fecta
2240 987 2325 1033 est
2405 978 2676 1047 plenaque
2719 978 3086 1048 philosophia,
3138 987 3199 1032 ut
3243 988 3297 1033 et
3319 979 3637 1034 discernere

2053 1071 2263 1140 possint
2290 1069 2562 1135 sublimia,
2601 1078 2656 1124 et
2684 1070 2882 1124 anima:
2915 1070 3163 1139 judicare
3195 1080 3378 1125 motus
3400 1072 3635 1126 abscon-

2053 1161 2217 1214 ditos.
2272 1158 2379 1213 Sed
2407 1159 2681 1228 quomodo
2705 1158 2992 1227 iudicant?
3518 1158 3521 1161 ’

2125 1269 2303 1323 Vident
2355 1268 2556 1336 lepram
2588 1269 2641 1322 in
2686 1275 2820 1332 cute,
2854 1274 2905 1320 et
2929 1267 3097 1334 pilum
3133 1268 3265 1337 ejus,
3295 1269 3343 1322 si
3371 1270 3423 1322 in
3455 1269 3635 1323 album

2052 1371 2284 1416 mutatus
2324 1362 2501 1431 fuerit,
2551 1378 2615 1414 ac
2656 1363 2827 1428 ipsam
2862 1360 3083 1428 speciem
3120 1360 3278 1428 lepra:
3305 1361 3635 1414 humiliorem

2052 1462 2185 1515 cute,
2240 1444 2291 1505 et
2341 1467 2500 1503 carne
2533 1449 2759 1518 reliqua.
2800 1447 2905 1501 Per
2950 1448 3089 1517 pilos
3134 1457 3315 1501 autem
3359 1449 3633 1518 significat

2052 1538 2412 1610 cogitationes
2454 1537 2655 1606 quibus
2699 1543 2928 1589 ornatur
2968 1535 3170 1599 anima,
3209 1550 3471 1604 mensque
3499 1551 3632 1589 con-

2051 1627 2251 1696 tegitur
2302 1641 2426 1681 cum
2470 1626 2689 1680 easdem
2734 1624 2849 1694 ipsa
2900 1624 3073 1693 pariat
3102 1624 3500 1694 cogitationes:
3530 1626 3632 1680 sibi

2053 1732 2177 1770 nam
2226 1726 2279 1771 et
2311 1725 2472 1786 caput
2518 1716 2743 1787 capillos
2788 1726 3031 1786 generat,
3076 1724 3133 1770 et
3178 1725 3406 1770 ornatur
3434 1733 3498 1770 ex
3529 1717 3630 1781 eis,

2053 1818 2117 1858 ac
2139 1805 2357 1874 tegitur.
2392 1804 2684 1874 Propterea
2729 1804 2908 1873 capilli
2939 1804 3136 1873 capitis
3164 1806 3334 1859 nostri
3364 1807 3629 1861 numerati

2051 1893 2405 1958 dicuntur“,
2466 1894 2825 1965 cogitationes
2873 1894 3131 1949 videlicet
3181 1895 3403 1950 mentis.
3452 1895 3631 1965 Caput

2050 1985 2197 2040 enim
2238 1986 2371 2054 ipsa,
2405 1985 2530 2054 quia
2576 1984 2875 2054 principale
2904 1993 2988 2040 est
3017 1985 3233 2049 animas,
3269 1986 3489 2040 dicitur.
3519 1987 3631 2041 Cur

2050 2084 2231 2129 autem
2292 2076 2563 2130 numerati
2611 2075 2777 2129 sunt?
2820 2075 3011 2144 procul
3054 2075 3219 2129 dubio
3248 2075 3494 2130 dicturus
3521 2087 3625 2137 est,

2049 2171 2173 2236 quia
2203 2181 2302 2236 per
2330 2182 2423 2221 eas
2444 2166 2631 2235 utique
2660 2166 2822 2236 judex
2850 2166 3193 2235 judicaturus
3223 2176 3304 2220 est
3330 2167 3625 2231 hominem,

2048 2257 2101 2311 id
2140 2266 2241 2320 est,
2277 2257 2660 2311 accusantibus
2686 2257 2784 2319 cis,
2835 2256 2919 2309 vel
2945 2257 3349 2321 excusantibus,
3385 2258 3526 2312 sicut
3553 2259 3629 2312 ait

2046 2346 2286 2402 Paulus:
2326 2346 2393 2400 In
2441 2357 2671 2416 tempore
2699 2363 2799 2416 quo
2826 2357 3003 2400 nostra
3039 2347 3425 2415 judicabuutur
3452 2350 3627 2403 occul-

2049 2446 2102 2491 ta
2118 2438 2184 2492 ⁸³.
2236 2437 2526 2507 Propterea
2569 2436 2919 2508 intelligimus
2946 2438 2999 2490 in
3033 2437 3265 2492 Nazaraei
3304 2440 3481 2509 capite
3514 2440 3627 2494 ler-

2048 2544 2166 2582 rum
2213 2545 2321 2583 non
2373 2528 2606 2599 ingredi,
2647 2527 2776 2581 dum
2819 2527 2939 2582 aliis
2969 2527 3086 2582 sine
3130 2528 3287 2598 culpa
3325 2530 3623 2587 inferatur:

2045 2620 2167 2691 quia
2201 2620 2399 2690 quibus
2446 2627 2577 2673 sunt
2609 2618 2870 2688 superﬁui
2906 2619 3107 2688 capilli,
3142 2635 3252 2674 non
3280 2622 3457 2674 solum
3489 2623 3626 2677 nihil

2044 2718 2224 2774 nocet,
2279 2710 2370 2763 sed
2419 2716 2475 2762 et
2512 2709 2721 2762 lucrum
2750 2716 2854 2774 est,
2894 2709 3146 2763 tonderi:
3198 2711 3397 2779 quibus
3441 2723 3624 2766 autem

2044 2816 2153 2853 non
2185 2808 2313 2854 sunt
2344 2797 2623 2869 superﬁui,
2657 2798 2917 2853 damnum
2957 2808 3062 2866 est,
3108 2810 3332 2870 propter
3362 2802 3625 2856 naturalis

2043 2890 2256 2946 decoris
2287 2890 2665 2960 spoliationem
2700 2891 3018 2960 capillorum
3056 2891 3344 2961 depositio.
3382 2891 3472 2946 Sic
3500 2894 3623 2962 qui-

361 2962 505 3031 quod
530 2962 804 3017 subdidit:
840 2962 1088 3033 Alioquin
1116 2965 1264 3017 mitte
1283 2974 1673 3019 manumtuam
1701 2974 1751 3018 et
1781 2975 1936 3037 tange

2041 2983 2363 3051 buscunque
2398 2981 2673 3051 superﬂue
2716 2983 3074 3052 cogitationes
3121 2983 3446 3052 importunae
3471 2996 3619 3051 sunt,

361 3070 418 3105 us
452 3052 585 3121 ejus,
623 3062 670 3106 et
709 3069 943 3118 carnem,
997 3063 1046 3106 et
1087 3064 1208 3107 tunc
1257 3055 1450 3108 videbis
1489 3056 1627 3125 quod
1666 3057 1721 3109 in
1748 3057 1939 3125 faciem

2041 3073 2181 3127 bene
2227 3073 2296 3126 ab
2328 3072 2409 3126 eis
2439 3073 2865 3127 commutatione
2914 3072 3291 3138 consiliorum,
3337 3075 3421 3129 vel
3454 3075 3622 3129 obve-

361 3143 632 3198 beuedicat
660 3144 773 3199 tibi.
809 3144 964 3210 Quod
993 3154 1173 3199 autem
1208 3155 1391 3200 nostra
1417 3147 1584 3201 editio
1614 3148 1778 3203 habet
1816 3167 1830 3203 :

431 3235 600 3287 Homo
624 3236 680 3286 in
710 3234 863 3302 cujus
891 3251 1052 3288 carne
1111 3244 1159 3289 et
1183 3245 1301 3290 cute
1331 3246 1475 3291 ortus
1514 3239 1674 3307 fuerit
1707 3240 1938 3293 diversus

322 3328 333 3335 ”
361 3328 522 3390 color,
575 3326 953 3393 sive‘pustula,
1002 3336 1096 3379 aut
1136 3328 1289 3397 quasi
1334 3328 1509 3382 lucens
1555 3331 1846 3400 quidpiam,
1882 3333 1939 3385 id

361 3426 434 3469 est
473 3417 632 3486 plaga
668 3416 849 3486 lepras,
889 3415 1243 3487 Septuaginta
1279 3421 1711 3475 transtulerunt:
1753 3421 1938 3475 Hemi-

363 3506 416 3558 ni
450 3507 495 3557 si
538 3506 623 3557 cui
648 3507 788 3575 facta
818 3507 977 3575 fuerit
1014 3508 1073 3559 in
1106 3507 1353 3576 pellicula
1400 3511 1633 3578 corporis
1653 3512 1766 3579 ejus
1795 3512 1937 3565 cica-

363 3596 468 3649 trix
492 3597 896 3665 signiﬁcationis
936 3612 1215 3666 apparens.
1241 3597 1475 3654 Cicatrix
1502 3601 1933 3671 signiﬁcationis,

359 3693 640 3753 peccatum
681 3685 966 3755 signiﬁcat,
1022 3702 1089 3740 ex
1135 3686 1221 3742 bis
1258 3704 1379 3757 qum
1419 3700 1703 3759 apparent,
1758 3693 1935 3747 mani-

358 3773 585 3840 festans,
620 3776 764 3843 quod
795 3778 1066 3831 occultum
1096 3784 1198 3843 est,
1224 3786 1278 3832 et
1304 3778 1479 3834 latens
1502 3781 1699 3836 animas
1718 3783 1931 3839 vitium.

358 3864 434 3917 Ac
471 3862 670 3918 deinde
698 3864 1008 3920 cicatricem
1054 3867 1194 3920 hanc
1217 3867 1436 3936 quidem
1462 3870 1759 3942 τηλαυγήν,
1788 3873 1931 3928 illam

356 3964 538 4009 autem
561 3954 850 4026 appellavit
878 3957 1169 4030 αὗγασμαε
1198 3962 1327 4030 quia
1357 3972 1641 4030 peccatum
1672 3965 1777 4019 hoc
1803 3967 1930 4036 qni-

355 4046 479 4101 dem
515 4058 703 4117 aperte
734 4063 798 4102 ex
843 4063 924 4112 se,
959 4058 1016 4104 et
1043 4050 1162 4105 sine
1189 4052 1370 4121 aliqua
1411 4053 1802 4124 dijudicatione
1832 4057 1931 4111 de-

354 4156 611 4211 nuntiant
667 4158 769 4228 ipsi
793 4168 974 4214 motus
993 4161 1208 4217 animae.
1237 4162 1362 4218 Haec
1391 4174 1594 4233 autem,
1624 4170 1927 4224 necessaria

353 4246 578 4311 habent,
611 4257 761 4303 extra
791 4250 936 4318 quod
966 4251 1141 4305 lucem
1182 4255 1482 4322 peccatoris
1514 4256 1637 4325 quis
1680 4257 1845 4323 videt,
1875 4266 1929 4313 et

2039 3163 2307 3217 nientium
2376 3164 2622 3218 omnium
2688 3165 3120 3234 phantasiarum,
3183 3180 3334 3220 more
3388 3175 3625 3223 tonsurae

2039 3262 2247 3310 carent.
2298 3253 2358 3308 ln
2405 3253 2661 3311 Nazarzeo
2707 3265 2889 3310 autem
2943 3272 3052 3311 non
3107 3266 3254 3323 sunt,
3288 3266 3434 3313 totus
3474 3259 3619 3313 enim

2037 3353 2260 3400 sanctus
2305 3354 2410 3400 est.
2469 3348 2698 3416 Propter
2741 3348 2885 3417 quod
2916 3347 3120 3401 ferrum
3175 3349 3230 3402 in
3277 3351 3454 3419 capite
3503 3352 3621 3420 ejus

2037 3448 2149 3486 non
2183 3434 2450 3500 ascendit,
2490 3450 2615 3489 cum
2638 3436 2785 3489 bono
2815 3443 3000 3489 utatur
3021 3437 3270 3503 consilio,
3305 3447 3360 3492 et
3393 3441 3618 3508 capillos

2038 3524 2428 3593 cogitationum
2457 3524 2816 3591 necessarios,
2843 3533 2899 3578 et
2930 3540 3039 3579 non
3070 3526 3376 3595 superﬂuos
3402 3530 3618 3593 habeat,

2036 3629 2100 3668 ex
2145 3616 2342 3684 quibus
2388 3631 2498 3669 non
2531 3616 2741 3681 incidit,
2800 3631 2923 3671 cum
2952 3631 3062 3669 non
3090 3626 3287 3671 tractet
3324 3618 3617 3684 deteriora,

2034 3720 2212 3774 neque
2238 3714 2555 3761 commutet.
2585 3705 2639 3759 Si
2672 3721 2801 3774 ergo
2830 3706 2999 3774 pilum
3034 3706 3090 3760 in
3117 3707 3241 3761 albo
3272 3707 3381 3774 hic,
3417 3709 3485 3763 de
3509 3725 3618 3779 quo

2034 3812 2183 3851 nunc
2226 3806 2310 3852 est
2353 3812 2553 3864 sermo,
2588 3798 3025 3863 commutaverit,
3071 3798 3454 3869 cogitationem
3483 3817 3618 3856 con-

2032 3896 2249 3945 vertens
2280 3890 2337 3943 in
2363 3890 2733 3960 impudentem
2756 3890 3142 3955 conditionem,
3168 3890 3617 3963 manifestamque

2031 3981 2280 4051 peccati,
2352 3982 2578 4052 ipsaque
2633 3982 2844 4052 species
2913 3983 3079 4053 lepra:
3138 3982 3396 4037 humilior
3446 3984 3615 4039 fuerit

2031 4086 2219 4136 carne,
2247 4080 2303 4126 ct
2340 4080 2465 4126 cule
2497 4071 2726 4141 reliqua.
2770 4072 2913 4126 hanc
2946 4071 3090 4126 enim
3129 4072 3457 4139 considerat,
3484 4082 3539 4128 et
3567 4076 3613 4128 si

2030 4161 2232 4218 viderit
2267 4142 2582 4230 apparuisse
2627 4161 2852 4216 nimiam
2903 4161 3300 4225 inﬁrmitatem,
3331 4173 3494 4233 atque
3515 4165 3613 4219 de-

2033 4253 2226 4308 fecisse
2256 4252 2563 4307 naturalem
2601 4252 2878 4318 virtutem,
2915 4253 3061 4322 quod
3097 4264 3180 4307 est
3205 4255 3416 4323 species
3450 4257 3614 4327 lepra:

352 4339 841 4415 considerationem
861 4342 1159 4411 judicantis
1186 4346 1344 4414 quale
1378 4346 1468 4412 sit,
1501 4355 1682 4402 utrum
1739 4364 1927 4405 verum
1961 4327 2004 4381 Ϊ)
2038 4343 2293 4399 humilior
2314 4351 2460 4409 cute,
2492 4349 2586 4397 aut
2612 4357 2779 4397 carne
2803 4342 3033 4411 reliqua,
3060 4352 3274 4412 separat
3300 4354 3355 4398 et
3377 4344 3616 4401 immun-

355 4443 422 4482 an
458 4429 672 4484 falsum.
708 4431 763 4484 Si
790 4448 917 4504 ergo
938 4437 1227 4503 peccatori,
1256 4437 1397 4491 sicut
1427 4440 1666 4507 praedicti
1696 4440 1928 4511 Septua-

354 4518 501 4590 ginta
536 4521 724 4589 edunt,
755 4524 978 4580 cicatrix
1007 4526 1420 4596 signiﬁcationis
1443 4529 1496 4581 in
1524 4531 1774 4599 pellicula
1802 4549 1925 4587 cor-

352 4614 499 4684 poris
526 4615 605 4682 ﬁt,
629 4617 877 4674 videlicet
905 4629 1185 4689 peccatum
1217 4623 1270 4675 in
1288 4637 1471 4688 carne,
1495 4624 1638 4693 quod
1662 4626 1926 4697 signiﬁcrt

351 4707 586 4761 animam
614 4723 827 4779 quoque
857 4711 1091 4781 compati
1129 4714 1379 4782 corpori:
1407 4722 1491 4768 est
1511 4725 1691 4771 autem
1722 4718 1924 4787 τηλαυ-

347 4800 453 4871 γής
501 4801 624 4868 hoc,
673 4812 769 4858 aut
817 4803 1100 4876 αὕγασμα,
1160 4807 1210 4860 id
1241 4815 1341 4870 est,
1381 4816 1475 4861 aut
1504 4810 1667 4865 nimis
1701 4814 1927 4868 manife-

347 4904 514 4955 stum,
553 4903 647 4948 aut
675 4895 1015 4966 inspicientis
1036 4912 1209 4967 egens
1233 4897 1626 4967 disceptatione
1659 4920 1671 4954 :
1716 4904 1795 4958 sic
1826 4885 1954 4962 hoc.

347 4985 402 5038 in
450 4988 717 5041 maculam
752 4988 916 5058 lepra:
946 4989 1252 5043 habebitur.
1290 4990 1518 5059 Lepram
1556 5002 1738 5047 autem
1773 4996 1933 5050 intel-

348 5074 566 5144 ligimns
593 5078 721 5148 legis
747 5078 1237 5149 transgressionem
1265 5096 1279 5132 :
1321 5080 1929 5148 quia~quemadmodum

347 5166 614 5234 leprosos,
642 5168 769 5221 dum
795 5177 940 5223 totus
967 5169 1035 5223 sit
1062 5183 1247 5230 sanus,
1272 5184 1334 5224 ex
1362 5178 1515 5239 parte
1540 5172 1717 5242 aliqua
1739 5174 1920 5245 lepro-

347 5272 440 5311 sus
493 5256 691 5323 lactus,
742 5260 879 5313 nihil
923 5260 1147 5331 juvatur
1185 5275 1247 5313 ex
1286 5262 1459 5316 salute
1518 5264 1745 5320 minime
1792 5268 1919 5324 facti

346 5347 542 5417 leprosi
590 5351 852 5420 corporis,
900 5354 994 5407 sed
1038 5361 1353 5407 removetur
1392 5370 1423 5409 a
1455 5356 1826 5422 tabernaculo,
1863 5372 1922 5416 ut

343 5436 699 5509 immundus;
749 5442 827 5497 sic
881 5450 936 5497 et
980 5442 1070 5512 qui
1136 5442 1271 5513 legis
1315 5451 1584 5514 praecepta
1631 5462 1697 5502 ex
1743 5448 1921 5518 aliqua

416 5568 482 5649 ἶς’
513 5568 647 5626 Luc.
685 5589 782 5649 χιι,
836 5574 1024 5649 lli-lib
1113 5576 1157 5606 ’τ’
1187 5574 1403 5649 Luch,
1440 5578 1527 5633 50.
1643 5581 1687 5613 ⁸³
1714 5582 1815 5638 Job
1846 5603 1881 5649 ι,
1913 5585 1959 5641 l.

343 5631 387 5665 “
418 5637 575 5694 Rom.
610 5657 670 5710 ιι,
704 5631 785 5698 lli;
866 5645 911 5676 "‘
937 5645 955 5699 ι
986 5648 1114 5703 Cor.
1148 5661 1241 5712 vn,
1280 5647 1364 5701 l7.

2034 4436 2161 4490 dum
2193 4450 2315 4489 eum
2340 4442 2484 4488 recte
2512 4432 2765 4488 sacerdos
2787 4432 3014 4502 judicat,
3053 4442 3240 4504 utpote
3268 4435 3614 4506 languentem

2032 4525 2252 4594 quidem
2288 4538 2352 4578 ex
2386 4521 2692 4577 intentione
2727 4537 2846 4588 sua,
2892 4531 2949 4578 et
2978 4523 3278 4578 voluntate.
3326 4524 3439 4580 Hoc
3467 4528 3611 4580 enim

2030 4615 2123 4683 qui
2156 4614 2326 4684 pilum
2357 4619 2677 4679 commutat,
2720 4612 2900 4667 innuit
2941 4613 3124 4680 nimis,
3175 4615 3301 4685 quia
3348 4626 3432 4670 est
3459 4618 3611 4669 inﬁr-

2030 4721 2174 4771 mus,
2230 4712 2286 4759 et
2328 4713 2615 4775 propterea
2672 4705 2971 4775 semetipso
3024 4705 3301 4773 humilior,
3366 4709 3510 4762 unde
3555 4718 3609 4763 et

2033 4804 2180 4853 recte
2224 4797 2437 4852 veniam
2481 4814 2591 4852 non
2634 4808 2895 4852 meretur.
2960 4796 3117 4853 Vinci
3151 4800 3296 4853 enim
3328 4799 3397 4852 ab
3446 4800 3600 4852 Abra-

2027 4893 2174 4956 ham,
2205 4900 2262 4945 et
2297 4892 2365 4945 ab
2404 4892 2513 4945 alio
2553 4892 2769 4962 majori,
2820 4893 3090 4962 portabile
3120 4902 3222 4957 est,
3265 4901 3323 4945 ut
3358 4892 3605 4959 qnmdam

2028 4982 2310 5046 habitudo,
2354 4983 2437 5036 vel
2471 4985 2712 5052 potentia
2756 4985 3056 5055 prodatur:
3099 4983 3183 5038 vel
3214 4983 3436 5048 bonum,
3462 4983 3610 5051 quod

2029 5076 2088 5123 ut
2130 5082 2501 5138 operaremur,
2531 5085 2561 5123 a
2591 5068 2703 5125 Deo
2742 5071 3110 5141 percepimus.
3164 5067 3240 5121 De
3278 5068 3477 5136 quibus
3512 5069 3607 5122 ha-

2030 5159 2233 5214 bilibus
2259 5160 2507 5228 quaedam
2546 5161 2682 5215 mihi
2714 5161 2914 5215 Paulus
2968 5160 3199 5214 innuere
3230 5158 3466 5225 videtur,
3515 5159 3603 5213 in-

2027 5249 2222 5320 quiens
2248 5248 2570 5318 :Uuicuique
2596 5250 2729 5303 sicut
2758 5249 3013 5302 Dominus
3041 5248 3243 5313 dividit,
3269 5263 3607 5317 unumquemv

2029 5358 2127 5411 que
2171 5342 2305 5396 sicut
2347 5343 2549 5395 vocavit
2592 5340 2732 5394 Deus
2751 5341 2823 5403 ⁸⁵;
2865 5355 2989 5394 cum
3042 5356 3073 5394 a
3125 5337 3416 5408 semetipso
3453 5338 3605 5407 quis-

2030 5432 2175 5503 piam
2211 5432 2450 5487 deterior
2482 5431 2590 5495 ﬁat,
2626 5430 2973 5501 importabile
3006 5440 3105 5487 est.

2071 5589 2113 5620 ⁸¹
2162 5587 2262 5642 Job
2299 5604 2356 5654 ιι,
2384 5589 2434 5642 4.
2540 5588 2587 5620 ⁸³
2615 5587 2728 5644 Jac.
2785 5603 2859 5653 ιι,
2898 5587 2979 5644 ιο.
3083 5587 3132 5620 ⁸³
3160 5583 3350 5638 Matth.
3404 5598 3472 5649 x,
3504 5579 3572 5636 '50
