4076 6188
435 223 542 286 935

1617 201 1983 267 HESYCHII
2029 201 2123 261 PR
2133 198 2502 260 ESBYTERI

3581 197 3690 263 936

507 331 666 387 Vsus.
706 329 827 386 4-8.
871 349 891 382 ε
922 328 980 385 Si
1029 335 1212 382 autem
1257 322 1449 376 lucens
1493 316 1659 371 luerit
1706 314 1911 369 candor
1944 313 1998 367 in
2029 319 2073 373 Α
2102 311 2209 365 hoc
2249 308 2574 370 habentem,
2605 304 2751 373 quod
2782 303 3239 358 medicamentum
3283 303 3479 361 debeat
3524 306 3691 365 adbi-

433 434 579 489 cute,
614 437 713 477 nec
761 421 1015 476 humilior
1086 429 1249 472 carne
1277 413 1503 482 reliqua,
1547 417 1603 463 et
1635 408 1776 477 pilus
1801 406 2000 461 coloris

428 515 671 584 pristini,
714 511 956 567 recludet
978 522 1104 563 eum
1151 504 1407 559 sacerdos
1454 508 1665 571 septem
1702 498 1916 571 diebus,
1948 504 2004 549 et

432 605 657 669 videbit,
703 611 760 656 et
798 597 1168 655 considerabit
1213 596 1301 650 die
1346 593 1598 662 septima.
1642 588 1707 644 Et
1732 587 2003 657 siquidem

436 696 583 764 lepra
613 691 752 747 ultra
781 705 893 744 non
912 686 1164 750 creverit,
1197 700 1301 740 nec
1323 682 1602 738 transierit
1626 680 1681 734 in
1700 676 1825 735 cute
1858 676 2004 747 prio-

437 798 523 837 res
579 779 862 841 terminos,
894 791 1083 831 rursus
1117 774 1359 830 includet
1401 787 1529 826 eum
1567 779 1773 840 septem
1817 767 2006 822 diebus

436 871 577 935 aliis,
612 876 670 923 et
703 869 791 923 die
826 867 1057 937 septimo
1104 863 1582 933 contemplabitur.
1636 860 1693 914 Si
1723 857 2007 915 obscurior

438 962 601 1016 fuerit
625 960 794 1027 lepra,
822 966 877 1012 et
905 973 1011 1012 non
1042 955 1278 1010 creverit
1296 954 1349 1007 in
1376 964 1520 1017 cute,
1555 950 1838 1005 mundabit
1857 963 2003 1015 eum,

435 1052 561 1120 quia
594 1049 804 1104 scabies
846 1058 949 1111 est,
980 1046 1292 1114 levabitque
1335 1044 1500 1098 homo
1532 1042 1857 1096 vestimenta
1885 1053 2030 1105 sua,.

437 1153 494 1200 et
524 1144 759 1199 mundus
810 1142 938 1197 erit.
971 1139 1125 1206 Quod
1163 1138 1210 1192 si
1240 1144 1523 1207 postquam
1553 1150 1584 1188 a
1619 1131 1901 1188 sacerdote
1928 1130 2011 1185 vi-

438 1252 533 1291 sus
572 1244 657 1290 est
704 1233 945 1288 redditus
979 1229 1279 1293 munditiae,
1331 1228 1529 1281 iterum
1574 1225 1721 1295 lepra
1752 1222 2005 1287 creverit,

440 1327 745 1380 adducetur
787 1324 854 1377 ad
893 1337 1017 1376 eum
1045 1363 1059 1388 ,
1102 1328 1158 1377 et
1215 1316 1577 1373 immunditiae
1624 1312 2011 1370 condemnabi-

442 1428 549 1473 tur.
590 1437 608 1469 ι

516 1504 798 1560 Maximam
827 1502 881 1555 in
914 1504 1014 1557 hoc
1050 1499 1388 1571 legislatoris,
1416 1497 1743 1569 dignamque
1771 1495 1881 1548 Deo
1901 1493 2015 1548 cle-

446 1596 704 1649 mentiam
754 1602 1035 1656 contuere,
1061 1592 1174 1660 ipse
1212 1590 1411 1658 quippe
1437 1595 1555 1642 erat
1581 1586 1721 1640 lator
1742 1584 1895 1655 legis,
1921 1581 2013 1652 qui

2108 401 2257 454 here.
2296 398 2578 467 Siquidem
2614 404 2670 450 et
2711 394 2984 458 adhibuit,
3027 403 3087 448 tu
3121 403 3303 449 autem
3330 410 3692 467 cognoscens,

2107 488 2234 557 quia
2281 484 2742 557 signiﬁcationem
2785 482 3024 553 appellet
3075 482 3183 537 tale
3225 493 3535 552 peccatum,
3582 503 3692 543 non

2109 578 2411 636 abscondas
2453 576 2658 631 malum
2698 590 2729 629 a
2774 590 2907 630 vero
2947 574 3251 640 sacerdote,
3294 574 3422 629 licet
3468 577 3696 633 dubium

2109 680 2423 738 tectumque
2473 668 2545 722 sit
2572 667 2715 733 aliis,
2746 666 2843 722 sed
2876 666 3105 721 ostende
3151 681 3216 720 ac
3255 666 3447 734 prode.
3486 666 3694 724 Diebus

2110 763 2255 817 enim
2302 761 2501 831 quibus
2541 768 2595 815 te”
2622 774 2887 829 separans
2931 758 3190 814 sar-erdos
3219 773 3249 812 a
3283 768 3597 817 sanctorum
3622 773 3698 817 ta-

2111 854 2433 917 bernaculo,
2457 867 2649 908 rursus
2679 850 2943 920 suscipiet
2966 861 3156 904 rurSus
3184 865 3296 920 quo
3325 859 3543 921 oportet
3580 868 3702 906 mo-

2112 944 2183 999 do
2209 942 2531 999 vestimenta
2559 941 2711 1011 prius
2737 939 2942 1001 carnis,
2986 938 3134 993 sicut
3169 940 3243 992 ait
3278 939 3573 1007 legislator,
3611 942 3697 995 di-

2112 1037 2381 1091 lueutcm.
2427 1034 2535 1090 Sed
2576 1034 2717 1098 vide,
2758 1040 2813 1086 et
2854 1030 3070 1086 veniam
3123 1031 3430 1101 percipiens
3463 1033 3699 1095 custodi.

2113 1144 2217 1184 nec
2255 1128 2483 1198 polluas,
2525 1135 2810 1197 postquam
2851 1122 3019 1177 semel
3062 1123 3257 1178 laverit
3305 1123 3545 1179 tunicam
3576 1138 3704 1179 ear-

2116 1219 2220 1275 nis.
2257 1218 2394 1277 Nam
2439 1219 2483 1272 si
2532 1217 2696 1271 etiam
2738 1220 2862 1285 post
2905 1213 3023 1268 haec
3060 1214 3383 1285 signiﬁcatio
3436 1215 3707 1285 passionis

2117 1308 2373 1363 inciderit
2412 1307 2466 1361 in
2498 1305 2781 1377 pellicula,
2829 1303 2939 1368 vel,
2975 1306 3276 1359 secundum
3307 1314 3549 1360 nostram
3584 1307 3708 1361 edi-

2120 1401 2350 1462 tionem.
2377 1398 2632 1464 creverit,
2683 1406 2736 1453 et
2767 1414 2955 1454 rursus
2990 1412 3022 1451 a
3047 1397 3259 1452 meliori
3291 1387 3448 1468 parte
3476 1398 3544 1453 ad
3580 1414 3710 1468 pec-

2119 1500 2300 1546 eatum
2334 1490 2612 1556 reciderit,
2655 1498 3134 1560 commutatusque
3164 1489 3350 1555 fuerit,
3386 1490 3592 1545 videbit
3615 1506 3706 1545 sa-

2121 1581 2335 1647 cerdos,
2369 1591 2423 1635 et
2459 1581 2605 1636 illico
2645 1589 2962 1651 vergentem
2986 1580 3053 1636 ad
3086 1580 3356 1635 deteriora
3400 1584 3704 1652 reperiens,

449 1687 645 1741 ducatu
678 1686 869 1739 litterae
907 1682 973 1736 ad
1007 1680 1316 1750 hujusmodi
1346 1676 1860 1747 contemplationem
1889 1672 2022 1743 legis
2054 1663 2097 1722 Β
2127 1670 2486 1726 ἰηιηιιιηιιίιίεθ
2526 1670 2934 1726 condemnabit.
2996 1670 3422 1740 Subsequuntur
3474 1673 3709 1741 Septua-

447 1780 636 1832 utitur.
658 1777 797 1842 Quid
819 1785 998 1830 autem
1039 1774 1156 1827 inec
1177 1773 1356 1826 littera
1382 1769 1529 1825 vult?

517 1863 576 1919 Si
621 1879 796 1917 autem
828 1863 1004 1916 lucens
1039 1861 1196 1931 fuerit
1232 1859 1430 1911 candor
1457 1858 1513 1911 in
1549 1864 1685 1917 cute,
1727 1870 1818 1909 nec
1846 1854 2019 1907 humi-

451 1956 551 2009 lior
582 1972 740 2009 carne
778 1954 1000 2023 reliqua,
1024 1960 1070 2006 et
1102 1950 1238 2021 pilus
1282 1949 1468 2003 coloris
1498 1948 1728 2017 pristini,
1768 1947 2021 2000 mundum

449 2048 690 2101 sacerdos
717 2046 925 2114 judicat
954 2044 1195 2113 omnique
1234 2041 1527 2109 suspicione
1551 2048 1835 2093 carentem.
1868 2036 2023 2092 Licet

451 2138 800 2193 manifestum
841 2135 930 2201 sit,
972 2134 1116 2203 quod
1160 2134 1212 2186 iu
1240 2132 1606 2203 suspicionem
1649 2138 1870 2184 venerat
1902 2143 2023 2197 pec-

452 2240 654 2291 catum,
704 2243 859 2282 mens
892 2237 1069 2280 tamen
1109 2241 1230 2294 qua:
1257 2224 1507 2292 deliquit,
1533 2239 1655 2293 qua:
1690 2222 1885 2293 procul
1920 2221 2023 2276 du-
2060 2245 2069 2251 -

450 2321 544 2375 bio
591 2336 686 2388 per
725 2328 1002 2387 aspectum
1053 2316 1392 2387 signiﬁcatur
1433 2315 1733 2370 secundum
1783 2313 2025 2369 traditio-

453 2425 578 2463 nem
610 2409 982 2477 Septuaginta,
1007 2405 1254 2458 humilior
1283 2404 1439 2460 carne
1469 2404 1673 2475 reliqua
1704 2420 1812 2460 non
1838 2404 2022 2461 fuerit.

455 2499 506 2553 id
533 2508 635 2561 est,
685 2498 994 2565 semetipsa,
1030 2509 1208 2564 neque
1231 2496 1299 2548 ab
1328 2495 1662 2561 habitudine,
1694 2509 1856 2565 quam
1905 2508 2025 2549 sor-

456 2590 553 2661 tita
607 2597 709 2648 est.
757 2586 1062 2640 inﬁrmior:
1108 2602 1210 2642 nec
1253 2601 1350 2655 per
1406 2586 1668 2642 eveniens
1739 2595 2024 2655 peccatum

459 2675 830 2730 immutaverit
884 2689 1016 2739 cor,
1062 2674 1418 2744 delictrixque
1466 2682 1816 2743 peccatorum
1861 2672 2027 2729 fuerit

459 2766 694 2830 effecta;
747 2766 849 2820 hoc
879 2773 961 2819 est
1002 2765 1168 2830 enim,
1217 2779 1321 2819 nec
1349 2766 1638 2818 candorem
1679 2764 2027 2818 humiliorem

459 2856 633 2910 videri
657 2870 822 2909 carne
869 2855 1103 2924 reliqua,
1129 2865 1184 2908 et
1220 2854 1357 2922 pilos
1386 2868 1507 2909 esse
1534 2853 1733 2909 coloris
1772 2853 2024 2923 pristini:

460 2947 555 3002 sed
601 2956 656 3002 et
702 2946 1070 3001 obseuriorem
1127 2953 1431 3015 aspectum,
1481 2946 1625 2999 sicut
1671 2945 2027 3015 Septuaginta

460 3039 653 3103 edunt,
687 3038 904 3101 habeat,
944 3051 1107 3105 quem
1137 3051 1262 3092 esse
1281 3045 1517 3089 mentem
1546 3035 1781 3090 diximus
1808 3053 1821 3091 :
1853 3036 2033 3091 adhuc

460 3128 662 3199 quippe
695 3136 916 3196 propter
938 3126 1107 3181 semel
1138 3126 1489 3181 commissum
1523 3126 1803 3191 delictum,
1835 3128 2034 3182 obscu-

462 3232 519 3270 ra
551 3231 615 3270 ac
654 3215 817 3269 dubia
856 3222 959 3277 est,
989 3225 1167 3267 tamen
1203 3215 1350 3268 hunc
1382 3214 1648 3271 removeri
1686 3230 1798 3269 non
1830 3230 2035 3284 praece-

463 3309 563 3379 pit,
593 3307 685 3361 sed
712 3316 770 3360 ut
802 3315 1135 3374 peccantem,
1167 3315 1374 3374 septem
1398 3305 1533 3370 dies,
1563 3315 1618 3359 et
1640 3306 1774 3360 alios
1813 3306 2034 3360 totidem

466 3409 709 3453 removet
741 3413 770 3450 a
793 3397 1145 3450 tabernaculo
1175 3396 1449 3456 sacerdos,
1485 3396 1821 3466 probationis
1850 3397 2032 3461 simul,

465 3490 969 3554 emendationisque
1016 3487 1214 3557 gratia,
1260 3486 1543 3542 munditia:
1591 3487 1853 3547 restituit.
1909 3488 2036 3542 Post

464 3580 590 3640 hoc,
641 3580 685 3633 si
738 3577 1036 3648 inspiciens
1079 3577 1190 3646 bis,
1231 3578 1601 3632 obscuriorem
1630 3578 1899 3633 invenerit
1925 3595 2039 3632 ma-

466 3670 667 3735 culam,
700 3686 802 3724 nec
828 3677 1165 3723 crescentem
1206 3668 1260 3721 iu
1290 3679 1453 3724 cute:
1502 3670 1547 3723 si
1589 3669 1734 3724 enim
1776 3670 2040 3725 crevisset

466 3770 771 3830 peccatum,
799 3767 1205 3831 augmentatum
1231 3744 1512 3816 transisset
1541 3762 1594 3815 iu
1617 3777 1781 3816 carne
1809 3762 2034 3831 reliqua,

466 3851 831 3921 dilfusumque
858 3853 1031 3917 carui,
1061 3853 1396 3906 immundum
1431 3868 1574 3916 eum,
1597 3853 1690 3923 qui
1716 3853 1771 3906 in
1800 3854 2038 3909 deterius

468 3944 701 4012 proﬁcit,
732 3944 1049 3998 ostenderat
1080 3963 1092 3998 :
1131 3945 1221 4014 qui
1248 3960 1355 3999 non
1383 3946 1576 4010 crevit,
1610 3946 1704 4000 sed
1737 3947 2039 4017 permansit

468 4034 717 4088 similiter
762 4042 1035 4105 aspectus,
1083 4037 1197 4091 sive
1250 4038 1460 4107 species
1520 4038 1824 4093 obscurior.
1894 4036 2038 4104 Quid

468 4127 614 4179 enim
642 4125 925 4194 iniquitate
944 4124 1232 4179 obscurius
1253 4135 1336 4179 est
1355 4126 1378 4178 ?
1396 4126 1461 4180 de
1487 4128 1591 4194 qua
1613 4126 1846 4197 caligant
1871 4126 2037 4190 oculi,

470 4226 526 4269 ut
558 4231 733 4284 neque
763 4216 955 4276 Deum,
986 4229 1162 4283 neque
1190 4215 1294 4269 hoc
1321 4215 1462 4284 quod
1483 4215 1723 4285 expedit,
1751 4216 2039 4287 perspicue

468 4306 751 4360 intendere
797 4306 1191 4375 permittamur.
1231 4304 1327 4359 Vel
1368 4307 1412 4361 si
1441 4316 1716 4376 aspectum
1757 4309 2039 4364 obscurio-

468 4414 606 4459 rem,
639 4397 859 4452 dubiam
893 4397 1235 4465 quibusdam,
1270 4398 1640 4467 incertamque
1670 4399 1871 4454 dixeris
1909 4416 2039 4469 pec-

468 4487 573 4543 cati
603 4486 995 4556 suspicionem,
1026 4487 1079 4541 id
1107 4497 1209 4551 est,
1245 4498 1424 4542 utrum
1456 4490 1546 4553 sit,
1589 4505 1656 4543 au
1683 4506 1816 4572 non;
1848 4506 2041 4546 neces-

469 4576 670 4629 sarium
697 4576 862 4630 habet
892 4585 947 4630 et
969 4577 1086 4631 [nec
1115 4579 1451 4633 sacerdotem
1482 4598 1494 4632 :
1549 4590 1734 4651 utpote
1767 4583 1859 4653 qni
1892 4583 2043 4636 novit

465 4666 739 4738 quomodo
788 4668 1067 4721 munditiae
1098 4670 1365 4724 restituat.
1412 4670 1503 4726 Ille
1529 4681 1711 4728 autem
1746 4674 2041 4743 simplicio-

467 4774 580 4813 rem
627 4773 746 4811 eam
788 4757 1136 4825 denuntians,
1174 4761 1526 4834 brevemque,
1563 4780 1697 4834 aqua
1745 4766 1906 4823 diluit
1953 4786 2044 4824 vc-

467 4852 744 4918 stinicnta,
792 4852 1130 4920 baptismatis
1187 4854 1462 4917 videlicet,
1502 4854 1620 4909 sive
1664 4858 2039 4924 poenitentiae:

466 4952 552 5000 est
592 4946 740 4999 enim
784 4942 971 4998 etIieax
1016 4959 1155 5013 aqua
1204 4945 1547 5015 poenitentiae
1590 4946 1847 5019 laeryma,
1876 4966 2041 5020 quam

468 5049 628 5088 neruo
655 5043 845 5103 peccat
864 5034 1051 5103 gratiae
1085 5035 1341 5104 reliquias
1384 5036 1709 5105 appellando
1747 5040 2044 5111 baptisma-

469 5124 559 5177 tis.
594 5121 749 5190 Quod
785 5138 914 5194 ergo
944 5125 1016 5178 ita
1062 5138 1120 5177 se
1167 5124 1350 5187 habet,
1389 5125 1740 5198 Septuaginta
1771 5131 2041 5198 passionis
2114 5128 2119 5131 ⁷

466 5213 915 5283 signiﬁcationem
947 5223 1237 5283 propterea
1265 5214 1583 5270 ediderunt:
1608 5217 1734 5287 quia
1770 5235 1891 5289 quae
1917 5230 2044 5276 sunt

469 5305 700 5370 occulta,
728 5321 797 5359 ex
823 5316 977 5376 parte
1012 5307 1270 5377 prodidit,
1298 5316 1354 5361 et
1383 5306 1552 5363 latere
1581 5311 1897 5366 omnimodo
1932 5328 2043 5366 non

469 5396 737 5467 permisit,
768 5400 862 5452 sed
893 5399 1131 5453 instituit
1173 5397 1509 5454 sacerdotem
1539 5402 1734 5457 medici
1783 5403 1953 5459 vicem
1987 5404 2043 5459 in

583 5577 630 5608 ⁸⁸
656 5592 677 5648 1
704 5592 830 5647 Cor.
861 5613 912 5664 v,
948 5598 966 5650 Ι
1003 5615 1154 5667 seqq.
1231 5600 1276 5633 ⁸⁷
1308 5602 1349 5655 ιι
1382 5604 1505 5657 Cor.
1541 5619 1598 5671 ιι,
1623 5603 1676 5673 7,
1703 5604 1759 5663 8.
1804 5655 1807 5657 ,

2119 1762 2287 1832 ginta,
2318 1770 2374 1816 et
2402 1762 2593 1817 dicunt
2615 1780 2628 1816 :
2651 1760 2788 1826 Quia
2819 1762 2964 1832 lepra
2993 1771 3090 1816 est.
3115 1761 3318 1831 Aperte
3346 1764 3493 1818 enim
3516 1764 3706 1833 hujus,

2119 1853 2212 1923 qui
2245 1853 2363 1909 talis
2392 1861 2494 1920 est,
2519 1852 2703 1907 anima
2746 1852 2813 1907 ad
2844 1852 3102 1923 profanas
3143 1852 3424 1910 declinans
3451 1857 3707 1924 volupta-

2122 1952 2204 1999 tes
2229 1984 2245 2009 ,
2288 1931 2503 2013 leprosa
2548 1943 2629 2000 tit.
2673 1943 2968 2014 Propterea
3012 1952 3072 1997 et
3097 1941 3300 1998 Paulus
3344 1961 3468 1999 eum
3511 1946 3604 2015 qui
3646 1947 3710 2000 in

2129 2033 2399 2089 Corintho
2446 2033 2750 2088 fornicatus
2785 2035 2946 2102 est",
2996 2036 3123 2106 quia
3160 2034 3484 2107 signiﬁcatio
3525 2035 3713 2104 passio

2122 2125 2245 2189 fuit,
2276 2126 2564 2180 manifesta
2594 2125 2743 2180 enim
2785 2136 2924 2190 erat,
2956 2142 3060 2183 nec
3091 2128 3492 2191 occultabatur,
3519 2143 3550 2181 a
3574 2144 3708 2181 sau-

2123 2224 2338 2271 ctorum
2366 2216 2595 2271 removit
2626 2217 3000 2284 tabernaculo,
3030 2227 3086 2274 et
3107 2219 3246 2274 tradi
3287 2217 3505 2274 Satanae
3530 2219 3588 2272 in
3616 2219 3708 2272 in-

2127 2308 2347 2363 teritum
2390 2308 2569 2363 carnis
2618 2310 2898 2379 praecepit.
2942 2309 3044 2376 Qui
3090 2325 3215 2369 eum
3255 2310 3591 2380 inspexisset
3617 2326 3710 2365 se-

2126 2398 2307 2455 cundo
2351 2400 2684 2469 passionem,
2719 2408 2776 2455 et
2803 2400 3032 2456 vidisset
3061 2402 3192 2471 quia
3240 2417 3350 2457 non
3388 2403 3582 2467 crevit,
3615 2403 3716 2457 sed

2126 2500 2183 2546 et
2210 2506 2336 2547 cum
2362 2490 2454 2561 qui
2476 2504 2680 2560 passus
2705 2489 2885 2547 fuerat
2930 2507 3028 2562 per
3058 2493 3325 2564 laerymas
3373 2494 3716 2563 poenitentia:

2066 2636 2079 2649 ,
2126 2592 2332 2640 vestem
2381 2585 2559 2640 carnis
2602 2584 2881 2649 abl-tisse,
2933 2600 2966 2640 e
2995 2585 3226 2655 vestigio
3286 2585 3486 2654 suscipi
3525 2586 3713 2656 jussit.

2128 2673 2189 2727 lu
2220 2672 2357 2743 ipsis
2389 2682 2572 2728 autem
2600 2673 2919 2743 apostolicis
2956 2674 3072 2730 hate
3104 2675 3364 2746 intelligis
3391 2676 3597 2738 verbis,
3636 2676 3707 2730 de

2126 2781 2194 2819 co
2237 2766 2385 2821 enim
2431 2766 2522 2837 qui
2569 2766 2871 2822 fornicatus
2911 2767 3079 2823 fuerit
3120 2767 3422 2825 Corinthiis
3450 2770 3715 2839 scripsit:

2130 2854 2351 2911 Onmino
2379 2857 2596 2910 auditur
2632 2857 2768 2911 inter
2796 2873 2882 2911 vos
2912 2857 3216 2928 fornicatio,
3249 2866 3300 2911 et
3329 2858 3455 2912 talis
3480 2860 3719 2928 fornica-

2133 2946 2226 3011 tio,
2258 2948 2431 3017 qualis
2458 2963 2550 3000 nec
2583 2948 2719 3002 inter
2748 2958 2942 3018 gentes,
2977 2949 3053 3003 ita
3085 2958 3143 3002 ut
3173 2964 3391 3004 uxorem
3427 2951 3598 3019 patris
3627 2950 3716 3004 sui

2137 3038 2253 3106 quis
2279 3037 2491 3091 habeat.
2548 3035 2689 3091 Ecce
2720 3036 3175 3107 signiﬁcationem
3218 3039 3443 3093 audisti.
3496 3038 3722 3095 Manife-

2135 3139 2215 3182 sta
2251 3129 2451 3198 quippe
2489 3128 2809 3198 fuitpassio,
2846 3130 2917 3184 ita
2947 3138 3006 3183 ut
3032 3145 3203 3200 usque
3228 3130 3294 3185 ad
3333 3130 3484 3185 Pauli
3514 3147 3720 3201 perve-

2136 3220 2279 3276 niret
2314 3220 2566 3285 auditus,
2613 3231 2839 3290 propter
2883 3222 3028 3290 quod
3084 3222 3152 3275 de
3202 3222 3553 3277 tabernaculo
3590 3240 3720 3278 eum

2136 3311 2259 3381 ejici
2308 3312 2585 3382 praecepit.
2639 3313 2714 3366 lta
2761 3313 2965 3382 quippe
3004 3313 3139 3367 dicit
3176 3315 3337 3379 tradi,
3375 3315 3469 3383 qui
3520 3314 3719 3383 hujus-

2142 3403 2289 3457 modi
2327 3410 2434 3468 est,
2472 3400 2690 3457 Satanae
2724 3403 2779 3456 in
2813 3404 3090 3457 interitum
3141 3405 3337 3458 curuis.
3387 3404 3454 3458 Et
3490 3421 3717 3460 rursus:

2136 3496 2359 3565 Auferre
2400 3495 2602 3549 malum
2641 3496 2703 3549 de
2743 3497 2911 3550 medio
2956 3498 3137 3551 vestri.
3177 3496 3314 3563 Quia
3349 3507 3535 3552 autem
3576 3499 3722 3557 vidit

2136 3598 2346 3641 ve31em
2399 3588 2579 3642 carnis
2629 3589 2874 3657 potentia
2935 3590 3292 3655 mundatam,
3351 3606 3545 3645 rursus
3592 3606 3723 3645 eum

2138 3678 2538 3748 suscipijussit.
2564 3679 2631 3733 Et
2650 3681 2922 3749 quomodo
2950 3681 3053 3736 hoc
3078 3691 3288 3736 certum
3319 3683 3446 3738 est?
3473 3682 3721 3745 Obsecro,

2141 3770 2333 3838 inquit,
2367 3770 2673 3839 conﬁrmata
2715 3773 2770 3824 in
2804 3790 2864 3825 eo
2887 3774 3221 3838 charitatem,
3263 3790 3327 3827 ne
3361 3775 3497 3845 forte
3526 3775 3728 3842 majori

2140 3862 2357 3915 tristitia
2409 3862 2831 3916 absorbeatur".
2871 3863 3009 3929 Quia
3062 3864 3369 3933 huiusmodi
3419 3877 3504 3920 est
3540 3884 3554 3919 :
3594 3881 3729 3937 ergo

2141 3952 2487 4007 manifestum
2526 3964 2662 4018 erat,
2696 3954 2821 4024 quia
2852 3956 3205 4024 poenituerat,
3237 3964 3289 4011 et
3326 3966 3387 4012 ut
3414 3957 3465 4011 iu
3500 3966 3728 4027 peccato

2139 4040 2512 4111 deprehensus
2527 4044 3244 4117 vehementerallligebatur,
3276 4047 3482 4101 interea
3496 4063 3565 4101 ne
3590 4048 3727 4117 quid

2141 4148 2204 4186 ex
2268 4133 2437 4188 nimia
2480 4135 2698 4190 tristitia
2737 4146 3036 4206 pateretur,
3072 4154 3211 4193 neve
3245 4139 3299 4192 in
3342 4139 3728 4210 desperatione

2141 4233 2422 4278 corrueret
2462 4239 2718 4294 peccans,
2748 4229 3035 4297 praecurrit
3075 4229 3306 4296 Paulus,
3356 4239 3413 4286 et
3446 4246 3572 4286 eum
3625 4231 3723 4300 qui

2072 4316 2249 4385 Diam
2281 4317 2567 4373 munditia:
2602 4320 2885 4374 restitutus
2935 4319 3134 4386 fuerat,
3194 4321 3395 4391 suscipi
3445 4322 3727 4392 praecepit.

2141 4405 2297 4472 Quod
2326 4414 2507 4463 autem
2554 4417 2761 4478 septem
2807 4409 3002 4465 diebus
3038 4427 3068 4466 a
3101 4412 3450 4468 tabernaculo
3483 4429 3595 4467 non
3638 4429 3733 4468 se-

2142 4496 2269 4561 mel,
2302 4498 2399 4553 sed
2436 4498 2519 4553 bis
2551 4500 2804 4555 sacerdos
2840 4512 3157 4572 susceptum
3186 4514 3405 4574 separat
3432 4545 3447 4569 ,
3478 4520 3731 4573 qurerere

2144 4596 2200 4641 et
2247 4587 2386 4644 scire
2424 4588 2700 4644 studiosos
2742 4601 2986 4661 oportet:
3028 4592 3299 4662 siquidem
3346 4596 3591 4650 secundo
3624 4596 3733 4651 hoc

2148 4679 2262 4734 ﬁeri
2300 4680 2356 4734 in
2404 4680 2523 4753 lege
2559 4690 2785 4753 propter
2810 4684 2914 4740 hoc
2948 4695 3285 4756 praeceptum
3317 4696 3422 4752 est,
3459 4697 3519 4741 ut
3550 4696 3735 4741 osten-

2147 4770 2302 4825 deret
2348 4785 2461 4825 non
2519 4772 2886 4843 negligenter,
2939 4774 3037 4830 sed
3085 4776 3331 4830 studiose
3359 4792 3485 4831 eum
3524 4777 3733 4832 debere

2146 4861 2364 4931 inspici,
2400 4872 2456 4917 et
2499 4863 2700 4934 duplici
2739 4866 3060 4935 probatione
3093 4876 3389 4933 transacta,
3431 4870 3736 4924 districtius

2146 4953 2201 5006 in
2232 4968 2298 5008 eo
2342 4953 2472 5009 ferri
2502 4956 2804 5025 judicium:
2850 4958 3201 5015 manifestum
3246 4961 3453 5031 quippe
3489 4970 3609 5015 erat
3643 4977 3736 5017 sa-

2144 5043 2348 5098 cerdoti
2393 5055 2699 5115 peccatum.
2729 5048 2835 5104 Sed
2866 5065 2990 5105 cum
3040 5051 3285 5106 animum
3327 5052 3572 5123 passioni
3607 5068 3739 5108 cun-

2145 5132 2474 5189 sentientem
2499 5137 2901 5207 suspicabatur,
2936 5155 3044 5194 non
3069 5150 3252 5197 tamen
3274 5141 3563 5197 manifeste
3592 5144 3736 5199 scie-

2150 5223 2262 5291 bat,
2294 5228 2602 5284 neeessarie
2635 5229 2786 5284 illum
2819 5231 3375 5303 iterumiuspiciebat.
3410 5235 3508 5290 Est
3528 5237 3737 5305 quippe

2151 5316 2459 5385 invisibilis,
2495 5330 2551 5376 et
2579 5323 2645 5378 ad
2685 5323 3081 5394 iuspectionem
3113 5326 3371 5382 diﬁicilis.
3408 5327 3523 5383 lloe
3546 5327 3741 5383 Domi-

2153 5423 2255 5463 nus
2281 5424 2391 5464 uon
2420 5413 2586 5468 semel
2620 5413 2763 5469 l‘ctri
2792 5416 3034 5472 animum
3073 5427 3196 5491 post
3234 5420 3607 5491 negationem,
3636 5419 3742 5476 sed
