4076 6188
359 225 466 294 937

1492 228 1570 292 IN
1612 225 2053 290 LEVITICUM.
2089 244 2159 263 -'-
2199 228 2347 292 LIB.
2386 231 2486 296 IV.

3518 244 3621 306 9'33

357 342 621 407 secundo,
648 355 712 400 ac
756 341 939 408 tertio,
993 340 1448 414 quemadmodum
1476 358 1536 397 se
1576 342 1822 408 haberet,
1851 341 1935 396 in-
1967 348 2009 404 Α
2039 356 2142 397 nec
2165 341 2415 397 distinxit
2442 342 2498 397 in
2530 343 2728 410 medio,
2758 352 2817 397 ut
2848 343 3363 403 videaturexereere
3379 351 3621 409 studiose

358 435 678 502 terrbgat",
721 450 831 488 non
868 443 928 489 ut
957 434 1212 506 ignorans
1243 452 1256 489 :
1307 434 1413 490 hoc
1437 433 1583 489 enim
1613 434 1667 488 in
1708 450 1937 504 respon-

357 522 602 581 sionibus
647 525 761 580 suis
818 524 937 596 ipse
986 525 1181 581 Petrus
1234 525 1522 581 manifeste
1554 527 1769 595 prohat,
1798 542 1937 598 quas

355 618 540 683 aperte
567 615 684 684 ipse
716 616 782 670 ad
814 616 1078 671 scientem
1110 606 1359 685 nihilque
1388 615 1728 686 ignorantem
1772 617 1937 672 refer-

357 713 456 769 ret,
513 706 608 761 sed
655 721 762 777 qua
806 706 1223 776 dispositionem
1269 709 1715 779 perscrutabatur
1743 710 1932 778 animi,

355 795 568 851 dicebat
594 797 798 867 quippe
828 815 843 851 :
873 795 1055 851 Simon
1081 796 1244 864 Jona,
1273 816 1425 854 amas
1451 801 1573 854 me?
1602 799 1806 855 Docere
1832 818 1935 857 nos

354 886 522 940 voluit
547 888 827 956 quomodo
855 896 1356 957 perscrutaremur,
1395 900 1451 945 et
1474 892 1748 960 qu‘omodo
1778 892 1932 960 judi-

352 980 647 1033 caremus:
697 992 796 1047 per
846 976 1187 1048 frequentem
1219 981 1471 1036 videlicet
1498 981 1930 1052 inquisitiom-m.

352 1065 572 1137 Septem
604 1076 786 1123 autem
842 1068 962 1124 dies
994 1085 1103 1124 non
1133 1070 1334 1126 frustra
1389 1073 1593 1143 posuit,
1624 1075 1720 1128 sed
1749 1085 1807 1130 ut
1834 1093 1932 1129 ne-

352 1156 651 1210 cessarium
690 1159 949 1227 presenti
980 1160 1271 1215 intentioni
1300 1178 1588 1218 numerum
1616 1165 1927 1231 honoravit,

353 1246 407 1299 in
438 1246 558 1315 ipso
583 1247 786 1319 quippe
812 1262 977 1305 omne
1022 1251 1302 1308 vinculum
1356 1255 1644 1325 omnisque
1670 1257 1929 1329 obligatio

351 1347 417 1390 ex
470 1336 585 1406 lege
627 1340 891 1395 cessabat.
942 1341 1075 1397 Nam
1124 1344 1284 1400 annis
1336 1357 1544 1416 septem
1574 1346 1928 1405 Hebraeorum

351 1427 698 1485 relaxabatur
745 1433 1048 1488 servitium.
1085 1434 1314 1491 Jubiheo
1339 1449 1544 1504 autem,
1595 1442 1686 1511 qui
1714 1453 1923 1512 septem

347 1521 630 1574 constabat
666 1521 1116 1591 hebdomadibus,
1146 1527 1389 1581 omnium
1416 1529 1619 1585 Judmis
1657 1533 1923 1588 concede-

345 1607 507 1662 batur
555 1610 799 1666 remissio
833 1614 1165 1682 debitorum,
1191 1626 1246 1673 et
1269 1620 1450 1675 omnis
1487 1629 1630 1678 terra
1658 1633 1851 1679 eorum
1887 1642 1917 1680 a

346 1699 670 1767 possidentis
711 1704 921 1758 credito
954 1704 1201 1771 liberata,
1231 1712 1564 1767 anteriorem
1600 1717 1917 1772 reverteba-

347 1797 434 1841 tur
457 1791 524 1844 ad
573 1792 878 1849 dominum.-
917 1793 1022 1852 Sed
1053 1806 1109 1852 et
1137 1798 1515 1872 Bahylonicam
1544 1807 1723 1876 populi
1759 1810 1927 1879 capti-

345 1877 569 1935 vitatem
643 1888 1047 1958 septuagesimo
1094 1906 1239 1947 anno
1269 1890 1572 1950 Jerusalem
1619 1877 1921 1956 restitutam

343 1968 511 2026 fuisse
578 1976 956 2042 cognovimus.
1015 1966 1309 2051 Propterea
1361 1985 1555 2040 Petrus
1603 2004 1632 2042 a
1696 1988 1922 2046 Domino

342 2061 585 2131 inquirit,
615 2066 806 2121 dicens
838 2086 851 2121 :
897 2067 956 2123 Si
995 2076 1283 2139 peccaverit
1331 2077 1386 2130 in
1419 2095 1498 2132 me
1533 2081 1701 2150 frater
1748 2101 1920 2151 meus,

340 2155 540 2223 quaties
564 2156 773 2211 dimitto
809 2160 877 2223 ei,
904 2177 1063 2232 usque
1089 2167 1287 2236 septies
1309 2167 1334 2220 ?
1366 2166 1466 2222 Ille
1494 2179 1672 2225 autem
1705 2188 1919 2246 respon-

339 2240 417 2294 dit
436 2257 455 2295 :
474 2242 590 2298 Non
621 2247 737 2300 dico
760 2248 873 2316 tibi,
900 2261 1063 2321 usque
1092 2255 1297 2321 septies,
1328 2257 1419 2310 sed
1442 2275 1601 2330 usque
1626 2240 1922 2336 septuagies

339 2334 610 2407 septies".
676 2339 1157 2414 Inquisitionisque
1201 2348 1552 2417 pusillitatem
1615 2334 1918 2424 reprehen-

337 2422 495 2488 dens,
525 2427 640 2483 ait:
683 2427 803 2482 Non
836 2432 951 2485 dico
981 2435 1075 2488 tibi
1114 2440 1324 2507 septies.
1367 2440 1433 2495 Et
1480 2422 1722 2502 subdidit
1765 2467 1778 2502 :
1813 2448 1918 2503 Sed

339 2528 503 2582 usque
551 2523 847 2590 septuagies
891 2525 1080 2593 septies
1096 2526 1164 2583 ’°.
1211 2529 1352 2601 Ergo
1379 2546 1482 2587 nec
1507 2533 1586 2588 sic
1612 2536 1682 2590 ab
1722 2540 1912 2593 eodem

336 2614 513 2660 cessat
568 2624 817 2678 numero,
880 2616 976 2670 sed
1033 2617 1209 2688 ipsum
1265 2618 1820 2693 multiplicans,cum
1846 2646 1913 2687 eo

335 2695 662 2766 multiplicat
723 2711 776 2756 et
826 2705 1222 2764 remissionem.
1255 2710 1310 2765 Si
1341 2715 1463 2784 quis
1489 2723 1670 2772 autem
1720 2736 1910 2777 rursus

332 2785 590 2857 inquirat,
620 2802 782 2858 quam
812 2794 882 2849 ob
921 2811 1144 2853 causam
1183 2817 1470 2859 numerum
1517 2807 1664 2864 hunc
1687 2808 1742 2864 in
1769 2826 1909 2882 prae-

329 2869 493 2930 diatis
538 2880 786 2947 posuerit
827 2885 1101 2954 capitulis,
1137 2888 1360 2946 brevem
1393 2893 1684 2954 innuemus
1733 2869 1906 2958 ratio-

332 2976 456 3020 nem
487 2982 502 3021 :
532 2983 713 3025 moras
736 2972 957 3045 quippe,
988 2977 1117 3033 dum
1144 2980 1210 3036 ad
1262 2983 1367 3039 alia
1393 2990 1702 3046 necessaria
1741 3009 1904 3065 urge-
1932 3019 1977 3080 α

332 3071 452 3080 _____
529 3059 642 3080 ﬂ“,
1211 3073 1222 3080 .
1377 3077 1403 3080 _

330 3071 474 3121 mus,
528 3059 644 3116 ﬁeri
696 3071 912 3135 tempus
972 3084 1084 3124 non
1114 3073 1339 3141 patitur.
1372 3077 1729 3150 Septenarius
1775 3059 1906 3157 ergo

330 3162 592 3207 numerus
644 3154 810 3208 totius
868 3156 1070 3215 habere
1123 3168 1412 3233 praesentis
1471 3172 1596 3227 vitae
1663 3154 1909 3235 creditur

331 3238 746 3312 plenitudinem,
792 3262 913 3318 quae
940 3248 994 3305 in
1033 3268 1094 3309 se
1117 3267 1323 3327 septem
1369 3261 1561 3320 diebus
1588 3276 1721 3325 rotas
1746 3273 1909 3329 modo

331 3331 583 3400 volvitur,
627 3349 735 3406 quo
769 3342 1063 3411 completo,
1093 3357 1242 3402 recte
1268 3366 1429 3408 omne
1458 3356 1736 3415 vinculum
1786 3378 1906 3419 om-

328 3433 503 3487 neque
556 3436 840 3491 peccatum
892 3433 1082 3488 saeculi
1128 3449 1323 3504 cessat,
1354 3451 1516 3513 atque
1544 3462 1706 3505 omne
1733 3452 1903 3507 servi-

329 3507 485 3562 tium.
518 3512 879 3578 Quamobrem
908 3524 1139 3591 septima
1173 3529 1225 3581 in
1250 3530 1449 3588 divinis
1477 3534 1780 3607 Scripturis
1819 3558 1904 3598 re-

325 3600 481 3668 quies
507 3604 836 3675 nominatur,
852 3615 1306 3680 quemadmodum
1324 3634 1377 3677 et
1400 3600 1695 3686 Paulus‘de
1723 3632 1901 3705 Moyse

322 3690 398 3743 ait
428 3710 441 3744 :
474 3693 619 3747 Dixit
639 3698 774 3752 enim
820 3702 875 3754 in
908 3707 1137 3775 quodam
1183 3708 1294 3764 loco
1335 3714 1419 3770 die
1444 3719 1667 3787 septima
1686 3739 1706 3775 :
1731 3690 1826 3777 Si;
1848 3735 1897 3780 et

321 3784 540 3836 cessavit
600 3785 737 3841 Deus
763 3791 828 3845 ab
871 3798 1113 3852 omnibus
1157 3803 1396 3870 operibus
1415 3784 1605 3864 suis“.
1635 3813 1702 3867 Et
1732 3816 1893 3884 paulo

320 3882 441 3940 post
469 3874 711 3932 subdidit
740 3901 752 3935 :
780 3879 882 3946 Qui
907 3894 1085 3940 autem
1113 3888 1331 3945 intravit
1378 3894 1432 3948 in
1490 3874 1887 3971 requiem'ejus,

318 3969 369 4013 et
409 3963 529 4032 ipse“
556 3970 809 4038 requievit
842 3980 906 4028 ab
964 3980 1206 4048 operibus
1233 3984 1372 4050 suis,
1426 3963 1569 4041 sicut.
1604 3998 1654 4043 et
1687 4008 1721 4044 a
1771 3963 1889 4048 suis

313 4050 454 4108 Deus
469 4056 536 4110 ⁹².
567 4055 672 4114 Sed
709 4072 763 4116 et
800 4064 1159 4125 Ecclesiastes
1184 4072 1300 4139 ait:
1333 4074 1416 4128 Da
1444 4088 1619 4143 partes
1663 4090 1883 4151 septem,

315 4159 508 4202 necnon
563 4158 613 4203 et
665 4156 856 4210 acto”.
908 4156 1307 4219 Providentiam
1359 4167 1546 4222 haberi
1596 4175 1883 4240 praesentis

308 4237 490 4291 saeculi
520 4244 841 4314 praecipiens
862 4257 918 4304 et
939 4249 1128 4320 futuri,
1156 4267 1422 4325 quatenus
1448 4264 1528 4319 sic
1557 4237 1613 4318 in
1637 4282 1879 4336 praesen-

2040 432 2309 504 frequenti
2335 436 2467 506 legis
2496 437 2848 491 meditatione
2896 440 3233 495 memoriam.
3295 442 3371 498 Dc
3419 445 3620 514 quibus

2037 526 2184 581 enim
2225 528 2480 598 superius
2513 529 2672 598 plane
2704 539 2866 599 atque
2890 532 3223 586 sui‘iclenter
3249 538 3516 605 exposuit,
3550 539 3619 593 de

2039 617 2123 672 his
2173 618 2293 677 htec
2346 636 2537 676 rursus
2580 629 2810 691 apparet
2862 622 3138 694 legislator
3179 627 3412 695 adjicere
3454 647 3467 682 :
3520 631 3617 687 sed

2036 724 2146 762 non
2176 709 2249 765 ita
2278 716 2381 776 est,
2418 727 2543 767 nam
2573 713 2675 767 etsi
2696 712 2878 767 verbis
2909 723 2993 768 est
3022 716 3349 784 proximum,
3384 719 3617 773 inultum

2036 806 2216 853 tamen
2242 801 2515 856 diversam
2574 811 2738 872 atque
2791 802 3131 859 diderentem
3165 805 3330 860 habet
3354 806 3617 863 intentio-

2033 906 2179 944 nem.
2211 891 2311 947 Hic
2340 893 2609 962 siquidem
2628 909 2739 948 non
2768 895 2836 949 de
2875 896 3119 965 quolibet
3148 898 3468 968 simpliciter
3487 917 3618 971 pec-

2031 991 2173 1048 cato,
2200 983 2295 1037 sed
2322 982 2390 1037 de
2435 985 2720 1041 manifesta
2778 989 3212 1058 transgressione
3261 992 3446 1061 legalis
3486 995 3620 1049 dicit

2031 1072 2245 1138 litterae,
2306 1085 2532 1146 propter
2573 1078 2718 1148 quod
2779 1080 2989 1151 plagam
3057 1082 3242 1153 leprre,
3304 1087 3616 1155 passionem

2034 1161 2203 1230 ipsam
2233 1164 2548 1235 appellavit.
2592 1166 2712 1222 Non
2742 1167 3058 1240 ignoramus
3098 1179 3303 1235 autem,
3356 1175 3481 1245 quia
3534 1178 3616 1231 le—

2029 1269 2181 1323 pram
2217 1255 2522 1313 dixerimus
2557 1260 2693 1331 legis
2749 1276 2873 1316 esse
2919 1265 3446 1332 praevaricationem,
3485 1269 3613 1338 quia

2027 1355 2189 1402 nocet
2226 1349 2411 1417 etiam,
2456 1366 2579 1405 cum
2607 1353 2945 1421 particularis
2973 1356 3064 1420 sit,
3100 1357 3241 1410 sicut
3279 1358 3450 1429 lepra,
3488 1362 3615 1416 licet

2024 1452 2244 1506 parvam
2259 1448 2467 1508 partem
2491 1444 2919 1513 comprehendat
2942 1448 3203 1516 corporis.
3233 1447 3405 1515 Quam
3439 1451 3609 1522 legem

2023 1534 2205 1580 autem
2236 1528 2568 1585 existimavit
2597 1534 2868 1603 propriam
2893 1533 2915 1587 ?
2940 1533 3059 1588 Non
3081 1551 3221 1597 eam.
3259 1554 3380 1607 quae
3422 1549 3507 1594 est
3538 1542 3606 1595 de

2027 1616 2227 1673 invidia
2260 1627 2317 1673 et
2347 1619 2635 1690 adulterio,
2679 1626 2975 1695 rapacitate
3019 1636 3075 1681 et
3122 1630 3382 1700 avaritiai,
3441 1642 3493 1685 ct
3542 1634 3609 1687 de

2028 1706 2359 1765 honorandis
2394 1713 2732 1782 parentibus,
2766 1730 2891 1769 nam
2924 1717 3113 1772 similis
3143 1718 3229 1772 lex
3252 1718 3443 1776 eratet
3473 1739 3607 1790 gen-

2030 1799 2208 1865 tibus;
2234 1803 2329 1856 sed
2364 1819 2505 1871 eam,
2537 1821 2657 1874 qua:
2693 1807 2760 1862 de
2785 1807 3068 1863 sacriﬁciis
3106 1820 3161 1864 et
3210 1811 3604 1881 purificationi-

2027 1890 2130 1944 bus
2151 1893 2471 1950 sanciebat:
2520 1896 2641 1950 Non
2695 1906 2900 1970 tangas,
2931 1917 3039 1955 non
3082 1913 3287 1973 gustes,
3325 1922 3433 1960 non
3469 1923 3607 1961 con-

2028 1986 2229 2035 trectes
2257 1996 2397 2048 eam,
2436 1998 2556 2053 quae
2600 1985 2915 2041 circumcidi
2956 2005 3178 2044 carnem
3225 1993 3435 2061 jubeat.
3476 1994 3619 2051 liace'

2024 2070 2169 2123 enim
2193 2074 2492 2143 erantejus
2530 2078 2770 2146 propria,
2820 2093 2942 2132 cum
2983 2082 3236 2150 gentibus
3255 2088 3598 2140 communio-

2024 2170 2151 2210 nem
2175 2173 2284 2211 non
2320 2160 2597 2216 habentia.
2637 2162 2694 2217 Si
2746 2179 2876 2236 ergo
2938 2166 3091 2239 plaga
3128 2170 3289 2240 hujus
3344 2172 3507 2241 lepra:
3544 2174 3601 2230 in

2024 2248 2243 2305 homine
2272 2259 2388 2306 orta
2410 2252 2589 2320 fuerit,
2613 2266 2668 2310 et
2695 2256 2885 2313 videns
2932 2274 3056 2315 eum
3108 2263 3381 2330 sacerdos,
3416 2267 3599 2322 album

2022 2338 2260 2396 colorem
2285 2344 2336 2397 in
2366 2355 2491 2400 cute
2534 2352 2890 2418 perspexerit,
2946 2355 3450 2422 praevaricationem
3485 2375 3601 2415 ma-

2019 2429 2294 2499 nifestam,
2369 2444 2725 2507 apertamque
2768 2439 3110 2508 litteraeillae,
3145 2459 3267 2514 quae
3320 2447 3599 2503 voluntate

2018 2530 2181 2589 atque
2205 2535 2271 2576 ex
2303 2522 2486 2595 studio
2517 2526 2723 2596 egerit:
2771 2528 2874 2583 hoc
2894 2530 3040 2584 enim
3099 2546 3220 2586 esse
3276 2534 3600 2604 capillorum

2016 2619 2295 2681 aspectum
2334 2612 2391 2668 in
2423 2615 2606 2670 album
2635 2619 2852 2682 mutari,
2890 2620 2943 2675 id
3000 2629 3104 2688 est,
3136 2633 3324 2693 aperte
3355 2626 3596 2682 animum

2014 2700 2068 2755 in
2092 2701 2269 2774 aliqua
2301 2706 2749 2775 praevaricatione
2811 2711 3113 2780 transferri,
3165 2717 3418 2789 superius
3452 2717 3598 2774 dixi-

2015 2805 2157 2847 mus.
2192 2792 2569 2851 Habetautem
2609 2798 2727 2869 ipsa
2758 2801 2970 2872 species
3022 2804 3201 2861 vivam
3242 2822 3487 2876 carnem,
3536 2821 3596 2878 ut

2012 2883 2104 2953 qui
2145 2885 2425 2955 videlicet,
2474 2891 2580 2945 etsi
2611 2891 2667 2947 in
2696 2893 2879 2964 aliquo
2912 2897 3326 2969 transgreditur,
3379 2900 3435 2955 in
3474 2901 3595 2957 aliis

2012 2983 2195 3033 tamen
2224 2977 2398 3051 legem
2428 2981 2691 3039 defendit.
2725 2983 2896 3051 Quam
2922 2985 3125 3046 frustra
3154 3006 3344 3048 sanam
3371 3009 3594 3053 carnem

2014 3069 2331 3139 appellaret,
2354 3072 2461 3130 nisi
2491 3080 2546 3130 et
2579 3075 2775 3133 beatus
2790 3076 2990 3135 Paulus
3014 3081 3092 3137 sic
3125 3080 3270 3139 illam
3288 3072 3593 3156 appellasse

2012 3159 2314 3231 videretur,
2345 3165 2421 3221 ait
2463 3167 2611 3222 enim
2672 3188 2686 3224 :
2750 3169 3161 3242 Justiﬁcationes
3217 3180 3392 3234 carnis
3432 3197 3593 3253 usque

2012 3251 2084 3305 ad
2110 3260 2311 3326 tempus
2341 3260 2674 3315 correctionis
2697 3262 2966 3328 imponitis
3004 3265 3069 3321 “.
3500 3338 3505 3355 ί

2080 3342 2250 3414 Lepra
2271 3352 2622 3406 uetustissima
2644 3353 2992 3423 judicabitur.
3037 3350 3398 3418 Consencscit
3439 3342 3588 3420 enim

2007 3446 2251 3506 peccato,
2282 3438 2338 3496 et
2366 3443 2756 3513 corrumpitur,
2804 3447 2933 3516 quia
2976 3465 3214 3522 pugnam
3243 3453 3298 3507 in
3331 3470 3390 3510 se
3412 3457 3589 3512 conti-

2005 3542 2192 3596 nuam,
2218 3535 2272 3584 et
2307 3531 2477 3587 rixam
2508 3533 2692 3601 habet,
2725 3534 2854 3590 dum
2876 3538 2931 3592 in
2948 3538 3223 3611 aliquibus
3277 3545 3450 3616 legem
3489 3549 3585 3602 dc-

2002 3617 2183 3687 spicit,
2204 3619 2259 3674 in
2286 3622 2561 3691 aliquibus
2584 3624 2854 3685 defendit.
2950 3672 2963 3683 ι

2072 3708 2294 3779 Propter
2306 3715 2445 3784 quod
2472 3730 2590 3769 eum
2616 3721 2943 3775 contaminat
2961 3726 3203 3781 sacerdos
3223 3736 3271 3781 et
3293 3745 3393 3783 non
3409 3736 3583 3785 reclu-

1997 3801 2093 3855 dit.
2113 3801 2208 3857 Vel
2228 3806 2368 3860 sicut
2392 3807 2552 3874 LXX,
2579 3817 2627 3863 et
2643 3822 2877 3878 separat,
2897 3815 3021 3884 quia
3047 3818 3588 3890 perspicuaimmun».

1993 3891 2123 3946 ditia
2149 3902 2252 3948 est.
2270 3894 2551 3962 Quomodo
2575 3901 2720 3955 enim
2747 3908 2854 3957 non
2875 3904 3260 3963 aboniiuabilis
3275 3920 3329 3966 et
3350 3913 3581 3969 inunun-

1992 3980 2095 4037 dus
2126 3994 2229 4049 est,
2256 3987 2349 4056 qui
2371 3988 2541 4059 legem
2566 3991 2875 4060 inhonorat,
2895 4012 3055 4065 quam
3074 3998 3189 4069 ipse
3211 4002 3309 4057 sibi
3331 4017 3579 4061 necessa-

1991 4073 2125 4129 riam
2142 4090 2264 4131 esse
2279 4092 2342 4132 ex
2357 4089 2509 4149 parte
2528 4082 2901 4152 custodiendo,
2918 4089 3204 4146 confirmat
3224 4092 3248 4145 ?
3272 4092 3405 4159 Quia
3429 4097 3576 4154 enim

1995 4165 2113 4221 hac
2139 4166 2192 4220 in
2218 4170 2674 4241 subsequentibus
2694 4176 2959 4246 planiora,
2994 4181 3263 4254 nimisque
3290 4185 3575 4246 manifesta

1984 4255 2140 4326 fiunt,
2160 4259 2229 4314 ad
2241 4276 2305 4317 ea
2317 4261 2433 4332 ipsa
2445 4280 2545 4320 nos
2556 4267 2667 4337 jam
2683 4270 2876 4326 ordine
2890 4287 3007 4327 com
3015 4274 3248 4344 pellente
3267 4295 3570 4351 pergamus.

311 4325 347 4379 tl
396 4331 598 4386 saeculo
624 4335 892 4404 vivamus,
944 4342 1494 4418 sicutexspectantes
1521 4325 1786 4414 futui-mn.
1816 4359 1882 4416 Et
1914 4364 1959 4420 D
2059 4348 2436 4412 vus-3‘11
2464 4373 2485 4410 ⁸
2543 4357 2639 4414 δίη
2677 4369 2862 4417 autem
2917 4362 3220 4424 είῙῙοτυθΐίι
3258 4325 3575 4430 (ἶίεοῠυττθηε

309 4418 427 4475 ιταξο
474 4425 692 4520 qrddem
744 4429 816 4484 ita
864 4447 922 4488 se
946 4435 1171 4505 habent,
1199 4443 1295 4497 sed
1320 4460 1444 4501 cum
1476 4449 1666 4520 majori
1693 4452 1881 4509 studio

306 4519 437 4564 sunt
461 4512 796 4574 discutienda
827 4525 1131 4594 sequentia.

379 4599 537 4702 γης.
564 4607 715 4662 9-H.
743 4626 763 4661 σ
798 4611 954 4685 Plaga
994 4617 1159 4688 leprte
1222 4622 1266 4675 si
1301 4621 1464 4681 fuerit
1521 4627 1579 4682 in
1633 4630 1874 4702 homine,

300 4690 600 4796 adducetur
626 4699 693 4753 ad
733 4706 1092 4774 sacerdotem.
1126 4719 1181 4766 et
1212 4713 1418 4771 videbit
1454 4733 1601 4775 eum.
1632 4690 1878 4796 Cumque

297 4780 449 4835 crrlor
472 4782 697 4840 albusiu
733 4800 857 4847 cute
892 4793 1077 4861 fuerit,
1130 4807 1187 4854 et
1222 4802 1538 4871 capillorum
1582 4780 1875 4867 mutaverit

294 4884 598 4944 aSpectum.
646 4880 759 4951 ipsa
787 4898 1002 4957 quoque
1035 4903 1164 4946 caro
1202 4892 1323 4947 viva
1369 4899 1671 4966 apparebit,
1723 4901 1873 4972 lepra

293 4964 655 5023 vetustissima
682 4971 1043 5041 iudicabitur,
1087 4986 1249 5050 atque
1271 4964 1457 5039 inclita
1505 4989 1637 5042 cuti.
1669 4964 1871 5045 (Ion-ta-

290 5050 522 5107 minabit
554 5055 734 5127 itaque
758 5079 883 5118 eum
910 5068 1186 5126 sacerdos.
1219 5080 1275 5127 et
1302 5080 1413 5127 no’n
1451 5076 1716 5145 recludet,
1743 5081 1871 5151 quia

288 5143 579 5209 perspicue
605 5148 947 5211 inmunditia
965 5166 1068 5212 est.
1104 5174 1125 5210 ι

355 5227 475 5331 Son
510 5235 609 5291 tibi
640 5239 859 5299 videtur
873 5248 1039 5317 quasi
1087 5252 1397 5321 superﬂuus
1419 5270 1543 5312 esse
1588 5258 1867 5331 legislator

283 5318 586 5393 eademque
619 5337 965 5400 repetenssin
1006 5338 1111 5396 hoc
1133 5318 1296 5412 atque
1349 5346 1542 5403 eodem
1563 5318 1725 5415 libro,
1768 5351 1863 5408 sed

278 5584 323 5616 ’,⁵
346 5528 601 5624 ruinam
637 5555 749 5624 με,
784 5543 972 5601 1547.
1047 5546 1096 5582 ’θ
1125 5550 1312 5609 Matth.
1343 5572 1499 5624 xvm,
1523 5559 1613 5614 2|.

312 5598 491 5654 ἰιειιι-
535 5610 681 5670 ηδ,
737 5598 748 5605 '
832 5598 838 5599 ί

480 5695 759 5763 Ριινιιοιι.
788 5705 906 5765 Gn.
938 5706 1143 5772 XCIII.

1709 5561 1756 5592 "
1790 5562 1922 5620 ibid.
1959 5566 2050 5622 22.

1988 4438 2137 4511 lepra
2169 4441 2225 4497 in
2256 4452 2402 4513 cute,
2421 4455 2476 4528 et
2508 4452 2788 4520 operuerit
2816 4456 3036 4512 omnem
3095 4469 3277 4515 cutem
3321 4477 3351 4517 a
3393 4467 3572 4537 capite

1987 4549 2159 4605 usque
2187 4537 2257 4592 ad
2282 4540 2471 4610 pedes,
2511 4550 2565 4598 et
2584 4543 2847 4616 quidquid
2896 4548 2999 4606 sub
3029 4563 3255 4623 aspectu
3282 4556 3568 4614 oculorum

1985 4627 2148 4689 cadit,
2176 4630 2543 4689 cunSiderabit
2580 4651 2707 4692 eum
2760 4643 3037 4711 sacerdos,
3085 4654 3141 4700 ct
3188 4648 3361 4704 teneri
3418 4651 3568 4721 lepra

1983 4720 2343 4777 mundissima
2358 4724 2647 4795 judicabit,
2691 4745 2758 4784 eo
2774 4734 2919 4802 quod
2947 4737 3126 4803 omnis
3156 4738 3209 4792 in
3269 4720 3565 4798 candorem

1981 4822 2136 4864 versa
2166 4809 2253 4864 sit.
2279 4812 2346 4867 Et
2366 4813 2569 4871 idcirco
2591 4817 2756 4875 homo
2776 4823 3012 4879 mundus
3031 4826 3156 4881 erit.
3187 4828 3417 4893 Quando
3434 4847 3566 4887 vero

1979 4912 2107 4953 caro
2130 4900 2321 4958 vivens
2353 4906 2408 4960 in
2445 4921 2512 4962 eo
2543 4912 2879 4980 apparuerit,
2910 4924 3043 4972 tunc
3088 4919 3393 4985 sacerdmis
3412 4922 3564 4993 judi-

1977 4991 2062 5044 cio
2084 4990 2375 5062 polluetur,
2403 5008 2460 5053 et
2504 5000 2975 5062 iuterimmundos
2998 5010 3358 5079 reputabitur.
3413 4990 3563 5071 Caro

1976 5083 2121 5139 enim
2144 5084 2284 5153 viva,
2309 5089 2352 5143 si
2375 5090 2526 5160 lepra
2549 5106 2890 5168 aspergatur,
2929 5100 3212 5156 immunda
3243 5111 3350 5160 est.
3403 5104 3560 5175 Quod

1975 5175 2019 5228 si
2046 5192 2234 5231 rursus
2260 5195 2414 5236 versa
2449 5182 2609 5239 fuerit
2648 5186 2703 5241 in
2760 5188 3068 5246 albedinem
3087 5202 3142 5247 et
3168 5202 3343 5250 totum
3376 5194 3556 5255 homi-

1972 5283 2099 5323 nem
2130 5268 2431 5341 0peruerit,
2463 5276 2836 5333 considerabit
2860 5295 2988 5336 eum
3015 5285 3270 5342 sacerdos
3302 5298 3356 5344 et
3390 5307 3554 5349 mun—

1972 5359 2099 5415 dum
2121 5377 2243 5420 esse
2274 5364 2553 5421 decernet.
2590 5385 2611 5419 ι

2149 5571 2188 5602 ’⁸
2227 5570 2393 5631 liebr.
2437 5590 2510 5641 tv,
2537 5575 2592 5632 ι.
2698 5578 2742 5610 ⁵³
2770 5577 2903 5637 ibid.
2927 5580 3011 5638 10.
3101 5585 3147 5616 ’³
3177 5584 3355 5644 Eccic.
3386 5604 3462 5651 χι,
3484 5588 3544 5649 ι.

3142 5746 3217 5809 30
