4076 6188
497 256 606 323 939

1701 245 2063 306 HESYCHII
2097 245 2570 309 PRESBYTERI

2426 120 2454 132 ’δ

3654 255 3761 320 940

567 361 688 420 Non
707 375 928 434 egemus
957 355 1142 414 multis
1166 353 1510 410 sermonibus
1544 350 1597 406 in
1628 352 1914 422 praesentis
1969 352 2073 407 loci
2104 360 2147 416 Α
2177 355 2374 424 {rustra
2403 356 2748 412 laboraverim
2773 357 2828 413 in
2854 360 3047 427 vobis‘,
3079 360 3146 416 Et
3171 375 3359 417 rursus
3388 381 3400 416 :
3435 361 3539 429 Qui
3566 363 3623 419 in
3652 365 3765 438 lege

498 455 838 529 expositione
862 470 879 521 ;
909 449 1191 521 sequentia
1221 446 1515 517 PriOribUS.
1550 451 1604 497 ει
1630 442 1812 513 ιπῑονθ
1840 456 2081 512 Sequcn-
2172 452 2565 527 justiﬁcamini,
2587 472 2619 509 a
2651 457 2824 527 gratia
2848 457 3137 512 excessistis
3158 460 3198 513 ’.
3226 457 3302 513 De
3326 459 3575 517 Judaicis
3600 464 3760 518 etiam

501 551 645 605 tibus
673 547 741 603 ad
768 541 1271 613 interpretationem
1301 544 1658 592 concurrunt.
1694 533 2078 603 Pr0pterquod

499 641 732 698 Iacobus
756 637 1007 693 dicebat:
1047 630 1236 687 Omnis
1276 626 1578 700 prophetiae
1610 627 1893 697 Scriptura
1952 642 2080 696 pro-

499 731 617 803 pria
673 722 1125 797 interpretatione
1180 735 1293 774 non
1360 720 1418 772 tit
1465 736 1479 770 :
1535 730 1877 786 unaquaeque
1931 716 2078 770 enim

499 824 731 880 maxime
759 836 825 875 ex
863 813 1326 886 consequentibus
1369 809 1712 880 explanatur.
1740 809 1967 878 Lepram
2022 809 2079 863 in

500 922 625 971 cute
659 910 950 967 didicimus
994 905 1184 978 legalis
1227 916 1349 957 esse
1409 900 1607 954 litterae
1666 898 2079 968 praevaricatio-

500 1020 649 1061 nem.
683 1003 830 1058 Bene
860 1010 1043 1057 autem
1094 1001 1250 1066 dixit,
1288 1000 1343 1054 in
1368 1008 1518 1065 cute,
1553 998 1679 1068 quia
1712 997 2073 1053 Sabbatorun'

502 1096 870 1162 circumcisio,
932 1095 1019 1150 vel
1073 1094 1537 1165 puriﬁcationum,
1584 1106 1707 1161 quae
1763 1106 1862 1160 per
1904 1090 2081 1161 legem

501 1187 841 1253 sanciuntur,
876 1185 1253 1256 transgressio,
1280 1199 1391 1238 non
1419 1182 1655 1237 all'erunt
1682 1172 1876 1236 animae
1905 1180 2082 1236 laesio-

502 1293 629 1333 nem
658 1295 671 1331 :
702 1286 921 1334 coercet
953 1277 1154 1348 quippe
1179 1276 1315 1346 legis
1339 1275 1521 1329 littera
1579 1273 1912 1328 exteriorem
1977 1271 2080 1325 lto-

502 1375 726 1429 minem.
754 1372 811 1426 Si
844 1387 974 1444 ergo
1007 1373 1197 1426 eadem
1244 1370 1393 1440 lepra
1429 1377 1573 1441 tegat
1599 1382 1819 1422 onmem
1875 1375 2078 1431 cutem,

503 1481 533 1520 a
563 1465 739 1536 capite
776 1478 949 1533 usque
974 1463 1041 1517 ad
1068 1460 1256 1532 pedes,
1281 1469 1335 1515 et
1382 1459 1644 1530 quidquid
1709 1458 1811 1512 sub
1858 1464 2078 1526 aspectu

504 1557 785 1612 oculorum
812 1555 1114 1609 sacerdotis
1147 1552 1311 1619 cadit,
1337 1552 1597 1605 mundum
1653 1565 1778 1603 eum
1811 1548 2077 1603 decernit.

505 1650 561 1704 Si
589 1649 733 1703 enim
760 1647 1026 1718 quispiam
1054 1663 1085 1702 a
1114 1655 1224 1701 tota
1273 1646 1409 1716 legis
1430 1645 1624 1700 litterae
1654 1644 1872 1700 recedat
1896 1653 2080 1698 custo—

506 1739 613 1804 dia,
645 1744 699 1792 et
733 1751 912 1805 neque
943 1734 1414 1790 circumcisionem
1439 1748 1615 1804 neque
1648 1731 1891 1788 ciborum
1922 1730 2081 1784 dill‘c-

506 1827 759 1893 rcntiam,
793 1840 974 1895 neque
995 1824 1356 1878 Sabbatorum
1380 1822 1709 1887 custodiam,
1749 1835 1854 1876 nec
1908 1820 2081 1889 polln-

472 1901 478 1905 l
509 1920 737 1984 tionum,
775 1928 870 1973 aut
899 1915 1313 1981 sacrificiorum,
1349 1923 1445 1969 aut
1491 1914 1798 1984 aliquorum
1851 1911 2083 1966 aliorum

507 2009 700 2065 talium
723 2018 976 2064 exerceat
995 2022 1187 2077 opera,
1253 2006 1349 2061 sed
1395 2006 1464 2060 ab
1517 2003 1773 2060 onmibus
1818 2002 2085 2091 legalibus

507 2101 795 2157 clementis
850 2098 1090 2166 recedat,
1116 2108 1280 2167 atque
1310 2114 1340 2151 a
1373 2097 1551 2167 capite
1608 2110 1781 2166 usque
1805 2093 1872 2148 ad
1896 2094 2082 2165 pedes,

508 2207 538 2248 a
566 2192 741 2264 primo
770 2191 1024 2246 videlicet
1056 2205 1225 2260 usque
1254 2189 1320 2244 ad
1348 2189 1598 2243 ultimum
1629 2188 1824 2242 horum
1857 2186 2084 2242 manda-

492 2284 711 2349 torum,
736 2285 803 2338 ad
833 2282 1056 2338 meliora
1094 2281 1399 2338 cucurrerit
1431 2287 1591 2350 atque
1623 2279 1971 2351 perfectiora,
1995 2279 2074 2333 fe-

510 2378 752 2446 ceritque
771 2377 873 2429 hoc
902 2374 957 2428 in
984 2382 1281 2445 conspectu
1304 2372 1626 2438 sacerdotis,
1661 2372 1716 2427 id
1755 2381 1839 2427 est
1858 2370 2084 2436 Christi,

511 2464 571 2522 ut
598 2469 712 2537 ipse
740 2467 933 2521 videns
959 2465 1446 2537 transgressionem
1480 2463 1945 2534 imperfectorum,
1968 2478 2090 2519 sus-

510 2558 693 2628 cipiat,
733 2552 903 2612 teneri
939 2571 1064 2610 eum
1093 2557 1242 2626 lepra
1292 2555 1651 2609 mundissima
1689 2554 1979 2624 iudicabit,
2025 2569 2091 2610 eo

513 2636 659 2722 quod
688 2647 867 2700 omnis
898 2646 951 2700 in
984 2646 1279 2700 candorem
1324 2659 1483 2699 versa
1515 2643 1618 2711 sit;
1671 2642 1737 2697 ad
1787 2639 2106 2699 claritatem’

516 2736 767 2796 videlicet
797 2735 885 2790 hic
914 2734 1302 2806 semetipsum,
1336 2731 1403 2788 ad
1428 2731 1822 2803 vevangelicam
1858 2746 2092 2787 conver-

514 2831 778 2888 sationem
816 2825 1110 2892 transtulit,
1148 2825 1296 2881 sicut
1316 2825 1479 2880 modo
1504 2823 1747 2879 auditis:
1781 2820 1977 2878 Luceat
2004 2823 2095 2881 lux

514 2932 684 2980 vestra
724 2936 900 2981 coram
950 2917 1245 2973 hominibus
1264 2915 1332 2972 ’⁸.
1389 2915 1454 2971 Et
1505 2930 1698 2971 rursus
1753 2934 1767 2971 :
1835 2913 1982 2970 Sicut
2039 2916 2096 2969 in

2181 545 2564 602 traditionibus
2581 548 2693 601 ait:
2722 546 2776 603 Si
2806 550 2950 603 enim
2981 564 3101 619 quae
3134 549 3402 617 destruxi,
3429 554 3547 607 haec
3570 556 3759 610 eadem

2179 632 2374 689 iterum
2424 635 2717 703 resedilico,
2749 647 3205 708 transgressorem
3246 654 3332 693 me
3371 642 3662 698 constituo.

2249 725 2396 791 Quod
2423 730 2468 781 si
2493 728 2635 781 color
2665 745 2845 783 sanus.
2888 729 3001 784 [loc
3031 740 3115 784 est
3160 730 3309 785 enim
3341 733 3549 799 vivens,
3591 749 3763 790 sanus

2179 826 2361 872 autem
2399 818 2598 872 dicitur
2646 820 2944 873 secundum
2989 819 3298 875 Iudaeorum
3345 823 3762 881 aestimationem

2181 904 2340 979 atque
2364 910 2587 979 legalem
2616 910 3185 980 comprehensionem,
3209 929 3316 967 non
3347 925 3528 968 autem
3554 930 3762 972 secun-

2181 1001 2309 1055 dum
2342 1002 2648 1055 veritatem.

2248 1091 2555 1159 Recesserit,
2588 1103 2922 1165 mutatusque
2955 1095 3118 1166 fuerit
3157 1095 3213 1148 in
3262 1095 3463 1150 album.
3492 1096 3552 1151 Id
3583 1106 3668 1152 est
3704 1099 3763 1154 in

2181 1182 2605 1237 ecclesiasticam
2653 1183 3146 1251 conversationem,
3183 1185 3366 1241 veniet
3401 1186 3469 1240 ad
3507 1187 3761 1244 sacerdo-

2183 1280 2311 1338 tem,
2340 1273 2641 1340 Christum,
2667 1284 2721 1329 et
2751 1275 3012 1329 mundum
3046 1291 3173 1330 eum
3210 1291 3332 1331 esse
3379 1277 3645 1345 decernit,
3671 1294 3751 1334 ve-

2182 1363 2328 1419 niam
2358 1366 2547 1441 prima:
2576 1366 2883 1422 concedens
2910 1367 3178 1434 infantiae,
3199 1370 3389 1424 eadem
3418 1369 3629 1426 ratione
3652 1386 3761 1441 qua

2184 1466 2329 1513 totus
2359 1458 2605 1528 leprosus
2632 1475 2697 1512 ex
2727 1459 3094 1527 multitudine,
3113 1478 3233 1530 quas
3271 1472 3494 1533 putatur
3517 1465 3761 1520 immun-

2182 1546 2347 1613 ditiae,
2371 1549 2668 1603 secundum
2696 1549 2889 1619 legem,
2918 1551 3155 1606 mundus
3168 1551 3417 1607 efﬁcitur.
3440 1553 3519 1607 lta
3537 1562 3594 1608 et
3612 1553 3765 1624 plebs

2183 1638 2249 1692 de
2276 1640 2545 1712 gentibus,
2577 1641 2633 1695 in
2663 1641 3007 1697 multitudine
3044 1651 3097 1698 et
3114 1643 3449 1712 perfectione
3476 1644 3655 1716 legalis
3671 1645 3764 1699 lit-

2186 1742 2334 1797 terze,
2373 1731 2835 1802 praevaricationis
2883 1733 3084 1788 munda
3122 1749 3221 1803 per
3246 1735 3423 1804 ipsam
3444 1734 3615 1806 legem
3644 1736 3764 1791 elli-

2183 1824 2345 1888 citur,
2384 1839 2504 1892 quae
2539 1839 2650 1877 non
2684 1824 2944 1890 litteram,
3007 1824 3103 1879 sed
3166 1825 3468 1895 spiritalem
3525 1828 3764 1884 mandati

2185 1912 2380 1983 qua-rit
2422 1913 2857 1984 intelligentiam.

2254 2005 2420 2062 Vens.
2450 2006 2636 2062 18-25.
2677 2026 2695 2058 ι
2732 2007 2878 2062 Caro
2893 2016 2950 2063 et
2969 2008 3110 2065 cutis
3148 2007 3202 2062 in
3227 2025 3334 2079 qua
3368 2009 3522 2065 ulcus
3572 2020 3767 2069 natum

2186 2107 2288 2165 est,
2317 2110 2373 2153 et
2399 2106 2669 2164 sanatum,
2694 2107 2751 2154 et
2788 2100 2849 2155 in
2873 2100 2996 2155 loco
3038 2100 3238 2155 ulceris
3259 2101 3475 2156 cicatrix
3498 2117 3771 2174 apparneg

2187 2190 2258 2244 rit
2282 2189 2424 2253 alba.
2456 2189 2571 2245 sive
2597 2189 2821 2247 subrufa
2855 2190 3177 2257 adducetur,
3210 2191 3371 2246 homo
3396 2192 3467 2248 ad
3494 2192 3766 2248 sacerdo-

2188 2291 2319 2336 tem.
2351 2280 2453 2349 Qui
2486 2298 2607 2337 cum
2625 2282 2819 2337 viderit
2842 2283 3021 2338 locum
3045 2283 3211 2353 lepra:
3231 2283 3566 2339 humiliorem
3595 2299 3770 2340 carne

2188 2370 2415 2441 reliqua,
2450 2380 2505 2426 et
2525 2371 2662 2441 pilos
2695 2386 2883 2427 versos
2916 2371 2973 2425 in
3021 2372 3338 2440 candorem,
3369 2373 3771 2431 contaminabit

2190 2480 2314 2518 eum
2348 2481 2360 2517 :
2402 2464 2558 2535 plaga
2591 2464 2737 2519 enim
2766 2464 2930 2534 leprat
2967 2473 3088 2519 orta
3114 2463 3277 2519 estin
3311 2464 3512 2520 ulcere.
3537 2465 3693 2532 Quod
3716 2466 3767 2521 si

2190 2553 2335 2622 pilus
2361 2552 2558 2608 coloris
2583 2564 2662 2607 est
2691 2551 2930 2622 pristini.
2965 2560 3023 2608 et
3051 2552 3279 2607 cicatrix
3298 2553 3661 2621 subobscura,
3710 2563 3771 2610 et

2191 2641 2370 2697 vicina
2396 2657 2526 2697 caro
2554 2657 2665 2696 non
2694 2649 2780 2697 est
2810 2641 3090 2710 humilior,
3130 2641 3379 2698 recludet
3398 2659 3524 2698 eum
3551 2654 3762 2714 septem

2192 2736 2406 2797 diebus,
2433 2743 2488 2789 et
2515 2734 2560 2788 si
2608 2733 2826 2804 quidem
2867 2734 3127 2800 creverit,
3166 2733 3505 2805 adjudicabit
3530 2750 3654 2790 eum
3690 2735 3771 2790 lc~

2194 2846 2327 2902 prae.
2356 2828 2452 2884 Sin
2475 2836 2656 2883 autem
2690 2826 2902 2883 steterit
2934 2826 2989 2881 in
3033 2826 3154 2882 loco
3174 2841 3292 2893 suo,
3345 2825 3544 2882 ulceris
3579 2834 3662 2882 est
3685 2826 3768 2881 ci-

2196 2919 2388 2986 catrix,
2425 2929 2481 2975 et
2510 2919 2675 2974 homo
2716 2918 2955 2975 mundus
2977 2917 3106 2973 erit.
3143 2936 3160 2969 ι

515 3016 598 3071 die
675 3015 885 3070 honeste
963 3009 1291 3067 ambulemus
1325 3009 1393 3064 ".
1469 3006 1702 3079 Propter
1775 3007 1922 3078 quod
2001 3005 2169 3092 ﬁliic
2268 3011 2429 3066 Beata
2464 3017 2548 3065 est
2570 3009 2829 3065 continua
2854 3008 2987 3081 legis
3020 3008 3325 3076 meditatio,
3348 3018 3513 3080 atque
3538 3022 3771 3064 conver-

520 3108 676 3176 lucis,
748 3122 859 3162 non
937 3104 1116 3163 noctis
1165 3117 1344 3176 neque
1409 3101 1756 3159 tenebrarum
1804 3099 2097 3155 nominan-

524 3212 632 3255 tur.
1600 3262 1603 3265 ,

589 3290 738 3356 Quod
763 3289 809 3344 si
839 3304 961 3343 caro
984 3288 1098 3343 viva
1125 3288 1182 3343 in
1211 3303 1273 3342 ea
1296 3287 1629 3359 apparuerit.
1664 3280 1720 3341 ιιι
1752 3295 1857 3355 est,
1908 3283 2098 3341 Iudai-

522 3399 646 3440 cum
678 3383 1017 3448 mandatum,
1051 3376 1178 3451 quia
1231 3380 1474 3435 viventia
1530 3394 1640 3436 non
1681 3388 1907 3451 propter
1948 3376 2097 3433 acci-

522 3480 757 3551 pientes,
789 3477 883 3533 sed
916 3485 1140 3548 propter
1162 3474 1356 3530 dantes
1401 3475 1491 3530 illa
1543 3483 1807 3547 putantur
1862 3473 2097 3545 eloquia,

523 3569 697 3640 magis
716 3576 974 3623 autemet
1000 3574 1221 3637 propter
1266 3565 1623 3637 accipientes.
1671 3565 1729 3620 Si
1796 3566 2099 3621 secundum

525 3659 676 3715 illum
699 3658 942 3725 modum,
963 3671 1084 3728 quat
1112 3656 1238 3712 data
1260 3664 1411 3724 sunt,
1439 3655 1840 3724 custodiantur,
1873 3670 2101 3712 necesse

525 3762 628 3820 est,
652 3760 712 3807 ut
739 3752 829 3822 qui
867 3766 970 3806 nec
1007 3751 1123 3810 haec
1148 3759 1430 3821 operatur,
1492 3765 1670 3820 neque
1700 3749 1791 3807 illa
1830 3765 1861 3803 a
1902 3748 2101 3818 quibus

527 3844 771 3911 recessit,
800 3843 1093 3915 polluatur.
1123 3842 1231 3899 Sed
1265 3841 1547 3912 utriusque
1576 3840 1955 3911 probationem
1970 3855 2101 3910 pro-

528 3936 785 3995 feramus.
842 3934 1095 3990 Viventia
1143 3934 1368 4005 quidem
1425 3933 1552 4004 quia
1599 3933 1853 3989 dicantur
1908 3932 2102 4004 legalis

528 4014 836 4086 Iudaeorum
859 4025 1136 4092 mandata,
1168 4024 1452 4079 audiamus
1476 4021 1817 4095 Stephanum
1838 4022 1907 4079 de
1923 4021 2107 4093 Moyse

528 4118 728 4179 Judaeis
753 4119 1063 4173 dicentem:
1096 4115 1200 4171 Hic
1232 4126 1304 4171 est
1350 4116 1441 4188 qui
1486 4117 1587 4188 fuit
1629 4117 1684 4169 in
1736 4114 1993 4179 Ecclesia,
2047 4114 2122 4173 in!

529 4226 700 4265 eremo
730 4226 848 4263 cum
877 4208 1084 4280 angelo,
1113 4210 1203 4279 qui
1226 4207 1532 4278 loquebatur
1574 4207 1622 4261 ei
1649 4208 1705 4261 in
1749 4214 1922 4261 monte
1947 4203 2102 4270 Sina,

529 4310 578 4354 et
607 4317 723 4353 cum
748 4299 987 4370 patribus
1017 4300 1232 4364 nostris,
1263 4299 1354 4369 qui
1414 4298 1638 4366 suscepit
1665 4296 1820 4350 verba
1878 4295 2104 4349 viventia

2202 3098 2360 3167 satio,
2395 3098 2703 3168 habereque
2739 3113 2954 3168 semper
2983 3098 3041 3152 in
3071 3098 3323 3153 manibus
3352 3100 3687 3165 thesaurum,
3704 3116 3776 3155 ex

2202 3206 2311 3262 quo
2339 3188 2665 3261 cognitionis
2685 3189 2780 3244 Dei
2801 3189 3107 3260 procedunt
3137 3189 3366 3245 divitiae.
3406 3188 3776 3256 Quamobrem

2202 3297 2305 3336 nos
2321 3295 2536 3352 quoque
2556 3294 2678 3333 cum
2707 3278 2855 3334 omni
2878 3278 3080 3346 studio,
3114 3294 3178 3332 ea
3207 3295 3328 3349 qua:
3359 3295 3504 3335 nunc
3532 3289 3662 3335 sunt
3718 3281 3777 3336 in

2203 3373 2382 3448 littera
2404 3371 2647 3437 latentia,
2691 3369 3089 3442 perquiramus.
3121 3370 3287 3428 Ulcus
3314 3381 3503 3427 natum
3534 3381 3592 3427 et
3613 3387 3775 3428 sana-

2206 3476 2342 3533 tum,
2366 3482 2461 3537 per
2482 3464 2857 3538 paenitentiam
2897 3472 3145 3518 curatum
3176 3473 3463 3535 peccatum
3500 3472 3603 3519 est.
3634 3463 3779 3530 Quid

2205 3559 2349 3614 enim
2370 3559 2449 3614 sic
2483 3556 3002 3621 vulneratanimam,
3030 3564 3086 3610 et
3107 3556 3341 3626 complet
3371 3556 3619 3622 maculis,
3641 3572 3771 3627 quo-

2204 3649 2367 3705 modo
2388 3648 2706 3720 peccatum?
2729 3646 2882 3703 Unde
2917 3656 2974 3703 et
3007 3647 3175 3702 David
3218 3646 3432 3701 dicebat
3482 3663 3514 3701 :.
3554 3646 3785 3716 Compu-

2207 3749 2464 3806 truerunt,
2484 3750 2533 3794 et
2559 3740 3003 3794 deterioraverunt
3044 3739 3314 3793 cicatrices
3363 3755 3513 3806 mea,
3557 3756 3590 3792 a
3646 3741 3781 3809 facie

2206 3833 2519 3902 insipientia
2554 3831 2744 3885 meae'.
2795 3830 2935 3897 Quid
2978 3837 3164 3886 autem
3194 3844 3385 3885 rursus
3403 3836 3560 3884 curat
3585 3829 3784 3886 anima:

2208 3922 2446 3980 vulnus?
2476 3923 2596 3990 Quo
2634 3930 2852 3992 oportet
2881 3921 3044 3977 modo
3081 3931 3301 3992 peracta
3323 3921 3672 3992 poenitentia,
3700 3921 3781 3975 lo-

2208 4031 2306 4073 cus
2337 4015 2501 4086 hujus
2532 4014 2775 4071 vulneris
2798 4022 2883 4070 est
2918 4015 3059 4070 actio
3075 4023 3130 4069 et
3149 4014 3437 4069 consilium
3456 4012 3604 4069 circa
3637 4013 3783 4084 quod

2210 4115 2491 4177 peccatum
2520 4116 2732 4178 gestum
2758 4113 2863 4172 est,
2884 4105 3053 4160 veluti
3084 4102 3253 4160 David
3280 4104 3434 4160 locus
3468 4103 3666 4159 ulceris
3682 4102 3784 4158 fuit

2209 4198 2542 4254 desiderium
2563 4197 2830 4267 corporis,
2870 4208 3096 4269 propter
3143 4197 3287 4252 hanc
3322 4196 3471 4251 enim
3489 4204 3545 4252 et
3569 4197 3625 4251 in
3652 4195 3786 4251 Ber-

2211 4291 2373 4347 sabee
2429 4289 2776 4353 adulterium,
2821 4298 2878 4343 et
2925 4289 2981 4344 in
3033 4289 3222 4345 Uriam
3270 4276 3552 4345 homicidii
3580 4289 3785 4343 crimen

529 4392 659 4448 dare
689 4392 832 4445 nobis
859 4389 929 4444 ".
967 4390 1110 4447 Ecce
1141 4390 1306 4444 verba
1337 4388 1572 4445 viventia
1614 4386 1909 4458 appellavit
1941 4385 2107 4458 justi-
2137 4382 2181 4437 D
2207 4383 2427 4438 admisit
2452 4381 2505 4448 ις
2526 4380 2713 4438 Achab
2731 4389 2914 4437 autem
2939 4379 3228 4450 cupiditas,
3252 4392 3351 4450 per
3373 4394 3534 4449 quam
3555 4378 3607 4433 in
3635 4394 3787 4433 amo-

536 4480 816 4536 flcationes
840 4478 994 4551 legis.
1014 4477 1154 4547 Quid
1195 4486 1377 4533 autem
1404 4477 1678 4534 subdidit?
1710 4475 1811 4531 Cui
1827 4476 2106 4533 noluerunt

532 4566 828 4621 obedienles
851 4581 959 4621 esse
991 4576 1170 4637 patres
1210 4568 1375 4621 nostri
1400 4566 1467 4620 ".
1504 4567 1569 4621 Et
1628 4566 1846 4636 quidem
1889 4565 2110 4621 obedie-

533 4665 665 4711 runt
690 4665 951 4726 quantum
974 4657 1043 4711 ad
1080 4655 1272 4712 faciem
1299 4656 1608 4729 apparentis
1645 4656 1857 4720 littere,
1888 4656 1984 4713 sed
2000 4670 2111 4712 non

533 4746 757 4817 obedire
784 4746 939 4815 dixit,
966 4764 1076 4804 non
1105 4747 1329 4804 obedire
1403 4749 1595 4812 menti,
1634 4764 1739 4805 nec
1800 4748 2111 4816 intentioni,

534 4835 632 4896 sed
665 4834 720 4890 in
756 4833 886 4891 solis
932 4835 1131 4891 litteris
1178 4836 1350 4908 legem
1390 4837 1594 4902 dantis,
1641 4836 1794 4904 Quod
1846 4846 2029 4891 autem
2079 4851 2111 4890 a

536 4926 801 4985 servitute
838 4926 972 4999 legis
1012 4927 1294 4995 recedens,
1326 4937 1382 4984 et
1433 4938 1622 5003 postea
1669 4929 1947 5001 quidpiam
1978 4928 2112 5001 legis

537 5033 754 5090 gerens,
816 5018 1232 5091 reprehensioni
1300 5020 1622 5078 sacerdotali
1684 5021 1991 5092 subjicitur,
2059 5029 2117 5076 et

539 5109 688 5163 inter
746 5109 1059 5164 immundos
1096 5119 1396 5186 reputatur,
1440 5111 1600 5165 docet
1659 5110 1860 5167 Paulus
1914 5109 2116 5167 Calatis

540 5198 866 5271 pmcipiens
907 5218 921 5254 :
950 5199 1085 5253 Ecce
1112 5217 1205 5273 ego
1232 5199 1434 5254 Paulus
1453 5201 1569 5255 dico
1596 5202 1774 5257 vobis:
1808 5201 1868 5256 Si
1889 5203 2115 5256 circum-

541 5290 802 5357 cidimini,
841 5289 1079 5347 Christus
1104 5292 1240 5347 vobis
1264 5290 1395 5345 nihil
1437 5273 1649 5363 prodest
1676 5295 1743 5349 ”.
1786 5293 1853 5349 Et
1874 5307 2065 5348 rursus
2099 5311 2116 5349 :

545 5379 669 5440 Dies
693 5382 989 5448 custoditis,
1040 5391 1089 5438 et
1117 5398 1334 5450 menses,
1376 5392 1426 5438 et
1463 5400 1649 5450 annos,
1692 5386 1852 5439 timeo
1885 5400 1949 5439 ne
1984 5385 2118 5455 forte

620 5601 670 5639 ⁸⁸
698 5605 884 5662 Matth.
917 5625 971 5670 v,
1008 5608 1093 5664 l6.
1200 5607 1247 5641 '°
1274 5604 1434 5661 Rom.
1467 5619 1589 5670 xm,
1622 5604 1708 5659 l5.

1816 5605 1865 5637 "
1899 5603 2019 5659 Act.
2048 5620 2143 5671 vn,
2181 5605 2271 5659 38.

2213 4490 2328 4530 rem
2362 4472 2550 4529 Nabod
2585 4473 2760 4530 vinea:
2781 4472 3020 4530 concidit
3057 4472 3114 4538 ’ς
3160 4470 3315 4527 δυάδι
3374 4487 3505 4526 vero
3542 4471 3785 4535 avaritia,

2216 4569 2334 4625 haec
2359 4570 2505 4623 enim
2533 4566 2856 4638 proditionis
2884 4564 3174 4622 consilium
3216 4563 3403 4631 dedit;
3446 4563 3643 4618 Paulo‘
3661 4577 3791 4617 vero

2216 4673 2317 4728 per
2341 4655 2705 4728 ignorantiam
2746 4655 2917 4722 zelus,
2943 4669 2974 4710 a
3021 4669 3130 4728 quo
3158 4653 3406 4711 devictus
3443 4652 3630 4708 Jesum
3662 4666 3790 4723 per-

2218 4755 2439 4802 εεευιυε
2458 4757 2561 4802 εει.

2244 4826 2249 4831 ”
2288 4838 2351 4892 In
2375 4837 2483 4892 loco
2503 4836 2689 4893 ulceris
2712 4835 2934 4895 cicatrix
2966 4835 3113 4892 alba.
3147 4833 3205 4890 ιιι
3245 4844 3333 4890 est
3368 4833 3566 4900 lucida,
3598 4840 3656 4888 et
3718 4830 3794 4885 ita

2218 4927 2529 4993 manifesta,
2568 4934 2628 4980 ut
2682 4926 2848 4982 etiam
2872 4926 2940 4980 de
2967 4924 3126 4997 longe
3158 4925 3427 4991 videatur,
3462 4923 3514 4978 id
3540 4931 3645 4987 est,
3672 4937 3794 4991 qua

2218 5017 2402 5073 evenit
2423 5017 2682 5089 peccandi
2711 5032 2776 5073 ex
2801 5026 3025 5086 peccato
3045 5016 3400 5086 praesumptio
3426 5031 3439 5066 :
3494 5013 3797 5068 secundum

2219 5124 2380 5178 quam
2409 5109 2498 5165 ille
2531 5117 2756 5180 propter
2784 5108 2891 5165 hoc
2914 5108 3060 5180 quod
3114 5106 3285 5165 semel
3328 5106 3665 5161 adulteratus
3715 5112 3801 5158 est

2221 5200 2453 5265 adulter,
2480 5199 2568 5255 hic
2590 5211 2771 5255 autem
2796 5208 3019 5269 propter
3073 5197 3505 5270 persecutionem
3539 5210 3800 5267 persecu-

2224 5300 2329 5365 tor.
2350 5292 2487 5346 alter
2510 5299 2692 5346 autem
2724 5298 2949 5362 propter
2986 5289 3353 5349 .latrociuium
3390 5289 3552 5355 latro,
3583 5285 3802 5342 etiamsi

2221 5380 2332 5452 jam
2364 5397 2395 5435 a
2430 5381 2521 5436 tali
2566 5380 2781 5436 actione
2837 5389 3161 5448 recesserat,
3213 5379 3538 5454 appellatur.
3602 5376 3807 5432 Annon

2380 5604 2427 5637 "
2458 5603 2591 5657 ibid.
2633 5604 2722 5660 59.
2799 5605 2845 5637 ”
2878 5602 3055 5658 Galat.
3094 5618 3156 5668 v,
3184 5601 3240 5657 2.
3338 5603 3354 5633 '
3387 5600 3560 5657 Galat.
3602 5614 3678 5665 tv,
3714 5597 3808 5655 ll.

549 5673 777 5743 'Galat.
820 5692 873 5736 v,
913 5676 965 5740 4,
1036 5680 1054 5709 ³
1084 5678 1223 5732 Psal.
1263 5693 1467 5744 xxxvii,
1502 5669 1581 5730 6.
1630 5674 1651 5707 ⁵
1682 5675 1727 5730 ll
1776 5676 1908 5745 fteg.
1943 5691 2018 5740 xi,
2066 5676 2088 5727 1
2130 5669 2282 5746 seqq.
2359 5675 2378 5705 '
2405 5673 2477 5729 ιιι
2515 5674 2646 5744 Reg.
2674 5691 2831 5742 avni,
2862 5674 2884 5727 l
2913 5687 3067 5744 seqq.
3144 5673 3164 5705 ⁶
3205 5672 3227 5727 1
3270 5671 3412 5727 Tim.
3446 5686 3484 5737 ι,
3522 5669 3610 5724 l3.
