4076 6188
336 285 444 363 9t!

1472 271 1554 343 ῘΝ
1598 268 2035 342 ιΕγιΤιευΜ.
2070 290 2139 313 -έ
2180 276 2326 338 LIB.
2362 271 2460 338 IV.

3500 273 3606 339 942

340 413 448 467 hoc
475 402 696 463 nomine
713 400 866 457 Raab
894 398 1237 455 meretricem
1281 406 1406 467 post
1441 369 1638 450 multas
1697 407 1925 465 genera-
1955 399 1996 454 Α
2027 405 2138 446 non
2165 397 2349 446 autem
2383 386 2512 459 quia
2546 385 2726 442 adhuc
2760 384 3017 455 patiatur,
3060 384 3325 440 ostendit.
3346 382 3461 441 Sed
3488 397 3608 441 uta-

339 502 538 562 tiones,
561 506 793 563 eamque
821 505 944 562 quae
982 488 1211 543 Domino
1238 495 1578 559 unguentum
1603 485 1802 540 obtulit
1833 497 1926 554 ap-

341 590 629 663 pellamus,
659 598 786 641 cum
816 591 1062 651 utraeque
1088 594 1148 635 se
1173 594 1204 633 a
1228 578 1588 634 fornicatione
1617 575 1923 645 suspende-

340 680 488 737 rint‘!
514 675 623 734 Sed
638 674 997 746 quamobrem
1012 687 1138 727 cum
1166 670 1323 726 ulcus
1341 668 1569 724 dixisset
1596 667 1799 732 album,
1826 667 1930 720 hoc

343 777 524 846 ipsum
557 778 744 825 tamen
780 766 917 821 dixit
938 765 1120 821 album
1161 779 1260 819 seu
1289 762 1470 817 rufum
1500 760 1654 816 ﬁeri?
1677 758 1803 829 quia
1850 759 1932 813 al-

342 867 474 920 bum
495 862 716 934 quidem
748 858 906 925 dixit,
935 857 1081 928 quod
1108 855 1168 910 ﬁt
1188 870 1253 910 ex
1284 854 1511 909 vulnere
1539 852 1730 924 legalis
1754 858 1934 905 trans-

346 953 683 1025 gressionis,
735 950 915 1005 albam
967 948 1137 1019 legem
1194 960 1418 1002 vocans.
1468 943 1590 999 Non
1623 943 1769 999 enim
1817 950 1936 996 erat

346 1045 607 1102 calefacta
637 1043 764 1098 Sole
790 1039 1040 1112 justitiaa,
1082 1038 1136 1093 et
1156 1046 1444 1109 propterea
1476 1036 1641 1090 rubra
1665 1049 1772 1089 non
1794 1041 1930 1085 t-rut.

352 1136 492 1209 Ergo
511 1136 738 1190 rubrum
761 1132 909 1203 quod
939 1146 1006 1186 ex
1046 1129 1359 1199 evangelica
1403 1127 1557 1183 venit
1608 1124 1936 1196 praevarica-

352 1229 521 1295 tione,
573 1224 884 1282 evidentius
936 1222 1260 1293 appellatur.
1321 1219 1622 1288 lltrumque
1645 1227 1826 1273 tamen
1883 1216 1938 1267 iu

350 1318 632 1375 Christum
663 1325 770 1382 est,
800 1316 856 1370 in
874 1331 983 1386 quo
1011 1315 1081 1369 ab
1141 1313 1383 1369 Ecclesia
1414 1312 1469 1367 in
1495 1310 1738 1367 Canticis
1760 1310 1940 1364 ωτιιί-

353 1426 545 1467 corum
595 1409 845 1464 dicitur:
899 1405 1167 1460 Patruelis
1202 1420 1346 1459 meus
1404 1402 1556 1457 albus
1589 1409 1638 1455 et
1694 1398 1942 1454 rubicun-

354 1503 455 1556 dus
483 1502 527 1554 τε
568 1499 747 1570 Ipsius
781 1499 929 1553 enim
956 1504 1044 1552 est
1076 1496 1186 1559 lex,
1219 1496 1391 1564 ipsius
1411 1490 1786 1562 Evangelium,
1826 1491 1941 1560 ipse

360 1593 512 1661 prius
543 1592 787 1662 legaliter
815 1588 1197 1652 circumcisus,
1235 1595 1291 1640 et
1321 1600 1419 1655 pro
1443 1582 1832 1640 emundatioue
1859 1580 1942 1635 ol-

356 1685 565 1751 ferens,
595 1684 912 1755 evangelice
968 1691 1156 1753 postea
1206 1690 1587 1745 conversatus,
1626 1677 1940 1733 Judaeorum

2030 497 2153 536 mur
2203 478 2469 549 exemplis
2492 478 2580 533 his
2605 477 2671 532 ad
2712 475 2966 531 subtilem
2998 475 3381 545 praedictorum
3410 478 3612 547 proba—

2031 573 2259 627 tionem.
2297 569 2551 626 Peccavit
2581 568 2791 623 Pilatus
2844 567 2900 622 in
2944 568 3197 632 Domino,
3227 584 3448 627 causam
3500 586 3612 625 non

2031 662 2318 717 inveniens
2348 662 2404 716 in
2431 677 2499 716 eo
2528 660 2740 722 mortis,
2772 667 2828 716 et
2853 668 3033 714 tatuen
3052 660 3425 714 condemnatis
3451 675 3574 715 eum
3598 678 3614 715 :

2032 755 2126 810 sed
2159 754 2366 826 peccati
2405 754 2568 824 hujus
2594 754 2747 809 ulcus
2779 759 3028 807 sanatum
3079 758 3185 817 est,
3230 766 3355 806 cum
3421 767 3619 806 manus

2034 848 2276 914 lavisset,
2306 856 2363 903 et
2390 847 2621 903 dixisset
2654 862 2667 899 :
2704 843 2939 899 Mundus
2991 859 3085 914 ego
3135 858 3252 896 sum
3294 859 3328 895 a
3362 844 3621 913 sanguine

2028 941 2162 1010 justi
2191 940 2349 1009 hujus
2377 941 2442 994 ¹⁰.
2472 939 2579 995 Sed
2602 955 2712 993 non
2744 935 3133 1008 perseveravit,
3166 949 3292 990 cum
3342 934 3622 991 Christum

2037 1043 2224 1104 postea
2259 1031 2631 1101 ﬂagellaverit.
2669 1030 2810 1100 Ergo
2842 1029 3108 1099 majorem
3136 1036 3262 1097 post
3289 1035 3347 1082 et
3383 1028 3625 1084 deterius

2039 1139 2154 1178 rem
2185 1122 2495 1177 cicatricem
2526 1121 2718 1177 habuit
2744 1119 2974 1191 peccati.
3006 1119 3076 1173 Et
3110 1126 3257 1172 recte
3283 1133 3409 1173 eum
3440 1134 3627 1176 sacer-

2040 1218 2138 1269 dos
2176 1213 2589 1273 contaminavit.
2642 1213 2895 1268 Christus
2952 1211 3227 1276 videlicet,
3280 1214 3502 1278 quando
3560 1219 3630 1268 ad

2043 1319 2168 1357 rum
2235 1302 2368 1357 dixit
2402 1318 2416 1354 :
2463 1301 2750 1371 Propterea
2783 1301 2873 1371 qui
2916 1298 3137 1353 tradidit
3169 1312 3251 1361 me
3295 1298 3410 1366 tibi,
3452 1299 3630 1369 majus

2042 1402 2316 1465 peccatum
2338 1393 2492 1447 habet
2525 1393 2591 1445 ”.
2656 1392 2794 1446 Nam
2831 1407 2957 1465 cum
3023 1392 3387 1447 crudeliorem
3431 1390 3631 1447 Judatn

2044 1487 2271 1547 diceret.
2291 1501 2397 1541 nec
2423 1485 2624 1540 bunca
2662 1493 2884 1555 peccato
2909 1482 3128 1554 reliquit
3157 1485 3478 1539 immunem.
3496 1483 3632 1539 Pec-

2046 1580 2266 1634 cavitet
2296 1578 2517 1643 Paulus,
2544 1575 2639 1632 sed
2669 1591 2793 1631 cum
2840 1575 2995 1629 ulcus
3027 1584 3277 1630 sanatum
3305 1574 3503 1635 fuisset
3535 1589 3634 1644 per

2048 1669 2414 1733 vocationem,
2458 1667 2768 1722 cicatricem
2805 1664 3012 1735 peccati
3046 1665 3103 1719 in
3157 1672 3369 1720 tantum
3400 1664 3633 1730 sanavit,

358 1777 704 1846 baptismata,
743 1750 1086 1844 Sabbatique
1116 1771 1468 1846 custodiam,
1525 1779 1582 1825 et
1621 1768 1947 1839 temporales
1983 1750 2019 1803 Β
2051 1768 2111 1813 ιιι
2145 1761 2261 1830 ipse
2290 1774 2388 1830 per
2418 1766 2828 1829 persecutorem
2852 1756 3168 1826 appellaret,
3193 1758 3268 1812 ait
3289 1759 3435 1814 enim
3468 1773 3482 1810 :
3513 1757 3637 1815 Non

362 1866 643 1937 prohibuit
674 1864 1106 1936 puriﬁcationes.
1144 1861 1252 1918 Sed
1276 1878 1397 1932 quae
1426 1870 1531 1925 est,
1556 1861 1759 1932 inquis,
1810 1860 1944 1928 legis

362 1959 762 2032 transgressio?
793 1958 874 2011 Ad
897 1957 1078 2027 ipsum
1124 1956 1408 2027 pertinens
1432 1953 1618 2026 utique
1640 1952 1942 2017 Christum,

360 2052 587 2122 ejusque
630 2048 969 2122 mysterium,
1018 2046 1075 2103 id
1114 2057 1221 2112 est,
1260 2044 1547 2115 idolothyti
1583 2044 1762 2098 omnis
1821 2058 1948 2097 san-

361 2140 565 2212 guinis,
597 2148 653 2194 et
685 2137 937 2193 sutIocati
969 2150 1118 2191 esus.
1148 2134 1283 2190 Nam
1317 2134 1436 2189 haec
1468 2133 1573 2189 etsi
1603 2133 1793 2204 legalis
1820 2140 1952 2187 sunt

366 2240 658 2304 praecepta,
689 2228 992 2285 Ecclesiam
1048 2235 1230 2282 tamen
1284 2241 1346 2281 ea
1380 2225 1659 2283 custodire
1720 2223 1950 2295 apostoli

363 2329 767 2394 praceperuut,
791 2319 939 2390 quod
965 2319 1208 2374 ostendit
1238 2317 1481 2373 Iacobus
1506 2317 1694 2372 dicens
1722 2334 1736 2369 :
1780 2315 1952 2371 Visum

366 2423 447 2469 est
470 2421 659 2468 sancto
676 2410 925 2480 Spiritui,
958 2419 1007 2464 et
1034 2409 1203 2476 nobis,
1234 2408 1365 2462 nihil
1416 2406 1647 2476 amplius
1693 2406 1954 2476 superim-

369 2515 566 2574 ponere
591 2499 734 2556 vobis
774 2499 968 2565 oneris,
998 2498 1226 2569 exceptis
1278 2497 1379 2564 his,
1412 2497 1675 2551 abstinere
1701 2495 1767 2550 ab
1786 2494 1955 2549 idolo-

371 2592 552 2665 thytis,
583 2599 634 2647 et
695 2590 975 2661 sanguine,
1014 2597 1064 2643 et
1124 2589 1397 2659 suﬁ'ocato,
1440 2596 1489 2642 et
1531 2586 1886 2657 fornicatione
1908 2585 1952 2639 ⁸.

372 2682 699 2754 Evangelica
719 2689 805 2736 est
831 2690 1037 2748 autem,
1053 2696 1175 2750 quae
1200 2679 1303 2735 etsi
1326 2694 1434 2735 non
1463 2677 1765 2734 secundum
1783 2677 1958 2749 legem

374 2783 495 2826 erat
525 2769 872 2837 :Quicunque
893 2770 1083 2824 disserit
1101 2769 1259 2841 fratri
1320 2784 1441 2835 suo,
1475 2767 1666 2832 Fatue,
1710 2784 1830 2822 reus
1858 2767 1959 2822 erit

362 2862 596 2935 judicio.
632 2860 694 2915 Et
717 2862 809 2932 qui
838 2860 1027 2914 uiderit
1070 2859 1347 2913 mulierem
1397 2860 1468 2912 ad
1491 2856 1960 2926 concupiscendum

375 2968 519 3019 eam,
530 2954 651 3024 jam
674 2953 959 3008 maritatas
991 2961 1065 3006 est
1105 2967 1226 3006 eam
1286 2951 1342 3005 in
1370 2951 1523 3005 corde
1544 2965 1639 3003 suo
1662 2951 1706 3002 ’.
1743 2948 1802 3003 Si
1832 2963 1961 3019 ergo

376 3055 575 3103 sanato
602 3045 746 3112 albo,
786 3053 842 3100 et
878 3042 1201 3114 paenitentia
1226 3052 1415 3097 curato
1461 3049 1711 3112 peccato,
1746 3040 1803 3094 in
1844 3040 1963 3096 loco

385 3136 611 3203 ulceris,
648 3136 705 3190 in
729 3134 948 3205 regione
996 3133 1256 3189 videlicet
1283 3131 1514 3203 peccati,
1567 3131 1723 3186 ulcus
1780 3130 1963 3185 album

378 3236 475 3282 aut
496 3227 726 3282 rubeant
768 3225 1037 3290 videatur,
1082 3231 1231 3279 secta
1256 3223 1503 3292 quaedam
1538 3221 1789 3291 praedicti
1835 3236 1966 3291 pcc-

377 3319 484 3373 οειιί
511 3317 837 3389 evangelici,
884 3316 1003 3372 sive
1059 3315 1271 3387 legalis,
1309 3314 1452 3384 apud
1506 3323 1822 3384 peccantem
1880 3328 1968 3369 re-

380 3420 531 3483 perta
558 3411 743 3478 fuerit,
775 3408 1094 3468 necessarie
1120 3408 1187 3465 ad
1215 3406 1482 3479 judicium
1515 3406 1620 3462 boc
1668 3405 1968 3462 sacerdotis

387 3503 560 3559 venit.

456 3590 559 3657 Qui
586 3593 634 3647 si
672 3592 862 3647 uiderit
894 3591 1064 3646 locum
1104 3591 1265 3662 lepra
1289 3590 1623 3646 humiliorem
1646 3603 1806 3643 carne
1843 3587 1968 3643 reli-

389 3700 518 3754 qua.
552 3683 610 3739 ld
647 3692 752 3750 est,
793 3683 1141 3738 humiliorem
1187 3683 1388 3738 laetam
1417 3697 1446 3736 a
1470 3682 1762 3753 semetipsa
1816 3695 1970 3735 men-

386 3785 499 3830 tem
541 3774 938 3844 manil‘esteque
955 3774 1197 3829 animum
1224 3781 1492 3828 mutatum
1546 3771 1615 3827 ad
1683 3771 1968 3838 malitiam,

388 3868 494 3923 hoc
513 3867 663 3922 enim
692 3875 776 3923 est
798 3866 938 3937 pilos
968 3866 1024 3921 in
1062 3865 1358 3921 candorem
1381 3864 1537 3931 verti,
1580 3863 1975 3921 contaminabit

386 3976 515 4016 eum
544 3961 822 4017 sacerdos.
857 3960 1038 4016 Semel
1082 3960 1233 4016 enim
1277 3959 1336 4014 in
1380 3958 1704 4015 habitudine
1758 3961 1970 4030 peccati

389 4053 572 4126 factus
602 4061 707 4119 est,
731 4060 788 4109 et
824 4053 1019 4109 animai
1048 4052 1190 4108 mala
1235 4050 1483 4121 depastio
1511 4066 1610 4122 per
1634 4052 1790 4107 ulcus
1817 4053 1973 4110 incu-

388 4144 529 4213 buit,
581 4146 731 4202 unde
782 4146 991 4217 lepram
1040 4160 1110 4202 ex
1144 4145 1395 4211 vulnere,
1427 4153 1486 4199 et
1508 4143 1801 4205 ﬂorentem
1849 4161 1973 4203 eam

385 4237 699 4310 passionem
723 4238 1001 4310 legislator
1022 4237 1336 4308 appellavit.

455 4328 609 4396 Quod
627 4331 675 4385 si
708 4329 849 4399 pilus
868 4329 1059 4384 coloris
1088 4340 1164 4384 est
1180 4331 1415 4401 pristini,
1461 4340 1510 4386 et
1540 4331 1763 4386 cicatrix
1782 4329 1974 4384 subob-

2050 1854 2386 1924 sunrdignus
2408 1851 2667 1921 appellari
2702 1850 2989 1919 apostolus.
3029 1851 3153 1921 quia
3193 1860 3493 1916 persecutus
3516 1867 3637 1905 sum

2054 1942 2351 1997 Ecclesium
2392 1940 2490 1996 Dei
2523 1943 2612 1995 ":
2673 1950 2729 1997 et
2794 1941 2903 1995 non
2958 1940 3091 1995 illud
3139 1949 3329 2011 postea
3368 1941 3636 1999 dilatavit.

2054 2032 2417 2100 Quamobrem
2448 2034 2638 2091 videns
2678 2033 2830 2088 illum
2877 2033 3132 2089 sacerdos
3165 2033 3428 2099 caelestis,
3473 2049 3640 2088 mun-

2055 2128 2185 2183 dum
2211 2127 2495 2197 judicabit,
2527 2126 2747 2197 quando
2772 2126 2987 2181 Anania
3007 2126 3316 2189 dubitante,
3334 2136 3391 2182 et
3416 2127 3641 2182 nolente

2055 2219 2123 2274 ad
2162 2233 2288 2274 eum
2319 2219 2599 2285 accedere,
2643 2229 2704 2273 ut
2730 2218 2986 2273 videlicet
3017 2228 3420 2289 persecutorem
3473 2230 3641 2289 atque

2059 2311 2422 2373 immundum,
2453 2310 2670 2366 dicebat
2698 2327 2711 2363 :
2744 2308 2915 2375 Vade,
2961 2311 3088 2380 quia
3118 2326 3210 2366 vas
3239 2308 3522 2366 electionis
3544 2320 3636 2367 est

2059 2402 2218 2469 mihi,
2274 2411 2334 2456 ut
2374 2410 2557 2472 portet
2603 2418 2805 2467 nomen
2835 2416 3014 2457 meum
3045 2416 3229 2457 coram
3256 2402 3532 2474 gentibus,
3578 2412 3641 2460 et

2064 2495 2306 2566 regibus,
2336 2504 2393 2550 et
2416 2495 2543 2551 ﬁliis
2571 2493 2756 2549 Israel.

2128 2588 2567 2646 Veas.24-28.'v
2610 2589 2751 2645 Caro
2771 2599 2827 2645 et
2851 2590 3015 2655 cutis,
3057 2605 3222 2659 quam
3269 2589 3413 2661 ignis
3468 2603 3639 2647 exus-

2063 2681 2215 2748 serit,
2231 2690 2289 2736 et
2301 2690 2514 2745 sanata,
2546 2681 2724 2744 albam
2756 2682 2872 2736 sive
2894 2682 3073 2736 rufam
3121 2682 3376 2738 habuerit
3420 2682 3646 2739 cicatri-

2063 2786 2208 2838 cem,
2236 2772 2605 2829 considerabit
2626 2788 2749 2828 eam
2781 2773 3056 2828 sacerdos.
3081 2772 3149 2828 Et
3171 2786 3300 2828 ecce
3315 2773 3361 2828 si
3381 2787 3535 2830 versa
3561 2783 3650 2831 est

2067 2867 2122 2921 in
2147 2865 2479 2931 albedinem,
2508 2874 2563 2920 et
2587 2864 2738 2920 locus
2769 2865 2889 2934 ejus
2919 2864 3126 2932 reliqua
3186 2874 3310 2920 cute
3365 2864 3645 2932 humilior,

2066 2958 2462 3015 contaminabit
2490 2972 2638 3023 eum,
2654 2957 2781 3027 quia
2808 2957 2965 3029 plaga
2989 2957 3154 3028 leprae
3178 2957 3234 3012 in
3255 2957 3510 3013 cicatrice
3526 2966 3652 3013 orta

1990 3085 2032 3144 ο
2069 3057 2173 3105 est.
2205 3049 2361 3116 Quod
2384 3049 2429 3104 si
2454 3049 2688 3119 pilorum
2715 3049 2868 3104 color
2919 3064 3031 3104 non
3081 3048 3248 3104 fuerit
3308 3048 3646 3115 immutatus,

2067 3154 2168 3195 nec
2205 3140 2465 3195 humilior
2485 3140 2639 3211 plaga
2662 3153 2827 3194 carne
2862 3138 3091 3209 reliqua,
3119 3146 3177 3193 et
3202 3139 3319 3210 ipsa
3336 3139 3503 3209 lepra:
3521 3152 3652 3209 spe-

2066 3228 2180 3283 cies
2212 3227 2377 3283 iuerit
2407 3229 2768 3293 subobscure,
2800 3229 3048 3283 recludet
3099 3243 3224 3284 eum
3261 3236 3470 3299 septem
3530 3228 3653 3285 die-

2067 3322 2191 3388 bus,
2226 3330 2281 3378 et
2310 3322 2396 3378 die
2426 3322 2664 3392 septimo
2684 3323 3162 3393 contemplabitur.
3211 3322 3268 3378 Si
3330 3323 3566 3379 creverit
3595 3323 3652 3379 in

2068 3425 2194 3470 cute
2224 3414 2397 3484 lepra,
2449 3412 2849 3469 contaminabit
2883 3429 3008 3468 eum
3044 3430 3059 3466 :
3107 3413 3153 3468 si
3207 3422 3389 3468 autem
3444 3414 3501 3468 in
3531 3414 3653 3470 loco

2070 3522 2171 3562 suo
2191 3505 2397 3561 candor
2430 3505 2647 3560 steterit
2681 3519 2794 3560 non
2848 3504 2982 3559 satis
3014 3505 3217 3571 clarus,
3246 3505 3401 3575 plaga
3428 3506 3655 3560 combu-

2069 3597 2268 3652 stionis
2292 3604 2394 3663 est,
2426 3604 2483 3651 et
2514 3595 2720 3652 idcirco
2754 3595 3131 3661 mandabitur,
3168 3597 3295 3665 quia
3317 3596 3543 3651 cicatrix
3568 3607 3655 3653 est

2071 3688 2458 3744 combustum.
2491 3705 2511 3737 ι

2138 3780 2473 3846 Quibusdam
2502 3777 2774 3850 legislator
2787 3781 2857 3833 de
2879 3777 3085 3834 eisdem
3110 3777 3325 3833 videtur
3346 3778 3516 3849 loqui,
3556 3780 3653 3835 sed

2073 3888 2181 3930 non
2222 3873 2296 3929 ita
2342 3880 2425 3928 est
2459 3888 2472 3925 :
2508 3886 2634 3927 nam
2669 3871 2969 3927 secundum
3007 3872 3207 3942 aliquid
3254 3871 3442 3928 eadem
3477 3872 3640 3928 dicit:

2072 3964 2374 4020 secundum
2417 3969 2601 4016 autem
2642 3958 2866 4029 aliquid,
2907 3959 3109 4023 diﬂ'ert,
3160 3976 3283 4016 cum
3342 3960 3652 4030 passionem

2072 4058 2275 4128 quippe
2323 4062 2597 4128 proponat
2637 4053 2885 4120 alteram,
2927 4052 3175 4109 eamdem
3220 4062 3399 4108 tamen
3438 4053 3653 4123 passio-

2070 4150 2160 4207 nis
2208 4146 2484 4203 subinfert
2517 4144 2987 4218 dijudicationem.
3042 4143 3309 4215 Superius
3355 4152 3536 4199 autem
3583 4144 3655 4201 de

2074 4240 2255 4310 aliquo
2278 4241 2465 4296 ulcere
2488 4237 2818 4295 obveniante
2846 4237 3061 4292 locutus
3097 4244 3202 4303 est,
3228 4236 3372 4305 quod
3402 4251 3468 4291 ex
3492 4238 3650 4307 aegri-

2076 4332 2263 4387 tudine
2308 4331 2558 4402 corporis
2601 4339 2895 4404 genantur
2943 4337 3001 4385 et
3049 4329 3297 4401 prolicit;
3354 4330 3473 4385 haec
3505 4330 3655 4385 enim

386 4434 566 4475 κατα.
596 4419 659 4475 ld
677 4428 782 4486 est,
816 4419 1135 4490 pmnitentis
1163 4420 1333 4477 visus.
1372 4421 1463 4477 Sic
1493 4422 1686 4477 diebus
1749 4428 1962 4491 septem
1997 4423 2043 4480 ι)
2071 4423 2208 4480 solet
2237 4420 2532 4495 Scriptura
2573 4436 2729 4479 sacra
2780 4422 2964 4478 ulcera
3005 4421 3301 4492 appellare.
3350 4421 3483 4488 Quae
3525 4437 3657 4478 vero

387 4526 520 4567 eum
550 4511 762 4570 recludi
777 4513 1037 4583 precepit
1067 4530 1084 4569 :
1115 4529 1217 4584 pro
1241 4529 1309 4570 eo
1333 4514 1480 4585 quod
1509 4514 1738 4595 omnino
1775 4512 1834 4568 in
1871 4512 1966 4568 tali

391 4603 709 4673 suspicione
746 4604 982 4672 venerit,
1011 4614 1224 4677 tempus
1249 4606 1479 4662 deﬁnire
1526 4591 1826 4677 suspicioni
1865 4620 1965 4661 vo-

390 4692 513 4748 luit.
545 4693 608 4748 Et
637 4693 903 4764 siquidem
926 4695 1181 4762 creverit,
1216 4703 1273 4752 et
1323 4698 1465 4752 mala
1503 4696 1752 4769 gloriatio
1776 4696 1966 4757 multi-

388 4785 593 4857 plicata
633 4770 826 4851 fuerii,
868 4783 1200 4855 adiudicabit
1216 4802 1344 4842 eum
1399 4787 1585 4858 lepra.
1612 4786 1754 4843 Dicit
1779 4795 1965 4843 autem

388 4875 595 4946 lepram
627 4874 828 4930 animm
851 4874 1274 4943 immunditiam,
1306 4890 1430 4946 quae
1450 4876 1643 4944 crevit,
1669 4877 1784 4933 sive
1811 4876 1968 4933 cillo-

387 4966 503 5022 ruit
532 4964 935 5036 posterioribus
969 4965 1279 5022 actionibus
1333 4967 1716 5039 multiplicata.
1762 4968 1820 5023 Si
1871 4984 1972 5023 au-

381 5064 503 5114 tem
562 5072 673 5113 non
721 5064 809 5113 est
834 5055 1219 5128 multiplicata,
1239 5056 1337 5112 sed
1364 5057 1581 5113 steterit
1606 5057 1664 5112 in
1690 5057 1814 5113 loco
1849 5073 1968 5125 suo,

385 5144 528 5205 nihil
555 5150 703 5206 enim
726 5148 963 5219 amplius
992 5147 1051 5203 in
1076 5147 1184 5204 hoe
1218 5163 1474 5219 peccasse
1517 5147 1819 5214 invenitur,
1865 5149 1973 5204 nisi

387 5241 567 5297 solum
596 5240 700 5296 hoc
739 5249 1051 5310 peccatum,
1085 5239 1231 5310 quod
1255 5255 1450 5297 omnes
1478 5249 1872 5312 cognoverunt,
1904 5240 1973 5297 de

388 5340 572 5402 quoet
596 5332 709 5402 egit
732 5330 1114 5401 paenitentiam
1157 5349 1173 5386 :
1218 5331 1485 5387 mundum
1510 5331 1663 5387 illum
1714 5332 1969 5389 sacerdos

384 5424 616 5496 iudicat.
669 5422 908 5480 Cicatrix
956 5426 1107 5481 enim
1137 5423 1384 5480 vulneris
1421 5425 1551 5496 quia
1607 5440 1806 5497 passus
1855 5435 1966 5493 est,

460 5613 669 5674 ’Cant.
711 5635 774 5685 ν,
826 5620 913 5677 10.
1015 5616 1038 5653 ⁸
1066 5623 1190 5677 Act.
1232 5636 1337 5686 xv,
1370 5620 1464 5687 28,
1507 5621 1601 5678 $9.

393 5684 439 5724 ⁸⁸
467 5686 641 5744 ICor.
671 5684 767 5755 υθέ
793 5691 846 5745 9.
925 5690 969 5723 ⁸³
999 5690 1130 5747 Luc.
1157 5708 1267 5760 va,
1450 5684 1507 5725 ’¹⁸
1538 5692 1672 5747 Luc.
1703 5708 1757 5758 ι,
1794 5694 1887 5749 30.

1709 5620 1730 5655 ’
1758 5620 1950 5679 Matth.
1983 5640 2015 5680 v
2039 5663 2055 5691 ,
2099 5621 2171 5678 22
2193 5663 2209 5690 ,
2248 5623 2341 5678 28.

2073 4525 2203 4570 sunt
2229 4516 2299 4572 de
2317 4514 2483 4582 ferro,
2507 4524 2601 4570 aut
2621 4513 2912 4586 lapidibus,
2961 4522 3057 4569 aut
3081 4513 3193 4568 alia
3227 4513 3406 4584 aliqua
3430 4528 3658 4584 percus-

2072 4608 2245 4674 sione,
2274 4607 2458 4679 plagas
2485 4614 2644 4663 vocat
2676 4615 2734 4661 et
2757 4606 3002 4661 vulnera.
3041 4604 3270 4677 Propter
3288 4604 3434 4678 quod
3459 4605 3527 4660 de
3553 4604 3660 4659 La-

2074 4713 2200 4754 zaro
2225 4698 2399 4769 inquit
2432 4715 2447 4751 :
2489 4697 2626 4764 Quia
2667 4713 2823 4752 canes
2868 4698 3129 4753 uenientes
3168 4696 3434 4767 liugebant
3481 4695 3659 4749 ulcera

2071 4790 2187 4860 ejus
2206 4790 2269 4844 ’⁸.
2299 4789 2511 4845 Munda:
2538 4788 2740 4860 quippe
2772 4788 2975 4857 carnis,
3005 4789 3148 4845 fame
3196 4789 3497 4856 morboque
3533 4799 3660 4841 cor-

2074 4889 2233 4950 rupta
2260 4888 2420 4935 erant
2446 4880 2536 4935 illa
2559 4876 2807 4936 vulnera.
2842 4878 2918 4935 De
2941 4895 3010 4936 eo
3036 4887 3218 4934 autem
3245 4878 3339 4949 qui
3372 4875 3660 4939 descendit

2074 4973 2133 5027 in
2159 4970 2378 5027 Jericbo
2405 4980 2462 5028 et
2487 4970 2682 5029 incidit
2710 4971 2766 5026 in
2792 4972 3053 5037 latrones,
3077 4969 3298 5040 Plagae,
3328 4967 3526 5037 inquit,
3549 4965 3662 5021 iat-

2073 5075 2321 5135 pouentes
2367 5064 2441 5128 ei,
2485 5071 2807 5120 recesserunt
2832 5061 2911 5117 ’δε
2957 5058 3158 5117 deinde
3194 5065 3320 5131 post
3351 5054 3655 5128 paululum.

2074 5154 2263 5226 plagas
2304 5154 2458 5219 istas,
2510 5155 2652 5211 sicut
2688 5154 2938 5220 vulnera,
2976 5150 3198 5222 alligare
3254 5145 3657 5210 Samaritanum

2075 5244 2369 5318 praecepit;
2398 5244 2743 5302 manifestam
2780 5242 3157 5317 .diﬂ'erentiam
3206 5238 3426 5304 ulceris,
3447 5245 3503 5292 et
3536 5237 3660 5318 vul-

2077 5313 2367 5402 nerispaut
2393 5335 2584 5408 plaga,
2620 5337 2739 5407 ipse
2764 5313 2865 5407 per
2894 5334 3210 5403 Scripturas
3248 5329 3486 5403 Spiritus
3519 5313 3660 5386 divi-

2076 5444 2182 5484 nus
2192 5429 2446 5485 ostendit.
2465 5428 2606 5494 Quid
2626 5442 2756 5499 ergo
2782 5441 2910 5482 vere
2923 5426 3079 5481 ulcus
3091 5433 3175 5481 est
3195 5423 3454 5503 neglecta
3475 5418 3662 5478 carnis

2448 5624 2493 5656 ¹⁶
2519 5621 2713 5680 latth.
2755 5637 2922 5692 xxvu,
2958 5621 3050 5678 24.
3160 5622 3201 5655 ¹¹
3225 5618 3385 5677 Joan.
3416 5630 3532 5686 xix,
3564 5613 3657 5673 ﬂ.
