4076 6188
475 206 582 270 943

1665 195 1713 255 Π
1727 195 2033 255 ESYCIIII
2079 191 2544 252 PRESBYTERI

3635 195 3730 262 9η

477 328 695 386 nostra,
713 317 822 374 nisi
844 331 1130 388 corporum
1181 313 1448 382 voluptas,
1501 319 1555 364 et
1576 307 1811 362 ebrietas
1879 315 1936 360 et
1957 321 2060 372 γα-
2089 313 2133 368 Α
2161 305 2505 370 necessaria,
2549 315 2604 360 et
2653 306 2771 362 sine
2821 309 3016 378 quibus
3047 322 3155 360 non
3187 312 3395 375 potest,
3455 303 3597 359 sicut
3639 323 3734 360 nec

478 409 876 483 στριμαργιαῗ
935 406 1062 461 Ilaec
1122 414 1302 459 autem
1359 401 1665 456 luxuriante
1719 411 1946 466 corpore
1999 404 2053 449 et

473 510 532 562 in
562 507 859 576 semetipso
893 501 1176 558 exsiliente
1231 497 1580 568 proveniunt.
1634 493 1775 565 Ignis
1846 499 2051 554 autem,

479 600 652 669 major
677 595 897 658 invidia,
937 591 1080 663 ignis
1109 591 1286 644 latens
1314 596 1368 643 et
1412 599 1746 642 consumens
1795 580 2053 652 paulatim

478 692 774 745 habentem
799 701 880 751 se,
935 691 1160 754 propter
1180 681 1325 749 quod
1349 680 1513 734 Isaias
1555 677 1631 731 ait
1661 691 1674 727 :
1719 694 1736 727 ‹
1769 673 1924 728 Zelus
1958 687 2056 740 ap-

475 779 752 851 prehendet
775 774 1024 845 populum
1080 773 1427 834 ineruditum,
1451 779 1498 822 et
1527 783 1666 821 nunc
1696 765 1831 835 ignis
1872 769 2057 815 adver-

475 874 648 928 sarios
675 876 940 924 consumet
968 867 1057 918 ¹δ⁶.
1082 884 1101 918 ι
1130 864 1319 919 Zelum
1351 860 1726 931 imperitorum
1763 855 1895 911 dixit
1919 853 2056 908 invi-

473 966 620 1021 diam
647 964 956 1031 _zelantem,
997 975 1108 1015 non
1139 965 1197 1012 ut
1237 957 1522 1010 imitentur
1563 953 1816 1014 virtutes,
1845 947 1939 1002 sed
1997 955 2057 1001 ut

474 1058 593 1112 illas
637 1054 956 1124 impediant,
1006 1057 1429 1120 operantemque
1481 1043 1773 1114 perimant.
1825 1039 1880 1092 Si
1928 1054 2056 1107 ergo

474 1142 783 1200 combustio
820 1140 982 1196 alicui
1015 1137 1247 1199 homini,
1280 1135 1528 1190 videlicet
1548 1129 1844 1202 peccaturi,
1879 1143 1943 1180 ex
1976 1128 2057 1180 in-

473 1236 617 1291 vidia
643 1234 949 1304 contigerit,
971 1240 1026 1286 et
1052 1238 1274 1285 sanatus
1291 1226 1457 1281 fuerit
1477 1221 1814 1295 paenitentia,
1848 1227 2058 1274 scruta-

476 1335 564 1380 tur
588 1325 925 1385 cicatricem,
952 1337 1024 1375 ne
1045 1320 1187 1374 forte
1212 1327 1336 1388 post
1367 1313 1744 1386 paenitentiam
1772 1311 1827 1364 in
1851 1309 2048 1379 passio-

474 1433 602 1472 nem
637 1416 864 1471 recidat.
891 1415 959 1468 Et
1001 1413 1046 1467 si
1071 1426 1350 1466 reversum
1400 1405 1690 1470 invenerit,
1723 1401 2058 1458 contamina-

473 1510 555 1564 bit
596 1523 743 1573 eum,
792 1505 1137 1561 immundum
1182 1513 1333 1557 recte
1379 1501 1652 1572 judicans.
1696 1497 1856 1550 Terra
1886 1493 2054 1556 enim,

473 1617 614 1668 swpe
640 1601 926 1654 venientem
949 1613 1106 1666 super
1135 1611 1190 1649 se
1215 1595 1388 1648 bibens
1419 1593 1656 1656 imbrem,
1696 1598 1742 1643 et
1784 1588 2061 1657 proferens

473 1689 689 1743 herbam
717 1697 1064 1757 opportunam
1092 1684 1196 1738 illis
1238 1701 1270 1737 a
1302 1683 1485 1754 quibus
1509 1680 1720 1745 colitur,
1749 1675 2062 1730 benedictio-

474 1798 592 1836 nem
619 1782 840 1850 accipiet
891 1778 1215 1842 aDomino;
1263 1775 1533 1844 proferens
1593 1786 1713 1825 vero
1763 1770 1950 1837 spinas
1998 1782 2059 1818 ac

475 1871 695 1925 tribulos
733 1873 975 1940 ,reproba
997 1878 1095 1931 est,
1126 1877 1174 1920 et
1206 1864 1484 1918 maledicto
1515 1862 1778 1932 proxima,
1803 1859 1952 1923 cuius
1994 1857 2062 1926 fi-

475 1965 555 2016 nis
580 1964 637 2016 in
665 1961 1039 2025 combustione,
1068 1959 1206 2012 sicut
1227 1955 1428 2009 Paulus
1451 1954 1528 2008 ait
1556 1953 1622 2009 ".
1655 1951 1714 2005 Si
1735 1958 1916 2004 autem
1945 1964 2055 2002 non

473 2055 696 2109 inventa
720 2053 882 2107 fuerit
904 2051 1112 2106 redisse
1153 2049 1222 2104 ad
1257 2047 1599 2118 iniquitatem
1629 2059 1784 2100 suam
1829 2041 2053 2104 invidia,

471 2161 576 2200 nec
599 2161 671 2199 ex
709 2142 1028 2214 operatione
1062 2139 1372 2210 posteriori,
1409 2136 1668 2193 diﬂusum
1706 2133 1876 2205 priori
1923 2147 2055 2202 pec-

471 2248 594 2292 cato
633 2239 808 2291 latens
853 2235 1007 2290 ulcus
1047 2233 1318 2295 habuerit,
1365 2230 1629 2286 mundum
1688 2227 1840 2282 illum
1877 2241 2057 2280 sacer-

473 2331 571 2383 dos
593 2329 824 2397 judicat,
855 2336 1047 2397 utpote
1074 2326 1168 2396 qui
1214 2324 1386 2380 semel
1416 2338 1514 2394 per
1551 2321 1933 2391 paenitentiam
1973 2327 2058 2372 est

473 2416 788 2470 mundatus.
821 2414 1090 2469 Discernit
1115 2422 1320 2477 autem,
1349 2421 1404 2465 et
1442 2409 1615 2479 pilum
1659 2405 1972 2468 intendens,
2010 2403 2055 2458 si

475 2505 702 2559 mutabit
743 2505 798 2557 in
835 2504 1042 2565 album,
1072 2510 1128 2555 et
1159 2501 1204 2555 si
1239 2499 1496 2554 humilior
1541 2505 1626 2550 est
1657 2511 1689 2549 a
1711 2503 1837 2549 cute
1880 2494 2053 2549 locus.

473 2599 604 2663 Quae
637 2595 823 2650 omnia
867 2591 1182 2663 plenissime
1212 2591 1268 2644 in
1301 2586 1678 2659 superioribus
1714 2584 2057 2655 interpretati

476 2703 687 2752 sumus,
721 2687 843 2740 ideo
869 2684 1014 2740 enim
1048 2683 1134 2739 his
1155 2681 1393 2738 brevitas
1417 2677 1724 2735 adhibenda
1751 2688 1858 2743 est,
1891 2684 1951 2731 ut
1986 2674 2057 2731 ad

482 2782 663 2832 I'utttra
702 2789 1006 2832 curramus.

523 2872 709 2928 ~Vsas.
736 2869 948 2925 29:54.
987 2887 1004 2918 ι
1037 2863 1151 2928 Vir,
1185 2864 1302 2921 sive
1332 2863 1546 2925 mulier,
1579 2861 1635 2916 in
1671 2859 1829 2930 cujus
1877 2856 2056 2926 capite

2158 394 2275 448 sine
2299 395 2474 465 capite
2504 395 2688 466 homo,
2715 400 3036 454 subsistere.
3057 397 3286 467 Propter
3308 395 3456 466 quod
3487 405 3545 451 et
3569 395 3733 452 David

2157 486 2515 543 fraternitatis
2540 505 2803 552 amorem,
2837 505 3110 546 summum
3144 490 3391 543 omnium
3447 490 3732 545 mandato-

2158 593 2277 632 rum
2312 580 2499 634 voleus
2524 582 2835 644 ostendere,
2873 589 3156 652 unguento
3181 579 3348 644 hunc,
3389 594 3422 633 a
3453 580 3627 650 capite
3679 582 3732 634 in

2157 669 2351 724 barbas
2374 673 2745 736 descendenti,
2770 673 3107 742 comparavit
3132 670 3248 725 :sic
3270 671 3416 724 enim
3445 671 3520 724 ait
3551 688 3564 725 :
3600 669 3734 724 Ecce

2157 757 2315 831 quam
2365 763 2556 816 bonum
2615 775 2663 817 et
2697 781 2853 835 quam
2902 763 3197 834 jucundum
3247 763 3488 815 habitare
3547 763 3734 830 fratres

2157 854 2212 906 in
2241 869 2429 908 unum.
2465 852 2614 908 Sicut
2647 865 2965 925 unguentum
3003 855 3059 906 in
3097 853 3288 922 capite,
3332 853 3472 922 quod
3519 853 3732 906 descen-

2157 947 2232 999 dit
2262 947 2315 998 in
2336 945 2581 1010 barbam,
2606 947 2820 1000 barbam
2843 946 3101 1000 Aaron“.
3138 944 3367 1010 Quando
3398 959 3526 1014 ergo
3553 959 3736 998 errare

2158 1040 2411 1107 cuiquam
2453 1038 2508 1092 in
2540 1037 2825 1092 divinitate
2872 1035 3158 1107 contingit,
3182 1034 3449 1088 maculam
3469 1034 3630 1104 Ieprte
3679 1035 3736 1088 in

2159 1130 2321 1183 barba
2382 1131 2519 1183 etin
2554 1129 2731 1198 capite
2758 1128 2942 1191 habet,
2974 1126 3120 1182 hunc
3159 1126 3418 1180 sacerdos
3457 1125 3733 1194 inspiciat,

2157 1229 2210 1274 et
2245 1220 2289 1274 si
2321 1219 2519 1275 viderit
2569 1220 2913 1274 humiliorem
2954 1219 3133 1273 locum
3189 1233 3355 1272 carne
3399 1217 3630 1286 rvliqua,
3679 1227 3734 1271 et

2159 1312 2493 1366 miseriorem
2534 1313 3012 1382 praesumptionem
3048 1325 3116 1365 ex
3142 1308 3482 1379 blasphemia
3511 1309 3734 1363 factam.

2159 1402 2444 1468 Quomodo
2468 1413 2650 1456 autem
2679 1402 2785 1458 hoc
2807 1405 2898 1467 sit,
2934 1402 2986 1456 id
3013 1411 3096 1455 est
3122 1420 3135 1455 :

2231 1494 2290 1550 Si
2317 1496 2454 1566 pilus
2502 1497 2692 1566 flavus,
2729 1493 2983 1564 solitoque
3019 1493 3260 1546 subtilior
3301 1491 3481 1562 fuerit.
3524 1489 3582 1543 Id
3628 1498 3730 1555 est,

2161 1587 2258 1641 etsi
2285 1603 2393 1641 non
2420 1587 2602 1652 nimis,
2623 1587 2688 1640 ad
2715 1586 2986 1640 modicum
3013 1593 3190 1637 tamen
3227 1583 3472 1636 animum
3497 1582 3562 1636 ad
3594 1583 3736 1636 blas-

2163 1679 2432 1748 phemiam
2463 1678 2720 1732 intendit.
2765 1675 2878 1730 Hoc
2903 1677 3049 1729 enim
3099 1674 3352 1728 subtilem
3393 1689 3516 1728 esse
3541 1673 3730 1744 pilum,

2159 1781 2214 1825 ct
2240 1785 2415 1838 neque
2443 1769 2711 1833 elllorere,
2737 1769 2833 1826 sed
2860 1767 3151 1821 ﬂavescere
3175 1766 3440 1820 ostendit.

2229 1861 2620 1916 Contaminabit
2650 1877 2734 1914 eos
2759 1859 3026 1914 sacerdos.
3046 1858 3227 1924 Quare
3252 1858 3274 1910 ?
3303 1857 3440 1921 Quia
3471 1861 3614 1927 lepra
3643 1874 3734 1911 co-

2158 1953 2300 2020 pitis,
2336 1968 2399 2004 ac
2429 1951 2604 2004 barba:
2623 1959 2719 2003 est.
2758 1949 2855 2003 Vel
2883 1949 3022 2004 sicut
3047 1945 3187 2001 LXX
3210 1947 3401 2012 edunt,
3427 1952 3614 2001 uulnus
3635 1965 3729 2002 εει.

2164 2041 2493 2096 Vulneratus
2518 2042 2663 2094 enim
2705 2055 2734 2094 a
2784 2039 2997 2094 diabolo
3041 2047 3096 2092 et
3141 2037 3378 2100 collisus,
3405 2038 3470 2090 ad
3523 2047 3729 2090 tantam

2158 2134 2407 2203 pervenit
2432 2133 2786 2202 impietatem,
2811 2131 2937 2198 quia
2967 2145 3110 2198 saepe
3132 2128 3393 2198 contingit
3416 2129 3728 2198 quempiam

2158 2231 2346 2277 contra
2375 2223 2708 2276 voluntatem
2729 2235 2882 2274 suam
2914 2219 3060 2288 loqui
3090 2219 3276 2289 impia.

2225 2313 2284 2368 Si
2312 2314 2498 2367 viderit
2521 2313 2689 2366 locum
2717 2312 2939 2365 macula:
2963 2314 3220 2381 aqualem
3262 2312 3447 2368 uicina:
3479 2313 3649 2378 carni,
3688 2323 3737 2366 et

2157 2406 2405 2474 capillum
2437 2407 2663 2476 nigrum.
2688 2404 2759 2459 Ut
2791 2419 2900 2458 non
2929 2404 3191 2460 exuberet
3211 2404 3336 2470 hoc,
3369 2405 3512 2473 quod
3537 2421 3602 2460 ex
3629 2406 3739 2460 dia-

2156 2499 2330 2553 bolica
2360 2499 2672 2568 operatione
2699 2499 2898 2552 animae
2923 2507 3005 2551 est
3024 2498 3218 2551 vulnus
3244 2496 3529 2563 inﬂictum,
3559 2497 3610 2551 id
3631 2506 3736 2564 est,

2156 2590 2408 2660 impietas
2430 2590 2765 2659 dogmatum.

2217 2681 2476 2735 Recludet
2504 2697 2589 2735 eos
2607 2691 2800 2749 septem
2833 2683 2943 2736 dies
2965 2682 3229 2736 sacerdos.
3255 2678 3376 2735 Non
3423 2696 3525 2750 pro
3573 2695 3738 2750 paena

2157 2780 2389 2839 tantum,
2419 2783 2680 2842 quantum
2709 2773 2969 2828 districtus
3003 2773 3342 2843 probationis
3365 2787 3551 2834 causa,
3601 2781 3741 2826 tem-

2155 2879 2258 2934 pus
2295 2864 2442 2918 enim
2459 2865 2713 2919 omnibus
2737 2864 2976 2935 quidem,
3007 2864 3306 2919 districtius
3337 2874 3515 2918 tamen
3549 2864 3604 2917 in
3633 2863 3739 2926 his,

474 2960 559 3014 vel
587 2959 754 3013 barba
804 2956 1123 3027 germinarit
1153 2955 1324 3025 lepra,
1374 2951 1578 3008 videbit
1627 2965 1722 3006 eos
1765 2948 2048 3002 sacerdos:

2157 2973 2386 3029 quorum
2422 2956 2605 3028 lingua
2640 2957 2784 3012 circa
2825 2958 3164 3012 divinitatem
3191 2966 3367 3022 vacat,
3415 2958 3742 3010 intuendum

475 3060 531 3105 et
557 3050 601 3105 si
629 3048 851 3118 quidem
882 3047 1143 3102 humilior
1175 3045 1342 3099 fuerit
1393 3045 1546 3099 locus
1578 3055 1741 3097 carne
1769 3039 1977 3109 reliqua
2001 3046 2056 3092 et

475 3140 702 3211 capillus
722 3138 914 3202 ﬂavus,
936 3137 1207 3206 solitoque
1226 3135 1495 3200 subtilior,
1516 3129 1911 3188 contaminabit
1937 3142 2053 3190 eos,

474 3234 598 3302 quia
628 3232 778 3302 lepra
827 3230 1020 3301 capitis
1052 3245 1118 3286 ac
1162 3228 1344 3284 barbae
1384 3234 1488 3281 est.
1524 3224 1581 3278 Si
1616 3231 1800 3277 autem
1857 3218 2057 3275 viderit

476 3327 654 3379 locum
697 3323 922 3377 maculae
955 3321 1220 3390 aequalem
1262 3320 1454 3375 vicinae
1501 3316 1675 3382 carni,
1715 3322 1772 3370 et
1799 3312 2054 3384 capillum

477 3417 713 3488 nigrum,
743 3413 986 3468 recludet
1022 3420 1230 3482 septem
1261 3411 1472 3471 diebus,
1510 3418 1567 3464 et
1588 3409 1676 3464 die
1703 3406 1934 3476 septima
1974 3405 2056 3458 in-

478 3508 737 3562 tuebitur.
781 3505 834 3558 Si
870 3519 980 3557 non
1036 3502 1270 3558 creverit
1308 3499 1542 3564 macula,
1591 3507 1648 3553 et
1698 3495 1925 3567 capillus
1971 3494 2055 3549 sui

473 3598 674 3653 coloris
706 3607 808 3662 est,
836 3606 892 3650 et
937 3597 1090 3650 locus
1139 3594 1309 3664 plagae
1338 3590 1490 3646 carni
1540 3590 1762 3659 reliquae
1809 3585 2054 3656 aequalis,

477 3690 696 3744 radetur
759 3689 924 3743 homo
981 3689 1188 3757 absque
1245 3686 1367 3741 loco
1428 3684 1691 3748 maculat,
1751 3681 2058 3736 includetur

476 3790 683 3850 septem
705 3780 897 3835 diebus
919 3780 1056 3834 aliis.
1088 3779 1143 3833 Si
1171 3778 1238 3834 de
1259 3775 1492 3846 septimo
1517 3774 1633 3828 visa
1651 3773 1814 3828 fuerit
1843 3771 2057 3826 stetisse

476 3874 627 3942 plaga
683 3871 736 3924 iu
785 3870 906 3925 loco
962 3885 1102 3932 suo,
1152 3883 1257 3925 nec
1296 3865 1557 3920 humilior
1607 3877 1774 3918 carne
1823 3861 2044 3930 reliqua,

476 3964 761 4018 mundabit
782 3978 931 4025 eum,
965 3962 1200 4031 latisque
1231 3960 1494 4024 vestibus,
1531 3955 1770 4012 mundus
1803 3955 1929 4010 erit.
1959 3972 1977 4002 ι

545 4051 663 4107 Non
693 4055 761 4108 de
792 4053 1127 4124 quibuslibet
1149 4051 1260 4116 hic,
1289 4050 1386 4107 sed
1414 4048 1740 4108 necessariis
1772 4046 1878 4100 hoc
1903 4059 2056 4100 man-

474 4147 660 4200 datum
708 4147 790 4200 lex
845 4145 1013 4206 dedit.
1051 4143 1239 4214 Neque
1285 4141 1434 4200 enim
1478 4141 1546 4197 de
1585 4140 1714 4194 solis
1753 4137 2056 4195 actionibus

472 4239 546 4303 ei,
578 4239 672 4294 sed
703 4240 846 4293 etde
881 4235 1079 4292 futuris
1107 4235 1309 4292 divinis
1350 4233 1694 4304 dogmatibus
1727 4230 2052 4304 pertinebat.

2156 3058 2257 3104 est.
2309 3048 2514 3104 Deinde
2566 3048 2836 3120 quomodo
2889 3058 3014 3120 post
3061 3049 3425 3103 reclusionem
3479 3048 3745 3118 iudicati

2153 3141 2486 3195 Admiranda
2508 3151 2592 3195 est
2615 3141 2902 3206 districtio,
2946 3156 3112 3210 quam
3135 3153 3325 3197 contra
3373 3156 3469 3196 eos
3497 3142 3590 3209 qui
3645 3143 3746 3195 ini-

2156 3231 2241 3301 pie
2279 3231 2334 3284 in
2385 3231 2729 3301 dogmatibus
2781 3241 2968 3300 agunt,
3022 3243 3222 3287 servat.
3261 3232 3318 3286 Si
3348 3248 3456 3286 non
3505 3238 3747 3288 creverit

2155 3323 2384 3389 macula,
2406 3322 2659 3378 videlicet
2681 3323 2954 3392 impietas,
2975 3332 3030 3378 et
3056 3325 3285 3394 capillus
3311 3326 3394 3378 sui
3412 3326 3613 3380 coloris
3642 3337 3742 3390 est,

2154 3414 2208 3468 id
2243 3425 2345 3480 est,
2376 3431 2480 3470 nec
2497 3416 2726 3485 capillus
2757 3415 2928 3471 ﬂavus
2952 3417 3006 3471 in
3031 3432 3095 3471 ea
3122 3427 3226 3482 est,
3256 3433 3381 3472 cum
3410 3434 3518 3472 non
3565 3421 3746 3488 possit

2155 3506 2409 3577 cogitatio
2475 3515 2699 3577 propter
2756 3507 3179 3577 negotiationem
3234 3506 3509 3577 cognosci,
3556 3517 3746 3562 utrum

2155 3608 2367 3667 sponte,
2395 3609 2490 3654 aut
2518 3598 2720 3652 invitus
2743 3599 2909 3668 impie
2930 3600 3125 3670 egerit,
3160 3599 3464 3669 tuncjubct
3495 3600 3614 3652 radi
3647 3601 3748 3654 lio-

2155 3688 2356 3743 minem
2385 3689 2593 3758 absque
2620 3689 2738 3745 loco
2768 3690 3015 3746 maculae.
3046 3691 3248 3761 Aperte
3277 3705 3406 3760 ergo
3453 3690 3576 3744 talia
3625 3690 3744 3744 radi

2156 3781 2414 3851 praecepit
2437 3782 2623 3847 verba,
2649 3791 2704 3836 et
2735 3782 3006 3852 castigari,
3032 3781 3077 3834 si
3126 3781 3311 3835 forsan
3339 3798 3403 3834 ex
3443 3781 3524 3834 eis
3582 3797 3745 3836 com-

2156 3871 2419 3940 prehendi
2444 3871 2638 3941 possit,
2671 3880 2853 3926 utrum
2879 3886 2976 3940 per
3005 3871 3413 3940 subreptioncm
3440 3871 3580 3925 sicut
3610 3887 3745 3926 eve-

2156 3963 2275 4018 nire
2305 3963 2618 4034 l‘requenter
2667 3963 2826 4028 solet,
2869 3977 2940 4016 an
2986 3962 3251 4016 malevole
3283 3963 3352 4017 de
3391 3962 3504 4016 Deo
3565 3962 3742 4031 impia

2155 4053 2224 4106 sit
2255 4052 2488 4108 locutus.
2521 4051 2733 4108 Vulnus
2759 4062 2940 4107 autem
2983 4053 3266 4121 antiquum
3314 4067 3428 4105 non
3472 4051 3748 4121 praecepit

2155 4141 2293 4207 radi,
2329 4142 2454 4211 quia
2477 4144 2701 4196 verbum
2755 4145 2813 4195 in
2841 4156 2950 4211 quo
2987 4140 3340 4210 delinquitur,
3379 4141 3603 4209 quando
3655 4155 3747 4195 sc-

2157 4233 2262 4287 mel
2287 4234 2376 4302 qui
2399 4234 2641 4303 peccavit
2667 4233 2968 4305 negaverit,
3001 4233 3285 4300 dijudicari
3306 4233 3417 4302 jam
3445 4249 3553 4287 non
3573 4248 3747 4303 Opor-

473 4330 710 4386 Omnino
754 4345 882 4400 ergo
919 4336 1297 4398 competenter
1341 4326 1580 4396 loquitur
1599 4366 1613 4390 ,
1655 4323 1894 4394 primum
1931 4322 2053 4391 qni-
2083 4337 2131 4394 ι)
2158 4335 2252 4382 tet.
2280 4328 2413 4393 Quis
2439 4330 2584 4383 enim
2608 4344 2756 4383 reum
2779 4328 3030 4384 videlicet
3057 4329 3286 4397 peccati,
3316 4343 3441 4383 eum
3466 4328 3558 4397 qui
3591 4328 3743 4400 quod

475 4422 597 4476 dem
628 4420 982 4476 districtionis
1011 4421 1154 4485 vitae,
1187 4418 1389 4474 deinde
1422 4432 1611 4472 eorum
1651 4431 1773 4486 qua:
1810 4415 1881 4470 ad
1921 4414 2058 4482 dog-

475 4529 563 4568 nia
590 4513 870 4582 pertinent
905 4512 1225 4582 diligentem
1259 4525 1447 4566 curam
1485 4523 1700 4579 gerens.
1732 4507 1928 4578 Legem
1961 4523 2061 4562 au—

476 4616 584 4662 tem
613 4604 786 4675 ponit,
808 4620 921 4660 non
943 4605 1057 4675 jam
1114 4602 1425 4674 specialiter
1476 4599 1683 4656 homini
1731 4598 1914 4664 alicui,
1959 4597 2058 4653 sed

472 4698 602 4767 quid
633 4697 708 4752 ait
737 4698 760 4750 ?

550 4791 635 4865 Vit;
669 4791 776 4844 sine
832 4788 1039 4844 mulier.
1071 4786 1420 4856 Distinguens
1458 4782 1675 4855 planius
1721 4780 1850 4851 quid
1893 4793 2056 4849 opor-

475 4893 586 4938 teat
625 4880 1184 4953 iutelligihomiuem.
1249 4877 1360 4936 Cur
1397 4887 1582 4932 autem
1641 4875 1746 4935 hac
1792 4873 2054 4943 explana-

473 4972 622 5027 tione
656 4973 710 5028 in
741 4971 848 5026 hoc
886 4969 1077 5040 eguit?
1115 4968 1190 5024 Ut
1222 4967 1478 5030 videlicet
1529 4981 1641 5021 non
1679 4965 2055 5034 ignosceretur

471 5064 706 5129 mulieri,
745 5077 869 5117 cum
898 5062 1116 5118 inﬂrma
1160 5070 1407 5131 putatur.
1446 5075 1568 5129 qua:
1608 5065 1796 5128 peccat
1833 5057 1884 5110 in
1922 5056 2055 5127 dog-

473 5163 638 5208 mate.
675 5153 793 5208 Hoc
832 5169 963 5224 ergo
1015 5161 1297 5224 peccatum
1342 5152 1546 5220 lepram
1589 5150 1645 5205 in
1680 5148 1880 5218 capite,
1915 5156 1968 5202 et
1999 5145 2057 5200 in

472 5243 640 5299 barba
669 5254 958 5315 propterea
991 5245 1248 5316 appellat,
1278 5242 1406 5313 quia
1430 5243 1546 5298 haec
1578 5251 1708 5298 sunt
1732 5241 2055 5313 pretiosiora

470 5340 644 5394 nostri
676 5339 942 5409 corporis,
975 5349 1031 5396 et
1051 5354 1118 5394 cx
1155 5338 1258 5394 hoc
1279 5335 1538 5399 ostendit,
1563 5351 1677 5392 non
1707 5335 1852 5390 circa
1901 5349 2053 5404 quae-

472 5429 605 5484 libet
626 5429 958 5500 impietatem
981 5431 1292 5500 dogmatum
1319 5425 1624 5498 provenire.
1646 5424 1737 5478 sed
1757 5440 1880 5494 erga
1903 5423 2054 5477 valde

543 5633 606 5668 ιδ’
641 5635 740 5689 lsa.
790 5649 943 5697 xxvi,
993 5632 1073 5685 ιι.
1152 5632 1193 5665 ⁸³
1230 5631 1396 5687 Hebr.
1425 5649 1500 5698 VI,
1532 5633 1584 5698 7,
1609 5630 1662 5685 8.

1762 5627 1802 5660 "
1830 5627 1969 5682 I‘sal.
2004 5641 2202 5693 cum,
2247 5627 2296 5693 l,
2327 5625 2380 5678 Ξ.

2159 4420 2446 4476 confessus
2469 4430 2551 4476 est
2573 4421 2778 4492 lingua,
2807 4421 3086 4476 voluntate
3123 4435 3183 4476 se
3210 4421 3504 4491 protulisse
3553 4430 3744 4492 negat.

2159 4512 2388 4578 Quando
2409 4521 2590 4566 autem
2619 4512 2688 4566 de
2724 4528 2790 4566 eo
2824 4514 2901 4567 sic
2926 4512 3200 4582 judicans,
3225 4528 3336 4567 non
3371 4516 3746 4584 comprehen-

2159 4603 2301 4658 derit
2329 4604 2567 4657 crevisse
2593 4603 2880 4667 maculam,
2911 4618 3014 4659 nec
3054 4603 3328 4658 dilata-tam
3365 4603 3420 4657 in
3454 4620 3521 4659 eo
3579 4606 3744 4661 vide-

2159 4694 2232 4748 rit
2299 4694 2632 4763 impietatem
2672 4712 2686 4747 ε
2727 4695 2985 4764 quoniam
3031 4695 3449 4765 blasphemans,
3511 4698 3747 4751 omnino

2161 4783 2352 4852 polluit
2381 4783 2572 4838 stolam
2613 4784 2972 4854 baptismatis,
3006 4793 3153 4839 recte
3175 4800 3299 4839 eum
3345 4785 3608 4854 praecepit
3643 4801 3748 4855 per

2158 4875 2530 4944 pmnitentiam
2575 4875 2758 4930 lavare
2800 4875 3161 4939 vestimenta,
3223 4885 3280 4928 et
3324 4886 3454 4929 tunc
3497 4877 3748 4932 mundus

2156 4968 2300 5022 erit:
2357 4967 2484 5036 quia
2528 4967 2706 5022 omnis
2735 4967 2988 5037 impietas
3015 4983 3112 5037 per
3158 4968 3418 5022 mundam
3463 4970 3748 5038 paeniten-

2158 5060 2286 5114 tiam
2318 5059 2630 5113 mundatur.
2661 5060 3050 5115 Verumtamen.
3077 5058 3163 5113 hic
3197 5060 3240 5114 si
3271 5061 3539 5130 praedicto
3569 5077 3746 5115 mun-

2160 5153 2319 5208 datus
2344 5154 2524 5218 modo,
2550 5152 2715 5223 impia
2738 5150 3162 5207 rursuslocutus
3192 5150 3354 5205 fuerit
3374 5192 3388 5215 ,
3417 5167 3525 5206 non
3564 5151 3748 5221 inspi-

2161 5245 2269 5300 ciet
2306 5245 2560 5300 sacerdos
2586 5245 2653 5298 de
2701 5243 2814 5313 pilo
2853 5241 3014 5308 ﬂavo,
3049 5257 3162 5296 non
3208 5243 3488 5312 quaeritur,
3535 5243 3746 5312 inquit,

2161 5351 2270 5405 quo
2291 5335 2472 5389 animo
2500 5335 2662 5404 impia
2693 5335 2904 5389 locutus
2930 5333 3020 5399 sit,
3059 5333 3154 5388 sed
3181 5332 3307 5402 quia
3335 5334 3388 5388 in
3421 5348 3484 5388 ea
3515 5333 3584 5386 de
3616 5331 3748 5400 qui-

2163 5424 2265 5478 bus
2298 5423 2572 5494 paenituit,
2625 5423 2840 5489 recidit,
2875 5421 3217 5478 immundum
3261 5437 3384 5477 eum
3426 5429 3571 5476 recte
3619 5433 3750 5474 esse

3288 5688 3362 5704 Uo-
