4076 6188
398 230 506 309 913

1531 251 2083 327 IXLEHTICUM.
2115 282 2182 292 ο-
2221 259 2366 317 LIB.
2410 259 2506 319 Ν.

3545 254 3653 318 926

390 356 618 425 iudicat.
646 356 703 411 Si
746 375 853 413 non
886 359 1117 430 capillus
1154 361 1307 433 niger
1339 362 1520 428 fuerit,
1548 365 1595 418 id
1630 377 1731 428 est,
1766 366 1810 421 si
1861 383 1967 422 non
2000 370 2045 427 Α
2142 366 2621 423 Reminisccndum
2676 377 2780 434 est,
2816 370 2937 439 quia
2969 369 3192 438 capillus
3223 383 3324 438 pro
3364 365 3653 437 cogitatio—

393 448 585 517 lugens
612 452 931 518 apparuerit
961 452 1292 522 impietatem
1319 471 1331 507 :
1356 454 1546 524 lugens
1577 464 1706 508 vero
1742 472 1849 510 non
1880 472 1970 511 so-

388 539 499 593 lum
532 540 736 605 habitu,
766 542 860 596 sed
881 551 935 597 ct
955 529 1138 597 animo
1192 552 1246 598 et
1272 544 1723 614 cogitationibus:
1756 546 1969 614 nigrant

391 637 624 699 namque
657 646 880 687 manere
926 633 1223 703 lugentium
1254 644 1336 689 est
1374 637 1671 705 proprium.
1703 636 1967 702 Quoniam

389 726 572 773 autem
597 720 911 775 interiorem
930 723 1206 778 hominem
1224 734 1437 793 oportet
1457 725 1640 796 lugere
1670 728 1964 796 peccantis,

388 822 551 876 quem
570 812 928 880 cogitatibnes
946 823 1270 882 contegunt,
1293 825 1439 870 recte
1454 816 1575 885 ejus
1591 817 1967 885 paenitentiam

386 912 485 967 per
512 901 679 970 pilum
707 904 920 973 nigrum
942 904 1280 974 significavit.
1314 904 1539 974 Propter
1558 906 1699 973 quod
1730 905 1983 961 Ecclesia

387 989 482 1045 Del
509 992 792 1047 servitium
830 994 1061 1065 diligens
1090 996 1143 1048 in
1182 995 1429 1049 luctuosa
1456 996 1593 1050 stola
1629 996 1965 1065 paenitentia:

384 1079 674 1134 decoratur
699 1097 711 1133 :
737 1089 792 1135 et
822 1081 945 1134 ideo
973 1080 1265 1137 formosam
1291 1097 1370 1148 se,
1397 1084 1520 1153 quia
1561 1084 1714 1154 nigra
1752 1092 1855 1151 est,
1876 1085 1965 1140 di-

382 1169 476 1233 cit,
505 1171 646 1225 sicut
686 1172 920 1237 legitur:
953 1172 1124 1244 Nigra
1153 1190 1291 1237 sum,
1326 1176 1415 1229 sed
1464 1177 1692 1245 formosa
1721 1177 1835 1246 [ilia
1873 1177 1964 1231 Je-

382 1259 612 1313 rusalem
648 1261 723 1323 n;
758 1261 810 1314 id
840 1271 941 1327 est,
971 1263 1095 1331 quia
1136 1264 1191 1318 in
1222 1265 1540 1334 paenitendo
1561 1266 1695 1320 stola
1725 1280 1845 1320 sum
1875 1267 1962 1320 lu-

380 1359 502 1406 ctus
531 1352 737 1406 induta.
763 1351 854 1407 Sic
879 1368 1010 1424 ergo
1035 1371 1160 1409 eum
1186 1357 1277 1426 qui
1317 1356 1694 1426 paenitentiam
1735 1358 1844 1429 agit
1873 1370 1961 1413 sa-

380 1444 572 1499 cerdos
598 1447 842 1512 mundat,
867 1449 1082 1517 quoties
1111 1449 1160 1503 ei
1202 1450 1307 1504 hoc
1338 1450 1562 1505 evenire
1588 1453 1955 1520 conspexerit.

379 1533 485 1587 Sed
536 1535 868 1593 sull‘icienter
907 1540 974 1594 de
1005 1540 1091 1594 bis
1140 1556 1262 1610 quae
1305 1541 1360 1595 in
1386 1539 1496 1596 Deo
1520 1524 1952 1605 commitiuutur,

377 1624 762 1694 impietatibus,
790 1639 897 1684 tam
926 1648 993 1687 ex
1024 1631 1302 1687 voluntate
1335 1647 1497 1702 quam
1526 1647 1594 1687 ex
1624 1633 1948 1705 ignorantia,

374 1718 610 1785 locutus,
660 1721 726 1775 ad
770 1720 875 1776 alia
942 1722 1164 1778 vulnera
1228 1723 1590 1780 moderatiora
1639 1740 1950 1782 sermonem

378 1808 563 1862 vertit.

446 1895 702 1963 Vens.58,
726 1900 813 1956 59.
841 1921 860 1954 ι
885 1902 982 1957 Vir
999 1912 1055 1959 et
1099 1904 1294 1960 mulier
1339 1906 1395 1962 in
1424 1906 1582 1979 cuius
1602 1915 1726 1965 cute
1748 1909 1954 1966 candor

373 1990 708 2057 apparuerit,
749 1990 1050 2048 intuebitur
1085 2008 1181 2050 eos
1211 1996 1465 2052 sacerdos
1499 2016 1516 2051 ς
1550 1998 1595 2054 si
1641 1998 1950 2069 deprehen-

374 2080 517 2134 derit
563 2082 957 2138 subobscuram
1004 2086 1245 2142 alborem
1284 2088 1468 2145 lucere
1516 2090 1573 2144 in
1630 2098 1776 2157 cute,
1818 2091 1954 2147 sciat

375 2183 483 2222 non
514 2184 633 2225 esse
669 2172 896 2240 lepram,
934 2175 1032 2229 sed
1073 2178 1340 2233 maculam
1381 2180 1579 2235 coloris
1619 2181 1856 2247 candidi,
1898 2192 1953 2238 et

377 2256 653 2312 hominem
682 2261 967 2317 mundum.
1006 2282 1026 2316 ι

443 2345 564 2402 Jam
591 2358 646 2404 et
672 2366 775 2406 nos
803 2352 946 2408 sicut
979 2355 1148 2409 David
1192 2357 1419 2413 studiosi
1447 2360 1500 2414 in
1530 2360 1664 2433 legis
1700 2363 1948 2430 scientia,

373 2452 499 2492 cum
527 2454 594 2494 eo
631 2441 874 2498 dicamus
905 2462 920 2499 :
951 2444 1071 2499 Non
1105 2448 1226 2518 fecit
1252 2449 1429 2505 (aliter
1470 2454 1611 2507 omni
1637 2456 1861 2522 nationi,
1900 2465 1952 2511 ct

363 2528 575 2599 judicia
602 2546 700 2585 sua
734 2548 838 2587 non
870 2537 1224 2607 nianifestavit
1267 2541 1375 2595 illis
1406 2543 1469 2596 ".
1521 2545 1657 2599 Cum
1714 2547 1948 2602 maxima

370 2619 716 2676 districtione
754 2625 1007 2693 superius
1030 2627 1085 2680 in
1115 2628 1316 2684 divinis
1359 2631 1720 2703 dogmatibus,
1755 2643 1812 2691 et
1851 2651 1949 2693 eo-

370 2723 490 2761 rum
528 2712 1038 2778 pmvaricatoribas
1082 2733 1213 2773 usus
1266 2719 1478 2785 fuisset,
1516 2740 1666 2780 nunc
1719 2727 1847 2796 quia
1879 2728 1948 2783 de

368 2797 474 2852 illis
502 2798 646 2869 loqui
695 2805 988 2873 supplevit,
1018 2817 1166 2863 recte
1212 2825 1324 2865 suae
1359 2816 1733 2870 austeritatem
1781 2819 1947 2889 depo-

366 2886 479 2942 suit
503 2888 878 2957 districtionis,
904 2902 962 2947 et
989 2894 1058 2949 de
1093 2895 1198 2959 his,
1225 2908 1344 2965 quae
1378 2910 1508 2953 sunt
1534 2886 1949 2959 secundum'le-

2072 457 2234 512 nibus
2253 458 2619 513 intelleximus
2646 477 2659 513 :
2683 474 2881 513 ornare
2941 459 3143 528 quippe
3166 466 3329 527 caput
3372 473 3438 511 ac
3468 465 3654 527 tegere

2072 547 2350 602 constituti
2373 558 2519 614 sunt,
2561 550 2702 604 sicut
2729 549 3083 620 cogitationes
3112 557 3367 602 mentem.
3407 547 3526 602 Non
3552 562 3652 600 aa-

2071 644 2180 690 tem
2208 638 2543 694 inordinatas
2561 639 2919 711 cogitationes
2943 639 3273 694 deducamus
3297 638 3362 692 ad
3387 637 3649 703 medium,

2069 726 2193 794 quia
2223 734 2278 779 et
2302 727 2629 795 capillorum
2678 727 3062 797 incompositio
3093 722 3392 780 fceditatem
3421 740 3522 794 pro
3554 742 3651 779 or-

2068 808 2197 870 natu
2242 817 2464 885 praebet.
2514 817 2761 887 insuper,
2822 816 3279 888 quemadmodum
3330 816 3649 886 capillorum

2066 907 2288 976 quidam
2318 906 2597 970 decidunt,
2625 909 2716 963 alii
2756 917 2938 965 autem
2976 915 3356 969 renascuntur,
3389 908 3649 978 nulloque

2069 1006 2312 1066 tempore
2344 997 2495 1053 nasci
2532 1011 2749 1053 cessant
2769 1040 2783 1061 ,
2827 999 2909 1053 sic
2942 1008 2998 1054 et
3028 998 3116 1054 his
3169 1013 3292 1068 quae
3321 1004 3449 1053 sunt
3478 998 3531 1052 in
3563 1000 3649 1056 his

2065 1084 2485 1155 cogitationibus
2512 1087 2908 1151 decidentibus,
2939 1088 3058 1142 alia-
3088 1098 3472 1144 renascuntur.
3506 1088 3650 1161 Ergo

2065 1175 2156 1231 hic
2232 1177 2446 1231 calvum
2501 1178 2739 1248 appellat
2796 1179 3097 1249 simplicem
3159 1179 3463 1245 hominem,
3533 1197 3644 1237 non

2062 1280 2186 1324 eum
2238 1269 2331 1342 qui
2385 1271 2611 1325 omnino
2658 1270 2923 1340 insipiens
2978 1281 3084 1337 est,
3140 1280 3236 1327 aut
3283 1273 3640 1329 irrationalis.

2061 1358 2195 1425 Quis
2219 1360 2367 1415 enim
2402 1369 2485 1416 est
2514 1362 2697 1427 homo,
2716 1362 2817 1431 qui
2843 1377 2953 1417 non
2979 1363 3226 1433 capillos,
3258 1363 3388 1419 licet
3413 1379 3640 1434 paucos,

2060 1451 2115 1505 in
2164 1446 2342 1521 capite
2372 1453 2608 1507 habeat?
2639 1452 2796 1509 lianc
2817 1464 2947 1525 ergo
2976 1454 3257 1519 describit,
3288 1455 3382 1524 qui
3436 1457 3640 1526 cogita-

2059 1541 2237 1597 tiones
2259 1554 2460 1613 paucas
2487 1558 2597 1614 pra).
2626 1544 2973 1614 simplicitate
3005 1544 3163 1615 gerit,
3199 1558 3433 1614 eumque
3479 1560 3642 1599 mun-

2059 1633 2186 1688 dum
2235 1644 2384 1690 recte
2430 1650 2555 1691 esse
2588 1636 2847 1706 praecepit
2880 1654 2895 1689 :
2927 1637 3007 1691 sic
3054 1636 3256 1706 quippe
3300 1638 3350 1692 ei
3404 1637 3639 1692 inditum

2053 1733 2138 1779 est
2161 1735 2308 1780 sorte
2343 1733 2573 1792 natum,
2611 1727 2756 1782 unde
2802 1742 2926 1781 cum
2958 1735 3016 1782 et
3048 1727 3314 1783 columbae
3360 1736 3640 1798 comparat

2055 1815 2334 1872 Dominus.
2370 1816 2549 1883 Quare
2574 1826 2756 1874 autem
2782 1820 2949 1889 hujus
2979 1834 3269 1889 personam
3311 1820 3535 1874 omnino
3581 1822 3633 1874 in

2050 1906 2387 1962 dubietatem
2435 1908 2711 1979 legislator
2765 1910 3037 1966 adduxit?
3090 1909 3231 1977 Quia
3303 1912 3503 1968 melius
3552 1921 3637 1967 est

2050 2010 2175 2052 cum
2234 1998 2548 2054 innocentia
2589 2000 2792 2056 habere
2840 2002 3004 2057 etiam
3061 2003 3432 2073 prudentiam,
3481 2004 3628 2073 quod

2050 2089 2399 2145 manifestum
2430 2098 2514 2146 est
2542 2105 2608 2147 ex
2639 2093 2723 2148 bis
2744 2109 2866 2163 qua:
2891 2092 3152 2149 Dominus
3174 2095 3427 2150 dicebat:
3454 2094 3634 2149 Estote

2048 2182 2311 2250 sapientes
2336 2183 2471 2237 sicut
2488 2194 2770 2254 serpentes,
2793 2194 2842 2239 et
2859 2188 2905 2240 si
2911 2186 3122 2256 mpliees
3138 2188 3276 2241 sicut
3289 2186 3546 2243 columba:
3560 2188 3629 2241 “.

2050 2273 2159 2329 Sed
2197 2274 2322 2330 licet
2380 2276 2483 2330 hoc
2538 2277 2805 2333 laudabile
2842 2278 2932 2342 sit,
2970 2279 3101 2333 illud
3135 2288 3320 2334 tamen
3366 2294 3630 2334 accusau-

2049 2367 2178 2422 dum
2206 2382 2318 2422 non
2358 2377 2460 2425 est.
2491 2368 2956 2434 Quemadmodum
2988 2371 3133 2424 enim
3175 2371 3434 2426 mundum
3482 2372 3632 2426 testi-

2050 2466 2163 2512 mat
2195 2473 2319 2513 eum
2347 2457 2439 2528 qui
2465 2474 2531 2512 ex
2562 2467 2674 2514 toto
2711 2460 2939 2529 simplex
2972 2468 3076 2526 est,
3106 2461 3186 2516 sic
3210 2469 3266 2517 et
3308 2460 3481 2527 illum,
3536 2466 3628 2532 qui

2048 2562 2116 2603 ex
2136 2558 2290 2618 parte
2326 2558 2429 2616 est,
2453 2551 2691 2605 maxime
2729 2551 2877 2606 hunc
2904 2552 2994 2620 qui
3025 2567 3090 2607 ex
3127 2552 3475 2623 simplicitate
3504 2563 3626 2616 est;

2047 2651 2173 2690 nam
2201 2636 2303 2692 hoc
2332 2637 2739 2710 intelligendum
2764 2648 2847 2695 est
2876 2641 2932 2694 in
2954 2641 3160 2711 capillis
3182 2640 3499 2710 nitentibus,
3526 2644 3630 2701 hoc

2047 2737 2132 2782 est
2153 2730 2554 2785 rarescentibus
2575 2730 2629 2784 in
2654 2730 2852 2798 fronte,
2882 2748 3046 2802 quem
3070 2741 3126 2788 et
3158 2734 3488 2791 calvastrum
3525 2753 3622 2807 ap-

2045 2818 2286 2889 pellavit.
2320 2819 2417 2876 ilic
2448 2829 2627 2876 autem
2653 2821 2832 2892 priore
2855 2823 3098 2880 deterior
3120 2833 3204 2880 est
3234 2844 3248 2880 :
3277 2841 3406 2881 nam
3428 2828 3628 2882 melius

2046 2918 2129 2965 est
2147 2911 2365 2980 quidem
2399 2913 2629 2968 virtutes
2683 2914 3126 2981 abscondere,“
3188 2925 3370 2972 tamen
3422 2918 3624 2990 aliquis

364 2991 485 3046 gem
519 2976 826 3089 Iudaicam,
850 2981 1484 3089 dogmatibus-loquitur,
1526 2998 1584 3089 et
1623 3007 1742 3061 qua:
1785 2993 1842 3047 in
1873 3009 1937 3050 ea
1970 3031 2014 3089 α
2045 2976 2270 3073 gloriam
2312 3018 2501 3059 earum
2531 3005 2743 3075 prodat,
2775 2976 3075 3062 tolerabilis
3104 3010 3285 3079 passio
3316 3019 3422 3076 est,
3450 2976 3626 3066 91..νί-

363 3078 494 3124 sunt
514 3071 721 3141 culpas,
744 3074 1139 3132 subobscuram
1164 3079 1408 3135 alborem
1450 3090 1508 3137 et
1532 3083 1801 3140 lucentem
1823 3099 1946 3142 esse

364 3160 501 3217 dixit
537 3178 553 3228 ;
590 3166 1046 3232 quemadmodum
1080 3185 1209 3240 ergo
1254 3170 1563 3228 cicatricem
1602 3175 1780 3231 albam
1821 3192 1961 3247 esse,

360 3250 603 3307 diximus
641 3260 1123 3327 transgressionem
1155 3262 1342 3332 legalis
1376 3263 1589 3330 littera,
1623 3266 1702 3322 sic
1745 3269 1945 3338 eteius

363 3343 723 3412 ignorantiam
795 3349 1191 3406 subobscuram
1263 3354 1504 3411 alborem
1564 3367 1619 3413 et
1669 3359 1942 3416 lucentem

365 3433 730 3505 intelligamus
768 3438 897 3495 dici.
928 3441 1296 3512 Ignorantiam
1330 3457 1512 3503 autem
1550 3464 1663 3504 non
1695 3453 1943 3508 omnium

362 3538 486 3590 qua
518 3525 667 3590 dicit,
702 3544 805 3583 nec
833 3545 1022 3586 eorum
1047 3549 1169 3602 quae
1199 3539 1506 3594 communia
1537 3556 1660 3596 cum
1694 3543 1809 3614 lege
1836 3561 1937 3600 na—

365 3615 545 3681 turali,
578 3617 661 3672 vel
688 3620 1014 3690 evangelicis
1040 3625 1326 3694 praeceptis
1347 3634 1495 3692 sunt,
1526 3633 1786 3699 possidet.
1828 3635 1938 3689 Ne-

360 3702 469 3771 que
500 3706 644 3759 enim
677 3708 945 3778 ignorare,
972 3710 1092 3766 Non
1134 3714 1370 3782 occides,
1401 3717 1522 3773 Non
1553 3723 1937 3791 mmchaberis,

360 3794 481 3850 Non
515 3796 717 3852 furtum
742 3798 927 3864 iacies,
948 3802 1174 3859 cuilibet
1192 3804 1489 3875 ignoscitur
1518 3813 1647 3867 :sed
1674 3830 1936 3884 quorum.

359 3888 485 3941 dam
513 3888 822 3958 partialium
850 3908 1253 3965 parvorumque
1276 3900 1652 3958 mandatorum
1686 3905 1940 3977 ignoran-

363 3978 455 4044 tia,
484 3980 650 4036 veluti
693 3985 912 4052 quando
951 3998 1167 4056 oportet
1221 3991 1469 4047 mandari
1522 4006 1935 4069 menstruatam,

358 4071 579 4138 quando
630 4074 811 4129 oll‘erri
866 4092 969 4146 pro
1020 4080 1269 4148 pariente
1330 4087 1656 4153 masculum,
1716 4094 1938 4161 quando

356 4162 519 4217 etiam
552 4179 649 4233 pro
687 4181 749 4220 ea
783 4182 904 4237 quae
947 4168 1201 4226 feminam
1244 4177 1477 4244 peperit.
1531 4179 1755 4251 Propter
1791 4186 1937 4253 quod

356 4268 420 4308 ea
444 4255 842 4314 subobscuram
876 4261 1137 4328 alborem,
1172 4274 1360 4334 utpote
1392 4285 1590 4339 parvas
1626 4274 1931 4345 cicatrices,

2045 3095 2166 3150 cina
2189 3096 2383 3151 veniae.
2411 3096 2641 3167 Propter
2665 3098 2809 3168 quod
2840 3099 2946 3155 erit
2969 3101 3228 3168 mundus,
3255 3102 3384 3173 quia
3429 3119 3631 3160 secun-

2042 3182 2173 3239 dum
2191 3183 2406 3252 faciem,
2440 3176 2624 3242 divina
2660 3188 2940 3258 Scriptura
2976 3192 3129 3260 prodi
3161 3193 3412 3260 virtutes,
3436 3203 3496 3250 et
3527 3210 3655 3251 σον·-

2044 3290 2161 3332 ram
2197 3279 2510 3337 hominibus
2541 3295 2638 3352 per
2667 3296 2761 3337 eas
2790 3282 2922 3338 dicit
2976 3287 3182 3341 ornari.
3210 3286 3446 3344 Attende
3470 3281 3626 3346 Ῥευ-

2042 3368 2155 3424 lum
2177 3370 2449 3427 dicentem
2483 3392 2497 3428 :
2538 3373 2619 3428 Ea
2641 3389 2759 3446 quas
2776 3376 3061 3431 secundant
3093 3378 3285 3447 faciem
3316 3391 3459 3448 sunt,
3487 3385 3651 3439 vider

2044 3471 2112 3517 te.
2137 3461 2344 3534 Siquis
2402 3465 2606 3519 videtur
2633 3466 2736 3519 sibi
2778 3465 2971 3522 Christi
3034 3485 3089 3523 se
3121 3476 3246 3533 esse,
3299 3472 3395 3526 hoc
3437 3477 3624 3546 cogitet

2043 3552 2233 3606 iterum
2261 3554 2405 3622 apud
2431 3555 2788 3624 semetipsum,
2829 3558 2953 3628 quia
2985 3558 3121 3613 sicut
3151 3561 3262 3632 ipse
3293 3560 3488 3618 Christi
3524 3578 3621 3630 est,

2042 3646 2119 3698 ita
2152 3642 2205 3699 et
2229 3659 2324 3699 nos
2373 3645 2438 3699 “.
2474 3644 2589 3701 Hoc
2611 3646 2707 3713 ait,
2754 3647 2799 3702 si
2832 3649 3041 3704 nullum
3069 3663 3349 3721 peccaturo
3402 3668 3465 3709 ex
3493 3658 3625 3712 sim-

2040 3736 2283 3807 plicitate
2307 3737 2571 3808 simplicis
2594 3740 2983 3797 committatur.
3017 3743 3072 3798 Si
3103 3754 3284 3799 autem
3318 3747 3457 3802 facta
3504 3749 3623 3802 fne-

2041 3828 2114 3884 rit
2146 3829 2204 3883 in
2237 3828 2459 3886 calvitio
2492 3830 2633 3900 ejus,
2669 3840 2763 3887 aut
2796 3832 2851 3887 in
2900 3836 3178 3890 recalvitio
3212 3838 3421 3891 macula
3473 3840 3620 3905 alba,

2038 3928 2135 3975 aut
2156 3919 2295 3988 rufa,
2330 3920 2480 3992 lepra
2507 3930 2610 3978 est.
2642 3921 2864 3989 Quare?
2896 3925 3032 3991 Quia
3064 3943 3220 3981 nemo
3247 3931 3325 3983 sic
3350 3938 3432 3984 est
3488 3932 3587 3987 sim

2038 4012 2180 4084 plex,
2210 4020 2271 4068 ut
2297 4015 2527 4082 nesciat,
2556 4016 2685 4087 quia
2715 4032 2824 4073 non
2854 4018 3048 4073 debeat
3089 4036 3308 4075 manum
3338 4022 3392 4076 in
3436 4023 3613 4093 ignem

2036 4102 2274 4169 mittere,
2304 4119 2486 4175 neque
2526 4106 2580 4161 in
2620 4106 2905 4178 praecipitii
2939 4109 3225 4166 altitudine
3262 4114 3613 4184 semetipsum

2036 4194 2187 4262 dare,
2211 4209 2391 4267 neque
2417 4196 2569 4253 abuti
2596 4198 2774 4270 gladio
2802 4199 2856 4254 in
2884 4199 3016 4255 locis
3040 4202 3315 4258 vitalibus.
3346 4204 3402 4258 Si
3432 4216 3616 4260 autem

2037 4286 2154 4342 hzec
2171 4286 2295 4353 scit,
2326 4289 2601 4358 quomodo
2628 4304 2741 4345 non
2793 4291 3026 4361 amplius
3088 4295 3253 4361 norit,
3281 4296 3427 4367 quod
3475 4300 3621 4354 occi-

355 4362 574 4458 parvapi
607 4350 730 4452 .iam
775 4365 1167 4455 pnec'eptorum
1214 4360 1572 4429 ignorantiam
1613 4366 1926 4438 habentem,
1966 4368 2012 4425 D
2038 4376 2167 4432 dere
2213 4350 2415 4445 malum
2451 4379 2543 4445 sit,
2579 4379 2724 4450 quod
2778 4350 3067 4436 detrahere
3101 4350 3420 4453 possim-um,
3472 4390 3618 4458 quod

355 4438 679 4506 appellavit;
713 4442 806 4511 qui
855 4459 983 4516 ergo
1018 4449 1138 4504 talis
1196 4460 1279 4505 est
1330 4469 1440 4508 non
1500 4457 1665 4515 habet
1702 4476 1929 4521 necesse

357 4527 602 4622 mandari
632 4547 646 4583 :
678 4546 855 4602 neque
889 4536 1037 4592 enim
1089 4540 1154 4594 ad
1175 4540 1617 4610 jnstilicationem
1657 4553 1931 4622 pertinent

352 4614 681 4685 Judaeorum,
706 4625 800 4679 sed
826 4636 884 4680 ut
928 4642 1313 4701 aggravaretur
1361 4651 1550 4694 eorum
1573 4614 1786 4714 iugum,
1816 4656 1927 4703 tra-

352 4710 463 4763 dita
489 4719 636 4770 sunt.
670 4712 898 4787 Propter
926 4724 1068 4789 quod
1095 4732 1146 4777 et
1178 4724 1318 4782 Deus
1347 4745 1443 4799 per
1481 4710 1801 4804 prophetam
1844 4742 1929 4796 di-

350 4802 546 4856 ccbat:
578 4804 711 4859 Dedi
769 4810 842 4862 cis
888 4827 1146 4883 prwcepla
1182 4834 1284 4871 non
1323 4819 1480 4886 bona,
1528 4802 1591 4878 et
1611 4826 1818 4896 judicia
1875 4834 1931 4887 in

348 4894 535 4963 quibus
565 4913 668 4952 non
697 4899 861 4955 vivent
897 4903 960 4959 ‘9.

425 4981 587 5077 Vens.
620 4987 808 5045 40-45.
847 5011 859 5043 ι
889 4991 982 5048 Vir
1007 4996 1073 5051 dc
1101 4999 1258 5068 cujus
1300 5003 1476 5072 capite
1523 5008 1702 5076 capilli
1732 5008 1931 5077 ﬂuunt,

350 5074 538 5130 calvus
578 5094 642 5133 ac
670 5085 906 5139 innodas
931 5096 1033 5142 est.
1066 5089 1194 5146 Etsi
1222 5108 1256 5147 a
1280 5093 1462 5150 fronte
1492 5074 1793 5156 ceciderint
1814 5074 1929 5171 pili,

352 5166 676 5263 recalvaster
702 5182 758 5228 et
801 5179 1036 5239 mundus
1091 5191 1197 5239 est.
1248 5183 1304 5240 Si
1362 5195 1547 5244 autem
1603 5190 1658 5245 in
1689 5166 1930 5263 calvitio,

350 5255 464 5311 sive
488 5257 544 5313 in
579 5262 857 5322 recalvitio
884 5269 1059 5340 albus,
1083 5274 1169 5328 vel
1214 5276 1367 5334 rufus
1407 5280 1555 5336 color
1582 5282 1745 5340 fuerit
1769 5302 1930 5342 exor-

350 5357 458 5441 tus,
490 5358 545 5404 et
581 5351 685 5409 hoc
715 5361 970 5417 sacerdos
1005 5364 1223 5435 viderit,
1254 5370 1555 5441 inquinabil
1591 5393 1714 5433 eum
1743 5396 1755 5433 :
1785 5380 1927 5436 haud

347 5438 512 5497 dubie
542 5443 690 5516 lepra
729 5459 831 5519 est,
867 5469 987 5523 qua:
1018 5467 1133 5514 orta
1163 5471 1246 5515 est
1276 5438 1591 5521 iui-alvftio.
1621 5492 1640 5521 ι

423 5655 469 5689 ⁸⁷
492 5656 652 5716 Cant.
701 5680 740 5733 ι,
769 5666 826 5723 4.
903 5669 948 5703 ’⁸
978 5671 1122 5727 l'sal.
1156 5692 1356 5746 cum,
1384 5679 1471 5738 20.
1555 5685 1593 5714 ’³
1629 5684 1828 5741 Ezcch.
1869 5703 1929 5742 xx

2034 4468 2329 4544 idolothyta
2345 4471 2631 4527 comedere
2649 4470 2897 4543 impium,
2921 4481 3083 4544 atque
3101 4476 3375 4532 mulierem
3389 4479 3621 4535 alienam

2035 4563 2424 4634 concupiscere
2473 4564 2547 4619 sit
2603 4563 2977 4635 iniquum?Si
3010 4582 3139 4638 ergo
3187 4585 3310 4623 etim
3364 4574 3619 4627 sacerdos

2035 4656 2302 4710 maculam
2362 4656 2656 4712 habentem
2691 4658 2867 4714 albazn
2918 4665 3012 4712 aut
3058 4661 3230 4715 rufam
3291 4662 3343 4715 in
3397 4664 3617 4717 calvitio

2035 4758 2130 4804 aut
2159 4751 2212 4805 in
2240 4752 2518 4809 recalvitio
2544 4754 2687 4823 ejus,
2714 4755 2767 4809 id
2797 4764 2900 4818 est,
2935 4756 2987 4809 in
3020 4773 3083 4810 ea
3116 4773 3237 4827 quae
3275 4768 3359 4811 cst
3382 4772 3446 4810 ex
3478 4767 3615 4819 toto,

2039 4843 2120 4896 vel
2146 4859 2208 4897 ea
2234 4855 2406 4914 parte,
2435 4847 2801 4918 simplicitate,
2849 4851 3235 4920 evangelicam,
3263 4852 3344 4905 vel
3388 4848 3612 4920 legalem

2034 4945 2159 4984 eum
2184 4947 2430 4991 normam
2458 4945 2773 5004 peccantem
2806 4939 3219 5006 praevaricatum
3257 4938 3427 4992 fuisse
3452 4952 3613 5007 repc-

2036 5023 2126 5086 rit,
2159 5025 2566 5092 condemnabit,
2588 5029 2702 5083 sive
2723 5030 3117 5084 contaminabit
3143 5043 3290 5082 cum.
3323 5028 3544 5094 Quare?

2104 5108 2240 5174 Quia
2264 5110 2407 5166 haud
2439 5113 2597 5168 dubie
2642 5115 2787 5186 lepra
2835 5126 2953 5169 orta
3006 5125 3083 5171 est
3122 5117 3176 5169 in
3226 5114 3455 5172 calvitio.
3491 5118 3608 5182 Vel,

2033 5200 2175 5255 sicut
2207 5201 2369 5267 LXX,
2401 5206 2528 5274 quia
2554 5205 2611 5258 in
2642 5206 2816 5274 capite
2845 5204 2959 5274 ejus
3008 5205 3223 5260 macula
3260 5206 3394 5277 ejus,
3426 5208 3529 5276 ait;
3557 5208 3609 5263 id

2032 5301 2136 5356 est,
2164 5293 2291 5363 quia
2329 5294 2386 5349 in
2415 5294 2607 5350 validis
2626 5305 2683 5350 et
2710 5296 3037 5353 necessariis
3087 5300 3353 5369 peccavit,
3396 5301 3452 5357 in
3490 5318 3615 5373 qm~

2029 5383 2132 5438 bus
2204 5399 2369 5441 nemo
2439 5400 2675 5457 peccans
2732 5385 2947 5444 veniam
3019 5400 3279 5448 meretur.
3340 5388 3612 5451 Naturalis

2031 5476 2174 5531 unum
2215 5477 2320 5546 lex,
2348 5479 2416 5535 ad
2475 5495 2638 5549 quam
2691 5484 2999 5539 necessaria
3043 5485 3176 5559 legis
3243 5489 3497 5555 tendunt,
3554 5501 3608 5546 et

1941 5729 1956 5752 ,
1990 5688 2046 5742 ll
2081 5709 2190 5748 sec.
2220 5693 2379 5749 LXX.
2459 5698 2503 5728 "
2530 5695 2721 5753 Matth.
2754 5715 2806 5762 Χ.
2842 5700 2925 5756 l6.
3002 5702 3044 5733 ³⁸
3078 5702 3126 5756 ll
3148 5701 3277 5760 Cur.
3301 5721 3353 5766 χ.
3390 5705 3445 5761 7.
