4076 6188
463 214 568 279 947

1685 219 2049 282 ΗΕΞΥΟΗῙῙ
2096 218 2573 316 ΡΒΕΞΒΥΤΕΨ

3642 216 3743 283 948

463 329 636 385 multo
675 316 846 401 magis
900 331 1211 403 evangelica
1265 340 1558 403 praecepta,
1601 346 1707 388 nec
1766 332 2054 387 animabus
2080 333 2129 393 Α
2156 329 2583 401 ostendeturque
2620 327 2904 386 sacerdoti.
2945 327 3051 396 Qui
3093 328 3472 396 considerans,
3508 329 3749 391 recludet

466 419 687 485 quidem
718 431 847 478 sunt
885 424 1062 478 aliena
1085 423 1446 495 simplicibus.

536 508 702 569 Vens.
732 514 924 570 44-46.
954 535 974 569 ‹
1005 514 1329 587 Quicunque
1351 532 1482 590 ergo
1528 518 1833 574 maculatus
1886 516 2053 573 fuerit

461 603 637 675 lepra,
671 616 727 660 et
754 615 1039 676 separatus
1066 608 1138 663 ad
1184 608 1474 664 arbitrium
1524 610 1844 677 sacerdotis,
1880 611 2053 667 habe-

462 694 545 750 bit
566 696 893 753 vestimenta
921 698 1156 765 dissuta,
1189 708 1355 770 caput
1385 700 1618 767 nudum,
1655 717 1719 759 os
1749 711 1900 758 veste
1921 717 2054 757 con-

463 797 692 857 teetum,
726 791 1156 849 contaminatum
1182 808 1250 849 ac
1277 793 1580 859 sordidum,
1615 794 1878 850 clamabit
1901 794 2052 849 omni

463 892 711 952 tempore
736 897 848 952 quo
868 882 1118 953 leprosus
1142 893 1247 950 est,
1274 895 1332 940 et
1351 884 1668 942 immundus
1711 885 1862 942 solus
1894 884 2054 942 habi-

464 971 599 1028 tabit
624 980 778 1028 extra
797 981 995 1029 castra.
1029 993 1049 1027 ι

534 1063 610 1119 Ea
640 1080 762 1135 quae
788 1064 855 1120 ad
881 1065 1072 1121 faciem
1101 1074 1188 1123 est
1209 1068 1590 1139 interpretatio
1625 1067 1844 1134 litterae,
1870 1066 2053 1123 omni-

461 1169 537 1212 no
564 1156 753 1211 multis
786 1156 1000 1211 videtur
1041 1173 1163 1214 esse
1193 1159 1442 1214 ridicula.
1465 1158 1607 1225 Quid
1633 1158 1782 1214 enim
1834 1159 2058 1230 prodest

459 1245 789 1303 vestimenta
839 1244 1107 1311 dissuere,
1135 1255 1231 1303 aut
1278 1257 1444 1318 caput
1504 1248 1705 1303 habere
1762 1248 2051 1314 nudatum,

459 1346 527 1387 os
549 1340 861 1389 contectum
890 1334 913 1387 ?
937 1331 1050 1389 Nec
1080 1334 1170 1390 ille
1203 1336 1352 1391 enim
1398 1336 1493 1407 qui
1520 1351 1751 1408 corpore
1781 1337 2053 1407 leprosus,

458 1425 687 1481 olorem
720 1427 891 1497 spirat
922 1427 1164 1497 pudoris,
1189 1437 1251 1484 ut
1298 1438 1445 1484 recte
1468 1443 1532 1484 os
1577 1444 1738 1485 suum
1789 1428 1953 1500 hujus
1974 1431 2053 1488 rei

459 1520 679 1587 aperiat
702 1518 899 1590 gratia.
930 1518 1037 1574 Sed
1073 1520 1202 1588 quia
1235 1520 1512 1590 leprosum
1557 1520 1836 1592 legislator
1887 1520 2053 1577 intel-

461 1609 594 1666 lexit
622 1625 772 1677 eum,
798 1611 899 1681 qui
931 1611 1229 1666 secundum
1265 1613 1521 1682 praedicta
1560 1620 1783 1683 peccata
1815 1612 2055 1669 immun—

457 1699 567 1761 dus
593 1710 700 1767 est,
729 1679 1042 1763 necessarie
1068 1703 1190 1773 ejus
1218 1679 1444 1758 dissolvi
1471 1679 1795 1759 vestimenta
1847 1720 2059 1775 praece-
2089 1679 2132 1739 Β

456 1794 630 1862 cepit,
658 1804 714 1848 ut
760 1809 863 1863 per
906 1795 1012 1849 hoc
1062 1795 1319 1866 cognosci
1366 1795 1540 1865 possit
1587 1796 1714 1866 quia
1760 1796 2060 1855 dissolutas

464 1885 659 1940 haheat
701 1886 931 1943 virtutes
965 1880 1130 1957 atque
1166 1887 1309 1942 vires
1365 1888 1561 1943 animae
1600 1903 1762 1958 :quae
1816 1904 1938 1944 eam
1987 1889 2060 1944 ab

462 1981 598 2027 testu
625 1983 791 2044 atque
820 1975 943 2046 gelu
983 1974 1194 2044 peccati
1232 1983 1485 2045 poterant
1518 1976 1816 2032 custodire.
1846 1975 2060 2039 Habere

458 2073 645 2125 autem
671 2080 796 2120 eum
825 2074 882 2121 et
903 2076 1069 2135 caput
1096 2065 1359 2121 nudatum
1393 2068 1672 2137 praecepit,
1695 2075 1886 2138 utpote
1915 2068 2063 2123 salu-

458 2158 537 2212 tis
562 2158 773 2228 galeam
808 2173 923 2219 non
969 2158 1287 2224 habentem,
1325 2174 1489 2229 quam
1544 2158 1748 2217 Paulus
1785 2160 1929 2216 inter
1970 2160 2059 2216 in-

468 2251 772 2321 telligibilia
814 2266 967 2310 arma
1015 2250 1157 2307 sumi
1211 2250 1470 2321 praecepit
1509 2250 1577 2304 η.
1609 2247 1684 2306 08
1731 2250 1895 2309 etiam
1948 2265 2058 2305 non

465 2346 674 2400 frustra
698 2344 902 2414 operiri
943 2342 1222 2413 praecepit,
1259 2343 1355 2401 sed
1396 2342 1525 2412 quia
1552 2356 1678 2401 cum
1707 2341 1831 2396 mali
1878 2342 2062 2400 odoris

464 2440 746 2502 puceatum
780 2433 872 2499 sit,
901 2440 957 2487 et
988 2447 1208 2489 onmem
1248 2447 1476 2502 pravam
1514 2431 1728 2486 emittat
1765 2432 2063 2492 exhalatio.

464 2539 615 2589 nem,
654 2524 827 2580 multo
854 2525 1027 2595 magis
1052 2535 1233 2580 tamen
1266 2539 1385 2579 eam
1408 2540 1530 2594 quae
1553 2539 1653 2594 per
1687 2524 1927 2589 linguam
1949 2532 2060 2588 est,

465 2615 713 2684 possidet
739 2631 754 2668 :
787 2614 949 2669 simul
976 2615 1142 2669 etiam
1173 2624 1229 2669 et
1259 2629 1289 2669 a
1323 2613 1586 2670 doctorali
1617 2613 1885 2685 dignitate
1914 2618 2062 2671 hunc

463 2707 558 2777 qui
592 2706 719 2762 talis
747 2714 835 2762 est
855 2707 1132 2777 prohibet.
1163 2705 1449 2773 Quomodo
1474 2707 1620 2762 enim
1650 2707 1826 2778 culpa:
1871 2723 2061 2764 casum

458 2806 738 2864 coerceat,
766 2798 858 2868 qui
897 2809 984 2854 est
1024 2798 1142 2869 ipse
1171 2799 1501 2870 eulpabilis?
1530 2798 1819 2866 Quomodo
1841 2800 1934 2871 qui
1975 2800 2064 2854 fu-

467 2899 642 2953 ratur,
672 2889 956 2960 praecipiat
985 2905 1095 2944 non
1135 2889 1348 2946 furari?
1382 2889 1477 2961 qui
1511 2891 1843 2957 mtechatur,
1872 2890 2065 2962 iubeat

466 2997 576 3038 nou
623 2980 930 3041 mtecbari?
962 2980 1119 3038 Unde
1156 2991 1215 3042 et
1269 2981 1442 3045 David
1489 2981 1707 3043 dicebat
1740 3000 1753 3037 :
1792 2981 2065 3043 Pepeatori

466 3084 652 3130 autem
684 3074 820 3135 dicit
849 3072 994 3130 Dens
1019 3089 1038 3128 :
1070 3073 1252 3138 Quare
1278 3082 1337 3127 tu
1360 3090 1583 3130 enarras
1617 3074 1860 3144 jastitias
1891 3090 2059 3142 meas,

463 3179 516 3225 et
535 3168 769 3227 assumis
825 3175 1199 3222 testamentum
1218 3182 1394 3220 meum
1424 3182 1518 3234 per
1540 3182 1601 3220 os
1638 3167 1824 3243 tuum?
1844 3165 1919 3221 Ta
1946 3182 2064 3220 vero

464 3261 628 3316 odisti
672 3259 1028 3329 disciplinam,
1070 3270 1120 3313 et
1162 3258 1427 3329 projecisti
1464 3275 1728 3315 sermones
1764 3276 1905 3314 meos
1948 3270 2064 3330 post

468 3365 520 3408 te
541 3355 607 3406 υ.
640 3353 707 3409 Et
723 3368 833 3407 non
859 3352 1080 3422 quidem
1100 3367 1317 3422 semper
1344 3350 1451 3407 hoc
1472 3361 1621 3407 esset
1649 3349 1799 3406 omni
1818 3360 2064 3422 tempore

466 3456 579 3510 quo
614 3440 863 3510 li-prosus
891 3447 996 3503 est,
1026 3439 1080 3493 id
1115 3448 1202 3495 est
1231 3439 1488 3497 omnibus
1523 3439 1738 3506 diebus,
1763 3440 1962 3510 quibus
2007 3440 2063 3496 in

469 3549 537 3587 eo
577 3532 748 3591 {inerit
797 3531 1032 3592 macula.
1064 3531 1204 3598 Quid
1256 3547 1387 3602 ergo
1440 3547 1538 3604 per
1589 3532 1707 3590 haec
1754 3532 2066 3605 signiﬁcat?

470 3624 610 3690 Quia
648 3624 751 3680 etsi
784 3624 955 3680 semel
1004 3623 1335 3694 peccaverit,
1369 3624 1583 3685 etiamsi
1626 3640 1738 3680 non
1793 3625 2064 3683 addiderit

470 3715 537 3771 ad
570 3714 935 3785 peccandum,
964 3714 1286 3775 immundus
1314 3723 1496 3771 tamen
1521 3731 1698 3787 usque
1721 3715 1851 3773 dum
1884 3717 2063 3787 pceni-

473 3814 603 3871 tcat,
625 3805 825 3865 dicitur
849 3823 862 3861 :
889 3807 1017 3875 quia
1045 3806 1168 3862 sine
1201 3806 1522 3877 ptenitentia
1544 3808 1695 3879 lepra
1727 3809 1939 3879 peccati
1965 3824 2064 3879 pe.-

469 3899 623 3954 nitus
669 3913 780 3953 non
822 3898 1139 3964 mundatur,
1179 3899 1413 3968 ideoque
1450 3901 1662 3958 macula
1708 3899 2063 3972 intelligibilis

473 3991 641 4059 lepra
681 3989 737 4044 in
774 3989 896 4061 ipso
944 3998 1150 4045 manet.
1200 3990 1467 4048 Praeterea
1494 4007 1661 4051 verus
1704 3992 1977 4062 leprosus,
2006 3992 2061 4051 id

471 4091 559 4137 est
587 4089 863 4152 peccator,
886 4080 1035 4136 solus
1051 4095 1115 4135 ac
1141 4090 1426 4150 separatus
1456 4081 1682 4147 habitat,
1707 4091 1819 4144 tam
1848 4089 1909 4136 ut
1927 4095 2063 4136 con-

471 4156 766 4239 l'undatur,
789 4188 952 4243 quam
988 4181 1048 4227 ut
1094 4173 1279 4229 nullus
1325 4173 1604 4245 societatis
1645 4174 1766 4243 eius
1811 4174 2063 4246 contagio

472 4274 758 4321 noceatur.
783 4265 940 4323 Unde
977 4266 1236 4324 Dominus
1264 4265 1447 4331 Petro,
1476 4265 1545 4321 de
1571 4279 1640 4320 eo
1675 4265 1769 4335 qui
1796 4281 2063 4335 poceave.

2158 430 2369 493 septem
2409 422 2621 489 diebus,
2664 432 2721 478 et
2777 422 2867 477 die
2915 421 3149 493 septimo
3201 437 3418 477 rursum
3459 423 3747 495 aspiciens,

2156 515 2200 570 si
2248 512 2489 571 crevisse
2532 513 2956 585 deprehenderit
3023 515 3175 586 lepra
3233 529 3602 586 perseverans
3644 525 3749 583 est,

2156 608 2426 678 pollutum
2463 608 2731 678 iudicabit
2777 607 3189 672 vestimentum,
3221 615 3277 662 et
3322 623 3491 663 omne
3530 607 3587 662 in
3635 624 3747 679 quo

2155 697 2322 754 fuerit
2345 700 2590 766 inventa,
2611 708 2668 755 et
2691 698 2896 755 idcirco
2921 699 3276 754 eomburetur
3302 697 3557 754 ﬂammis.
3590 698 3748 766 Quod

2154 791 2198 847 si
2239 807 2359 846 eam
2386 791 2583 847 viderit
2621 807 2731 847 non
2764 790 3030 856 crevisse,
3071 790 3372 861 praecipiet,
3406 800 3464 847 et
3494 790 3753 848 lavabunt

2137 879 2214 937 ~id
2246 881 2301 935 in
2329 897 2439 951 quo
2462 880 2612 952 lepra
2651 888 2755 936 est.
2781 879 3200 950 Recludeusque
3222 880 3352 935 illud
3399 890 3608 951 septem
3636 881 3752 937 die-

2157 970 2263 1026 bus
2289 971 2431 1035 aliis,
2474 980 2528 1025 et
2574 987 2699 1026 cum
2731 970 2930 1025 viderit
2964 969 3158 1024 faciem
3207 970 3430 1039 quidem
3464 969 3751 1040 pristinam

2158 1076 2269 1118 non
2298 1077 2598 1127 reversam,
2626 1077 2728 1117 nec
2763 1071 2945 1117 tamen
2976 1059 3221 1116 crevisse
3249 1060 3480 1130 lepram,
3513 1061 3754 1119 immun-

2157 1152 2287 1209 dum
2308 1153 2597 1223 iudicabit,
2652 1161 2709 1207 et
2744 1151 2871 1223 igne
2921 1151 3228 1216 comburet,
3258 1165 3326 1205 eo
3379 1149 3527 1220 quod
3563 1149 3745 1206 infusa

2157 1245 2229 1302 sit
2276 1245 2331 1300 in
2379 1245 2665 1315 superﬁcie
2694 1243 3026 1307 vestimenti,
3061 1242 3145 1297 vel
3206 1257 3301 1310 per
3347 1250 3545 1306 totum,
3577 1241 3752 1312 lepra.

2157 1332 2253 1392 Sin
2296 1348 2474 1392 autem
2510 1335 2794 1391 obscurior
2814 1334 2980 1389 fuerit
3019 1334 3172 1388 lucus
3224 1333 3411 1402 lepra',
3461 1339 3751 1403 postquam

2157 1427 2329 1486 vestis
2353 1437 2439 1484 est
2467 1427 2597 1494 lota,
2623 1427 2913 1496 abrumpet
2961 1440 3111 1489 eum,
3140 1433 3196 1478 et
3243 1438 3275 1479 a
3326 1422 3490 1478 solito
3525 1423 3750 1479 dividet.

2159 1517 2315 1586 Quod
2344 1517 2389 1573 si
2419 1518 2560 1572 ultra
2591 1514 2904 1585 apparuerit
2931 1514 2986 1568 in
3018 1514 3104 1568 his
3127 1513 3283 1578 locis,
3322 1502 3448 1583 qua}
3478 1513 3629 1583 prius
3655 1512 3750 1568 im-

2159 1607 2426 1662 maculata
2465 1613 2641 1671 erant,
2672 1604 2823 1674 lepra
2874 1602 3112 1659 volatilis
3140 1610 3195 1657 et
3230 1617 3384 1673 vaga,
3415 1602 3583 1657 debet
3632 1602 3739 1674 igni

2160 1698 2430 1755 comburi.
2472 1696 2529 1753 Si
2560 1694 2879 1762 cessaverit,
2922 1693 3124 1750 Iuvabit
3173 1709 3237 1748 ea
3269 1709 3391 1765 quae
3434 1710 3573 1765 pura
3622 1705 3751 1750 sunt

2161 1792 2425 1858 secundo,
2461 1799 2515 1846 et
2546 1789 2747 1845 munda
2773 1796 2955 1843 erunt.
2984 1786 3096 1841 Ista
3137 1794 3222 1841 est
3248 1785 3333 1840 lex
3366 1785 3535 1857 lepra
3583 1786 3751 1842 vesti-

2160 1883 2328 1938 menti
2354 1881 2517 1947 lanei,
2539 1890 2593 1935 et
2619 1877 2773 1945 linei,
2803 1875 3039 1932 ﬂaminis
3061 1883 3224 1945 atque
3248 1875 3613 1946 subtegminis
3639 1890 3751 1931 om-

2160 1976 2354 2044 nisque
2378 1970 2731 2043 supellectilis
2758 1967 3006 2039 pelliciat,
3028 1965 3306 2037 quomodo
3357 1965 3613 2021 mundari
3651 1965 3749 2021 de-

2162 2067 2325 2123 beant
2353 2065 2438 2121 vel
2471 2061 2851 2119 contaminari.
2887 2079 2906 2112 ι

2232 2159 2552 2214 lndecorum
2586 2153 3058 2224 quidaml‘orsitan
3087 2169 3153 2208 ac
3180 2150 3342 2207 nimis
3363 2150 3636 2219 abiectum
3666 2146 3750 2201 le-

2161 2250 2470 2322 gislatorem
2492 2246 2781 2308 aestimant,
2800 2245 2926 2314 quia
2941 2242 3010 2297 de
3027 2242 3261 2298 stamine
3277 2251 3437 2310 atque
3452 2235 3755 2309 subtegmi-

2160 2354 2268 2404 ne,
2312 2338 2456 2409 quod
2505 2346 2677 2392 trama
2721 2336 2884 2406 vulgo
2926 2341 3299 2404 nuncupatur,
3347 2331 3608 2402 loquitur,
3656 2342 3753 2383 re-

2162 2431 2418 2500 linquens
2438 2442 2779 2499 quzccunque
2804 2425 3018 2481 animas
3047 2424 3388 2479 audientium
3417 2423 3593 2493 legem
3626 2439 3769 2492 ρος-ι,

2163 2532 2290 2583 sunt
2321 2524 2393 2578 ad
2430 2523 2659 2577 meliora
2693 2534 3046 2590 componere.
3081 2518 3226 2585 Quid
3259 2516 3431 2583 enim,
3473 2516 3754 2587 inquiunt,

2164 2613 2500 2670 sordidatum
2561 2621 2795 2676 stamen,
2841 2610 2974 2680 quid
3026 2609 3368 2678 subtegmen,
3420 2608 3536 2662 sive
3581 2617 3758 2665 trama

2163 2708 2440 2777 leprosum
2477 2703 2704 2766 factum.
2741 2704 2870 2775 quid
2904 2702 3182 2773 pellicium
3218 2716 3312 2755 vas
3346 2700 3613 2757 maculam
3661 2703 3760 2758 ha-

2163 2801 2321 2865 bens,
2359 2808 2561 2859 nostra:
2609 2797 2785 2853 oberit
2833 2796 2990 2852 vitae?
3029 2794 3189 2852 Unde
3235 2808 3346 2849 non
3398 2808 3502 2849 nos
3539 2802 3761 2864 oportet

2163 2895 2230 2949 ad
2269 2893 2441 2949 solam
2472 2891 2763 2947 intendere
2798 2890 3057 2953 litteram,
3091 2887 3188 2943 sed
3218 2887 3286 2943 ad
3316 2885 3559 2942 fructum
3591 2889 3764 2959 spiri-

2088 3012 2133 3071 ε
2166 2994 2254 3041 tas
2285 3004 2299 3040 :
2333 2985 2429 3055 qui
2477 2981 2943 3054 quemadmodum
2985 2980 3090 3036 sub
3139 2978 3288 3045 folio,
3323 2978 3396 3034 ita
3443 2978 3549 3035 sub
3580 2979 3764 3036 littera

2165 3077 2355 3149 legalis
2383 3077 2559 3132 vineae
2590 3074 2914 3130 custoditur.
2940 3072 3175 3128 Tantam
3194 3073 3340 3127 enim
3363 3085 3556 3127 curam
3583 3072 3767 3129 nostri

2163 3170 2439 3242 legislator
2478 3168 2637 3239 gerit,
2673 3176 2732 3221 ut
2772 3182 2885 3221 non
2928 3166 3105 3221 solum
3144 3165 3213 3220 de
3249 3164 3339 3219 illa
3375 3173 3567 3220 cautos
3599 3165 3769 3221 faciat

2165 3264 2333 3334 lepra,
2374 3277 2505 3332 qua
2549 3275 2614 3316 ex
2667 3260 2753 3314 bis
2803 3275 2927 3330 quae
2981 3260 3097 3329 jam
3145 3259 3288 3313 dicta
3334 3269 3484 3324 sunt,
3519 3269 3770 3329 peccans

2164 3355 2369 3421 evenit,
2404 3352 2500 3409 sed
2529 3359 2586 3406 et
2613 3352 2681 3406 de
2721 3353 2824 3406 hac
2854 3366 2974 3420 quae
3005 3349 3325 3419 frequenter
3353 3350 3500 3405 circa
3528 3349 3771 3404 virtutes

2164 3449 2408 3513 evenire,
2453 3448 2586 3503 dum
2635 3445 2780 3501 male
2830 3445 2914 3500 eis
2964 3443 3161 3513 aliquis
3206 3443 3397 3508 utitur,
3428 3443 3595 3498 ‘solet.
3650 3442 3771 3497 Alia

2164 3555 2295 3611 ergo
2340 3538 2669 3593 vestimenta
2712 3536 2928 3598 animae,
2970 3533 3075 3589 alia
3115 3534 3442 3590 vestimenta
3474 3541 3614 3588 sunt
3647 3548 3774 3587 cor-

2163 3632 2312 3702 poris
2343 3648 2356 3685 :
2385 3646 2507 3701 qua:
2550 3646 2654 3686 nec
2705 3627 3003 3688 sordidata.
3050 3643 3155 3683 nec
3203 3626 3507 3696 exspoliata
3549 3626 3770 3681 contri-

2164 3734 2330 3789 staut,
2363 3723 2641 3795 quomodo
2690 3736 2821 3792 ergo
2865 3718 3070 3789 Joseph
3119 3718 3466 3789 pertingente
3504 3716 3772 3790 Egyptia

2163 3805 2506 3870 vestimentis
2562 3809 2885 3882 spoliandus
2940 3817 3091 3874 erat,
3151 3807 3238 3862 vel
3293 3807 3571 3876 quomodo
3645 3807 3773 3879 pilis

2164 3907 2355 3964 cameli
2396 3906 2635 3974 Baptista
2673 3903 2915 3957 Joannes
2949 3900 3177 3955 indutus
3214 3907 3349 3953 erat.
3396 3897 3504 3953 Sed
3543 3913 3617 3954 ea
3650 3914 3776 3968 qua

2164 4009 2293 4055 sunt
2330 4000 2528 4052 animat
2566 4002 2785 4066 oportet
2825 4008 2947 4047 esse
2990 3992 3245 4054 clariora,
3276 3991 3345 4046 de
3370 3991 3574 4061 quibus
3608 3991 3776 4046 Salu-

2164 4110 2291 4150 mon
2344 4092 2603 4147 dicebat:
2637 4088 2794 4144 Omni
2855 4097 3089 4156 tempore
3142 4086 3248 4139 sint
3305 4087 3625 4139 vestimenta
3679 4094 3775 4138 tua

2163 4186 2391 4241 candida
2413 4186 2479 4239 ".
2511 4181 2676 4237 David
2711 4193 2841 4250 ergo
2869 4178 2946 4232 ait
2982 4195 2995 4231 :
3034 4168 3221 4232 Omnis
3253 4175 3425 4247 gloria
3457 4176 3601 4245 ejus,
3644 4175 3778 4244 filia:

2165 4277 2300 4348 regis
2347 4275 2413 4329 ab
2462 4274 2607 4327 intra
2634 4312 2647 4334 ,
2685 4271 2741 4324 in
2780 4268 3002 4339 ﬁmbriis
3053 4268 3232 4321 aureis
3290 4267 3631 4320 circumdata
3680 4282 3780 4320 ua-

471 4366 579 4421 rat,
605 4367 661 4414 et
688 4358 945 4414 Ecclesiae
974 4367 1035 4419 ut
1087 4366 1505 4414 converteretur
1547 4366 1711 4427 atque
1747 4358 2063 4414 emendares

2173 4372 2362 4424 rietate
2390 4367 2458 4419 ".
2493 4362 2732 4419 Gloriam
2768 4360 2932 4426 intra,
2956 4359 3155 4413 anima:
3176 4358 3434 4413 decorem
3465 4372 3735 4413 asserens
3758 4397 3777 4421 ,

475 4458 584 4517 tur,
606 4449 943 4506 detrectabat
967 4450 1192 4507 obedire
1217 4469 1230 4506 :
1259 4450 1339 4506 Sit
1367 4451 1484 4516 tibi,
1514 4451 1707 4522 inquit,
1734 4451 1871 4505 sicut
1893 4452 2066 4507 eunti.

472 4557 566 4595 rus
597 4550 646 4594 et
684 4541 994 4611 publicanus
1023 4542 1091 4595 ³⁵.
1126 4541 1403 4597 Habitabit
1440 4542 1643 4613 quippe
1674 4552 1827 4598 extra
1860 4551 2061 4600 castra.

475 4632 637 4702 Legis
662 4622 864 4703 quippe
910 4634 1164 4690 mandata
1210 4634 1539 4705 evangelicis
1582 4636 1749 4691 nimis
1782 4645 1932 4704 sunt,
1978 4653 2066 4693 se-

475 4724 718 4779 cundum
741 4723 1017 4794 spiritum,
1051 4726 1429 4794 consonantia,
1460 4729 1603 4783 unde
1626 4728 1867 4785 Joannes
1901 4746 2064 4801 sepa-

476 4832 605 4872 rans
627 4817 698 4871 ab
734 4814 1060 4889 intelligibili
1089 4820 1440 4876 tabernaculo
1468 4822 1858 4894 intelligibilem
1889 4825 2068 4895 lepro-
2103 4867 2134 4893 ν

478 4924 599 4962 sunt
634 4908 690 4963 in
719 4909 1006 4967 catholicis
1035 4912 1301 4982 Epistolis
1318 4912 1548 4970 scribit:
1582 4912 1890 4983 Quicunque
1926 4918 2063 4972 venit

474 5002 548 5055 ad
595 5018 702 5067 vos,
731 5011 781 5057 et
808 5002 946 5057 hanc
975 5003 1271 5065 doctrinam
1306 5020 1410 5063 non
1452 5005 1627 5075 aﬂ'ert.
1654 5022 1757 5059 non
1800 5008 2068 5080 recipiatis

476 5108 595 5145 eum
644 5093 700 5147 in
729 5092 966 5157 domum,
994 5105 1042 5148 et
1067 5110 1162 5149 aee
1183 5095 1231 5148 ei
1256 5111 1325 5150 ne
1354 5095 1594 5152 dixeritis
1615 5097 1682 5153 ".

547 5180 714 5240 Vens.
738 5183 925 5241 47-59.
953 5202 973 5237 ι
997 5183 1178 5241 Vestis
1204 5185 1386 5253 lanea,
1405 5197 1499 5244 aut
1525 5188 1694 5255 linea,
1718 5206 1839 5261 qna:
1858 5193 2066 5265 lepram

479 5274 736 5331 habuerit
779 5278 836 5333 in
874 5278 1107 5334 stamine
1153 5286 1318 5349 atque
1361 5282 1726 5354 subtegmine,
1765 5296 1860 5340 aut
1916 5298 2068 5342 certe

478 5364 656 5432 pullis,
680 5366 768 5422 vel
791 5367 1051 5438 quidquid
1082 5386 1146 5424 ex
1200 5371 1340 5440 pelle
1368 5382 1683 5428 contextum
1714 5383 1817 5440 est,
1865 5375 1909 5430 si
1945 5377 2065 5432 alba

478 5465 575 5512 aut
604 5457 724 5513 rufa
771 5460 988 5514 macula
1020 5461 1203 5528 fuerit,
1243 5463 1439 5519 inferta
1487 5465 1653 5535 lepra:
1701 5468 2062 5537 reputabitur,

551 5616 598 5649 ³⁸
629 5614 825 5683 Ephes.
864 5632 949 5674 vt.
992 5619 1067 5672 l5.

1170 5625 1215 5653 ‘3’
1248 5622 1392 5685 Psal.
1431 5641 1585 5695 κως,
1647 5626 1737 5694 l6,
1775 5628 1855 5682 Π.

480 5692 527 5729 ιν
560 5685 700 5741 Psal.
744 5701 886 5747 λων,
927 5688 1009 5743 ω.
1148 5694 1159 5708 ‘
1567 5696 1571 5701 '

1961 5630 2006 5660 "'
2031 5628 2216 5691 Matth.
2253 5648 2276 5681 γ
2292 5646 2419 5695 vin,
2454 5629 2537 5689 Π.

2172 4460 2228 4516 in
2267 4456 2504 4513 ﬁmbriis
2528 4454 2735 4513 aureis,
2765 4466 2889 4521 quae
2918 4449 3175 4503 videlicet
3204 4456 3332 4502 sunt
3366 4448 3630 4504 virtutes.
3666 4447 3779 4503 Sed

2172 4552 2366 4606 horum
2395 4548 2848 4604 vestimentorum
2878 4542 3127 4612 quaedam
3157 4549 3287 4595 sunt
3310 4539 3488 4605 lanea,
3512 4539 3780 4610 quaedam

2172 4645 2316 4700 linea
2349 4662 2363 4697 :
2395 4642 2573 4705 lanea,
2620 4637 2857 4709 pretiosa
2906 4643 2962 4689 et
3004 4649 3221 4704 magna,
3259 4633 3611 4704 multumque
3653 4632 3783 4687 ani-

2174 4752 2318 4791 mam
2367 4729 2777 4792 calefacientia;
2833 4726 2978 4781 linea
3034 4739 3195 4786 vero,
3246 4723 3403 4788 vilia,
3458 4736 3782 4795 parumque

2174 4824 2569 4887 calefacientia.
2609 4822 2790 4877 [.anea
2837 4818 3027 4883 vestis,
3068 4817 3401 4902 anim-.mest
3436 4817 3782 4889 virginitas;

2172 4919 2339 4982 linea,
2371 4917 2595 4973 castitas
2641 4912 2968 4984 conjugalis.
3014 4910 3215 4974 Lanea,
3259 4925 3289 4964 a
3332 4917 3569 4980 qumslu,
3620 4910 3716 4965 vel
3750 4925 3781 4964 a

2176 5008 2504 5084 possidendo
2550 5005 2921 5069 continentia;
2972 5004 3137 5068 linea,
3176 5002 3486 5058 habitarum
3540 5002 3787 5075 largitas

2175 5120 2380 5161 rerum.
2433 5102 2710 5165 Laneum,
2764 5097 2934 5152 eremi
2984 5095 3362 5167 philosophia;
3413 5095 3673 5159 lincum,
3726 5094 3782 5148 in

2172 5195 2396 5252 civitate
2430 5193 2708 5255 honestas,
2742 5190 2859 5243 sive
2889 5188 3175 5243 modestia.
3211 5189 3453 5242 Laneum
3488 5203 3680 5258 usque
3715 5185 3784 5242 ad

2170 5294 2405 5342 mortem
2437 5300 2537 5355 pro
2566 5282 2796 5336 veritate
2840 5283 3073 5346 certari;
3115 5281 3323 5335 lincum
3368 5280 3502 5334 falsa
3538 5296 3669 5333 non
3703 5280 3787 5333 lo-

2169 5376 2457 5450 qui.Unde
2484 5383 2537 5429 et
2555 5373 2813 5428 Salomon
2848 5373 3144 5427 Ecclesium
3166 5372 3476 5442 duplicibus
3502 5371 3784 5426 vestitam

2172 5488 2266 5540 per
2301 5465 2754 5540 signiﬁcationem
2796 5480 3053 5520 asserens
3084 5465 3346 5521 direbat:
3390 5463 3655 5529 Quasivit
3697 5462 3784 5515 la-

2652 5626 2694 5657 "
2726 5626 2770 5683 ll
2797 5624 2952 5681 Joan.
2985 5642 3038 5693 1,
3078 5626 3156 5682 l0.
3266 5626 3310 5657 ’δ
3343 5625 3517 5681 Ecclc.
3580 5641 3639 5679 Ix
3665 5666 3680 5691 ,
3724 5626 3782 5681 8.
