4076 6188
411 266 516 332 949

1497 252 1579 314 ΙΝ
1621 247 2062 314 LEVITICUM.
2097 275 2164 286 -
2203 250 2354 314 LIB.
2389 250 2489 312 ιν.

3557 247 3663 309 950

398 389 527 428 nam
577 380 624 426 et
655 369 844 436 linum,
877 375 931 424 et
963 375 1182 440 operata
1215 374 1290 422 est
1319 366 1537 421 consilio
1569 383 1823 420 manuum
1861 382 1988 420 sua-
2016 369 2062 426 Α
2093 363 2323 418 Domino
2381 363 2810 434 exspectabunt?
2862 362 3116 419 Viridans
3170 368 3352 416 autem
3413 359 3667 428 superbia

398 481 520 519 rum
553 463 644 517 "‘.
689 461 756 517 Et
802 461 1041 517 rursus’:
1080 459 1450 532 Stragulatant
1486 467 1677 512 vestem
1721 457 1843 526 fecit
1886 456 1984 509 sibi

396 557 579 625 byssus
609 563 661 608 et
691 570 930 622 purpura
969 554 1336 607 indumentum
1366 550 1479 619 ejus
1507 549 1576 602 ".
1627 546 1800 602 Habet
1838 547 1983 602 enim

402 646 648 701 Ecclesia
683 645 840 700 lanea
870 645 1198 700 vestimenta
1230 653 1286 698 et
1317 643 1484 707 linea,
1513 641 1732 710 byssum
1772 647 1826 693 et
1855 654 1986 709 pur-

400 751 617 804 puram,
659 749 754 790 eos
797 733 892 803 qui
939 733 992 787 in
1045 731 1299 802 conjugio
1344 737 1400 785 et
1446 730 1499 783 in
1540 727 1850 798 virginitate
1887 727 1986 781 de-

399 827 513 881 cori
563 835 711 887 sunt.
743 825 1040 893 omniaque
1090 824 1196 877 alia
1235 838 1356 892 quae
1396 837 1427 876 a
1469 821 1630 876 nobis
1657 820 1820 874 modo
1860 825 1988 872 sunt

399 917 547 970 dicta
580 931 610 969 e
643 915 862 969 diverso
917 914 1071 968 lanea
1113 913 1438 968 vestimenta
1485 927 1550 967 ac
1594 911 1738 965 linea
1781 908 1989 981 signiﬂ-

401 1023 528 1061 care
548 1006 922 1077 praediximus.
947 1006 1055 1060 Sed
1081 1005 1205 1074 quia
1229 1004 1479 1058 staminis
1503 1012 1666 1072 atque
1691 1001 1990 1071 subtegmi-

405 1098 493 1152 nis
525 1113 591 1152 ex
634 1097 834 1167 quibus
876 1104 1242 1151 contexuntur
1275 1105 1474 1159 vestes,
1514 1093 1792 1164 legislator
1835 1106 1990 1146 men-

406 1192 610 1244 tionem
658 1189 811 1254 iecit,
846 1189 1021 1259 ipsam
1059 1204 1205 1243 nunc
1241 1188 1601 1244 subtilitatem
1631 1184 1987 1255 explicemus.

409 1282 526 1337 Non
571 1283 720 1338 enim
767 1282 1111 1339 solummodo
1157 1282 1407 1346 virtutes,
1442 1279 1536 1335 sed
1585 1294 1649 1334 ea
1687 1293 1752 1332 ex
1789 1275 1991 1346 quibus

405 1384 696 1440 constant,
759 1374 1090 1446 perscrutari
1153 1373 1448 1429 desiderat.
1512 1371 1630 1427 Duo
1688 1383 1818 1439 ergo
1874 1366 1992 1421 haec

406 1485 593 1524 veram
629 1469 788 1525 nobis
821 1476 1118 1540 procurant
1163 1468 1422 1524 virtutem
1460 1486 1472 1522 :
1511 1464 1747 1520 intentio
1780 1470 1988 1525 nostra,

405 1573 460 1615 rt
489 1563 705 1616 divinus
737 1571 906 1616 nutus
935 1561 1048 1615 sive
1079 1564 1249 1630 gratia
1275 1576 1289 1622 ;
1322 1567 1378 1614 et
1418 1558 1739 1628 subtegmen
1768 1553 1990 1623 quidem

407 1651 587 1705 innuit
633 1659 877 1709 nostram
930 1649 1293 1704 intentionem
1339 1665 1351 1701 :
1397 1656 1610 1702 stamen
1662 1651 1846 1699 autem
1890 1639 1989 1695 Dei

406 1747 598 1793 nutum
630 1747 686 1792 et
724 1747 890 1801 recte,
919 1737 1045 1806 quia
1088 1746 1302 1790 stamen
1331 1743 1418 1790 est
1455 1735 1510 1788 in
1543 1733 1872 1798 vestimento
1897 1730 1986 1784 ϐπ·-
2019 1711 2060 1766 Β

405 1829 548 1885 mius
581 1849 594 1885 :
623 1831 896 1901 quomodo
935 1839 995 1884 et
1040 1827 1132 1884 Dei
1182 1837 1352 1884 nutus
1383 1829 1497 1883 sive
1541 1825 1710 1898 gratia
1745 1823 1988 1879 indisru-

404 1919 612 1990 ptibilis
666 1920 722 1975 in
780 1919 962 1984 nobis,
1015 1929 1181 1990 atque
1228 1915 1706 1974 incommutabilis
1759 1922 1984 1985 perstat,

403 2011 686 2066 sustinens
734 2010 1061 2080 subtegmen
1111 2018 1315 2065 nostras
1364 2006 1687 2064 intentionis
1731 2015 1790 2061 ut
1827 2003 1990 2076 perﬁ-

401 2102 581 2155 tiatur
622 2103 781 2157 bona:
824 2101 1059 2156 actionis
1103 2101 1512 2155 vestimentum.
1545 2097 1722 2153 Pelles
1757 2112 1821 2151 ex
1861 2095 1986 2164 qui-

403 2190 508 2244 bus
558 2189 754 2244 conﬁci
801 2189 930 2260 quid
979 2198 1159 2258 potest
1201 2207 1214 2242 :
1262 2188 1592 2243 tentationes
1640 2202 1740 2256 pro
1787 2184 1988 2254 pietate

403 2294 500 2331 ssu
535 2277 660 2342 ﬁde,
696 2287 752 2332 et
793 2293 891 2347 pro
941 2278 1142 2331 virtute
1192 2276 1574 2332 tribulationes
1623 2275 1754 2330 dicit
1796 2272 1983 2343 pelles.

402 2369 621 2435 Quare?
649 2369 786 2435 Quia
827 2371 1285 2440 quemadmodum
1331 2377 1546 2423 mortua
1593 2369 1747 2438 pellis
1783 2374 1885 2430 est,
1920 2367 1986 2420 de

401 2475 511 2529 qua
555 2459 672 2515 ﬁeri
719 2471 895 2531 potest
927 2479 1042 2528 vas,
1077 2472 1454 2517 verumtamen
1487 2462 1556 2515 de
1600 2477 1662 2514 ea
1712 2469 1833 2514 uter
1873 2458 1986 2512 ior—

403 2552 566 2618 sitan,
598 2560 694 2605 aut
736 2553 925 2618 cadus,
959 2563 1054 2608 aut
1101 2563 1355 2618 stratum,
1397 2562 1494 2607 aut
1539 2552 1694 2622 pellis
1731 2552 1984 2605 taberna-

402 2642 530 2705 culi,
556 2651 650 2696 aut
681 2644 886 2713 aliquid
917 2646 1070 2700 aliud
1104 2646 1158 2699 tit
1193 2645 1325 2698 utile
1353 2664 1366 2698 :
1393 2645 1473 2698 sic
1501 2653 1556 2697 et
1587 2643 1982 2706 tribulationes,

399 2742 456 2786 et
489 2735 820 2790 tentationes
857 2735 1189 2790 mortiﬁt-ant
1217 2735 1269 2788 in
1297 2735 1496 2788 sa-culo
1528 2733 1803 2788 hominem
1842 2751 1856 2786 :
1886 2734 1986 2786 ltu-

400 2825 615 2880 tniliant
639 2826 786 2880 enim
817 2844 965 2891 eum,
993 2838 1048 2882 et
1077 2828 1231 2882 valde
1253 2827 1306 2880 in
1330 2827 1466 2880 nihil
1494 2827 1774 2880 redactum
1800 2834 1985 2881 osten-

401 2916 558 2972 dunt.
592 2917 700 2972 Vas
732 2927 912 2973 tamen
947 2935 1013 2974 ex
1039 2920 1118 2974 eis
1147 2920 1348 2974 bonum
1381 2927 1438 2974 et
1464 2920 1596 2974 utile
1641 2919 1720 2984 ﬁt,
1768 2918 1982 2988 patien-

2086 455 2431 526 intelligilur,
2473 455 2598 525 quia
2642 456 2710 510 ad
2759 455 3030 510 modicum
3078 452 3256 516 ﬂoret,
3291 452 3440 508 velut
3481 451 3664 506 viren-

2086 547 2180 610 tia,
2221 546 2292 600 ita
2328 556 2386 600 ut
2426 545 2632 601 diceret
2679 545 2846 600 David
2881 563 2894 599 :
2933 545 3046 599 Vidi
3085 545 3304 613 impium
3333 543 3666 612 supereleva-

2083 648 2197 688 tum
2244 643 2292 689 et
2338 635 2632 689 exaltatum
2669 652 2830 703 super
2861 636 3040 689 redros
3079 634 3287 698 Libani,
3328 643 3378 687 et
3421 633 3665 696 transivi,

2085 732 2134 777 et
2173 739 2287 776 ecce
2325 740 2427 776 non
2466 734 2578 777 erat
2609 725 2672 778 ³³.
2712 725 2777 778 Ει
2811 740 3002 779 rursus
3032 725 3099 779 de
3125 724 3330 779 eisdem
3365 742 3377 778 :
3411 722 3555 778 Sicut
3583 726 3667 795 {e-

2087 831 2234 880 num,
2270 816 2345 868 ita
2370 816 2630 876 derident,
2667 825 2719 870 et
2757 817 2894 870 sicut
2937 817 3080 870 olera
3119 817 3398 871 herbarum
3429 817 3534 870 cito
3568 833 3667 870 ca-

2085 910 2205 963 dent
2234 910 2297 962 ³³.
2335 907 2443 963 Sed
2478 917 2533 962 et
2566 907 2924 963 Moabitarum
2958 909 3212 980 populus,
3250 911 3341 979 qui
3375 919 3536 965 tantae
3575 926 3670 966 su-

2087 997 2290 1068 perbiae
2321 998 2658 1069 subjacebat,
2690 1007 2750 1051 ut
2777 998 2898 1054 aliis
2927 999 3182 1055 omnibus
3211 1001 3462 1071 gentibus
3500 1001 3665 1057 Israel

2087 1090 2430 1155 timentibus,
2472 1089 2588 1160 ipse
2630 1091 2944 1146 transeundi
2981 1091 3188 1146 aditum
3223 1092 3535 1147 nullatenus
3567 1095 3666 1148 da-

2087 1189 2192 1245 ret,
2225 1181 2321 1236 sed
2368 1182 2536 1236 armis
2582 1190 2849 1248 uteretur,
2884 1192 2940 1237 et
2974 1183 3190 1238 Balaam
3226 1184 3292 1238 ad
3333 1185 3666 1240 maledicen-

2087 1270 2214 1326 dum
2249 1272 2501 1327 mercede
2526 1273 2879 1340 conduceret,
2923 1274 3109 1330 viridis
3139 1291 3266 1346 ager
3303 1275 3416 1346 ipse
3449 1292 3666 1347 quoque

2087 1382 2117 1420 a
2150 1366 2387 1435 Balaam,
2418 1385 2730 1439 quanquam
2760 1371 3043 1442 ignorante
3066 1372 3194 1442 quid
3222 1372 3446 1439 diceret,
3477 1376 3666 1446 appel-

2086 1458 2228 1513 latus
2253 1468 2337 1514 est
2368 1478 2380 1513 :
2416 1460 2551 1515 dixit
2579 1462 2725 1515 enim
2754 1462 2821 1516 ad
2855 1463 3089 1532 majores
3121 1473 3253 1517 natu
3284 1463 3497 1529 Madian
3532 1483 3544 1519 :
3578 1465 3667 1521 Sic

2087 1549 2273 1604 delebit
2301 1551 2384 1604 llic
2415 1551 2638 1622 populus
2665 1568 2840 1606 omnes
2873 1554 2962 1622 qui
3005 1554 3061 1606 in
3097 1555 3285 1607 nostris
3312 1555 3502 1621 ﬁnibus
3527 1573 3666 1609 cont-

2089 1649 2385 1707 morantur,
2424 1640 2683 1706 quomodo
2722 1639 2851 1693 solet
2883 1640 2974 1694 bos
3007 1641 3191 1695 herbas
3229 1657 3388 1712 usque
3415 1643 3487 1695 ad
3516 1643 3665 1695 radi—

2089 1745 2198 1782 rem
2233 1746 2449 1799 carpere
2477 1731 2540 1784 ³⁸.
2576 1730 2716 1802 Ergo
2743 1740 2933 1800 aperte
2967 1731 3254 1802 probatum
3283 1740 3386 1798 est,
3417 1734 3543 1803 quia
3570 1749 3667 1788 su-

2089 1821 2357 1890 perbiam,
2405 1837 2503 1877 seu
2558 1839 2752 1877 vanam
2803 1823 3026 1894 gloriam
3082 1825 3336 1894 prohibet
3387 1826 3668 1882 adltzererc

2089 1911 2304 1966 virtuti.
2345 1913 2453 1968 Sed
2492 1928 2594 1968 nec
2637 1913 2693 1967 in
2741 1914 2994 1978 stamine,
3035 1915 3150 1970 sive
3202 1916 3256 1970 in
3302 1916 3662 1987 subtegmine,

2090 2003 2205 2056 vult
2235 2004 2442 2073 lepram
2485 2019 2606 2074 qua:
2644 2005 2787 2059 dicta
2815 2013 2920 2071 est,
2952 2007 3196 2073 evenire,
3234 2007 3287 2062 id
3328 2015 3431 2072 est,
3465 2015 3525 2063 ut
3563 2023 3668 2064 nec

2088 2095 2189 2164 ipsi
2223 2112 2347 2152 cum
2386 2097 2663 2166 superbia,
2696 2098 2782 2153 vel
2823 2113 2958 2153 vana
2998 2099 3186 2170 gloria,
3220 2099 3447 2154 virtutes
3483 2100 3665 2154 inten-

2087 2186 2300 2253 damus,
2337 2203 2439 2243 nec
2468 2203 2498 2243 a
2533 2188 2645 2242 Deo
2680 2189 2841 2243 talem
2876 2190 3101 2258 gratiam
3139 2190 3298 2246 nobis
3334 2204 3666 2246 concurrere

2087 2277 2468 2347 deprecemur.
2516 2279 2623 2334 Sed
2668 2294 2772 2334 nec
2829 2281 3156 2336 tentationes
3204 2297 3326 2336 cum
3375 2281 3554 2351 aliquo
3599 2297 3666 2336 ex

2089 2369 2174 2424 bis
2211 2384 2314 2424 nos
2347 2369 2625 2439 legislator
2659 2371 2936 2426 sustinere
2965 2371 3236 2427 desiderat
3268 2389 3282 2426 :
3314 2373 3458 2443 quod
3485 2372 3530 2427 si
3561 2373 3666 2428 tale

2087 2461 2365 2531 quidpiam
2408 2462 2660 2528 forsitan,
2695 2471 2754 2516 ut
2793 2463 3128 2529 hominibus,
3154 2465 3376 2519 evenire
3421 2463 3666 2534 contige-

2087 2553 2176 2618 rit,
2215 2551 2488 2622 inspicere
2527 2569 2591 2608 ea
2643 2538 2984 2610 sacerdotem
3026 2556 3161 2620 vult,
3193 2565 3247 2609 et
3290 2570 3465 2624 neque
3491 2554 3666 2608 virtu-

2087 2652 2216 2708 tem,
2254 2660 2434 2713 neque
2475 2646 2841 2701 intentionem
2890 2647 3125 2710 virtutis,
3159 2662 3263 2702 nec
3304 2647 3666 2700 tentationum

2085 2736 2401 2805 patientiam
2444 2739 2710 2807 repellere
2741 2755 2754 2791 :
2782 2753 2904 2792 mox
2936 2749 2991 2792 ct
3015 2739 3337 2794 denuntiare
3365 2739 3666 2803 immunda,

2084 2842 2149 2880 ex
2178 2829 2490 2898 suspicione
2521 2829 2814 2899 superbiae,
2845 2832 2932 2886 vel
2961 2847 3112 2886 vana:
3147 2831 3332 2902 gloria:
3359 2830 3620 2902 praecepit
3647 2848 3663 2886 :

2085 2933 2187 2972 nec
2215 2935 2405 2974 rursus
2435 2919 2578 2974 sicut
2604 2920 2804 2974 munda
2837 2921 3136 2991 suscipere,
3173 2921 3264 2976 sed
3293 2935 3544 2992 separare
3572 2935 3668 2975 eos

402 3009 476 3064 tia
510 3017 672 3080 atque
717 3011 964 3081 probatio
990 3052 1005 3077 ,
1038 3027 1159 3081 quae.
1205 3011 1523 3067 omnimodo
1555 3027 1584 3065 a
1625 3012 1854 3065 Domino
1888 3026 1983 3066 co-
2013 3043 2057 3105 C
2087 3019 2297 3080 septem
2313 3011 2526 3076 diebus,
2551 3021 2607 3066 et
2640 3021 2884 3082 tempore
2908 3013 3218 3068 discernere
3238 3013 3569 3084 passionem.
3601 3013 3669 3069 Et

401 3118 592 3158 ranam
620 3105 1020 3173 consequitur;
1057 3105 1132 3159 ait
1179 3105 1328 3158 enim
1355 3104 1590 3160 Jacobus
1631 3121 1644 3158 :
1676 3103 1869 3158 Beatus
1909 3103 1986 3156 vir

398 3198 491 3266 qui
523 3197 704 3266 suﬂ'ert
745 3198 1110 3261 teutatiouem,
1161 3199 1310 3268 quia,
1340 3214 1456 3251 cum
1508 3197 1760 3266 probatus
1805 3195 1984 3264 fuerit,

399 3290 622 3358 accipiet
659 3305 908 3343 coronam
945 3287 1083 3350 uitri,
1121 3305 1279 3356 quant
1313 3289 1554 3357 promisit
1593 3287 1732 3342 Deus
1766 3285 1988 3355 diligen-

399 3381 537 3434 tibus
585 3397 641 3434 se
677 3383 745 3433 '9.
795 3381 886 3435 Ait
943 3390 999 3435 et
1044 3380 1246 3435 Paulus
1289 3398 1302 3433 :
1346 3379 1634 3433 Tribalatio
1675 3378 1986 3448 patientiam

403 3479 672 3537 operatur,
697 3461 960 3538 patientia
990 3479 1167 3522 autem
1197 3471 1578 3537 probationem,
1607 3471 1846 3538 probatio
1878 3487 1984 3522 au-

402 3571 505 3614 tem
527 3577 694 3630 spem,
721 3579 834 3630 spes
864 3573 1038 3616 autem
1074 3579 1178 3614 non
1204 3560 1476 3630 confundit
1499 3561 1564 3612 ³⁰.
1598 3560 1762 3616 Vides
1785 3572 1985 3630 quanta

402 3651 555 3708 utilia
598 3669 725 3708 vasa
772 3670 836 3710 ex
889 3655 1028 3724 pelle
1069 3654 1482 3708 tribulationum
1536 3662 1595 3709 et
1628 3656 1985 3711 tentationqu

401 3747 562 3802 ﬁunt.
605 3746 742 3813 Quia
772 3747 917 3802 enim
972 3748 1142 3817 pelles
1194 3746 1578 3803 tribulationes
1629 3757 1686 3802 et
1729 3750 1981 3804 tentatio-

401 3851 504 3891 nes
527 3836 791 3906 appellari
847 3853 958 3893 non
983 3838 1055 3892 sit
1085 3838 1471 3906 incongruum,
1500 3837 1626 3892 audi
1661 3835 1764 3892 Job
1796 3839 1985 3893 dicen-

401 3935 512 3981 tem
547 3926 616 3981 de
651 3927 764 3982 suis
797 3927 1240 3984 tribulationibus
1296 3936 1353 3982 et
1383 3929 1775 3983 tentationibus
1806 3947 1820 3984 :
1857 3929 1983 3984 Pel-

399 4019 465 4072 lis
497 4034 634 4082 mea,
671 4021 988 4088 consumptis
1023 4020 1292 4084 carnibus,
1323 4022 1546 4075 adtra’sit
1580 4023 1651 4076 ad
1687 4039 1747 4076 os
1787 4040 1978 4086 meum,

397 4117 448 4159 et
502 4108 753 4162 derelicta
813 4119 936 4163 sunt
993 4113 1362 4166 tantummodo
1419 4113 1562 4167 labia
1615 4114 1755 4168 circa
1805 4116 1981 4169 dentes

398 4217 556 4254 meos.
607 4201 924 4256 Miseremini
973 4205 1094 4267 mei,
1133 4205 1448 4258 miseremini
1484 4208 1605 4269 mei,
1644 4208 1832 4260 saltent
1871 4225 1979 4275 vos,

397 4292 560 4344 amici
600 4294 722 4353 mei,
759 4295 882 4363 quia
935 4311 1130 4348 atauus
1165 4295 1378 4350 Domini
1427 4299 1596 4367 tetigit
1626 4316 1708 4352 tne
1737 4300 1801 4354 ³³.
1849 4299 1981 4353 Pro-

2087 3102 2308 3172 quidetn
2351 3100 2394 3156 si
2430 3103 2684 3167 creverit;
2715 3103 2994 3159 immunda
3023 3113 3151 3159 sunt
3176 3105 3357 3159 omnia
3385 3104 3666 3176 praedicta.

2089 3194 2144 3247 in
2193 3193 2394 3263 quibus
2441 3193 2587 3249 istud
2637 3196 2906 3262 evenerit,
2942 3195 3068 3267 quia
3114 3197 3260 3267 lepra
3313 3212 3669 3266 perseverans

2087 3293 2190 3347 est,
2227 3294 2451 3355 propter
2497 3287 2640 3356 quod
2691 3297 2747 3342 et
2798 3287 3032 3343 ﬂammis
3069 3288 3227 3358 jubet
3265 3289 3353 3342 illa
3399 3289 3665 3344 comburi.

2087 3373 2230 3445 Ergo
2275 3375 2547 3431 ﬂammam
2594 3378 2860 3448 gehennae
2902 3379 3193 3450 signiﬁcat,
3229 3388 3284 3433 et
3325 3379 3491 3434 futuri
3531 3387 3669 3433 tom-

2088 3467 2238 3534 poris
2279 3468 2600 3522 memoriam
2645 3469 2773 3524 facit
2799 3487 2810 3523 :
2839 3486 3016 3540 neque
3059 3471 3204 3525 enim
3243 3471 3376 3526 dixit
3407 3489 3419 3524 :
3445 3471 3510 3526 In
3550 3473 3668 3543 igne

2089 3569 2474 3625 concrematur,
2502 3561 2597 3615 sed
2627 3563 2683 3614 in
2715 3562 2833 3632 igne
2865 3564 3301 3617 concremabitur.

2162 3645 2222 3702 Si
2255 3659 2434 3703 autem
2465 3660 2580 3719 post
2619 3651 2962 3706 reclusionem
3010 3669 3127 3707 eam
3174 3655 3359 3708 viderit
3409 3671 3510 3708 non
3553 3671 3668 3708 cre-

2087 3741 2250 3806 visse,
2298 3743 2587 3812 praecipiet,
2635 3754 2684 3798 et
2720 3743 2974 3799 lavabuut
3030 3748 3088 3800 irl
3130 3748 3184 3800 in
3223 3763 3324 3818 quo
3373 3747 3518 3818 lepra
3569 3758 3663 3803 est.

2087 3833 2144 3890 Id
2181 3843 2284 3900 est,
2319 3835 2530 3896 diluere
2561 3852 2622 3892 ea
2653 3837 2803 3892 illum
2844 3855 2943 3910 per
2983 3841 3358 3911 ptenitentiam
3386 3844 3664 3914 pratcepit.

2087 3931 2293 3985 Deinde
2322 3941 2444 4000 post
2475 3931 2796 3988 dilationem
2836 3935 3117 3990 recludere
3157 3935 3284 3990 illud
3313 3946 3520 4006 septem
3546 3938 3665 3993 dies

2087 4039 2276 4079 rursus
2307 4025 2484 4094 jubet,
2510 4033 2570 4080 ut
2615 4034 2931 4098 cognoscat,
2969 4041 3149 4083 utrum
3196 4030 3433 4085 inveniat
3477 4047 3663 4087 macu-

2084 4115 2190 4168 lam
2246 4117 2551 4187 superbiae,
2605 4120 2691 4174 vel
2742 4135 2896 4174 vanae
2948 4120 3153 4191 gloria},
3187 4133 3598 4192 permanentem
3647 4143 3661 4178 :

2083 4204 2332 4270 quamvis
2376 4221 2487 4260 non
2525 4207 2780 4273 creverit,
2819 4216 2998 4262 tamen
3037 4208 3430 4267 incommutata
3459 4215 3527 4269 ab
3563 4214 3668 4270 hoc

2084 4304 2186 4360 est,
2205 4297 2330 4364 quia
2347 4298 2410 4352 ad
2430 4299 2808 4368 pmnitentiam
2829 4316 2938 4355 non
2965 4302 3178 4374 migrat,
3197 4303 3537 4361 immundum
3557 4317 3662 4372 est,

400 4380 551 4434 bibet
592 4397 720 4451 ergo
750 4399 852 4438 nec
890 4383 944 4438 in
979 4384 1177 4439 virtute
1221 4386 1479 4455 perfecta,
1513 4388 1658 4456 quod
1695 4397 1775 4443 est
1804 4391 1970 4444 vesti-
2008 4387 2049 4441 D
2078 4398 2132 4443 et
2161 4390 2282 4460 igne
2310 4393 2682 4446 comburetur.
2709 4390 3071 4447 Corroborata
3099 4403 3184 4449 est
3209 4395 3354 4449 enim
3383 4398 3589 4467 passio,
3612 4408 3670 4454 et

399 4480 666 4537 mentum,
696 4475 780 4528 vel
830 4476 876 4529 si
922 4492 1114 4546 magna
1145 4486 1249 4542 est,
1283 4479 1368 4532 vel
1401 4481 1444 4532 si
1494 4481 1807 4545 mediocris,
1840 4483 1980 4538 banc

397 4563 544 4618 enim
592 4564 869 4622 laneorum
896 4577 952 4622 et
1014 4569 1284 4624 lineorutn
1318 4571 1684 4626 dill'erentiam
1718 4573 1978 4639 diximus,

398 4655 666 4711 maculam
737 4659 967 4713 inveniri
1021 4661 1197 4715 albam
1263 4671 1358 4716 aut
1420 4663 1636 4731 rufam;
1701 4667 1785 4722 vel
1838 4667 1981 4722 sicut

396 4745 561 4813 LXX,
591 4749 918 4806 viridantem
965 4761 1061 4806 aut
1107 4753 1594 4813 ﬂammescentem.
1626 4759 1768 4815 Dicit
1796 4768 1977 4816 autem

398 4839 726 4896 viridantent
787 4845 1134 4914 superbiam,
1190 4847 1561 4904 ﬂammantem
1639 4851 1978 4919 κενοδοξίανς

396 4930 515 4986 btec
541 4934 690 4990 enim
719 4935 822 4990 fuit
851 4939 1166 5009 angelorum
1206 4942 1599 5010 praevaricatio,
1625 4944 1749 5014 quia
1779 4946 1978 5015 ubique.

394 5026 648 5082 Christus
678 5029 912 5085 virtutes
953 5048 982 5085 λ
1013 5049 1150 5087 vana
1181 5035 1349 5104 gloria
1386 5036 1584 5089 liberas
1615 5055 1736 5090 esse
1773 5055 1978 5108 przece-

396 5119 498 5187 pit,
528 5127 584 5172 et
624 5136 800 5189 neque
837 5123 1110 5192 jejunarc,
1144 5141 1322 5195 neque
1365 5127 1607 5181 misereri
1649 5131 1714 5182 atl
1756 5131 1978 5198 placen-

393 5211 523 5263 dum
565 5211 880 5269 hominibus
923 5217 1120 5284 jubet:
1170 5220 1397 5288 perdere
1433 5222 1631 5290 quippe.
1673 5226 1974 5278 tllt‘l'Ct‘thlll

394 5319 549 5356 suam
597 5320 691 5358 eos
733 5307 822 5375 qui
873 5307 946 5362 ita
989 5309 1216 5369 faciunt.
1251 5311 1556 5366 aﬁirmavit.
1591 5313 1690 5378 Qui
1732 5315 1876 5368 enim
1907 5317 1975 5370 ab

393 5394 710 5451 hominibus
755 5397 964 5454 laudari
1001 5402 1209 5465 volunt,
1242 5404 1514 5472 quomodo
1549 5405 1660 5476 jatn
1706 5407 1912 5461 laudari
1943 5424 1973 5462 a

470 5623 535 5652 ’⁷⁸
569 5623 730 5679 Prov.
769 5641 918 5688 xxxi,
951 5627 1036 5681 15.

389 5690 432 5723 ⁸³
473 5693 607 5749 ibid.
633 5694 687 5750 2.
767 5695 812 5728 ”
842 5696 1002 5751 Num.
1036 5713 1168 5763 xxii,
1205 5698 1256 5752 4.

1116 5627 1159 5658 ’⁸
1190 5627 1320 5701 ibid.
1354 5629 1442 5684 2:2.
1510 5631 1553 5661 ²⁹
1583 5630 1696 5685 Jac.
1738 5649 1772 5698 I,
1809 5632 1891 5687 12.
1959 5631 2004 5664 ³⁸
2034 5629 2194 5688 Rom.
2227 5651 2279 5701 ν,
2323 5635 2372 5689 ιι.

2085 4491 2373 4550 propterea
2399 4500 2498 4554 per
2527 4485 2782 4541 virtutem
2813 4486 2978 4542 homo
3021 4503 3123 4543 nec
3161 4489 3433 4562 corrigere
3465 4493 3666 4546 tnalum

2085 4577 2220 4641 vult,
2253 4594 2356 4633 nec
2386 4578 2690 4636 intendere.

2156 4667 2214 4720 Si
2246 4669 2384 4722 enim
2417 4670 2665 4724 obscurus
2693 4673 2852 4742 fuerit
2882 4672 3022 4726 locus
3055 4673 3232 4741 leprw.
3265 4675 3319 4728 Id
3349 4686 3434 4728 est
3463 4675 3665 4729 incerta

2083 4756 2233 4825 lepra
2277 4766 2332 4812 et
2369 4758 2552 4824 dubia,
2583 4769 2869 4830 postquam
2896 4763 3062 4817 vestis
3099 4773 3184 4818 est
3211 4764 3315 4817 lota
3353 4779 3448 4832 per
3489 4763 3667 4832 pomi-

2088 4851 2334 4915 tcntiatn,
2361 4851 2685 4908 abscindere
2729 4855 3038 4923 passionem
3067 4870 3097 4908 a
3130 4855 3456 4908 vestimento
3492 4853 3665 4905 virtu-

2087 4941 2176 5007 tis,
2205 4950 2639 5016 caeterorumque
2677 4962 2801 5017 qua:
2847 4947 2989 5001 dicta
3017 4955 3166 5010 sunt,
3199 4944 3475 5016 praaccpit.
3519 4944 3666 5011 Quo-

2086 5037 2248 5090 modo
2273 5053 2402 5109 ergo
2431 5041 2742 5110 superbiam
2771 5039 3086 5110 abrumpit?
3125 5038 3293 5092 Valde
3325 5037 3576 5092 videlicet
3606 5027 3665 5092 se

2087 5128 2398 5195 ltmnilians,
2431 5133 2682 5187 similiter
2711 5143 2766 5187 et,
2796 5148 2988 5185 vanam
3021 5131 3243 5200 gloriam
3275 5129 3526 5184 omnibus
3549 5146 3580 5184 a
3607 5146 3666 5184 se

2089 5238 2373 5277 removens
2405 5225 2580 5278 modis
2613 5246 2625 5278 :
2667 5226 2717 5279 id
2745 5236 2846 5288 est,
2878 5234 2936 5278 ut
2963 5240 3066 5278 nec
3099 5223 3418 5284 honoribus,
3451 5242 3513 5277 ex
3541 5225 3664 5294 qui-

2086 5317 2186 5370 bus
2213 5316 2482 5386 superbite
2515 5319 2696 5386 passio
2724 5317 2983 5380 nutritur,
3019 5332 3122 5369 nec
3163 5315 3434 5378 laudibus,
3465 5317 3662 5386 quibus

2084 5426 2220 5464 vana
2249 5409 2446 5464 crescit
2478 5408 2666 5479 gloria,
2697 5408 3017 5473 delectetur,
3049 5409 3129 5463 vel
3169 5409 3399 5480 gaudeat
3429 5427 3441 5463 :
3474 5408 3660 5478 sicque

2453 5633 2494 5667 ³⁸
2523 5633 2625 5689 Job
2658 5649 2768 5699 xix,
2800 5633 2892 5702 20,
2923 5635 3012 5690 2t.
3097 5635 3140 5668 δ’
3177 5631 3323 5690 Psal.
3355 5649 3541 5702 xxm,
3571 5631 3662 5692 56.
