4038 6182
438 171 535 235 951

1620 170 1978 249 ῌΕΞΥΟΗΙΙ
2013 167 2486 231 PRESBYTERI

3581 168 3687 237 952

436 297 809 353 conversetur,
840 298 898 342 ut
949 304 1015 342 ne
1061 288 1277 363 quidem
1329 287 1378 339 in
1430 284 1795 356 atiSpicionetn
1843 283 2007 338 unius
2037 289 2080 342 Α
2111 296 2176 336 eo
2205 281 2464 339 discimus
2495 285 2656 353 :quia
2688 283 2960 354 leprosum
2991 298 3099 337 non
3130 282 3208 337 ire
3236 282 3303 337 ad
3325 282 3686 344 sacerdotem,
3757 328 3760 330 .

437 379 634 433 borum
666 378 884 441 incidat.
912 387 964 434 ct
990 386 1119 432 tunc
1148 366 1383 432 mundus
1408 392 1530 432 esse
1557 377 1776 446 poterit.

507 466 603 523 Sin
629 479 804 523 autent
835 470 977 521 ultra
1017 468 1325 541 apparuerit
1356 469 1412 521 in
1437 468 1517 521 liis
1547 467 1692 531 locis,
1720 480 1837 538 qua!
1862 464 2010 535 prius

437 559 783 613 immaculata
829 560 1059 629 fuerant.
1101 557 1158 612 Id
1206 568 1289 613 est
1332 558 1387 611 iu
1434 556 1779 620 vestimento,
1826 555 1913 609 vel
1951 553 2009 608 in

437 647 800 719 subtegmine,
831 648 915 703 vel
962 649 1017 703 in
1067 630 1322 713 stamine,
1349 649 1435 702 vel
1480 649 1532 702 in
1576 648 1736 718 pelle,
1765 647 1816 701 id
1845 654 1928 702 est
1954 646 2009 700 in

435 737 656 805 virtute,
676 747 769 794 aut
791 740 922 811 ipsis
944 739 1353 803 tentationibns,
1375 739 1553 795 adhuc
1574 739 1817 794 eamdem
1841 736 2009 792 susti-

436 839 563 907 neat
593 829 924 899 passionem,
956 845 1054 900 pro
1093 845 1198 900 qua
1241 830 1458 883 ablutus
1485 836 1588 892 est,
1616 828 1699 883 vel
1734 825 2007 897 paenituit,

435 930 600 999 atque
628 922 680 975 in
720 937 782 976 ea
825 924 1109 991 permanet
1135 922 1469 983 immundus,
1512 920 1821 990 huiusmodi
1848 933 2011 991 repu-

440 1021 602 1077 tatur,
633 1022 689 1067 et
719 1014 859 1082 ignis
884 1028 1009 1069 eum
1040 1014 1303 1085 gehenna:
1330 1013 1575 1082 suscipit.

470 1092 471 1095 ¹
504 1103 641 1176 Quia
686 1103 832 1172 lepra
862 1104 1089 1159 volatilis
1120 1113 1168 1157 et
1200 1120 1336 1174 vaga
1371 1113 1463 1157 est.
1504 1103 1562 1157 Id
1603 1110 1705 1168 est,
1755 1101 1880 1172 quia
1905 1100 2011 1156 hoc

428 1196 579 1273 quod
606 1196 771 1249 semel
802 1196 1028 1250 maculae
1056 1195 1285 1249 dilutum
1311 1194 1506 1258 fuerat,
1528 1194 1580 1247 id
1603 1203 1706 1255 est,
1726 1202 2009 1264 postquam

436 1285 603 1338 semel
631 1301 660 1338 a
688 1285 999 1355 suspicione
1026 1285 1316 1339 mundatus
1341 1291 1443 1347 est,
1472 1299 1661 1337 rursus
1683 1283 1846 1337 lavari
1872 1283 2007 1345 vult,

430 1362 497 1445 ,ut
527 1385 657 1430 tunc
684 1376 922 1429 mundus
950 1377 1283 1429 nominetur.
1315 1375 1470 1430 Unde
1502 1375 1840 1443 apertissime
1877 1374 2010 1430 illud

430 1466 534 1522 tibi
565 1465 864 1535 intelligere
912 1465 1186 1536 legis-lator
1229 1466 1425 1527 innuit,
1455 1465 1671 1534 quando
1712 1466 1779 1519 de
1818 1466 2009 1520 eodem

405 1542 662 1625 peccato
707 1556 1081 1625 frequentibus
1117 1557 1232 1610 vult
1277 1557 1528 1625 lacrymis
1568 1557 1838 1625 pteniteri.
1877 1556 2010 1611 Fre-

2116 373 2209 427 sed
2240 374 2306 428 ad
2336 389 2460 429 cum
2488 375 2568 429 ire
2596 375 2931 430 sacerdotem
2963 374 3241 443 praecepit,
3271 374 3460 443 sicque
3493 372 3689 439 adduci

2115 479 2238 519 eum
2275 465 2365 535 qui
2408 466 2757 521 mundandus
2793 476 2896 522 est.
2935 464 3403 530 Quemadmodum
3442 473 3496 519 et
3523 464 3691 520 Chri-

2112 564 2232 609 stus
2276 556 2343 609 ad
2387 572 2488 610 nos
2531 556 2701 621 venit,
2734 566 2789 610 et
2826 555 2895 611 ad
2938 571 3035 610 eos
3073 555 3164 625 qui
3204 554 3277 609 ab
3320 570 3386 609 eo
3434 554 3688 615 mundari
3735 618 3745 626 _

2114 654 2276 715 atque
2307 647 2453 702 ablui
2482 647 2853 702 necessarium
2887 647 3178 702 habebant.
3209 647 3278 701 Et
3306 655 3452 700 extra
3481 654 3686 715 castra,

2114 737 2181 792 ad
2232 738 2555 794 intuendum
2604 755 2728 794 eum
2780 739 2873 810 qui
2915 738 3265 793 mundaudus
3311 747 3455 803 erat,
3499 737 3686 808 egredi

2114 828 2450 885 sacerdotem
2509 831 2768 902 pmcepit
2822 848 2835 885 :
2890 832 3032 885 sicut
3077 846 3182 884 nos
3228 829 3480 884 Christus
3533 838 3687 896 extra

2114 930 2328 987 castra,
2385 937 2480 990 per
2524 922 2837 994 passionem
2888 922 3098 983 cruris,
3158 919 3689 991 dispensationisque

2114 1025 2234 1079 qua:
2271 1020 2402 1066 tunc
2438 1022 2657 1080 peracta
2698 1022 2804 1088 est,
2838 1012 3099 1066 visitavit.
3147 1011 3265 1069 Non
3312 1011 3465 1080 prius
3504 1019 3687 1074 autem

2116 1097 2221 1154 hoc
2250 1100 2379 1171 egit,
2420 1116 2579 1170 quam
2629 1100 2854 1164 videret,
2890 1100 3015 1171 quia
3062 1100 3273 1153 macula
3310 1099 3475 1168 lepra:
3514 1099 3582 1153 ab
3618 1113 3687 1152 eo

2115 1198 2401 1245 sanaretur
2428 1231 2442 1254 ,
2476 1192 2528 1247 id
2569 1201 2673 1257 est,
2704 1198 2992 1262 antequam
3041 1206 3144 1246 nos
3184 1191 3425 1246 caruisse
3461 1190 3695 1247 vidisset

2117 1286 2347 1336 terrore.
2378 1280 2611 1348 Quando
2649 1299 2779 1355 ergo
2813 1283 2866 1337 iu
2908 1298 3034 1338 eum
3075 1298 3186 1337 non
3230 1283 3405 1336 solum
3440 1297 3504 1341 ex
3533 1281 3688 1351 plebe

2115 1368 2342 1427 Iudaica
2401 1373 2789 1439 crediderunt,
2841 1374 2933 1429 sed
2987 1383 3043 1428 et
3089 1373 3282 1444 pagani
3333 1371 3691 1426 ascendentes

2116 1477 2239 1515 eum
2282 1462 2469 1516 videre
2508 1464 2823 1534 cupiebant,
2863 1463 3243 1517 nuntiantibus
3274 1462 3379 1516 hoc
3410 1458 3688 1529 discipulis

2116 1552 2247 1607 dixit
2284 1570 2298 1605 :
2330 1552 2474 1607 Venit
2502 1555 2630 1607 hora
2681 1562 2739 1608 ut
2788 1555 3110 1623 gloriﬁcatur
3156 1554 3322 1608 Filius
3370 1553 3593 1606 hominis
3616 1553 3685 1623 ³³.

435 1660 612 1713 quens
636 1646 782 1699 enim
808 1646 1278 1706 commemoratio,
1306 1662 1409 1699 nec
1448 1647 1624 1714 ipsum
1657 1647 1852 1700 vulnus
1886 1661 2000 1716 per-
2049 1633 2088 1686 Β
2116 1641 2343 1707 Quando
2394 1645 2529 1698 vidit
2578 1645 2725 1714 quod
2777 1652 3138 1714 praeparatum
3188 1652 3335 1699 esset
3389 1644 3684 1711 humanum

438 1736 604 1791 mittit
645 1737 961 1807 praevalere,
991 1750 1097 1791 nec
1146 1737 1313 1791 aliud.
1346 1739 1480 1802 Quia
1524 1755 1650 1809 ergo
1688 1750 1743 1793 et
1779 1740 1845 1793 de
1878 1754 2008 1793 eve-

429 1827 716 1906 :uiontibus
766 1828 822 1882 in
871 1828 1102 1885 virtutes
1148 1830 1395 1891 maculis,
1446 1830 1714 1899 legislator
1759 1828 2011 1899 puriﬁca-

436 1920 612 1971 tiones
659 1917 938 1987 princepit,
976 1917 1088 1987 jam
1134 1932 1233 1987 per
1279 1933 1400 1988 quae
1450 1920 1721 1989 leprosum
1760 1921 2006 1982 inundet.

424 2016 691 2087 agnosce”.
723 2006 837 2062 Hoc
863 2022 995 2078 ergo
1023 2006 1334 2073 intendens,
1365 2010 1611 2064 invenies
1638 2011 1762 2080 quia
1796 2011 2009 2082 legisla-

435 2098 540 2152 tnri
566 2098 635 2153 do
663 2099 812 2169 lepra
839 2100 928 2155 illa
955 2115 1100 2156 curae
1130 2102 1253 2169 fuit,
1300 2117 1421 2172 qua:
1462 2118 1525 2156 ex
1567 2103 1779 2157 delictis
1807 2102 1859 2156 in
1891 2103 2008 2156 ani—

424 2191 623 2276 intubus
654 2191 856 2246 nostris
886 2192 1165 2274 inﬂigitur.
1316 2194 1319 2199 ’

1015 2345 1241 2402 CAPUT
1280 2348 1419 2402 XIV.

504 2451 663 2509 Vens.
690 2457 804 2512 1-9.
836 2475 856 2507 ι
887 2457 1231 2528 Locutusque
1261 2468 1345 2514 est
1375 2460 1637 2515 Dominus
1669 2461 1736 2516 ad
1764 2460 2004 2533 Moysen,

421 2543 618 2620 [dicens
650 2562 663 2597 :
696 2543 793 2599 llic
826 2554 912 2600 est
955 2548 1092 2601 ritus
1134 2548 1361 2616 leprosi,
1396 2550 1614 2618 quando
1661 2551 2007 2606 mundandus

430 2642 555 2689 est:
588 2633 892 2690 Adducitnr
918 2630 997 2691 ad'
1000 2622 1384 2701 sacerdotem,
1411 2640 1503 2709 qni
1543 2655 1796 2710 egressus
1835 2657 1867 2697 θ
1912 2657 2005 2701 ca-

421 2724 579 2795 ~atris,
605 2741 729 2781 cum
763 2725 1037 2782 invenerit
1069 2728 1274 2798 lcpram
1304 2720 1431 2785 esse.
1451 2732 1787 2802 mandatam,
1813 2734 2007 2802 praci-

430 2818 543 2886 piet
561 2818 613 2875 ei
639 2820 729 2888 qui
759 2818 1099 2888 puriﬁcatnr,
1127 2829 1188 2874 ut
1222 2821 1417 2877 oﬂ'crat
1444 2837 1540 2892 pro
1569 2838 1629 2877 se
1653 2822 1790 2878 duos
1816 2840 2003 2894 passe-

426 2924 519 2990 res
542 2910 715 2976 vivos,
740 2918 795 2965 et
816 2926 954 2981 quos
981 2912 1128 2981 vesci
1154 2912 1359 2968 licitum
1383 2922 1486 2978 est,
1514 2923 1569 2968 et
1593 2914 1801 2985 lignum
1825 2915 2004 2970 cedri-

2118 1749 2292 1800 genus
2343 1736 2408 1790 ad
2465 1736 2863 1801 liberationem,
2916 1737 3251 1805 salutemque
3300 1751 3399 1805 per
3447 1750 3685 1799 crucem,

2118 1826 2223 1880 hoc
2264 1827 2409 1882 enim
2465 1836 2523 1882 ct
2566 1828 2793 1899 gloriam
2841 1843 2992 1881 suam
3040 1828 3348 1899 appellavit,
3391 1836 3519 1883 tunc
3557 1826 3688 1896 quid

2117 1919 2395 1988 suscepit?

2189 2011 2436 2065 Videlicet
2489 2013 2620 2066 duos
2669 2029 2905 2081 passeres
2961 2013 3098 2066 vivos
3142 2028 3269 2082 quos
3310 2010 3444 2067 uesci
3480 2009 3680 2064 licitum

2115 2108 2211 2153 est.
2243 2098 2441 2154 Habuit
2472 2101 2616 2155 enim
2651 2101 3067 2166 haecChristus,
3113 2100 3443 2154 divinitatem
3472 2100 3684 2154 scilicet

2113 2196 2170 2242 et
2205 2188 2622 2255 humanitatem,
2659 2192 2785 2258 quia
2823 2190 3023 2244 munda
3059 2188 3260 2245 Christi
3296 2189 3455 2242 etiam
3486 2189 3687 2242 buma-

2113 2277 2275 2341 nitas,
2314 2287 2368 2331 et
2417 2279 2607 2337 vivens
2645 2289 2750 2333 est.
2798 2279 2994 2334 Munda
3042 2279 3291 2349 quidem,
3337 2289 3521 2347 utpote
3564 2293 3688 2348 qua:

2112 2369 2395 2438 proprium
2453 2380 2737 2439 peccatum
2786 2385 2894 2424 non
2948 2371 3136 2425 habuit
3170 2388 3186 2425 :
3227 2371 3351 2424 viva
3388 2377 3592 2434 autem,
3624 2378 3688 2424 ut

2114 2472 2234 2525 qua:
2260 2457 2440 2528 genita
2477 2474 2586 2512 non
2617 2467 2788 2527 estex
2820 2459 2917 2517 viri
2945 2459 3304 2525 inmunditia,
3340 2468 3395 2514 ct
3424 2460 3545 2513 ideo
3574 2474 3685 2525 non

2113 2546 2216 2602 iuit
2242 2548 2604 2611 maledictioui
2634 2548 2825 2602 mortis
2850 2548 3102 2603 obnoxia.

2183 2636 2386 2699 Sumet,
2412 2641 2602 2709 inquit,
2630 2649 2677 2693 et
2707 2640 2905 2709 lignum
2931 2640 3220 2693 cedrinum.
3248 2639 3307 2695 Id
3331 2647 3416 2695 est
3440 2652 3681 2692 crucem.

2113 2729 2292 2785 Cedro
2320 2722 2501 2797 autem
2529 2732 2651 2785 ideo
2681 2730 3035 2802 signiﬁcatur,
3060 2732 3183 2802 quia
3208 2731 3407 2786 cedrus
3441 2730 3494 2783 in
3522 2728 3684 2800 lignis

2112 2821 2271 2877 fortis
2311 2831 2396 2877 est
2436 2840 2450 2876 :
2495 2838 2620 2877 nam
2669 2831 2727 2877 et
2767 2838 2892 2877 arca
2942 2824 3010 2878 de
3042 2806 3214 2895 "lignis
3264 2822 3502 2878 cedrinis
3542 2822 3685 2877 facta

2114 2918 2284 2973 fuisse
2321 2919 2585 2973 asseritur
2631 2936 2644 2971 :
2686 2918 2811 2988 quia
2859 2919 3125 2990 lignorum
3165 2918 3582 2988 impntribiliutn
3622 2917 3683 2971 in

430 3015 562 3057 num
583 3039 597 3063 ,
647 3002 1134 3073 vermiculnmque,
1180 3014 1237 3060 et
1281 3006 1577 3077 hyswpum
1610 3022 1626 3062 :
1661 3015 1713 3061 et
1757 3022 1928 3062 unum
1972 3024 2003 3063 e
2028 2981 2076 3044 ϐ
2109 3011 2520 3080 constructione
2552 3012 2672 3080 ejus
2698 3011 2906 3082 Moyses
2933 3010 3263 3065 mentionem
3294 3010 3439 3065 fecit.

431 3093 746 3163 passeribus
785 3093 1051 3148 immolari
1100 3096 1315 3171 iubebit
1359 3096 1415 3150 in
1460 3111 1589 3150 vase
1633 3097 1803 3164 tietili,
1843 3113 2010 3169 super

431 3198 600 3252 aquas
631 3184 877 3241 viventes
905 3203 919 3238 :
948 3186 1114 3242 alium
1147 3196 1329 3255 autem
1361 3187 1545 3253 vivum
1584 3203 1708 3243 cum
1744 3189 1891 3258 ligno
1919 3171 2010 3249 ce?

431 3275 613 3337 «irino.
641 3285 696 3331 et
721 3288 909 3338 cocco,
939 3288 996 3332 et
1036 3261 1280 3349 byssOpu
1307 3279 1479 3349 tinget
1508 3279 1562 3333 in
1593 3280 1859 3351 sanguine
1888 3297 2011 3351 pas-

432 3367 569 3422 seris
596 3368 879 3423 immolati.
911 3369 1016 3435 Qui
1059 3379 1308 3441 aspergat
1351 3372 1501 3426 illum
1534 3372 1627 3441 qui
1664 3354 2011 3429 mundandus

429 3473 533 3531 est,
563 3463 764 3531 septies
805 3472 863 3516 ut
888 3465 1012 3532 iure
1051 3472 1340 3534 purgetur,
1370 3472 1426 3518 et
1464 3464 1707 3518 dimittet
1732 3480 2006 3534 passerem

433 3553 613 3607 \ivum
655 3566 713 3608 ut
754 3554 811 3608 in
851 3570 1045 3624 agrum
1087 3556 1283 3609 evolct.
1334 3555 1583 3625 Cumque
1618 3556 1810 3610 laverit
1844 3557 2009 3611 homo

429 3645 755 3699 vestimenta
783 3662 901 3709 sua,
933 3648 1084 3701 radet
1112 3662 1306 3702 omnes
1331 3648 1469 3717 pilos
1494 3649 1739 3718 corporis
1774 3656 1830 3702 et
1863 3649 2010 3703 lava-

431 3733 577 3789 bitur
625 3752 787 3804 aqua.
839 3736 1275 3807 Puriticatusque
1330 3736 1631 3808 ingreditur
1680 3746 1888 3804 castra,
1935 3738 2007 3793 ita

414 3826 690 3901 ,duntaxat
727 3837 787 3883 ut
823 3838 1040 3883 maneat
1082 3839 1235 3883 extra
1276 3823 1685 3884 tabernaculum
1722 3845 1880 3885 suum
1918 3847 2007 3886 se-

424 3904 580 3984 ptem
625 3918 839 3984 diebus,
868 3930 923 3975 et
963 3921 1050 3977 die
1083 3922 1313 3990 septima
1356 3921 1513 3976 radat
1550 3922 1776 3991 capillos
1810 3922 2008 3992 capitis

424 4006 761 4079 barbamque
800 4020 857 4066 et
904 4012 1192 4080 supercilia
1237 4028 1302 4068 ac
1344 4013 1513 4077 totius
1555 4004 1805 4083 corporis
1846 4014 2006 4084 pilos,

426 4097 556 4163 lotis
586 4116 802 4156 rursum
835 4103 1076 4159 vestibus
1107 4114 1162 4159 et
1192 4119 1441 4174 corpore.
1478 4123 1497 4157 ι
1992 4094 1993 4097 ¹

500 4188 636 4254 Quia
666 4208 785 4249 nou-
816 4210 918 4248 nos
950 4203 1167 4264 oportet
1193 4196 1455 4250 arbitrari
1487 4196 1826 4267 negligenter
1850 4197 2009 4267 quid-

2179 3102 2361 3159 Sumet
2389 3112 2438 3156 et
2467 3102 2829 3177 vermiculata.
2853 3103 3009 3169 Quod
3038 3102 3175 3157 LXX
3202 3103 3391 3163 edunt,
3417 3102 3686 3155 coccinum

2109 3204 2296 3261 totum,
2329 3194 2582 3249 videlicet
2627 3194 2937 3262 passionem
2971 3211 2985 3247 :
3014 3194 3216 3249 dicitur
3258 3194 3426 3257 enim,
3462 3199 3689 3261 propter

2108 3274 2400 3353 tincturam
2453 3286 2838 3361 sanguineam,
2883 3286 3190 3341 coccinum.
3239 3284 3397 3341 Unde
3439 3284 3687 3354 chlamy-

2110 3377 2232 3430 dem
2264 3359 2596 3437 cocrincam,
2630 3359 2756 3432 cum,
2790 3376 3082 3431 duceretur
3105 3375 3171 3430 ad
3198 3375 3526 3455 passionem,
3555 3389 3684 3428 eum

2112 3467 2309 3522 milites
2349 3467 2665 3521 induerunt.
2705 3467 2929 3522 Torttun
2964 3474 3147 3521 autem
3168 3481 3289 3520 esse
3325 3479 3494 3534 quare
3526 3465 3688 3520 dixe-

2112 3560 2275 3614 runt?
2324 3559 2553 3631 Propter
2598 3559 3040 3630 passibilitatem,
3087 3558 3689 3629 impassibilitatemque

2107 3667 2436 3724 .coanexam,
2470 3661 2693 3722 propter
2740 3652 2881 3719 quod
2932 3651 2989 3705 in
3041 3665 3107 3705 eo
3155 3649 3337 3721 passio
3383 3650 3687 3703 secundum

2110 3742 2397 3813 quemdam
2426 3752 2512 3799 est
2537 3743 2780 3798 modum.
2812 3741 3089 3813 Hyssopus
3111 3753 3292 3796 autem
3320 3741 3450 3795 boni
3478 3740 3687 3804 odoris,

2111 3835 2280 3906 gratia
2330 3834 2600 3904 Spiritus,
2644 3835 2987 3904 eooperatrix
3036 3831 3438 3888 emendationis
3482 3839 3689 3885 nostra!

2111 3935 2215 3988 est,
2258 3926 2401 3980 unde
2434 3926 2599 3979 David
2642 3943 2656 3979 :
2689 3925 2943 3995 Asperges
2990 3941 3091 3988 me,
3134 3923 3329 3993 inquit,
3362 3923 3601 3991 byssopo,
3630 3930 3687 3975 et

2111 4018 2406 4072 mundabor
2435 4016 2500 4070 ³⁸.
2543 4014 2619 4071 De
2670 4016 2987 4086 passeribus
3042 4030 3206 4085 ergo,
3256 4028 3395 4083 quos
3445 4014 3688 4067 diximus

2111 4124 2232 4165 esse
2279 4108 2578 4172 Christum,
2630 4108 2777 4163 hunc
2825 4107 3084 4178 praecepit
3132 4105 3419 4167 immolari,
3459 4105 3539 4158 vel
3584 4118 3687 4186 oc.-

2111 4201 2242 4266 cidi,
2276 4201 2328 4256 id
2355 4209 2457 4264 est,
2492 4200 2547 4255 id
2574 4200 2719 4270 quod
2746 4208 2866 4254 erat
2909 4197 3183 4269 possibile,
3213 4204 3269 4250 et
3295 4195 3439 4262 quod
3471 4203 3690 4265 poterat

429 4284 575 4353 piam
619 4283 979 4353 legislaturem
1030 4284 1236 4349 dicere,
1280 4285 1413 4340 illud
1461 4295 1515 4342 te
1556 4296 1775 4356 oportet
1819 4298 2008 4344 notare
2042 4309 2084 4365 π)
2112 4287 2306 4349 occidi,
2343 4278 2617 4342 et'occidi
2662 4287 2715 4341 in
2760 4300 2891 4342 vase
2936 4285 3110 4350 ﬁctili,
3141 4299 3306 4355 super
3342 4284 3589 4339 viventes
3623 4283 3686 4339 in

432 4389 544 4443 prze
588 4374 861 4437 omnibus,
898 4375 1029 4444 quia
1068 4391 1217 4430 nunc
1260 4377 1481 4447 quando
1529 4377 1598 4431 de
1636 4377 2005 4431 mundationi-

432 4468 537 4522 bus
567 4466 762 4527 sancit,
791 4466 890 4520 soli
923 4465 1113 4536 Moysi,
1144 4483 1259 4522 non
1304 4467 1467 4523 etiam
1505 4467 1686 4520 Aaron
1728 4468 1871 4522 sicut
1912 4484 2007 4523 su-

431 4558 644 4629 perius,
691 4540 939 4625 loquitur
966 4576 982 4621 _:
1009 4559 1132 4628 quia
1163 4559 1372 4631 Moyses
1410 4560 1685 4630 praacipue
1718 4561 2005 4632 imaginem

430 4649 659 4712 Christi,
687 4650 987 4721 secundum
1020 4651 1219 4709 multos
1245 4650 1341 4720 qui
1369 4651 1498 4706 dicti
1530 4660 1676 4716 sunt,
1715 4652 1853 4723 gerit
1885 4667 2007 4707 mo-

429 4744 549 4797 dos.
587 4741 698 4796 Soli
722 4734 913 4817 autem
942 4727 1162 4796 Christo
1201 4741 1508 4799 contemnis
1548 4742 1713 4810 lepra:
1747 4747 2009 4812 competit

419 4834 762 4895 .emundatio.
796 4819 1025 4918 Propter
1050 4836 1195 4915 quod
1224 4851 1326 4891 nec
1354 4836 1421 4892 de
1452 4836 1605 4906 lepra
1639 4836 1802 4891 unius
1837 4836 2006 4899 modi,

428 4945 551 4997 qua:
578 4928 637 4990 iit
667 4929 721 4987 in
754 4930 1000 4994 vulnere,
1028 4929 1180 4984 verbi
1207 4929 1402 5001 gratia.
1433 4939 1526 4985 aut
1564 4930 1619 4985 in
1650 4929 1886 4997 ustione,
1914 4938 2009 4985 aut

417 5004 605 5080 ‘aliter,
639 5018 899 5089 loquitur,
929 5018 1025 5073 sed
1057 5019 1172 5073 ait:
1240 5002 1246 5013 ’

500 5112 598 5169 llic
649 5120 723 5166 est
772 5112 905 5166 ritus
956 5102 1166 5184 leprosi.
1202 5109 1311 5181 Per
1362 5112 1466 5183 hoc
1503 5127 1720 5166 omnem
1765 5113 2001 5182 speciem

428 5204 593 5273 leprze
645 5204 934 5275 complecti
982 5204 1204 5274 volens,
1257 5204 1384 5273 quia
1441 5212 1496 5261 ct
1545 5204 1796 5260 Christus
1842 5220 2004 5260 onmc

426 5312 599 5365 genus
636 5307 988 5366 peccatorum
1025 5298 1327 5353 mandavit.
1361 5282 1503 5368 Ergo
1535 5305 1591 5352 ct
1628 5298 1794 5351 nimis
1828 5297 2004 5351 simil-

427 5387 553 5442 lima
595 5400 679 5443 est
727 5390 986 5461 mysterio
1027 5391 1146 5462 eius
1194 5405 1434 5461 praesens
1474 5379 1723 5452 materia,
1755 5388 1897 5458 quod
1939 5404 2003 5442 ex

503 5589 545 5646 θ’*
573 5589 730 5644 Joan.
762 5604 839 5653 κε,
872 5588 923 5642 4.
1008 5589 1050 5620 ³⁸
1077 5590 1215 5645 Dsal.
1250 5606 1301 5657 ι,
1334 5590 1387 5646 9.
1466 5588 1508 5623 ³⁷
1530 5588 1688 5645 Rom.
1721 5604 1795 5655 vr,
1828 5588 1879 5642 5.

2113 4379 2292 4441 nobis,
2328 4378 2382 4433 id
2413 4388 2491 4434 est
2527 4394 2627 4448 pro
2659 4376 2839 4442 nobis,
2865 4374 3128 4446 siquidem
3159 4389 3347 4429 sumus
3375 4388 3471 4429 vas
3495 4370 3682 4439 ﬁctile,

2112 4472 2180 4526 de
2224 4472 2339 4526 luto
2375 4470 2629 4525 videlicet
2677 4468 2826 4525 facti.
2860 4466 3185 4538 Unigcnitus
3226 4465 3524 4521 secundum
3557 4480 3687 4519 car-

2112 4579 2239 4618 nem
2282 4563 2550 4617 occiditur
2588 4576 2755 4631 super
2783 4574 2952 4631 aquas
2977 4558 3149 4622 vivas,
3184 4558 3236 4613 id
3267 4566 3351 4613 est
3389 4556 3688 4627 baptisma-

2114 4657 2205 4711 tis.
2246 4655 2388 4710 ilors
2437 4654 2558 4723 ejus
2605 4653 2810 4724 quippe
2854 4660 3100 4708 nostrum
3150 4651 3345 4722 figurat
3391 4648 3684 4719 baptisma,

2107 4748 2251 4817 quod
2278 4746 2519 4802 ostendit
2547 4744 2777 4809 Paulus,
2803 4744 2993 4800 dicens
3022 4762 3037 4798 :
3073 4742 3378 4814 Quicunque
3400 4743 3453 4794 in
3479 4739 3686 4794 Christo

2109 4839 2363 4909 baptizati
2404 4855 2603 4900 sums,
2635 4838 2694 4891 in
2735 4844 2902 4891 morte
2944 4836 3060 4904 ejus
3105 4834 3360 4904 baptizati
3402 4849 3583 4887 cunnis
3614 4832 3684 4885 ³⁷.

2108 4931 2169 4985 in
2200 4931 2304 4989 hoc
2326 4930 2519 4986 vivens
2538 4944 2751 5000 passer,
2779 4937 2835 4984 et
2862 4928 3071 4998 lignum
3095 4925 3398 4990 cedriuum,
3422 4935 3478 4978 ct
3505 4923 3687 4978 cocci-

2112 5039 2242 5078 num
2271 5032 2497 5091 tortum,
2516 5031 2574 5077 et
2601 5022 2870 5093 hyssopus
2899 5019 3159 5091 tingitur:
3188 5016 3367 5073 omnia
3392 5015 3545 5069 enim
3569 5016 3687 5069 lucc

2115 5114 2657 5185 comprehenduntur
2684 5114 2739 5167 in
2774 5112 2974 5167 virtute
3002 5109 3359 5179 baptismatis,
3383 5108 3528 5178 quod
3553 5105 3688 5162 dixi-

2113 5223 2234 5262 mus
2268 5204 2559 5261 Dominicat
2585 5220 2708 5260 esse
2749 5203 3018 5274 passionis
3052 5202 3277 5274 ﬁguram
3330 5197 3686 5272 signiﬁcatio-

2113 5314 2364 5368 nemque.
2396 5297 2502 5353 Sed
2533 5296 2725 5352 vivens
2766 5309 2976 5366 passer,
3000 5308 3162 5364 quem
3190 5292 3246 5347 in
3279 5288 3553 5362 Unigeniti
3586 5303 3688 5342 ne~

2110 5406 2261 5445 cessa
2270 5391 2344 5445 rie
2361 5390 2700 5447 divinitatem
2718 5388 3037 5460 accipimus,
3055 5386 3113 5441 in
3129 5384 3391 5458 sanguine
3408 5383 3497 5438 hic
3516 5378 3688 5439 occisi
