4038 6182
329 227 436 291 953

1447 224 1532 284 IN
1570 221 2006 287 LEVITICUM,
2041 247 2107 258 —
2136 223 2286 285 LIB.
2327 226 2429 288 IV.

3467 225 3572 290 954

330 334 584 409 passeris,
623 343 680 388 et
720 345 858 402 aqua
897 331 1164 402 tingitur,
1198 330 1252 386 id
1291 340 1375 385 est
1409 329 1464 383 in
1506 330 1674 400 gratia
1723 328 1897 398 bapti-
1927 341 1970 394 Α
1999 350 2124 388 eum
2152 334 2483 404 cogitatione
2523 334 2748 407 cupiens
2786 334 3062 405 pmcepit,
3099 334 3193 389 sed
3237 347 3441 388 novum
3488 347 3574 389 to.

328 425 540 490 smatis,
571 424 693 493 quia
726 438 838 476 non
882 421 936 475 in
966 421 1202 475 hominis
1245 420 1517 489 passione,
1569 419 1663 472 sed
1711 417 1805 472 Dei
1847 426 1902 471 et

332 514 568 570 hominis
597 514 850 583 passione
883 513 1242 582 baptizamur.
1285 509 1488 568 Deinde
1521 518 1643 578 post
1682 509 1785 562 hoc
1818 507 1899 561 vi-

333 621 464 659 vens
498 620 686 675 passer
733 605 788 656 in
833 618 1022 674 agrum
1068 609 1130 654 ut
1171 600 1370 664 avolet,
1410 599 1720 653 dimittitur.
1761 599 1903 669 Ergo

334 698 684 768 impassibilis
713 697 994 759 divinitas,
1030 703 1086 749 et
1113 693 1489 763 inseparabilis
1513 701 1631 746 erat
1655 707 1684 745 a
1715 705 1900 755 carne,

324 805 452 855 .qua:
482 803 640 857 passa
674 794 778 852 est,
811 785 956 839 unde
992 793 1050 838 et
1082 783 1402 852 separabilis
1431 782 1485 834 in
1514 781 1777 850 sanguine
1806 779 1905 834 ba—

331 879 587 944 ptizatur,
619 883 680 929 ut
717 872 1066 944 impassibilis
1105 871 1226 925 viva
1271 871 1325 924 in
1359 884 1547 940 agrum
1583 869 1759 921 avolet
1790 884 1805 921 :
1837 865 1904 920 ad

331 967 679 1028 latitudinem
750 966 1003 1020 videlicet
1065 961 1538 1033 contemplationis
1599 959 1901 1022 emittitur,

326 1073 444 1124 ,quo
492 1059 640 1110 illum
689 1057 1031 1119 dimittente,
1076 1065 1264 1108 nostro
1310 1053 1560 1108 videlicet
1604 1051 1901 1105 intellectu.

331 1148 439 1199 sub
491 1146 652 1213 bujus
697 1146 842 1201 enim
887 1145 1347 1213 contemplatione
1399 1150 1653 1206 tenetur,
1702 1140 1906 1194 solum-

337 1239 500 1291 modo
551 1248 746 1306 sponte
795 1239 1038 1300 detenta,
1085 1251 1210 1290 cum
1257 1251 1288 1289 a
1334 1235 1484 1288 nullo
1527 1233 1633 1288 alio
1673 1229 1905 1288 detineri

337 1327 525 1394 possit.
587 1327 814 1395 Insuper
858 1327 905 1380 is
951 1326 1044 1396 qui
1086 1325 1379 1380 mundatus
1423 1331 1544 1387 est,
1584 1324 1903 1378 vestimenta

252 1449 253 1456 η
331 1417 501 1479 lavat,
537 1417 787 1470 videlicet
817 1416 1078 1477 actiones,
1110 1425 1167 1470 et
1199 1415 1242 1469 si
1275 1430 1410 1483 quas
1438 1416 1666 1469 virtutes
1696 1414 1900 1478 habuit,

331 1510 462 1576 quia
507 1518 561 1561 et
610 1509 707 1562 has
746 1517 970 1577 peccato
1001 1507 1220 1577 polluit;
1261 1507 1403 1560 lavat
1427 1515 1608 1560 autem
1639 1506 1912 1574 pceniten-

339 1602 408 1654 tia
441 1619 453 1653 :
493 1611 546 1653 ct
573 1601 710 1654 radit
737 1601 925 1668 pilum,
960 1599 1012 1653 id
1044 1608 1128 1654 est
1157 1613 1373 1652 omnem
1401 1598 1780 1668 cogitationem
1811 1597 1906 1650 de-

330 1690 511 1761 ponit,
550 1691 676 1758 quia
702 1705 895 1743 oumcs
922 1704 1014 1743 eas
1044 1690 1278 1744 habebat
1317 1687 1645 1742 immundas.
1674 1688 1740 1741 Et
1765 1689 1907 1742 lotus

327 1798 473 1854 aqua
510 1781 841 1850 poenitentiae
891 1789 986 1832 aut
1021 1779 1391 1848 baptismatis,
1432 1787 1561 1832 tunc
1602 1777 1907 1830 necessarie

238 1866 244 1873 ’
329 1872 704 1937 inundabitur.
746 1869 879 1922 Nam
921 1869 1022 1923 etsi
1057 1869 1319 1922 mundum
1360 1883 1486 1922 eum
1529 1866 1779 1936 superius
1807 1881 1908 1919 no-

330 1961 582 2036 initiavit,
616 1961 691 2014 ait
720 1961 866 2014 enim
896 1978 908 2012 :

405 2048 534 2102 Cum
569 2049 706 2100 risus
749 2047 906 2117 [uerit
941 2063 1051 2100 esse
1085 2046 1392 2106 mundatus,
1422 2045 1594 2114 oﬂeret
1623 2043 1753 2097 duos
1785 2059 1908 2110 pas-

328 2155 495 2196 seres.
555 2138 663 2194 Sed
720 2155 844 2196 eum
885 2139 978 2210 qui
1027 2147 1186 2207 aptus
1234 2146 1350 2192 erat
1392 2137 1460 2191 ad
1499 2136 1906 2191 inundationem

327 2229 547 2293 diccbat
581 2247 593 2280 :
627 2243 748 2293 nam
799 2228 1070 2297 quomodo
1116 2230 1183 2291 is,
1235 2227 1327 2296 qui
1364 2227 1475 2296 jam
1519 2227 1754 2282 mundus
1802 2236 1904 2291 est,

328 2321 515 2375 adhuc
557 2335 779 2380 necesse
823 2321 985 2384 habet
1018 2318 1487 2375 mundarii'l‘unc
1517 2319 1569 2372 in
1605 2329 1780 2372 castra
1827 2319 1908 2371 iu-

334 2412 632 2482 gredietur,
668 2422 726 2464 ut
771 2412 1068 2468 conventui
1122 2420 1312 2472 nostro
1354 2411 1590 2476 intersit,
1622 2418 1784 2480 atque
1825 2410 1909 2463 in-

328 2489 696 2575 telligibilium
737 2511 1112 2570 contractuum
1161 2503 1363 2567 socius,
1395 2512 1453 2558 et
1489 2503 1713 2557 alterius
1760 2517 1908 2556 com-

335 2591 643 2653 mistionis,
708 2609 828 2662 qua:
878 2608 1001 2646 cum
1059 2591 1308 2646 ﬁdelibus
1368 2592 1617 2654 habetur,
1667 2591 1909 2660 acquirat

337 2681 565 2734 fructus.
613 2683 657 2732 A
703 2698 808 2750 qua
855 2682 982 2750 quia
1037 2681 1396 2751 prohibentur
1443 2681 1498 2735 bi
1537 2681 1628 2750 qui
1673 2681 1905 2735 necdum

335 2773 579 2826 mandati
627 2781 755 2826 sunt
801 2779 1141 2842 peccatores,
1183 2772 1307 2828 audi
1350 2773 1675 2844 Apostolum
1722 2771 1907 2826 dicen—

329 2872 447 2934 tem
482 2881 495 2916 :
530 2863 588 2917 Si
609 2866 660 2932 vis
697 2865 786 2934 qui
833 2866 1000 2934 frater
1047 2865 1375 2930 nominatur,
1415 2873 1510 2918 aut
1553 2864 1762 2918 adulter
1807 2872 1903 2927 est,

2003 435 2138 492 tum,
2173 435 2230 481 et
2265 427 2416 496 quasi
2445 427 2605 481 modo
2627 427 2866 498 genitum
2903 425 3016 478 ﬁeri
3049 425 3256 488 volens,
3288 431 3345 478 et
3372 440 3569 492 exspo-

2002 519 2134 573 liare
2155 528 2394 572 veterem
2425 517 2722 579 hominem,
2754 526 2812 571 ut
2835 516 3016 585 capiat
3041 530 3261 569 novum.
3288 515 3574 580 Quomodo

2001 608 2146 662 enim
2180 608 2230 662 ei
2259 608 2350 677 qui
2389 607 2670 676 antiquum
2720 605 2853 659 rasit
2895 603 3086 674 pilum,
3120 605 3258 657 alius
3301 617 3473 656 novus
3517 611 3573 655 et

2003 716 2194 755 recens
2229 701 2492 764 nascitur,
2527 699 2607 754 sic
2648 707 2707 754 et
2753 696 2880 752 buic
2919 697 3196 750 veteribus
3232 694 3436 748 carenti
3480 710 3572 746 co-

2004 792 2376 864 gitationibus,
2405 791 2527 844 alia:
2567 805 2721 844 nova:
2761 790 2829 844 ad
2873 787 3097 841 meliora
3143 785 3424 856 pullulant.
3468 782 3575 836 La-

2005 898 2132 937 vare
2160 882 2323 936 etiam
2355 895 2545 938 rursus
2580 879 2905 936 vestimenta
2938 893 3057 942 sua,
3106 877 3159 930 id
3206 885 3287 929 est
3335 874 3575 928 actiones

2005 971 2255 1026 mundas.

2077 1061 2144 1115 Et
2193 1059 2390 1113 lat-abit
2437 1059 2628 1111 iterum
2669 1073 2856 1126 corpus
2895 1074 3055 1126 aqua.
3101 1053 3351 1109 Secundo
3392 1055 3574 1124 utique

2005 1151 2136 1207 illud
2183 1151 2391 1214 lavans,
2428 1149 2584 1203 nobis
2628 1157 2806 1201 autem
2856 1162 2967 1200 non
3011 1156 3096 1200 est
3131 1145 3429 1200 secundum
3479 1146 3572 1198 ba-

2006 1245 2223 1316 ptisma.
2273 1241 2414 1297 Unus
2460 1240 2594 1292 enim
2635 1237 2903 1301 Dominus,
2941 1254 3046 1290 una
3096 1236 3243 1304 ﬁdes,
3276 1252 3438 1288 unum
3478 1242 3572 1288 ba-

2006 1338 2198 1406 ptisma
2237 1335 2304 1386 '9.
2365 1333 2428 1384 lit
2483 1330 2752 1399 quomodo
2814 1328 3058 1382 secundo
3119 1326 3406 1386 lavabitur,
3471 1325 3571 1379 nisi

2007 1424 2254 1480 absolute
2285 1437 2380 1491 per
2413 1419 2706 1488 lacrymas?
2751 1417 2861 1470 Hoc
2905 1415 3051 1468 enim
3093 1429 3202 1467 non
3250 1411 3436 1474 semel,
3477 1427 3576 1464 nec

2008 1515 2110 1579 bis,
2141 1512 2235 1568 sed
2269 1513 2451 1572 tertio,
2485 1517 2539 1561 et
2582 1507 2893 1574 frequenter
2938 1501 3064 1556 licet
3107 1499 3289 1570 peragi
3325 1516 3336 1550 :
3372 1499 3494 1566 quia
3525 1511 3577 1550 rt

2014 1605 2179 1660 David
2203 1602 2416 1658 dicebat
2443 1617 2456 1653 :
2487 1597 2670 1651 Facta:
2693 1606 2812 1649 sunt
2837 1595 2964 1648 mihi
2989 1593 3236 1660 lacryma:
3265 1606 3389 1642 mea:
3418 1606 3576 1656 panes

2009 1697 2092 1749 die
2134 1711 2197 1747 ac
2237 1701 2382 1746 nocte
2415 1692 2482 1746 δθ.
2514 1687 2800 1743 Sulliciunt
2845 1699 2972 1754 ergo
3016 1691 3071 1736 et
3115 1683 3228 1736 lucc
3269 1679 3578 1734 satisfacere

2009 1784 2340 1848 iutcndenti,
2363 1783 2491 1852 quia
2521 1795 2583 1835 ea
2611 1794 2732 1848 quae
2765 1785 2889 1831 sunt
2929 1773 3212 1844 spiritalia,
3245 1771 3578 1842 spiritalibus

2008 1879 2091 1932 lex
2131 1874 2410 1946 praecepit,
2435 1882 2488 1927 et
2519 1887 2646 1927 vere
2677 1869 2903 1938 lepram,
2939 1866 2991 1920 id
3021 1875 3107 1920 est
3144 1873 3446 1935 peccatum,
3479 1879 3579 1919 nos

2008 1971 2199 2024 timere
2229 1967 2522 2022 desiderat.
2555 1963 2782 2032 Pmpter
2822 1958 2966 2028 quod
3009 1958 3128 2028 ejus
3165 1956 3580 2011 cmundationes

2007 2061 2270 2132 plurimas
2316 2057 2593 2128 praecepit,
2621 2070 2742 2109 cum
2787 2052 2842 2106 in
2880 2050 3029 2105 nullo
3059 2065 3150 2103 eas
3185 2047 3434 2111 aliorum,
3459 2063 3578 2117 qua:

2008 2155 2149 2208 circa
2181 2166 2377 2221 corpus
2404 2156 2683 2221 geruntur,
2706 2143 3070 2215 praacepisset.
3105 2141 3369 2196 Subtilior
3399 2150 3576 2198 tamen

2007 2246 2257 2318 probatio
2283 2243 2386 2297 erit
2412 2243 2608 2296 horum
2639 2255 2702 2293 ex
2736 2234 3212 2303 subsequentibus.

2078 2337 2242 2391 Vens.
2273 2334 2456 2390 10—20.
2506 2351 2522 2383 ι
2559 2332 2816 2384 Assumet
2865 2327 3002 2380 duos
3034 2339 3205 2396 agnos
3260 2323 3580 2377 immacul:-.-

2010 2435 2113 2488 tos,
2149 2432 2205 2479 et
2256 2437 2412 2476 ovem
2465 2418 2775 2473 anniculam
2833 2414 3039 2482 absque
3085 2412 3315 2471 macula,
3369 2422 3426 2464 et
3473 2420 3581 2464 tres

2006 2518 2244 2572 decimas
2273 2513 2460 2568 similzn
2482 2511 2534 2563 iu
2558 2507 2848 2571 sacriﬁcio,
2879 2520 3001 2576 qua:
3031 2517 3327 2572 conspersa
3348 2501 3417 2555 sit
3436 2502 3578 2556 oleo.

2009 2618 2063 2664 et
2089 2607 2315 2662 scorsim
2349 2603 2455 2658 olei
2485 2601 2803 2656 Sextarium.
2846 2598 3093 2667 Cumque
3125 2595 3380 2651 sacerdos
3429 2594 3580 2664 puri-

2010 2699 2178 2754 ﬁcans
2201 2695 2499 2758 hominem,
2529 2688 3141 2751 statueritcum,ethaec
3157 2686 3363 2750 omnia,
3401 2699 3580 2739 coram

2006 2791 2237 2846 Domino
2260 2788 2314 2842 in
2346 2785 2486 2841 ostio
2514 2781 2841 2837 tabernaculi
2876 2778 3191 2843 testimonii,
3217 2777 3362 2831 tollet
3385 2791 3582 2846 agnum

2008 2893 2063 2938 ct
2114 2881 2306 2937 oﬂcret
2353 2878 2504 2932 illum
2567 2891 2664 2945 pro
2729 2871 2946 2932 delicto,
3003 2869 3215 2938 oleique
3266 2866 3580 2921 sextarium.

334 2965 430 3008 aut
463 2973 679 3018 avarus,
710 2965 803 3010 aut
851 2957 1136 3019 detractor,
1167 2964 1262 3008 aut
1307 2955 1556 3021 ebriosus,
1587 2965 1680 3008 aut
1713 2970 1904 3024 rapax,

2010 2973 2076 3026 Et
2101 2970 2300 3025 oblatis
2321 2977 2446 3021 ante
2464 2966 2750 3018 Dominum
2771 2961 3026 3016 omnibus
3052 2957 3353 3013 immolabit
3379 2971 3581 3027 agnum

333 3064 454 3112 cum
503 3049 803 3116 lmjusmodi
850 3064 942 3101 nec
984 3048 1156 3102 cibum
1191 3047 1486 3110 attulere-‘3.
1520 3047 1905 3101 Verumtamen

330 3151 454 3207 sept
491 3157 540 3192 m
567 3139 683 3206 dies
706 3149 858 3193 extra
883 3139 1294 3199 tabernaculum
1320 3154 1478 3193 suum
1505 3148 1706 3211 manet,
1729 3139 1910 3194 adhuc

330 3250 364 3296 _a
428 3242 741 3292 sanctorum
816 3231 1241 3296 communione,
1300 3241 1524 3300 propter
1573 3229 1908 3286 subtiliorem

336 3324 660 3387 rustodiam,
701 3331 758 3377 et
795 3322 1054 3392 paulatim
1085 3321 1154 3376 ad
1192 3321 1415 3377 meliora
1460 3319 1787 3390 profectum,
1822 3335 1910 3375 se-

335 3425 585 3480 paratus;
653 3411 1062 3468 tabernaculum
1117 3412 1265 3467 enim
1323 3411 1753 3480 uniuscujusque
1809 3427 1909 3466 no-

338 3513 512 3556 strum
543 3503 921 3571 mysteriorum
944 3502 1172 3572 adoptio
1205 3511 1310 3568 est,
1339 3517 1371 3556 a
1408 3502 1532 3572 gelu
1564 3511 1750 3571 tegens
1787 3517 1906 3566 nos,

339 3605 394 3648 et
423 3595 491 3646 ab
516 3604 649 3648 :estu
697 3595 1109 3650 tabernaculum
1150 3594 1208 3648 in
1249 3610 1360 3664 quo
1403 3603 1585 3652 comat
1618 3609 1743 3649 cum
1777 3593 1907 3659 Deo,

339 3689 483 3742 sicut
527 3704 652 3740 cum
676 3697 828 3756 patre
969 3725 986 3751 ,
1014 3694 1261 3742 autcum
1287 3701 1489 3756 sponso
1513 3699 1732 3754 sponsa,
1756 3685 1840 3739 vel
1863 3685 1909 3739 si

336 3779 537 3848 aliquid
585 3779 726 3834 aliud
762 3780 977 3842 dicitur,
1007 3779 1150 3850 quod
1187 3778 1362 3850 magis
1407 3778 1476 3833 ad
1509 3777 1909 3848 proximitatem

335 3871 672 3939 cognationis
705 3871 956 3940 pertinet.
1020 3857 1023 3866 ’

406 3964 473 4016 Et
513 3964 598 4016 die
634 3964 853 4030 septima
899 3964 1046 4018 radet
1090 3962 1312 4032 capillos
1340 3963 1527 4030 capitis
1565 3961 1906 4031 barbamque,

336 4068 385 4111 et
427 4054 706 4123 supercilia
751 4070 814 4107 ac
857 4055 1016 4108 totius
1059 4053 1289 4122 corporis
1329 4051 1482 4120 pilos.
1523 4050 1629 4106 Sed
1672 4051 1761 4105 hic
1799 4067 1908 4105 non

333 4144 509 4220 solum
544 4150 726 4212 caput,
759 4141 852 4195 sed
894 4149 948 4195 et
984 4141 1228 4206 barbam,
1270 4149 1326 4196 et
1363 4140 1672 4210 supercilia,
1705 4148 1762 4196 et
1789 4156 1909 4195 om-

338 4255 460 4294 nem
493 4238 810 4308 simpliciter
843 4237 1029 4307 pilum,
1059 4237 1151 4308 qui
1187 4237 1240 4290 in
1271 4236 1417 4291 omni
1447 4251 1675 4307 corpore
1705 4246 1808 4302 est,
1844 4253 1909 4292 ac

2014 3064 2104 3118 ubi
2137 3060 2402 3115 immolari
2462 3057 2596 3112 solet
2639 3055 2815 3110 hostia
2876 3070 2974 3125 pro
3020 3059 3270 3122 peccato,
3331 3059 3385 3105 et
3427 3049 3582 3104 bolo-

2011 3163 2282 3216 causlum,
2313 3151 2363 3204 id
2396 3160 2498 3214 est,
2527 3149 2648 3202 loco
2672 3154 2881 3201 sancto.
2913 3144 3066 3198 Sicut
3115 3143 3261 3198 enim
3312 3157 3410 3213 pro
3455 3156 3583 3210 pec-

2011 3255 2151 3306 cato,
2213 3243 2285 3296 ita
2332 3249 2387 3295 ct
2445 3256 2544 3310 pro
2597 3239 2794 3293 delicto
2841 3235 2908 3290 ad
2961 3235 3296 3289 sacerdotem
3350 3231 3585 3302 pertim-t

2011 3334 2218 3389 hosﬁa:
2251 3334 2448 3386 Sancta
2477 3339 2789 3384 sanctorum
2827 3337 2929 3382 est.
2958 3328 3362 3398 Assaracusque
3402 3339 3584 3377 sacer-

2011 3425 2110 3479 dos
2157 3424 2224 3478 de
2278 3423 2542 3492 sanguine
2600 3420 2791 3474 hostia:
2844 3434 2964 3488 qua:
3025 3417 3298 3472 immolata
3353 3424 3436 3468 est
3486 3430 3584 3483 pro

2011 3515 2230 3579 delicto,
2287 3521 2453 3582 ponet
2501 3526 2668 3580 super
2720 3518 3024 3563 extremum
3081 3505 3338 3560 auriculae
3377 3505 3584 3559 dextra:

2011 3604 2130 3672 ejus
2163 3601 2253 3672 qui
2285 3599 2639 3662 mundantur,
2670 3605 2723 3652 ct
2752 3613 2917 3666 super
2950 3595 3200 3666 pollicem
3227 3609 3419 3647 manus
3449 3592 3583 3646 dex-

2011 3702 2108 3748 tra:
2134 3703 2188 3748 et
2219 3692 2390 3762 pedis.
2428 3691 2493 3745 Et
2524 3690 2591 3744 de
2621 3688 2726 3744 olei
2765 3686 3006 3742 sextario
3046 3685 3227 3740 mittet
3275 3683 3328 3737 in
3359 3697 3582 3736 manum

2011 3798 2162 3839 suam
2199 3783 2504 3837 sinistram:
2539 3781 2820 3849 tingetque
2851 3777 3081 3847 digitum
3125 3775 3374 3829 dextrum
3409 3772 3462 3825 in
3494 3788 3580 3832 eo,

2010 3885 2066 3930 ct
2093 3882 2348 3945 aspergct
2386 3873 2586 3943 septies
2622 3880 2813 3926 contra
2853 3869 3166 3923 Dominum.
3215 3865 3371 3932 Quod
3401 3873 3583 3919 autem

2010 3969 2279 4038 reliquum
2310 3975 2393 4020 est
2425 3965 2551 4027 olei,
2592 3965 2648 4018 in
2697 3964 2886 4018 larvam
2914 3977 3135 4016 manum
3188 3959 3376 4015 fundet
3422 3973 3586 4026 super

2009 4067 2313 4114 extremum
2338 4057 2594 4112 auricula:
2626 4056 2860 4111 dexterae
2893 4053 3013 4124 ejus
3045 4051 3138 4122 qui
3193 4048 3506 4112 mundatur,
3531 4056 3585 4101 ct

2009 4167 2175 4222 super
2200 4151 2449 4220 pollicem
2502 4163 2717 4211 manus,
2770 4162 2833 4201 ac
2883 4144 3039 4214 pedis
3096 4143 3270 4198 dextri
3331 4150 3381 4195 et
3422 4155 3586 4208 super

2011 4244 2351 4315 sanguinem.
2378 4242 2469 4311 qui
2497 4241 2650 4296 fusus
2671 4249 2754 4293 est
2779 4251 2874 4307 pro
2899 4237 3120 4299 delicto,
3153 4243 3207 4289 et
3237 4247 3401 4303 super
3422 4239 3585 4300 caput

337 4346 434 4400 per
475 4331 576 4387 hoc
619 4339 674 4386 et
714 4331 1050 4387 occultarum
1100 4329 1332 4399 partium
1376 4330 1653 4400 praecepit.
1694 4330 1904 4384 Nullam
1941 4339 1980 4391 D
2011 4337 2149 4407 ejus.
2190 4335 2525 4405 Rogabitque
2560 4349 2659 4402 pro
2694 4346 2760 4385 co
2811 4343 2994 4384 coram
3030 4327 3284 4387 Domino.
3341 4334 3395 4378 et
3427 4322 3588 4376 faciet

335 4439 466 4492 ergo
510 4424 560 4477 ei
599 4423 978 4493 cogitationem
1018 4431 1256 4477 veterem
1303 4437 1590 4477 remanere
1624 4424 1761 4486 vult,
1794 4439 1904 4477 non

336 4514 508 4569 solum
543 4515 659 4568 illas
691 4531 809 4584 quae
847 4525 1096 4570 ornatum
1141 4514 1368 4577 homini,
1408 4524 1596 4585 utpote
1629 4516 1903 4579 rationali,

334 4617 390 4660 et
420 4607 585 4660 multa
613 4608 680 4661 de
709 4607 908 4660 divinis
937 4608 1262 4677 disceptanti
1292 4608 1536 4677 praebent
1569 4627 1582 4660 :
1617 4609 1733 4668 illas
1758 4608 1902 4662 enim

337 4712 432 4766 per
454 4705 633 4765 caput,
667 4707 888 4766 propter
909 4707 1183 4760 ornatum,
1215 4706 1274 4768 et
1302 4697 1702 4752 Irmltitudinem
1734 4698 1904 4768 signi-

335 4792 476 4851 ticat,
513 4788 606 4842 sed
653 4803 752 4842 nec
805 4789 902 4842 bas
953 4804 1071 4858 qua:
1116 4789 1392 4843 hominem
1425 4791 1905 4859 contemplatis-um

333 4880 697 4942 constituunt,
739 4878 806 4932 dc
861 4879 1186 4934 sublimibus
1235 4889 1288 4933 et
1339 4879 1700 4934 divinioribus
1747 4879 1908 4933 rebus

332 4975 682 5044 cogitantem.
729 4973 842 5028 Hoc
886 4975 1030 5028 enim
1071 4974 1377 5044 superciliis
1410 4974 1742 5042 designatur,
1786 4989 1907 5043 qua:

335 5069 390 5120 in
438 5069 720 5123 altioribus
755 5078 885 5124 sunt
918 5069 1040 5133 sita,
1088 5078 1144 5123 et
1177 5068 1319 5122 circa
1357 5067 1905 5136 contemplativorum

333 5161 607 5214 manentia
675 5177 935 5215 sensuum
999 5176 1218 5234 organa.
1274 5160 1381 5214 Sed
1437 5175 1538 5215 nec
1591 5160 1738 5224 illas,
1783 5175 1903 5229 quae

331 5252 766 5306 discretionalem
793 5254 1158 5316 continentes,
1189 5269 1286 5322 per
1311 5252 1532 5306 barbam
1564 5259 1708 5306 recte
1735 5252 1900 5322 signi-

332 5345 596 5406 ﬁcantur,
640 5345 764 5413 quia
800 5346 965 5399 barba
1010 5345 1243 5400 maxime
1284 5345 1429 5399 inter
1457 5345 1611 5400 virile
1649 5360 1819 5415 genus
1849 5354 1905 5401 et

331 5435 595 5491 muliebre
613 5436 891 5504 dijudirat.
929 5437 1053 5494 llaec
1082 5449 1388 5496 autemnon
1423 5443 1694 5512 quomodo
1719 5457 1904 5498 carere

399 5632 444 5665 ³³
481 5633 498 5689 l
531 5635 652 5691 Cor.
694 5653 743 5704 v,
783 5639 861 5692 ll.
941 5640 983 5671 ³³
1014 5639 1212 5710 Epltes.
1252 5657 1324 5707 tv,
1354 5641 1404 5697 ὅ.

1484 5643 1525 5674 λθ
1562 5643 1698 5698 i‘sol.
1733 5659 1840 5710 xu,
1877 5643 1926 5698 ι.

2012 4427 2341 4484 sacriﬁcium
2373 4442 2470 4495 pro
2503 4432 2747 4494 peccato.
2775 4421 2931 4474 Tunc
2981 4417 3282 4473 immol‘abit
3326 4415 3587 4469 holocau-

2009 4531 2177 4585 stum,
2205 4529 2259 4573 et
2293 4526 2456 4588 ponet
2490 4515 2617 4570 illud
2657 4515 2708 4568 in
2739 4513 2908 4567 altare
2941 4527 3064 4566 eum
3096 4509 3412 4564 libamcntis
3447 4505 3584 4566 suis,

2009 4624 2063 4668 et
2098 4614 2262 4666 homo
2289 4611 2390 4664 rite
2422 4607 2790 4663 mundabitur.
2828 4624 2844 4655 ι

2082 4704 2296 4758 Scimus
2337 4701 2464 4770 quia
2501 4702 2582 4754 lex
2622 4696 2882 4767 spiritalis
2932 4703 3048 4759 est;
3106 4694 3250 4763 quod
3302 4697 3584 4761 propterea

2012 4795 2212 4849 Paulus
2250 4793 2324 4846 ait
2348 4794 2421 4856 “,
2457 4802 2513 4845 ut
2551 4789 2868 4859 spiritaliter
2899 4788 3261 4856 dijudicantcs
3291 4798 3397 4835 non
3430 4779 3584 4831 datu-

2007 4886 2292 4941 niticemur
2325 4883 2592 4937 fructibus
2619 4881 2770 4948 legis,
2795 4871 2893 4947 ’ριιί
2915 4877 3260 4932 occultantur
3297 4873 3350 4925 in
3381 4870 3581 4922 littera.

2005 4976 2297 5044 Postquam
2334 4973 2482 5027 enim
2539 4972 2714 5043 prima
2749 4972 2838 5025 die
2881 4984 2986 5038 qua
3023 4965 3297 5037 egreditur
3332 4959 3586 5016 sacerdos

2004 5078 2158 5126 extra
2188 5077 2390 5129 castra,
2434 5067 2703 5121 immolari
2759 5065 2826 5118 ad
2884 5061 3328 5117 emundationem
3386 5051 3583 5122 leprosi

2010 5160 2302 5233 praecepit:
2335 5173 2464 5214 ecce
2497 5151 2686 5212 rursus
2719 5171 2865 5211 nunc
2895 5166 3082 5210 octava
3113 5149 3220 5212 die,
3251 5148 3355 5202 alia
3385 5163 3484 5217 pro
3517 5159 3585 5200 eo

2011 5255 2272 5311 saerillcia
2305 5253 2418 5308 ﬁeri
2438 5252 2720 5322 jubentur.
2753 5249 2954 5304 Octava
3003 5259 3132 5316 ergo
3161 5243 3278 5297 dies
3333 5239 3581 5295 eamdem

2011 5364 2174 5419 quam
2214 5347 2386 5417 prima
2416 5345 2526 5399 vim
2559 5344 2718 5415 gerit,
2759 5340 2884 5411 quia
2911 5353 3073 5396 onme
3099 5351 3338 5409 praesens
3373 5345 3586 5400 tempus

2012 5445 2071 5498 in
2104 5440 2535 5497 hebdomadibus
2562 5435 2890 5493 conciditur.
2921 5434 3044 5491 Post
3087 5446 3222 5503 quas
3255 5439 3444 5486 octava
3475 5433 3580 5490 cst,

2009 5643 2045 5672 δ’
2083 5641 2238 5697 Itoni.
2274 5657 2371 5708 vn,
2409 5641 2428 5694 l
2469 5654 2625 5710 seqq.
