4038 6182
483 274 591 357 955

1671 286 2035 349 HESYCHII
2084 285 2557 349 PRESB‘t‘TERI

3641 279 3747 345 356

485 420 720 475 aquam,
757 412 816 458 ut
862 403 1116 466 diximus,
1170 400 1438 479 virtutem
1480 402 1673 474 prima:
1720 421 1936 477 gerens,
1973 403 2059 458 vel
2093 408 2134 464 Α
2163 402 2358 472 perlita
2382 400 2660 473 cognitio:
2694 398 2842 470 quod
2865 412 2995 470 ergo
3014 397 3197 454 minus
3229 404 3316 452 est
3365 404 3460 451 aut
3487 395 3745 466 amplius,

487 495 715 551 omnino
748 493 917 564 ipsam
974 507 1266 548 reuovans.
1325 493 1423 549 Est
1455 502 1638 549 autem
1695 494 1814 550 haec
1872 495 1927 550 in
1951 512 2059 566 qua
2159 494 2228 548 ad
2271 493 2649 549 inﬁdelitatem
2688 491 2882 547 tendit.
2920 489 3029 545 Sed
3053 488 3414 560 quamobrem
3447 484 3751 543 sextarium

491 583 740 638 Salvator
775 582 1096 645 resurrexit,
1137 581 1192 636 in
1226 598 1333 654 qua
1366 583 1422 637 in
1452 595 1627 639 castra
1670 584 2059 657 ingrediemur.

490 673 620 728 Post
662 673 779 728 dies
823 674 969 728 enim
1029 681 1238 743 septem
1304 690 1428 730 eum
1489 677 1584 747 qui
1632 679 1927 733 mundatus
1981 688 2066 734 est

490 765 763 849 leprosos,
809 765 898 820 die
946 765 1197 820 videlicet
1243 775 1455 835 octava,
1507 769 1563 823 in
1611 770 1806 826 castris
1857 771 2066 843 ingredi

490 855 785 926 praecepit:
828 857 922 911 sed
957 868 1136 914 castra
1169 859 1390 931 qualia?
1419 861 1609 928 utique
1626 861 1716 914 illa
1744 877 1867 932 qua:
1898 860 2069 918 Jacob

490 947 802 1018 patriarcha
836 948 992 1014 vidit,
1025 951 1245 1020 quando
1265 951 1472 1021 angelis
1507 951 1609 1006 sibi
1634 953 2066 1020 occurrentibus,

493 1035 678 1091 locum
715 1046 895 1092 castra
940 1038 1033 1092 Dei
1063 1040 1359 1110 appellavit
1374 1040 1439 1094 δ’.
1489 1041 1573 1097 Ad
1610 1043 1725 1099 haec
1777 1046 2074 1101 mundatus

493 1128 770 1197 lcprosus,
807 1137 996 1199 utpote
1037 1131 1168 1187 olim
1193 1131 1544 1201 justiﬁcatus,
1592 1142 1840 1205 tempore
1890 1152 2075 1192 resur-

495 1219 759 1276 rectionis
795 1222 967 1276 venit.
1016 1221 1072 1275 In
1126 1224 1281 1292 cujus
1318 1222 1567 1294 ﬁguram,
1610 1237 1858 1282 octavam
1904 1229 2072 1295 diem,

498 1311 640 1365 sicut
662 1311 921 1379 diximus,
968 1312 1248 1383 lcgisiator
1305 1314 1539 1385 accepit.
1591 1313 1723 1381 Quae
1779 1327 1961 1373 autem
2017 1318 2075 1373 in

499 1412 689 1456 octava
723 1401 810 1456 die
834 1403 916 1473 agi
945 1413 1214 1472 praecepta
1236 1413 1381 1466 sunt,
1408 1404 1701 1475 imaginem
1758 1407 1898 1476 ejus,
1931 1410 2076 1478 quod

501 1493 805 1548 secundum
839 1510 940 1548 nos
969 1503 1052 1548 est
1078 1494 1316 1564 mysterii
1345 1503 1558 1565 gerunt.
1590 1494 1855 1567 Praecepit
1913 1499 2080 1569 siqui-

2162 586 2294 653 olei,
2328 586 2417 641 vel
2435 586 2670 658 cotylatn
2700 583 2870 640 dixit?
2889 583 3015 654 quia
3041 581 3356 647 miseratus,
3386 580 3582 651 inquit,
3602 578 3755 634 Deus

2166 678 2469 733 humanum
2494 692 2666 746 genus
2705 690 2834 731 cum
2874 674 3006 730 illud
3040 674 3110 730 ad
3132 672 3397 743 explenda
3420 673 3554 744 legis
3576 687 3754 742 opera

2166 769 2503 825 inﬁrmatum
2539 767 2790 829 vidisset,
2819 765 2931 835 jam
2973 781 3084 820 non
3116 781 3184 820 ex
3218 765 3474 835 operibus
3512 765 3757 828 salvare,

2168 861 2264 916 sed
2311 875 2411 930 per
2444 859 2675 929 gratiam
2709 843 2989 913 hominem
3049 855 3245 911 voluit.
3293 854 3480 910 Gratia
3505 870 3634 910 vero
3682 871 3753 909 es

2169 951 2541 1009 misericordia
2576 960 2739 1020 atque
2794 948 3190 1019 eompassione-
3225 946 3520 1018 praebetur,
3553 955 3610 1001 et
3646 947 3759 1003 ﬁde

2179 1043 2659 1116 romprehenditnr
2698 1041 2837 1107 sola,
2867 1056 2979 1097 non
3022 1054 3089 1096 ex
3118 1039 3403 1110 operibus,
3460 1047 3523 1093 ut
3552 1038 3757 1094 Paulus

2170 1136 2305 1192 dicit
2333 1134 2401 1190 “.
2433 1132 2570 1189 Nam
2597 1133 2775 1205 gratia
2795 1133 2915 1202 jam
2944 1147 3048 1185 non
3079 1132 3179 1185 erit
3202 1130 3466 1201 gratia“.
3498 1130 3592 1184 His
3621 1146 3756 1202 ergo

2171 1223 2444 1293 acceptis,
2480 1222 2549 1277 ad
2620 1221 2820 1277 ostium
2893 1219 3231 1276 tabernaculi
3296 1219 3628 1285 testimonii,
3684 1222 3756 1274 ad

2173 1315 2481 1384 ingressum
2514 1312 2771 1369 videlicet
2794 1312 3041 1367 scientia
3059 1310 3154 1366 Dei
3189 1310 3286 1380 qui
3325 1310 3621 1365 mundatus
3646 1319 3759 1375 est,

2174 1405 2481 1462 adducitur.
2511 1402 2780 1459 Sacerdos
2823 1410 3006 1457 autem
3059 1415 3286 1457 sumens
3334 1415 3535 1471 agnum
3586 1417 3757 1456 unum

2175 1515 2275 1569 pro
2304 1498 2506 1554 delicto
2538 1495 2803 1552 immolat.
2832 1494 2998 1564 Atqui
3030 1494 3076 1549 si
3099 1494 3167 1549 de
3196 1492 3466 1563 corporali
3505 1493 3763 1563 passione

503 1583 627 1637 dem
663 1584 802 1639 duos
839 1600 1007 1656 agnos
1040 1584 1415 1640 immaculatos
1457 1587 1742 1643 anniculos
1797 1591 1962 1656 sumi,
2025 1600 2081 1645 ct
2177 1594 2322 1641 esset
2346 1585 2465 1641 haec
2500 1584 2730 1649 sanatio,
2790 1581 2934 1638 sicut
2961 1580 3291 1652 quibusdam
3345 1581 3585 1646 videtur,
3627 1581 3763 1651 quid

503 1689 663 1728 ovem
694 1675 1000 1730 anniculam
1035 1677 1434 1732 immaculatam
1475 1670 1661 1745 unam,
1689 1695 1922 1750 quorum
1954 1684 2079 1752 qui-
2119 1751 2126 1752 ί
2177 1684 2296 1731 erat
2344 1690 2577 1731 necesse
2621 1687 2821 1745 agnum
2879 1686 2981 1743 pro
3009 1682 3236 1743 peccato
3302 1671 3620 1728 immolari?
3650 1672 3766 1727 Sed

505 1764 631 1819 dem
664 1780 833 1819 unum
866 1781 966 1836 pro
993 1777 1218 1836 peccato
1239 1807 1254 1831 ,
1301 1768 1465 1822 alium
1509 1778 1689 1825 autem
1728 1771 1781 1826 in
1814 1751 2075 1830 holocau-
2112 1751 2153 1805 Β
2178 1767 2306 1838 quia
2339 1766 2629 1823 adumbrat
2652 1773 2880 1837 pI‘OPlBl'
2902 1762 3271 1818 inﬁrmitatem
3286 1761 3604 1817 εἶιιάπθΐυῐη
3645 1779 3767 1833 πηγ-

506 1861 651 1908 stum
680 1853 941 1924 praecepit
969 1853 1255 1909 immolari.
1279 1853 1471 1922 Omnia
1495 1864 1676 1913 autem
1704 1860 1821 1916 haec
1854 1861 2080 1935 ﬁguram
2182 1859 2372 1924 steria,
2402 1870 2569 1929 atque
2619 1857 2920 1929 spiritalem
2977 1853 3315 1910 intellectum
3366 1854 3652 1911 abscondit
3708 1855 3771 1910 in

506 1951 707 2014 gerunt
750 1944 1002 1999 sacriﬁcii
1045 1943 1359 2000 Salvatoris.
1390 1947 1511 2018 ipse
1538 1948 1683 2003 enim
1715 1962 1938 2023 propter
1982 1970 2082 2010 no-
2184 1953 2399 2018 liltera,
2431 1952 2511 2008 sic
2543 1951 2708 2007 etiam
2734 1950 2829 2005 dat
2859 1948 3126 2021 quasdam
3168 1947 3491 2004 occasiones
3519 1957 3777 2004 conten:-

507 2042 620 2087 stra
650 2043 874 2103 peccata
903 2041 957 2088 et
990 2034 1210 2097 delicta,
1250 2035 1429 2090 hostia
1478 2037 1594 2108 ipse
1624 2041 1678 2094 in
1707 2041 2080 2098 holocaustum
2185 2041 2441 2114 plationis
2493 2057 2591 2112 per
2643 2039 2901 2105 litteram,
2947 2046 3006 2094 et
3065 2037 3233 2093 verba
3283 2051 3400 2107 qua
3453 2035 3775 2107 signiﬁcent

506 2124 630 2180 fuit.
667 2124 742 2179 Ex
782 2133 1011 2195 utroque
1059 2135 1238 2180 autem
1286 2143 1486 2198 genere
1538 2139 1827 2201 propterea
1879 2135 2085 2190 sacriﬁ-

505 2213 653 2269 cium
682 2214 867 2271 oﬂ‘erri
915 2216 1194 2288 praecepit,
1247 2227 1305 2272 ut
1340 2221 1652 2276 ostenderet
1679 2222 1805 2293 quia
1835 2222 2085 2280 Christus

505 2321 608 2377 pro
650 2307 811 2362 nobis
847 2307 1099 2370 occisus,
1152 2307 1316 2363 simul
1362 2312 1662 2367 masculum
1720 2313 2086 2387 feminamque

505 2397 760 2453 salvabit.
794 2397 913 2453 Non
951 2399 1153 2453 frustra
1184 2408 1365 2454 autem
1390 2403 1701 2471 agniculum
1749 2405 1805 2460 in
1858 2415 2086 2477 utroque

506 2488 787 2558 praecepit,
825 2488 921 2543 sed
951 2486 1254 2558 perfectum
1282 2506 1379 2559 per
1398 2491 1502 2546 hoc
1532 2494 1857 2548 sacriﬁcium
1894 2495 2088 2566 ﬁgura-

506 2578 606 2639 vit,
637 2579 795 2648 cujus
822 2577 1095 2641 sacriﬁcii,
1138 2578 1279 2632 sicut
1310 2580 1512 2634 dictum
1562 2590 1666 2646 est,
1717 2582 1818 2637 ista
1860 2583 2086 2656 ﬁguram

510 2677 742 2739 gerunt;
778 2660 1020 2739 perfecta
1045 2668 1191 2723 enim
1229 2669 1284 2723 in
1313 2671 1587 2739 pradictis
1614 2674 1945 2731 animalibus
1963 2686 2091 2732 sunt

510 2761 765 2817 annicula
795 2760 1073 2826 animalia,
1106 2762 1178 2815 ita
1201 2768 1261 2815 ut
1284 2770 1338 2816 ct
1357 2763 1422 2818 ad
1458 2763 1595 2820 ﬁlios
1617 2770 1956 2839 generandos
1979 2771 2091 2827 sint

510 2854 733 2910 idonea.
765 2852 873 2908 Sed
904 2853 1031 2924 quia
1067 2869 1192 2907 eum
1224 2855 1315 2925 qui
1349 2857 1662 2921 mundatur,
1694 2874 1859 2930 super
1887 2862 2090 2917 sacriﬁ-

2182 2137 2523 2193 intellectum
2574 2135 2823 2206 spiritus.
2854 2133 3009 2189 Unde
3067 2141 3124 2188 et
3194 2145 3341 2187 nunc
3386 2147 3509 2187 cum
3562 2147 3774 2203 agnum

2185 2244 2354 2285 unum
2385 2245 2483 2300 pro
2531 2234 2765 2299 peccato
2808 2224 3156 2297 praecepisset
3212 2222 3503 2288 immolari,
3549 2223 3779 2293 qualem

2186 2336 2297 2375 non
2335 2321 2486 2385 dicit,
2513 2319 2639 2389 quia
2678 2318 2795 2388 ipse
2828 2326 2913 2372 est
2949 2316 3139 2387 procul
3166 2316 3340 2371 dubio
3362 2323 3473 2370 tam
3525 2329 3624 2385 pro
3668 2315 3775 2371 de-

2187 2412 2338 2475 licto,
2366 2427 2528 2481 quam
2557 2409 2705 2465 illius
2737 2408 2895 2478 cujus
2926 2422 3091 2462 aures
3118 2421 3148 2461 a
3177 2407 3328 2477 lepra
3361 2406 3773 2462 detinebantur.

2190 2504 2417 2571 Propter
2452 2500 2583 2571 quid
2613 2515 2743 2570 ergo
2773 2500 2854 2554 sic
2900 2497 3050 2561 facit,
3086 2498 3191 2552 nisi
3233 2497 3376 2553 forte
3404 2506 3466 2552 ut
3519 2497 3775 2551 auditum

2188 2590 2420 2657 muniat,
2453 2599 2510 2646 et
2557 2598 2778 2645 cautum
2836 2587 3073 2642 reddat?
3114 2587 3255 2652 Quia
3303 2587 3420 2657 ipse
3461 2600 3492 2641 a
3539 2587 3777 2641 dracone

2189 2683 2469 2745 seductus,
2507 2688 2792 2752 peccatum
2821 2687 2883 2734 ut
2907 2678 3142 2734 seduxit.
3174 2677 3281 2733 Per
3294 2679 3554 2734 actiones
3593 2684 3776 2732 autem

2190 2790 2413 2831 manum
2450 2773 2741 2845 signiﬁcat,
2791 2786 2890 2841 per
2917 2770 3113 2840 pedem
3149 2784 3281 2826 vero
3323 2785 3518 2825 onmes
3552 2780 3776 2823 nostros

2192 2877 2372 2923 motus
2431 2874 2485 2920 et
2512 2864 2629 2920 vias
2650 2861 3121 2933 comprehendere
3173 2868 3232 2916 et
3259 2857 3558 2931 praevenire
3585 2855 3782 2913 voluit.

509 2946 659 3000 cium
681 2944 959 3016 Unigeniti
999 2944 1164 2999 etiam
1202 2944 1307 3000 ﬁde
1358 2947 1523 3003 totius
1570 2947 1855 3006 Trinitatis
1889 2950 2090 3022 signari
2192 2958 2293 3014 nis
2322 2955 2468 3013 enim
2522 2953 2837 3021 custoditis,
2878 2968 2977 3024 per
3032 2951 3359 3024 sanguinem
3424 2949 3783 3021 intelligibilis

510 3044 748 3143 oportet,
779 3037 1185 3143 tresmdecimas
1232 3037 1478 3143 similar...
1517 3038 1572 3093 id
1629 3048 1712 3096 est
1766 3039 2090 3099 Trinitatem
2119 3084 2163 3143 ε
2194 3048 2341 3121 agni,
2394 3055 2449 3103 et
2505 3045 2670 3101 ﬁdem
2692 3059 2816 3117 qua:
2865 3045 2926 3100 in
2984 3058 3109 3099 eum
3147 3051 3253 3108 est,
3283 3057 3405 3114 quae
3464 3042 3628 3099 nobis
3684 3056 3784 3113 per

514 3127 714 3193 Patris,
764 3136 818 3183 ct
862 3126 1006 3192 Filii,
1059 3135 1114 3183 et
1162 3129 1334 3184 sancti
1388 3129 1645 3200 Spiritus.
1698 3132 1989 3188 habentem
2039 3135 2094 3189 in
2122 3126 2163 3143 “
2198 3136 2629 3194 misericordiam
2679 3145 2736 3192 et
2787 3134 3225 3206 compassionem
3276 3134 3397 3206 ejus
3450 3133 3652 3189 donata
3702 3140 3787 3189 est

514 3235 841 3291 unaquaque
880 3234 1115 3290 persona
1139 3221 1553 3290 perfectionem.
1579 3223 1866 3280 Perfectus
1894 3225 2099 3296 quippe
2199 3229 2557 3302 intelligibilis
2605 3229 2760 3298 lepra
2828 3242 3174 3298 nequaquam
3236 3225 3448 3297 poterit
3501 3225 3788 3281 hominem

516 3319 604 3367 est
639 3312 897 3367 denarius
938 3327 1223 3375 numerus,
1279 3322 1502 3385 propter
1545 3317 1692 3385 quod
1734 3326 1789 3372 et
1835 3315 2098 3373 Dominus
2200 3333 2515 3392 penetrare,
2549 3333 2865 3391 quanquam
2907 3324 2964 3374 et
2992 3318 3178 3374 oleum
3209 3316 3460 3384 sextarii,
3489 3330 3589 3372 seu
3637 3324 3790 3387 coty-

516 3403 768 3459 dicebat:
824 3402 1011 3458 Simile
1045 3415 1118 3458 est
1152 3420 1372 3476 regnum
1417 3407 1669 3462 caelorum
1718 3409 1948 3476 mulieri,
1984 3426 2101 3481 quat

516 3496 779 3566 accipiens
820 3498 1132 3563 fermentum
1163 3496 1435 3552 abscondit
1483 3500 1539 3553 in
1581 3501 1774 3571 farina:
1819 3502 1922 3556 tria
1948 3512 2100 3570 sata,

517 3603 681 3650 usque
707 3588 833 3641 dum
890 3589 1397 3658 perfermentaretur
1426 3598 1594 3645 totum
1610 3591 1683 3647 “.
1733 3592 1888 3648 Sumi
1918 3603 2101 3648 autem

519 3678 637 3734 haec
674 3694 972 3750 conspersa
1007 3680 1133 3736 oleo
1178 3679 1233 3734 in
1286 3680 1613 3737 sacriﬁcium
1642 3681 1835 3753 jubet:
1890 3684 2104 3740 sacriﬁ-

518 3770 663 3827 cium
701 3778 881 3828 autem
914 3771 1047 3827 dicit
1073 3770 1373 3844 Unigeniti,
1417 3774 1565 3845 quod
1595 3774 1654 3830 in
1686 3775 1810 3831 oleo
1847 3792 2105 3848 consper-

519 3879 641 3918 sum
672 3871 774 3931 cst,
808 3863 936 3947 quia
993 3863 1064 3918 ob
1107 3865 1545 3936 compassionem
1600 3878 1845 3923 nostram
1892 3879 2105 3941 gestum

519 3963 622 4009 est.
659 3955 766 4011 Sed
791 3957 1067 4028 quomodo
1098 3956 1333 4016 dicimus
1348 3959 1402 4014 in
1442 3974 1509 4015 eo
1535 3967 1648 4017 tres
1677 3960 1865 4017 offerri
1915 3962 2107 4018 simila:

520 4046 570 4101 d.
592 4046 795 4101 cimas?
830 4047 941 4103 Aut
976 4048 1104 4120 quia
1134 4049 1239 4105 etsi
1303 4050 1586 4123 Unigeniti
1612 4054 1892 4123 passione,
1922 4063 2107 4109 tamen

522 4138 691 4194 totius
714 4139 1021 4206 Trinitatis,
1060 4142 1166 4197 hoc
1204 4144 1351 4213 quod
1376 4159 1439 4197 ex
1488 4144 1583 4200 illo
1608 4146 1879 4203 sacriﬁcio
1924 4138 2107 4203 actum

520 4238 628 4289 est,
665 4230 983 4301 mysterium
1022 4231 1146 4287 fuit.
1188 4232 1249 4287 In
1277 4233 1503 4289 nomine
1530 4234 1676 4293 enim
1707 4236 1904 4301 Patris,
1941 4246 2109 4307 atque

523 4320 694 4390 ipsius
728 4323 992 4394 unigeniti
1026 4321 1146 4378 Filii
1192 4333 1248 4379 et
1299 4327 1473 4381 sancti
1505 4326 1743 4396 Spiritus
1771 4330 1938 4383 etiam
1970 4330 2106 4400 bap-

2194 3413 2281 3479 ιω,
2335 3429 2500 3484 quam
2539 3427 2660 3467 esse
2718 3411 2884 3467 ﬁdem
2938 3409 3171 3467 dicimus
3203 3450 3219 3477 ,
3258 3408 3315 3463 in
3357 3424 3524 3464 manu
3568 3408 3791 3463 mittere

2202 3504 2545 3560 sacerdotem
2570 3502 2711 3565 vult,
2755 3511 2819 3557 ut
2862 3499 3165 3557 sacerdotis
3215 3497 3368 3564 ﬁdes,
3397 3514 3496 3569 per
3532 3512 3696 3568 quam
3735 3506 3791 3553 et

2202 3611 2308 3652 nos
2332 3595 2666 3667 proﬁcimus,
2717 3593 2774 3648 in
2801 3593 3064 3663 operibus
3095 3591 3440 3647 ostendatur.
3486 3588 3603 3645 Nec
3642 3590 3791 3645 enim

2201 3688 2360 3744 aliter
2376 3687 2488 3744 vim
2511 3701 2667 3742 suam
2690 3685 2920 3750 exserit,
2946 3683 3054 3739 nisi
3081 3697 3280 3739 manus
3299 3690 3580 3752 assumpta
3601 3680 3789 3743 fuerit.

2204 3778 2262 3834 id
2304 3785 2395 3834 est
2444 3776 2664 3832 actione
2721 3773 3068 3842 conﬁrmata,
3125 3781 3183 3828 et
3238 3772 3455 3845 signata
3509 3771 3788 3842 operibus.

2205 3870 2369 3925 Mittit
2398 3874 2581 3925 autem
2606 3867 2789 3923 oleum
2818 3866 2875 3922 in
2905 3866 3187 3922 sinistram
3214 3879 3464 3929 manum,
3493 3874 3551 3919 et
3570 3862 3796 3934 intingit

2207 3963 2435 4035 digitum
2461 3961 2713 4017 dextrum
2748 3959 2804 4014 in
2830 3959 2955 4015 oleo
2985 3959 3129 4015 sicut
3157 3959 3232 4013 ait
3257 3958 3487 4013 Paulus:
3514 3955 3619 4011 Per
3638 3973 3795 4010 arma

2200 4053 2427 4124 justitiat
2495 4069 2529 4105 a
2566 4051 2768 4106 dextris
2822 4059 2876 4105 et
2922 4066 2955 4103 a
3004 4050 3272 4112 sinistris,
3318 4058 3656 4103 conuersatus
3705 4064 3798 4115 per

2208 4146 2435 4217 gloriam
2483 4152 2532 4198 et
2585 4142 2998 4214 ignobilitatem,
3028 4157 3142 4212 ‘per
3178 4140 3477 4211 infamiam
3513 4148 3561 4194 et
3605 4139 3795 4193 bonam

2210 4238 2414 4308 famam
2432 4234 2481 4269 “
2503 4273 2519 4300 .
2558 4244 2616 4290 et
2638 4250 2762 4305 quae
2791 4234 2883 4290 his
2918 4233 3120 4289 similia
3149 4243 3299 4288 sunt.

2284 4330 2427 4385 Tum:
2454 4338 2695 4401 asperge!
2723 4324 2913 4398 septies
2940 4336 3126 4381 contra
3166 4326 3472 4381 Dominum.
3513 4324 3797 4380 Praesumit

522 4411 685 4465 tisma
741 4412 941 4483 agitur,
971 4412 1027 4467 in
1056 4429 1167 4483 quo
1197 4414 1255 4469 in
1281 4424 1456 4471 morte
1487 4415 1691 4472 Christi
1739 4419 2101 4488 baptizamur,
2137 4429 2182 4486 ι)
2210 4419 2361 4476 enim
2392 4418 2518 4475 talis
2545 4418 2802 4474 sacerdos
2849 4417 2992 4487 apud
3050 4417 3243 4481 Deum,
3275 4414 3496 4486 quando
3532 4412 3799 4468 mundare

525 4510 580 4556 et
620 4511 792 4559 totum
850 4504 1028 4576 ipsum
1088 4507 1405 4579 mysterium
1475 4508 1531 4561 in
1583 4525 1651 4564 eo
1699 4512 2102 4567 sanctificatur.

528 4591 793 4664 Praecepit
821 4605 1004 4653 autem
1043 4607 1099 4653 et
1151 4601 1450 4656 sextarium
1479 4602 1587 4658 olei
1625 4602 1790 4670 sumi,
1819 4604 1947 4673 quia
2000 4603 2108 4660 fide

524 4684 871 4758 intelligitur,
904 4702 959 4750 et
1015 4693 1195 4763 agitur
1261 4694 1694 4765 unumquodque
1745 4710 1936 4751 eorum
1988 4712 2109 4767 qua:

524 4776 783 4847 praedicta
814 4788 962 4835 sunt.
990 4780 1121 4848 Quae
1142 4783 1292 4853 juste
1323 4788 1594 4842 sextarius
1618 4787 1958 4852 nominatur,
1982 4789 2109 4860 quia

523 4870 981 4942 quemadmodum
1008 4876 1281 4931 sextarius
1333 4893 1590 4934 mensura
1626 4887 1732 4940 est.
1765 4880 1848 4935 vel
1873 4880 1918 4936 si
1960 4890 2112 4954 coty-

524 4964 631 5020 lam
706 4968 1010 5025 secundum
1072 4970 1217 5027 LXX
1269 4973 1535 5036 dicamus,
1601 4974 1793 5030 eadem
1853 4990 2109 5032 mensura

527 5059 958 5133 uniuscujusque
997 5063 1179 5121 minus
1211 5075 1267 5121 et
1295 5066 1418 5137 plus
1440 5082 1550 5122 non
1577 5067 1740 5138 capit.
1778 5068 1934 5135 Quod
1963 5070 2113 5126 enim

527 5149 651 5220 plus
680 5158 785 5216 est,
832 5152 1153 5221 eﬁutiditur,
1184 5156 1369 5212 minus
1411 5164 1598 5212 autem
1657 5166 1950 5229 pr0pterea
2000 5175 2112 5216 non

527 5242 778 5313 suscipit,
812 5245 940 5317 quia
974 5247 1080 5303 hoc
1106 5247 1253 5318 quod
1284 5248 1557 5306 minuitur
1606 5265 1951 5323 nequaquam
1999 5251 2112 5324 jam

529 5336 821 5403 sextarius,
845 5340 932 5394 vel
964 5340 1139 5413 cotyla
1191 5341 1391 5412 poterit
1422 5342 1705 5413 appellari.
1753 5343 1843 5399 Sic
1873 5353 1928 5398 et
1979 5344 2114 5401 ﬁdes

531 5425 600 5481 ad
640 5431 840 5486 mentis
867 5442 1071 5487 nostra:
1103 5449 1418 5489 mensuram
1447 5435 1628 5500 datur,
1670 5453 1792 5507 qua:
1823 5453 1931 5493 non
1970 5439 2116 5507 capit

533 5520 767 5589 amplius
795 5530 889 5575 aut
937 5523 1122 5580 minus
1148 5540 1309 5595 quam
1343 5525 1640 5596 unicuique
1665 5541 1695 5580 a
1738 5523 1847 5580 Deo
1875 5535 1958 5580 cst
2005 5526 2119 5581 dis-

614 5610 775 5653 θροῦ

607 5692 654 5726 ⁵³
680 5692 815 5749 Gen.
856 5711 1045 5762 χχχιιι,
1078 5697 1131 5750 2.
1207 5698 1253 5731 ³³
1285 5698 1415 5755 Luc.
1446 5715 1567 5767 xm,
1600 5697 1688 5756 2|.

1775 5698 1815 5731 ’σῖ
1843 5697 2004 5754 Rom.
2039 5713 2120 5765 ιιι,
2147 5696 2335 5753 20-22.

2208 4526 2303 4567 eos
2320 4509 2416 4580 qui
2445 4506 2830 4564 necessitatem
2854 4506 3157 4577 patiuntur,
3180 4514 3237 4559 et
3260 4503 3536 4560 dimittere
3558 4502 3642 4557 cis
3664 4514 3798 4572 pee-

2208 4613 2332 4661 cata
2375 4601 2639 4672 potuerit.
2685 4598 2919 4670 Propter
2947 4598 3093 4668 quod
3136 4596 3340 4669 septies
3368 4593 3629 4665 aspergit,
3672 4591 3797 4662 quia

2210 4707 2477 4747 numerus
2502 4691 2605 4745 iste
2644 4689 2899 4744 remissio
2929 4696 3283 4758 peccatorum
3310 4700 3435 4740 esse
3466 4683 3808 4738 demonstra-

2211 4794 2302 4842 tus
2323 4795 2428 4841 est.
2465 4784 2592 4839 Sed-
2611 4791 2899 4853 postquam
2953 4780 3159 4836 fuderit
3199 4794 3366 4850 super
3394 4786 3638 4832 extrema
3667 4775 3804 4829 dex-

2215 4888 2423 4934 trarum
2471 4877 2866 4940 auricularum,
2899 4882 2958 4929 et
2996 4889 3162 4945 super
3212 4871 3440 4943 pollices
3495 4884 3718 4933 manus,
3744 4882 3807 4923 ac

2216 4970 2370 5040 pedis
2382 4968 2580 5034 dextri,
2602 4967 2903 5023 secundum
2920 4965 3066 5037 quod
3081 4980 3243 5035 supra
3256 4963 3515 5026 diximus,
3534 4961 3807 5030 reliquum

2212 5059 2320 5115 olei
2360 5061 2415 5114 in
2450 5068 2617 5131 caput
2644 5058 2824 5115 fundit
2847 5058 2970 5129 ejus
2990 5059 3084 5128 qui
3106 5066 3335 5114 vocatus
3364 5066 3448 5113 est
3490 5064 3552 5110 ut
3577 5054 3809 5109 munda-

2217 5164 2397 5212 retur:
2434 5170 2534 5226 per
2579 5163 2746 5224 caput
2793 5151 3287 5208 sanctiﬁcationem
3334 5149 3486 5207 omni
3540 5157 3809 5219 praestans

2219 5245 2469 5318 corpori,
2525 5244 2907 5314 christumquc
2967 5240 3183 5299 Domini
3212 5256 3337 5297 eum
3376 5241 3469 5311 qui
3509 5238 3810 5294 mundatus

2221 5348 2328 5403 est,
2360 5353 2458 5406 per
2485 5337 2629 5392 hanc
2677 5336 2997 5390 unctionem
3048 5334 3318 5389 efficiens.
3370 5331 3549 5398 Tunc,
3605 5330 3812 5400 inquit,

2225 5444 2326 5498 pro
2367 5437 2591 5497 peccato
2627 5426 2955 5481 sacrificium
2992 5426 3223 5481 offertur
3258 5443 3270 5478 :
3328 5425 3560 5494 qualiter
3599 5433 3814 5487 autem,

2226 5534 2340 5573 non
2370 5519 2524 5584 dicit,
2560 5535 2623 5573 ex
2666 5519 2751 5573 his
2766 5519 2914 5574 extim
2944 5534 3066 5588 quae
3095 5519 3164 5573 de
3189 5516 3407 5573 delictis
3462 5516 3606 5571 dictu
3660 5524 3814 5579 sunt.

2429 5697 2469 5728 "‘
2501 5695 2659 5751 llom.
2690 5711 2761 5761 χι,
2792 5695 2844 5751 6.
2922 5696 2965 5728 ⁵⁵
3004 5695 3046 5752 ll
3080 5695 3203 5753 Cor.
3238 5711 3313 5761 vi,
3355 5692 3410 5763 7,
3432 5694 3484 5749 8.
