4038 6182
295 245 400 312 957

1438 236 1522 302 IN
1560 241 2005 303 LEVITICUM.
2045 239 2116 276 --'
2148 239 2295 299 LIB.
2330 237 2426 300 IV.

3462 235 3567 300 958

302 354 534 419 possunt
562 345 726 400 etiam
784 358 848 400 ea
881 360 1003 416 quae
1031 360 1133 416 pro
1179 352 1406 417 peccato
1451 354 1602 413 sunt,
1647 345 1878 417 conjici:
1909 349 1956 406 Α
1987 343 2506 413 contemplationem
2546 342 2840 413 intendat,
2874 353 2931 400 et
2981 344 3048 400 ad
3094 345 3306 401 occulta
3339 344 3569 413 spiritus

303 436 481 492 vicina
509 436 656 491 enim
683 445 832 500 sunt,
863 445 919 491 et
947 437 1257 492 communia
1285 444 1476 507 utpote
1521 437 1576 491 in
1610 437 1885 492 communi

305 529 554 582 materia.
583 527 716 584 Post
761 527 866 582 hoc
912 527 1155 583 immolat
1183 529 1587 592 holocaustum,
1621 536 1677 583 et
1732 531 1889 600 ponit

306 619 437 674 illud
469 620 522 673 in
555 619 746 684 altare,
769 628 876 673 tam
913 635 1011 689 pro
1039 620 1233 675 ordine
1272 621 1687 684 sacriﬁciorum,
1721 635 1886 690 quam

307 726 408 781 pro
429 725 496 767 eo
519 711 612 781 qui
635 712 918 782 paulisper
947 713 1200 781 provenit
1225 713 1360 784 legis
1405 713 1676 783 profectu.
1731 711 1887 767 Prius

307 803 457 858 enim
487 803 818 859 sacriﬁcium
851 803 1064 873 peccati
1115 813 1170 858 et
1197 805 1379 860 delicti
1413 804 1615 875 posuit,
1668 814 1724 859 et
1755 812 1886 859 tunc

308 891 710 948 holocaustum.
765 891 907 964 Ergo
937 893 1088 963 prius
1117 909 1219 949 nos
1251 893 1455 948 Christi
1497 893 1822 948 sacriﬁcium
1854 907 1885 948 a

309 984 529 1039 delictis
557 993 612 1038 et
635 985 878 1054 peccatis
905 984 1154 1047 mundat,
1184 994 1240 1039 et
1267 994 1405 1039 tunc
1442 995 1689 1040 nostrum
1713 984 1887 1040 conﬁ-

310 1079 456 1130 citur
478 1076 879 1131 holocaustum.
913 1074 975 1129 Et
998 1084 1285 1146 propterea
1336 1076 1570 1145 primum
1609 1092 1641 1131 a
1691 1077 1880 1134 delictc

310 1167 537 1234 dicens,
585 1168 783 1223 deinde
831 1167 949 1222 inec
988 1167 1252 1233 subdidit,
1284 1168 1409 1237 quia
1439 1169 1508 1222 de
1561 1167 1782 1223 Christo
1835 1177 1891 1223 et

317 1259 434 1314 haec
469 1270 524 1315 et
553 1260 640 1315 illa
680 1261 918 1327 dicebat,
951 1271 1007 1315 et
1053 1261 1119 1316 ad
1144 1277 1312 1316 unum
1343 1261 1700 1328 sacriﬁcium,
1743 1262 1889 1332 quod

314 1365 383 1405 ex
417 1351 592 1407 hostia
621 1351 780 1407 nobis
811 1352 1302 1408 sanctiﬁcationem
1330 1355 1558 1423 praebet,
1609 1355 1755 1424 quod
1791 1370 1891 1409 nos

315 1440 386 1494 ad
412 1440 582 1495 altare
603 1441 900 1496 ascendere
929 1440 1078 1495 facit.
1105 1440 1335 1506 Quando
1351 1441 1498 1495 enim
1530 1440 1891 1511 intelligibilis

312 1530 706 1586 einundatione
752 1532 980 1600 spiritus
1037 1538 1212 1585 totum
1272 1540 1520 1586 nostrum
1578 1546 1778 1600 corpus
1835 1540 1891 1585 et

312 1618 552 1673 animam
617 1619 1042 1684 sanctiﬁcantes,
1095 1619 1370 1690 spiritales
1411 1619 1540 1674 facti
1585 1619 1886 1683 fuerimus,

317 1719 448 1764 tunc
478 1710 624 1781 digni
647 1712 714 1766 ad
759 1687 1140 1766 ascensionem
1187 1712 1372 1766 altaris
1421 1709 1722 1767 efﬁcimur:
1759 1719 1889 1766 tunc
1922 1687 1960 1741 Β

314 1802 688 1871 plenissimam
753 1804 1053 1874 accipimus
1113 1805 1546 1869 mundaliouem,
1602 1814 1887 1874 postquam

311 1888 422 1959 jam
449 1891 608 1944 aliam
639 1893 1006 1946 necessariam
1032 1907 1139 1946 non
1172 1893 1459 1947 habemus.
1498 1893 1710 1946 Audisti
1743 1892 1890 1947 enim

313 1995 466 2034 nunc
488 1982 944 2035 emundationum
975 1981 1303 2050 profectum,
1348 1998 1576 2052 quarum
1612 1983 1726 2036 haec
1771 1982 1892 2051 qui--

315 2072 440 2125 dem
473 2087 573 2126 nos
593 2088 622 2125 a
651 2073 955 2141 pollutione
983 2073 1150 2142 lepra:
1181 2073 1397 2136 liberat,
1443 2073 1544 2125 alia
1603 2081 1786 2127 autem
1835 2073 1891 2126 in

315 2163 514 2219 castris
539 2164 837 2219 introducit
873 2165 999 2230 Dei;
1040 2165 1159 2219 haec
1189 2173 1371 2219 autem
1419 2165 1484 2219 ad
1517 2165 1688 2219 altare
1716 2166 1892 2235 ipsum

317 2254 611 2317 deducere,
640 2263 825 2324 utpote
852 2253 1170 2324 plenissime
1199 2254 1510 2320 mundatos,
1533 2263 1696 2324 atque
1715 2255 1896 2310 suble-

318 2357 450 2396 vare
494 2351 694 2412 potest.
744 2344 879 2399 Cum
932 2352 1114 2398 autem
1167 2360 1426 2399 vocemur
1469 2345 1535 2399 ad
1573 2347 1894 2415 sequentia,

319 2448 548 2487 necesse
582 2443 664 2488 est
693 2444 749 2488 ut
781 2435 847 2488 ad
881 2450 944 2488 ea
968 2451 1091 2489 cum
1119 2434 1268 2489 omni
1295 2435 1473 2490 studio
1509 2444 1866 2490 transeamus.

393 2526 556 2579 Vens.
586 2525 773 2580 21-52.
817 2545 835 2577 ε
866 2525 1022 2592 Quod
1047 2527 1090 2581 si
1125 2543 1330 2596 pauper
1352 2537 1456 2591 est,
1504 2539 1559 2581 et
1580 2544 1689 2581 non
1722 2536 1900 2598 potest

321 2631 516 2670 manus
547 2615 668 2685 ejus
701 2617 951 2670 invenire
977 2634 1098 2686 quae
1129 2619 1272 2672 dicta
1309 2627 1458 2682 sunt,
1487 2629 1670 2673 sumet
1699 2635 1896 2690 agnum

319 2721 420 2780 pro
453 2707 652 2762 delicto
682 2708 748 2762 ad
778 2709 1130 2773 oblationem,
1156 2717 1216 2763 ut
1244 2718 1507 2780 rogetpro
1532 2724 1598 2764 eo
1625 2711 1898 2776 sacerdos,

314 2796 697 2867 decimamque
722 2805 931 2867 partem
959 2797 1151 2854 simile
1170 2813 1530 2869 conspersam
1560 2801 1682 2856 oleo
1730 2801 1784 2855 in
1813 2817 1902 2856 sa—

314 2887 611 2948 criﬁcium.
635 2897 692 2943 et
719 2889 823 2942 olei
845 2891 1167 2956 sextarium,
1204 2891 1454 2962 duosque
1491 2901 1735 2948 turtures
1786 2895 1900 2949 sive

316 2978 459 3080 duos
479 2978 660 3080 pullos
678 2979 967 3080 columba,
1001 2995 1236 3049 quorum
1262 2981 1333 3036 sit
1357 2997 1501 3037 unus
1527 2997 1626 3052 pro
1654 2992 1898 3050 peccato,
1927 3020 1973 3080 C

315 3081 378 3126 et
411 3071 551 3127 alter
578 3071 635 3125 in
679 3071 1095 3138 holocaustum,
1148 3073 1419 3144 oﬂ‘ertque
1460 3089 1526 3130 ea
1573 3075 1663 3130 die
1711 3083 1903 3130 octavo

320 3161 722 3231 puriﬁcationis
749 3177 865 3217 suae
892 3163 1162 3217 sacerdoti
1211 3163 1277 3216 ad
1311 3163 1513 3217 ostium
1573 3162 1904 3217 tabernaculi

320 3254 622 3310 testimonii
643 3269 826 3308 coram
855 3253 1102 3308 Domino.
1122 3254 1224 3321 Qui
1253 3255 1567 3325 suscipiens
1587 3271 1784 3326 agnum
1805 3271 1906 3326 pro

321 3346 559 3408 delicto,
588 3357 645 3400 et
674 3347 970 3401 sextarium
1007 3348 1148 3409 olei,
1178 3348 1384 3402 levabit
1413 3349 1610 3412 simul;
1657 3349 1906 3403 immola-

323 3445 492 3504 toque
512 3449 672 3502 agno,
697 3435 765 3489 de
791 3435 1056 3506 sanguine
1079 3436 1199 3505 ejus
1225 3445 1575 3506 ponetsuper
1603 3446 1906 3491 extremum

323 3524 585 3579 auricula
611 3525 817 3579 dextrae
868 3524 986 3594 ejus
1016 3525 1108 3593 qui
1135 3525 1489 3590 emundatur,
1520 3533 1576 3578 et
1600 3539 1765 3594 super
1793 3523 1911 3593 pol-

327 3618 463 3676 lices
493 3631 687 3672 manus
710 3616 830 3686 ejus
865 3631 928 3670 ac
957 3617 1113 3685 pedis
1138 3616 1333 3671 dextri.
1365 3616 1483 3670 Oiei
1514 3629 1646 3670 vero
1699 3625 1908 3684 partem

327 3711 511 3765 mittet
534 3701 587 3764 in
619 3724 839 3763 manum
870 3724 1023 3764 suam
1055 3709 1358 3773 sinistram,
1384 3707 1441 3761 in
1467 3722 1577 3777 quo
1632 3707 1909 3776 intiugens

323 3801 558 3869 digitum
620 3799 824 3854 dextra:
880 3814 1106 3865 manus,
1165 3807 1418 3868 asperget
1451 3797 1668 3867 septies
1718 3805 1908 3852 contra

330 3894 646 3947 Dominum.
684 3889 1001 3962 Tangetque
1057 3899 1364 3944 extremum
1392 3889 1598 3944 dextrae
1652 3889 1910 3944 auricula:

331 3987 478 4041 illius
519 3985 611 4056 qui
647 3986 944 4039 mandatur
999 3992 1055 4037 et
1104 3983 1332 4053 pollices
1386 3997 1604 4046 manus,
1636 3997 1701 4037 ac
1759 3981 1912 4051 pedis

331 4075 508 4132 dextri
543 4076 598 4132 in
630 4075 748 4129 loco
771 4072 1056 4144 sanguinis
1089 4073 1181 4141 qui
1208 4072 1416 4126 eﬂusus
1438 4082 1519 4126 est
1549 4086 1650 4141 pro
1691 4070 1907 4125 delicto.

329 4166 615 4236 Reliquam
643 4173 827 4219 autem
877 4171 1086 4234 partem
1117 4161 1245 4225 olei,
1292 4176 1412 4230 quae
1464 4169 1549 4215 est
1583 4161 1640 4214 in
1690 4159 1911 4214 sinistra

330 4273 496 4314 manu
532 4258 713 4312 mittet
735 4272 905 4326 super
953 4262 1117 4324 caput
1155 4252 1447 4324 puriﬁcati,
1500 4261 1560 4306 ut
1589 4252 1766 4323 placet
1813 4266 1912 4320 pro

1991 436 2222 490 deducat
2255 451 2380 489 eum
2421 435 2514 504 qui
2545 435 2660 489 vult
2693 436 2899 507 ingredi
2930 437 2996 491 ad
3021 437 3306 492 thesauros
3334 437 3568 492 abscon-

1987 526 2133 580 ditos
2173 525 2439 580 scientias.
2468 526 2603 579 Cum
2636 525 2825 580 liceret
2844 526 2989 579 enim
3017 526 3067 580 ei
3100 535 3380 579 coarctare
3401 525 3570 579 sacri-

1987 616 2236 672 ﬁciorum
2261 632 2574 680 numerum,
2598 625 2827 687 propter
2858 626 3231 688 paupertatem
3263 616 3567 681 offerentis,

1987 706 2094 761 hoc
2119 707 2397 771 omittens,
2424 707 2550 762 vilia
2579 709 2826 778 quaedam
2854 709 2925 772 ei,
2954 717 3010 762 et
3045 723 3154 761 non
3203 706 3380 777 magni
3410 705 3569 776 pretii

1987 797 2247 866 exquirit,
2270 799 2416 868 quod
2435 798 2567 854 facit
2583 807 2691 853 tam
2722 799 3026 869 paupertati
3064 798 3352 868 ignoscens
3405 810 3570 864 quam

1986 888 2154 941 etiam
2182 887 2337 942 lucro
2369 889 2785 954 sacriﬁciorum,
2829 889 3019 944 volens
3067 891 3158 942 dat
3183 887 3488 957 intelligere
3539 903 3572 941 a

1987 991 2093 1045 qua
2121 976 2271 1047 lepra
2301 977 2562 1032 malitiam
2581 977 2881 1048 signiﬁcat,
2921 977 3123 1032 deinde
3160 977 3326 1048 hujus
3380 989 3573 1029 emun-

1987 1070 2135 1125 datio
2158 1079 2243 1125 est
2273 1069 2617 1139 ptenitentia.
2654 1067 2779 1122 llaec
2821 1075 3004 1122 autem
3047 1083 3213 1138 opera
3262 1065 3577 1121 necessaria

1990 1168 2170 1231 lialet,
2232 1183 2353 1236 quae
2397 1165 2693 1221 virtutibus
2745 1174 2802 1219 et
2855 1165 3090 1219 actionis
3135 1164 3316 1219 studio
3362 1164 3583 1219 valeant

1989 1256 2172 1311 delere
2228 1263 2490 1325 peccata,
2547 1263 2775 1324 propter
2827 1253 2972 1322 quod
3039 1252 3279 1307 Joannes
3334 1251 3578 1321 Baptista

1991 1347 2194 1419 populo
2215 1345 2530 1401 Iudaeorum
2575 1345 2826 1402 dicebat:
2871 1343 3052 1398 Facite
3094 1345 3322 1414 fructum
3356 1345 3574 1414 dignum

1989 1434 2402 1506 paenitentia".
2464 1433 2846 1489 Consideravit
2919 1433 3101 1498 enim,
3151 1433 3292 1487 sicut
3359 1432 3576 1487 subtilis

1991 1530 2287 1600 legislator,
2310 1542 2408 1582 eos
2441 1526 2534 1596 qui
2557 1541 2668 1580 non
2687 1525 2870 1579 omnia
2901 1523 3132 1594 possint,
3156 1539 3276 1593 quae
3301 1523 3576 1592 pertinent

1993 1623 2058 1677 ad
2090 1622 2394 1678 districtam
2422 1618 2691 1673 rationem
2722 1616 3063 1687 pmnitentiae
3108 1615 3393 1678 exhibere,
3439 1626 3578 1682 opus

1993 1711 2141 1766 enim
2167 1711 2332 1764 habet
2362 1707 2689 1779 paenitentia
2729 1705 3034 1760 orationem
3086 1703 3376 1765 intentam,
3429 1702 3572 1756 elec-

1995 1815 2294 1873 mosynam,
2350 1799 2583 1868 vigilias,
2652 1810 2892 1860 saccum,
2943 1792 3252 1863 jejunium;
3301 1799 3578 1860 postremo
3641 1845 3664 1865 κ

1993 1895 2154 1951 etiam
2193 1895 2280 1948 illa
2331 1909 2452 1962 quae
2499 1890 2668 1945 David
2707 1888 2876 1944 dicit:
2929 1886 3110 1940 Factae
3145 1893 3264 1937 sunt
3319 1884 3449 1936 mihi
3494 1883 3579 1936 la-

1994 2003 2185 2056 cryma:
2215 2000 2340 2039 mea:
2375 2000 2536 2052 panes
2570 1983 2656 2035 die
2701 1997 2764 2033 ac
2801 1987 2947 2032 nocte
2965 1977 3010 2009 ⁸⁵⁸
3035 2017 3048 2030 .
3083 1975 3190 2030 Et:
3227 1973 3436 2028 Lavabo
3487 1987 3581 2042 per

1993 2078 2228 2149 singulas
2245 2085 2415 2131 noctes
2443 2074 2633 2128 lectum
2657 2087 2829 2125 meum
2851 2087 2868 2134 ;
2891 2068 3138 2138 lacrymt’s
3156 2075 3381 2120 stratum
3406 2080 3579 2118 meum

1995 2169 2238 2240 rigabo”
2260 2208 2274 2221 .
2309 2166 2419 2221 Sed
2450 2173 2534 2219 et:
2579 2164 2820 2219 Cinerem
2867 2161 3004 2215 sicut
3035 2174 3225 2228 panem
3282 2157 3568 2210 manduca-

1997 2259 2139 2318 bam.
2185 2267 2234 2312 et
2261 2267 2443 2326 potum
2467 2271 2640 2310 meum
2685 2269 2802 2307 cum
2829 2253 2956 2321 ﬂetu
3005 2248 3382 2304 miscebam”.
3441 2243 3582 2300 Sunt

1998 2353 2199 2409 etenim
2227 2349 2320 2419 qui
2360 2349 2478 2404 haec
2534 2345 2718 2403 omnia
2770 2343 2993 2399 forsitan
3051 2349 3276 2412 propter
3325 2347 3581 2392 senectu-

1997 2453 2129 2506 tem,
2155 2452 2248 2498 aut
2287 2449 2511 2511 propter
2544 2439 2769 2493 nimiam
2799 2435 3045 2506 corporis
3080 2431 3473 2495 inﬁrmitatem,
3497 2429 3581 2483 vel

1999 2537 2155 2589 aliam
2184 2532 2590 2592 necessitatem,
2619 2544 2780 2599 agere
2811 2543 2921 2582 non
2952 2532 3205 2596 possunt,
3233 2523 3373 2576 sicut
3399 2523 3455 2575 in
3478 2520 3584 2574 alio

2001 2624 2219 2695 negotio
2251 2621 2542 2692 przesentis
2572 2619 2693 2673 libri
2721 2615 3062 2686 interpretati
3093 2627 3318 2669 sumus:
3356 2608 3588 2681 ignoscit

2003 2716 2104 2780 his,
2140 2714 2263 2784 quia
2304 2712 2495 2767 volunt
2521 2710 2761 2781 quidem,
2794 2725 2903 2762 non
2930 2705 3145 2761 invenit
3175 2713 3361 2758 autem
3391 2715 3586 2756 manus

2001 2819 2214 2860 eorum.
2235 2801 2354 2856 Non
2383 2811 2617 2871 possunt
2648 2799 2820 2866 enim,
2867 2804 2920 2851 et
2957 2803 3146 2865 utpote
3171 2793 3386 2849 veniam
3427 2790 3582 2855 dans,

2002 2896 2232 2950 alteram
2265 2894 2346 2948 eis
2384 2893 2528 2946 viam
2572 2889 2933 2962 poenitentiae,
2977 2887 3081 2941 alia
3128 2899 3327 2957 genera
3379 2881 3588 2937 sacriﬁ-

2003 2987 2212 3041 ciorum
2273 2983 2531 3054 exquirit,
2593 2990 2649 3036 et
2710 2989 2838 3035 ante
2889 2978 3072 3035 omnia
3125 2976 3344 3047 quidem
3389 2987 3589 3044 agnum

2005 3076 2180 3133 dicit:
2239 3082 2457 3145 oportet
2499 3072 2644 3128 enim
2693 3082 3143 3139 unumquemque
3195 3063 3577 3136 pmnitentiam

2005 3176 2258 3239 agentem
2305 3165 2373 3220 ad
2416 3161 2810 3233 benignitatem
2858 3168 2984 3213 ante
3013 3157 3196 3212 omnia
3253 3155 3488 3225 migrare
3534 3159 3590 3206 et

2007 3257 2152 3313 hanc
2213 3255 2454 3318 studere,
2489 3251 2615 3322 quia
2663 3250 2782 3305 haec
2831 3248 2998 3304 etiam
3029 3245 3258 3301 cuilibet
3296 3243 3474 3298 facilis
3520 3241 3589 3295 ad

2007 3348 2421 3419 adipiscendum
2447 3353 2530 3400 est
2561 3357 2726 3413 quam
2763 3357 2793 3395 a
2839 3339 2996 3395 malis
3032 3337 3376 3392 abstinuerit.

2081 3441 2350 3493 Decimum
2379 3445 2584 3508 partem
2611 3433 2802 3487 simin
2854 3445 3184 3500 consparsam
3212 3429 3344 3481 oleo.
3401 3427 3459 3482 ld
3509 3432 3595 3480 est

2007 3530 2211 3586 Christi
2245 3526 2572 3597 theologiam
2598 3522 2841 3594 assequi,
2871 3521 2966 3591 qui
2991 3520 3115 3574 oleo
3151 3532 3249 3572 seu
3283 3516 3595 3571 misericor-

2008 3621 2094 3675 dia
2125 3618 2296 3675 nostri
2322 3613 2722 3686 contemperari
2756 3626 2948 3683 passus
2981 3618 3067 3664 est
3096 3607 3246 3662 carni
3267 3645 3282 3660 .
3315 3606 3383 3659 Et
3410 3611 3594 3658 sexta-

2010 3709 2174 3775 rium,
2206 3723 2306 3764 seu
2331 3705 2633 3762 secundum
2658 3701 2822 3769 LXX,
2855 3699 3084 3771 cotylam
3103 3696 3206 3751 olei
3239 3709 3432 3757 unam;
3454 3693 3597 3747 hanc

2010 3811 2193 3855 autem
2218 3814 2341 3854 esse
2392 3794 2842 3852 manifestissime
2898 3792 3062 3846 fidem
3114 3789 3173 3842 in
3232 3783 3598 3840 anterioribus

2011 3887 2531 3947 demonstravimus.
2560 3885 2668 3941 Sed
2686 3883 2817 3954 quid
2849 3882 3034 3936 oﬂerri
3061 3894 3186 3935 cum
3212 3877 3300 3933 his
3324 3874 3599 3946 legislator

2012 3983 2311 4055 praecepit?

2088 4076 2229 4128 Duos
2251 4082 2502 4135 turtures,
2558 4071 2638 4126 vel
2663 4071 2795 4125 duos
2837 4067 3008 4138 pullos
3047 4063 3431 4119 columbarum.
3472 4057 3600 4114 Haec

2013 4178 2194 4222 autem
2243 4165 2404 4220 facile
2432 4163 2787 4234 reperiuntur
2829 4175 2861 4215 a
2889 4157 3158 4228 quolibet,
3191 4155 3248 4210 id
3288 4161 3374 4208 est
3418 4149 3598 4206 conti-

2013 4274 2178 4312 nuam
2215 4256 2349 4328 legis
2405 4254 2843 4311 meditationem.
2880 4264 3002 4319 qua:
3029 4262 3139 4301 non
3183 4245 3356 4300 solum
3391 4258 3458 4296 ex
3509 4241 3604 4294 le-

330 4365 399 4406 eo
437 4349 749 4403 Dominum.
793 4347 859 4402 Et
888 4355 1180 4412 turturem,
1219 4344 1333 4399 sive
1383 4345 1591 4414 pullum
1644 4343 1911 4398 columbae
1943 4353 1986 4407 ι)
2017 4349 2223 4410 ctione,
2253 4361 2322 4399 ne
2357 4344 2498 4400 forte
2525 4352 2582 4398 et
2609 4344 2754 4397 hanc
2781 4341 2932 4395 dicas
2959 4351 3080 4392 esse
3107 4333 3435 4405 quibusdam
3460 4327 3603 4385 dim-

328 4441 546 4506 oﬂeret,
584 4455 753 4494 unum
785 4455 884 4509 pro
915 4437 1133 4501 delicto,
1184 4446 1239 4491 et
1267 4437 1498 4490 alterum
1547 4435 1601 4488 in
1652 4435 1912 4490 holocau-

333 4541 480 4587 stum
498 4545 622 4585 cum
639 4528 952 4583 libamentis
975 4527 1108 4582 suis.
1131 4527 1246 4583 Hoc
1264 4535 1350 4580 est
1371 4525 1697 4580 sacriﬁcium
1715 4525 1911 4595 leprusi

331 4623 427 4695 qui
452 4623 652 4677 habere
681 4637 790 4678 non
821 4630 1002 4691 potest
1033 4620 1214 4676 omnia
1243 4620 1296 4673 in
1326 4619 1715 4673 emundatione
1744 4619 1848 4673 sui.
1888 4638 1906 4669 ι

405 4714 730 4768 Admirabili
758 4729 884 4784 erga
910 4729 1006 4767 eos
1037 4713 1128 4781 qui
1151 4711 1323 4781 legem
1344 4709 1913 4780 accipiuntlegislator

328 4807 804 4862 condescensione
834 4806 1025 4860 utitur.
1061 4803 1198 4858 Ecce
1227 4806 1372 4857 enim
1429 4802 1643 4856 veniam
1675 4815 1911 4870 pauper-

332 4897 431 4952 tati
451 4899 564 4961 dat.
597 4905 653 4952 et
681 4897 962 4952 moderata
996 4895 1221 4966 pauperi
1261 4891 1527 4948 sacriﬁcia
1561 4907 1682 4948 esse
1709 4905 1914 4961 praece-

331 4991 431 5062 pit,
462 5006 529 5045 ne
580 4990 722 5046 forte
765 4991 1140 5059 Obstupescat,
1189 4986 1319 5042 dum
1370 4986 1575 5055 majora
1629 4984 1699 5049 ei,
1749 4999 1914 5053 quam

332 5084 509 5140 virtus
531 5093 638 5146 est,
670 5083 1086 5154 praecipiuntur.
1109 5079 1217 5134 Sed
1247 5079 1372 5148 quia
1403 5093 1508 5132 nec
1550 5091 1740 5132 eorum
1793 5091 1912 5145 quae
1940 5115 1986 5159 ι

331 5177 482 5234 dicta
531 5185 660 5231 sunt
700 5174 980 5246 quidpiam
1035 5172 1194 5228 facile
1242 5172 1297 5226 in
1356 5178 1566 5241 quaastu
1617 5183 1916 5239 pauperum

333 5267 687 5332 invenimus,
746 5266 840 5336 qui
899 5265 1047 5320 enim
1100 5279 1208 5319 non
1276 5262 1442 5316 habet
1485 5275 1712 5330 panem,
1772 5258 1917 5314 unde

335 5361 569 5433 agnum?
599 5360 693 5430 qui
723 5369 906 5414 autem
937 5358 1164 5428 pecunia
1194 5364 1335 5428 eget,
1365 5353 1509 5408 unde
1534 5361 1679 5407 emat
1707 5351 1916 5406 colum-

338 5454 460 5510 bam
494 5453 576 5508 vel
625 5459 892 5507 turturem
924 5452 946 5503 ?
978 5449 1327 5503 manifestum
1361 5455 1444 5500 est
1484 5443 1628 5514 quod
1681 5442 1913 5512 aliquam

411 5652 456 5686 ⁸⁷
491 5651 678 5707 Matth.
717 5667 801 5717 Ill,
839 5651 890 5704 8.
973 5648 1012 5680 ἰ*
1052 5649 1190 5705 Psal.
1221 5663 1327 5713 xu,
1362 5647 1412 5703 vl.
1492 5646 1533 5678 ³⁹
1566 5645 1707 5700 i‘sal;
1738 5659 1813 5708 vi,
1847 5644 1897 5696 7.

1977 5641 2020 5674 ⁵ο
2052 5639 2194 5697 l’sal.
2225 5655 2296 5706 cr,
2337 5641 2418 5694 10.

2011 4441 2194 4503 eilem,
2218 4437 2312 4492 sed
2335 4445 2392 4492 et
2431 4451 2496 4490 ex
2529 4431 3015 4502 contemplatione,
3053 4442 3175 4498 qua:
3209 4433 3294 4481 est
3323 4424 3380 4478 in
3419 4422 3603 4476 animo

2011 4535 2069 4580 et
2116 4532 2320 4588 mente,
2382 4523 2690 4582 conﬁcitur.
2733 4520 2868 4586 Quae.
2913 4527 3148 4588 utraque
3199 4530 3300 4586 pro
3347 4528 3510 4568 sacco
3549 4518 3606 4564 et

2007 4616 2218 4686 jejunio
2263 4625 2318 4670 et
2362 4615 2647 4686 lacrymis,
2705 4623 2761 4668 et
2801 4614 3024 4675 cinere,
3067 4610 3192 4665 cibo
3238 4614 3405 4671 sunt,
3442 4615 3604 4670 atque

2014 4707 2305 4770 similibus,
2335 4706 2380 4759 si
2407 4705 2495 4758 illa
2544 4705 2612 4758 ad
2643 4703 3040 4757 humiliandam
3067 4713 3288 4754 carnem
3320 4702 3377 4747 et
3428 4690 3604 4745 refre-

2013 4798 2253 4852 nandam
2282 4798 2518 4851 animam
2549 4811 2580 4850 a
2625 4794 2861 4850 terrenis
2895 4791 3156 4862 operibus
3185 4787 3418 4856 agimus.
3455 4778 3605 4834 Facit

2014 4899 2196 4944 autem
2231 4889 2345 4943 haec
2375 4888 2537 4943 etiam
2559 4887 2696 4958 legis
2722 4883 3027 4943 meditatio,
3053 4889 3108 4933 et
3147 4874 3467 4932 continuum
3499 4869 3604 4922 hoc

2016 4982 2262 5037 studium
2287 4981 2644 5049 districtaque
2672 4977 2980 5034 divinorum
3017 4969 3401 5026 mandatorum
3441 4970 3605 5028 atque

2015 5071 2410 5129 beneﬁciorum
2444 5068 2854 5139 contemplatio,
2887 5074 2943 5119 et
3000 5055 3364 5132 perscrutatio
3413 5067 3606 5107 neces-

2018 5164 2160 5223 sarie
2187 5164 2306 5218 hare
2333 5162 2597 5218 sacriﬁcia
2635 5177 2733 5231 pro
2772 5159 2882 5212 illis
2925 5149 3249 5210 introduxit,
3283 5161 3406 5216 quae
3437 5142 3600 5198 etiam

2020 5255 2189 5311 David
2234 5253 2461 5325 exponit
2496 5252 2720 5306 dicens:
2768 5245 2967 5300 Beatus
3004 5241 3086 5294 uir
3121 5239 3211 5309 qui
3251 5253 3352 5290 non
3387 5234 3515 5287 abiit
3547 5233 3604 5284 in

2022 5347 2237 5403 consilio
2262 5346 2566 5415 impiorum,
2601 5349 2649 5393 et
2675 5340 2731 5391 in
2751 5340 2836 5390 via
2877 5341 3207 5403 peccatorum
3238 5345 3338 5383 non
3367 5327 3528 5388 stetit,
3554 5332 3602 5377 et

2024 5442 2080 5494 in
2111 5440 2358 5494 cathedra
2386 5433 2691 5507 pestilentiw
2716 5445 2819 5482 non
2851 5427 3037 5480 sulit’“
3065 5468 3075 5478 .
3110 5422 3264 5490 ριιίιιι
3292 5418 3605 5476 manifestat

2499 5638 2540 5669 "
2576 5632 2719 5689 Psal.
2757 5648 2797 5698 ι,
2833 5629 2879 5684 l.
