4038 6182
483 229 591 294 illis

1668 225 2023 286 liESl’Cllii
2067 224 2536 284 PRESBYTERI

3631 220 3740 286 96-0

484 342 610 414 agni
643 343 966 400 sacriﬁcium
997 343 1145 400 omni
1177 339 1411 396 carentis
1434 339 1666 398 macula,
1695 345 1857 406 atque
1892 351 2054 404 pmp—
2088 345 2130 398 Α
2231 331 2526 400 Quijuvari
2555 330 2844 393 desiderat,
2884 338 3066 384 saneta
3099 329 3362 398 spiritalia
3401 330 3737 402 negligenter

488 444 637 488 terea
669 434 1039 488 innocentiam
1083 435 1324 504 signans.
1356 430 1457 485 Sed
1480 431 1534 482 in
1565 428 1674 496 lege
1719 427 1928 479 Domini
1959 426 2056 495 fuit

485 520 730 573 uniuntas
760 520 873 589 ejus
889 522 963 572 δίε
1001 519 1144 574 illius
1191 518 1443 572 videlicet
1468 517 1559 585 qui
1592 513 1848 568 mundam
1896 511 2058 566 habet

485 611 794 670 scientiam,
836 626 930 679 per
961 609 1478 679 contemplationem
1510 605 1878 660 innocentiutn
1911 603 2060 671 cogi-

487 699 751 752 tationum
787 699 976 768 quales
999 703 1260 768 quosdam
1298 697 1496 751 Paulus
1540 695 1709 750 dicit:
1741 691 1932 762 Legem
1958 705 2060 743 non

485 785 754 849 habentes,
778 795 825 839 et
852 801 1010 854 opera
1029 785 1156 854 legis
1183 785 1378 852 scripta
1408 784 1462 836 in
1479 781 1717 835 cordibus
1735 781 1845 833 suis
1861 780 1935 843 ⁵³;
1962 794 2061 848 per

488 878 860 946 disciplinatas
910 887 1197 946 castusque
1227 876 1579 946 cogitationes
1601 874 2059 936 demonstrantes,

488 969 663 1038 qualis
722 968 1123 1037 quodammodo
1194 976 1280 1020 est
1329 965 1554 1019 turturis
1621 962 1842 1017 oblatio.
1909 961 2062 1016 Unde

487 1061 856 1132 cognitionem
882 1061 1099 1116 animali
1125 1059 1240 1128 ipse
1271 1058 1368 1112 Dei
1398 1057 1620 1128 spiritus
1648 1071 1746 1125 per
1770 1053 2060 1109 .ieremiam

485 1150 812 1221 prophetam
845 1149 1023 1204 inesse
1051 1159 1281 1203 testatus
1310 1157 1396 1204 est
1427 1167 1439 1201 :
1473 1148 1668 1202 Turtur
1689 1189 1703 1214 ,
1734 1155 1782 1200 et
1813 1147 2060 1210 hirundo,

488 1251 539 1296 et
573 1243 796 1303 ciconia,
837 1243 1190 1294 custodierunt
1242 1251 1442 1310 tempus
1471 1241 1722 1293 adventus
1771 1238 1874 1300 sui;
1905 1253 2065 1307 popu-

491 1329 572 1382 lus
597 1341 773 1382 autem
794 1347 935 1386 meus
955 1347 1054 1382 non
1082 1331 1320 1400 cognovit
1337 1330 1598 1398 judicium
1630 1328 1898 1382 Domini”
1917 1367 1930 1382 .
1957 1326 2062 1382 Sed

491 1423 620 1490 quid
655 1423 817 1475 David
871 1421 1197 1488 supradictis
1222 1419 1464 1476 addidit?
1513 1419 1578 1472 Et
1612 1420 1665 1470 in
1712 1419 1820 1488 lege
1855 1417 2065 1472 Domini

491 1509 594 1575 [ait
629 1509 870 1561 voluntas
899 1508 1036 1577 ejus,
1069 1519 1116 1561 et
1145 1508 1199 1561 iu
1243 1508 1351 1577 lege
1374 1508 1486 1576 ejus
1517 1507 1854 1561 meditabitur
1896 1507 1979 1560 die
2001 1521 2066 1558 ac

491 1600 738 1653 nocte".
774 1599 912 1652 lluic
947 1614 1327 1668 comparamus
1355 1598 1683 1661 columbam,
1716 1611 1876 1666 quam
1905 1596 2062 1666 quasi

2161 424 2412 478 tueditari
2436 439 2542 476 non
2575 423 2756 485 debet,
2789 437 2851 475 ea
2875 437 2996 490 qua:
3043 420 3275 474 maxime.
3317 421 3739 493 circumspicere

2159 517 2208 570 ei
2241 530 2466 571 necesse
2491 525 2594 578 est,
2631 514 2684 568 in
2713 514 2911 585 quibus
2953 513 3157 566 inimici
3217 512 3526 583 indoctique
3557 516 3739 569 allen-

2159 608 2316 662 dunt.
2357 606 2494 660 Nam
2527 620 2655 660 ecce
2687 605 2905 673 quidam
2954 605 3006 656 in
3064 618 3240 672 nuper
3262 603 3398 657 lecta
3451 605 3569 675 lege
3630 605 3744 659 hoc

2162 697 2594 766 reprehendunt,
2617 695 2764 763 quia,
2797 694 3096 748 secundum
3123 693 3266 763 quod
3297 692 3434 746 LXX
3459 702 3739 756 asserunt,

2161 787 2331 846 Deum
2363 787 2635 842 dicentem
2677 786 2886 856 Moyses
2911 785 3244 840 introduxit:
3276 783 3425 838 Dabo
3469 784 3744 838 maculam

2163 874 2324 943 lepra
2348 875 2404 928 in
2424 875 2660 930 domibus
2678 876 2880 937 vestris,
2911 876 2927 925 i
2934 892 2966 926 ιι
2993 884 3133 926 terra
3156 876 3515 944 promissionis
3533 885 3739 931 eestrte.

2162 967 2424 1032 Putasne,
2448 967 2608 1030 Deus,
2642 967 2915 1037 inquiunt,
2948 966 3154 1020 inducit
3183 966 3364 1020 mala?
3391 965 3604 1031 Quibus
3647 982 3744 1021 re-

2166 1059 2522 1129 spondemus,
2548 1061 2723 1114 Etiam
2751 1076 2766 1115 :
2790 1059 2883 1112 sed
2907 1075 3008 1113 nec
3033 1058 3210 1128 turpia
3229 1067 3359 1112 sunt
3375 1073 3477 1112 nec
3495 1059 3656 1122 mala,
3674 1074 3741 1114 ea

2164 1165 2286 1220 quae
2303 1149 2548 1220 allligunt
2581 1150 2646 1204 ad
2694 1150 3078 1205 eruditionem.
3111 1164 3208 1204 seu
3251 1164 3411 1218 paena
3442 1163 3542 1217 pro
3582 1149 3744 1218 juva-

2165 1243 2312 1297 mine
2341 1243 2654 1307 constituta,
2690 1242 2856 1296 veluti
2897 1242 3086 1304 fames,
3121 1251 3280 1295 terra:
3303 1251 3505 1303 motus,
3557 1241 3744 1296 hiatus

2167 1342 2345 1398 terras,
2387 1341 2683 1402 tempestas
2724 1333 2910 1394 maris,
2929 1333 3129 1385 bellum
3155 1341 3319 1400 atque
3347 1331 3564 1395 similia,
3597 1332 3744 1386 sicut

2165 1433 2221 1479 et
2256 1424 2372 1493 ipse
2403 1439 2500 1494 per
2520 1425 2839 1494 prophetam
2889 1424 3054 1478 dicit:
3089 1423 3200 1494 Ego
3235 1421 3512 1484 Dominus,
3545 1430 3593 1474 et
3633 1437 3740 1474 non

2166 1514 2418 1579 estalius,
2450 1515 2685 1584 formans
2723 1513 2913 1577 lucem,
2935 1522 2985 1565 et
3014 1528 3197 1565 creans
3233 1512 3494 1574 tenebras,
3543 1511 3740 1579 faciens

2167 1620 2370 1672 pacem,
2398 1615 2445 1658 et
2471 1621 2653 1658 creans
2688 1604 2921 1658 mala".
2980 1603 3190 1668 Quibus
3240 1601 3439 1655 similia
3494 1611 3551 1654 et
3601 1600 3741 1654 alter

495 1691 794 1745 meditandi
848 1691 954 1744 \‘im
1010 1691 1212 1744 habere
1261 1689 1430 1743 lsaias
1486 1690 1746 1758 propheta
1799 1689 1954 1751 dicit,
1986 1688 2062 1741 ait
2096 1673 2430 1764 Bpropheta
2457 1695 2619 1749 dicit;
2669 1693 2804 1759 Quia
2856 1694 3230 1748 descenderunt
3251 1692 3398 1746 mala
3434 1709 3467 1745 α
3515 1691 3741 1744 Domino

491 1779 671 1833 enim:
703 1778 846 1834 Sicut
867 1778 1042 1847 pullus
1069 1779 1386 1842 hirundinis,
1433 1779 1508 1831 sic
1537 1777 1803 1840 clamabo;
1836 1777 2061 1831 medita-

389 1859 396 1866 ’
493 1869 586 1924 bor
607 1881 660 1923 ut
684 1871 919 1924 columba
939 1871 1014 1922 ³⁸.
1049 1868 1260 1924 Invenit
1287 1885 1413 1939 ergo
1466 1868 1738 1938 legislator
1766 1869 1928 1934 viam,
1965 1884 2064 1938 per

491 1977 657 2030 quam
688 1970 744 2016 et
773 1961 1048 2014 infirmum
1077 1960 1338 2014 mundare
1364 1959 1474 2013 Deo
1493 1975 1613 2028 quae
1639 1958 1809 2028 possit
1840 1958 2061 2014 oll‘crre.

492 2051 562 2107 lit
589 2063 876 2122 propterea
910 2053 1044 2122 legis
1087 2053 1250 2121 hujus
1287 2051 1674 2120 subsequentia
1724 2067 1831 2104 non
1865 2052 2062 2104 immu-

2166 1781 2220 1834 in
2244 1793 2455 1850 portam
2500 1781 2815 1846 Jerusalem,
2851 1780 3127 1844 tumultus,
3171 1779 3445 1850 quadriga:
3488 1778 3739 1846 stuporis,

2165 1871 2428 1924 habitanti
2458 1870 2737 1924 Lat-his“.
2790 1870 2898 1924 Sed
2925 1879 2982 1924 et
3018 1871 3281 1940 propheta
3332 1869 3500 1923 Amos
3537 1869 3643 1923 ait:
3679 1867 3743 1924 Si

2166 1971 2240 2016 est
2266 1961 2465 2015 malum
2483 1963 2538 2015 in
2564 1962 2789 2025 civitate,
2817 1963 2953 2032 quod
2977 1961 3230 2015 Dominus
3255 1976 3357 2014 non
3378 1962 3498 2030 fecit
3512 1959 3744 2025 "'lQue

2167 2053 2386 2123 quidem
2419 2053 2582 2116 Deus,
2611 2069 2718 2107 non
2747 2063 2803 2107 ut
2841 2063 3055 2116 noceat,
3089 2053 3302 2124 ingerit,
3358 2052 3450 2106 sed
3485 2060 3545 2106 ut
3577 2051 3746 2104 valde

493 2143 649 2210 tavit,
680 2142 974 2198 ostendens
1012 2141 1158 2209 quia,
1214 2141 1318 2196 etsi
1357 2154 1551 2194 manus
1583 2141 1903 2210 cujusquam
1951 2157 2061 2196 non
2161 2144 2318 2214 juvet
2346 2144 2658 2201 hominem:
2681 2145 2915 2199 alllictus
2941 2145 3142 2214 quippe
3189 2144 3519 2206 humiliatur,
3549 2141 3744 2195 burni-

493 2233 739 2289 iaveniat
776 2233 880 2287 hoc
921 2233 1064 2302 quod
1104 2231 1433 2302 pauitantia:
1480 2231 1711 2286 intentio
1763 2233 2063 2287 secundum

492 2325 722 2396 primam
759 2325 1021 2380 rationem
1045 2324 1230 2394 exigit,
1260 2322 1556 2392 ignoscitur
1583 2323 1800 2391 quidem
1822 2323 1896 2385 ci,
1926 2323 2066 2376 sicut

492 2430 560 2470 ex
610 2417 925 2470 inﬁrmitate
985 2414 1243 2485 patienti:
1307 2413 1566 2485 praecepit
1611 2421 1789 2466 tamen
1829 2430 1950 2482 qua:
1991 2414 2064 2469 illi

491 2506 739 2559 eamdem
763 2507 1230 2567 emundationem.
1257 2508 1613 2575 eamdemque
1647 2506 1974 2562 oblationem
1999 2505 2066 2559 ad

493 2595 665 2650 Deum
699 2597 989 2668 proﬂigare
1040 2599 1270 2667 possint.
1327 2598 1454 2652 Post
1492 2599 1608 2652 haec
1646 2599 1712 2652 ad
1743 2597 1903 2653 aliam
1955 2598 2068 2652 dis-

494 2687 897 2756 pensationem,
935 2687 1111 2741 eidem
1145 2687 1384 2742 materia:
1415 2688 1804 2753 cohaerentem,
1851 2688 2063 2742 transit.

573 2773 732 2828 Vens.
762 2775 954 2829 55-47.
1005 2794 1022 2827 ι
1062 2775 1301 2831 Locutus
1332 2785 1415 2830 est
1453 2777 1714 2831 Dominus
1743 2778 1808 2830 ad
1848 2777 2066 2847 Moysen

492 2874 547 2920 ct
581 2870 758 2922 Aaron
788 2868 1010 2922 dicens:
1053 2868 1187 2921 Cum
1233 2868 1460 2939 ingressi
1522 2867 1733 2922 fueritis
1765 2868 1818 2920 in
1869 2876 2067 2922 terram

492 2957 777 3024 Chanaan,
797 2975 959 3028 quam
987 2975 1087 3030 ego
1109 2960 1250 3014 dabo
1269 2960 1424 3014 vobis
1455 2957 1508 3012 in
1547 2959 1950 3029 possessionem
1973 2961 2067 3033 ποεῖ

493 3052 657 3107 fuerit
688 3053 839 3124 plaga
882 3055 1044 3124 lepra:
1078 3055 1380 3119 insedibus,
1415 3055 1515 3108 ibit
1545 3055 1702 3124 cujus
1729 3061 1814 3109 est
1846 3053 2060 3118 domus,

474 3145 755 3198 nuntians
797 3145 1086 3203 sacerdoti.
1141 3156 1198 3200 et
1247 3146 1393 3200 dicet
1431 3163 1444 3198 :
1480 3143 1644 3210 Quasi
1691 3145 1846 3215 plaga
1904 3144 2069 3214 lepra:

492 3235 708 3289 videtur
739 3236 866 3289 lllilli
899 3252 1022 3291 esse
1053 3237 1106 3290 in
1131 3238 1294 3292 domo
1322 3253 1464 3292 mea.
1489 3239 1559 3292 At
1591 3235 1681 3291 ille
1707 3235 1986 3306 pracipiet
2010 3246 2071 3290 ut

493 3327 727 3381 efferant
774 3329 1021 3384 universa
1047 3331 1114 3384 de
1161 3330 1324 3385 domo
1368 3330 1686 3399 priusquam
1734 3328 2070 3399 ingrediatur

491 3435 644 3482 eam,
684 3429 743 3474 ut
772 3422 951 3476 videat
988 3432 1168 3476 utrum
1207 3423 1354 3492 lepra
1390 3423 1574 3486 sit,ne
1607 3421 1886 3476 immunda
1939 3420 2071 3475 ﬁant

495 3511 677 3566 omnia
717 3529 838 3581 qua:
878 3513 930 3565 in
983 3514 1147 3568 domo
1187 3523 1332 3568 sunt.
1377 3512 1714 3584 lntrabitque
1761 3522 1974 3584 postea,
2009 3523 2071 3568 ut

493 3601 803 3657 consideret
842 3604 1064 3656 domum
1087 3605 1267 3673 Iephte.
1305 3605 1373 3660 Et
1413 3621 1540 3660 cum
1583 3605 1777 3660 viderit
1808 3605 1861 3660 in
1891 3608 2070 3677 parie-

496 3693 641 3747 tibus
698 3693 842 3747 illius
871 3695 1024 3764 quasi
1083 3695 1388 3760 valliculas,
1441 3696 1669 3766 pallore,
1709 3698 1826 3754 sive
1872 3699 2070 3754 rubore

493 3784 788 3846 deformes,
809 3793 865 3836 et
891 3784 1210 3837 humiliores
1247 3785 1536 3854 superﬁcie
1557 3786 1784 3856 reliqua,
1821 3788 2071 3859 egredie-

497 3886 586 3930 tur
613 3877 814 3932 ostium
849 3877 1063 3941 domus,
1119 3885 1176 3931 et
1220 3878 1401 3932 statim
1448 3878 1664 3934 claudet
1697 3895 1816 3934 eam
1861 3890 2071 3951 septem

495 3968 706 4022 diebus.
743 3968 1123 4039 RBVCI‘MISQHC
1150 3970 1237 4024 die
1257 3970 1512 4039 septimo,
1538 3971 1904 4028 considerabit
1927 3988 2068 4028 eam:

497 4059 541 4112 si
585 4060 860 4115 invenerit
885 4061 1126 4116 crevisse
1182 4061 1412 4130 lepram,
1441 4061 1655 4130 iubebit
1691 4062 1808 4118 erui
1840 4064 2070 4133 lapides,

496 4149 554 4204 in
589 4152 787 4222 quibus
811 4152 959 4220 lepra
993 4161 1096 4216 est,
1126 4163 1181 4207 et
1211 4152 1401 4222 projici
1428 4167 1526 4209 eos
1580 4162 1734 4208 extra
1767 4154 2068 4219 civitatem,

498 4241 556 4297 in
579 4243 698 4296 loco
726 4243 1026 4307 immundo,
1055 4243 1274 4299 domum
1311 4253 1493 4299 autem
1523 4245 1694 4314 ipsam
1726 4247 1842 4302 radi
1875 4246 2072 4301 intrin-

2167 2237 2330 2292 liatus
2372 2246 2555 2292 autem
2614 2239 2785 2292 currit
2837 2237 2905 2290 ad
2950 2252 3075 2288 eum
3125 2235 3216 2304 qui
3262 2235 3468 2304 erigere
3523 2242 3741 2301 potest,

2169 2328 2411 2397 dicitque
2441 2343 2566 2382 cum
2601 2326 2800 2382 David:
2845 2325 3051 2379 Bonum
3078 2327 3226 2389 mihi,
3262 2325 3400 2394 quod
3450 2323 3747 2376 humiliasti

2170 2437 2272 2484 me,
2320 2428 2377 2474 ut
2403 2420 2652 2473 discerem
2671 2417 3072 2486 justi/.‘cationes
3102 2425 3220 2469 tuas
3235 2415 3312 2478 ⁸⁸,
3343 2423 3400 2468 et
3425 2413 3645 2468 festinat
3676 2414 3746 2468 ad

2171 2511 2468 2572 medicum,
2496 2510 2586 2578 qui
2613 2523 2739 2562 eum
2769 2509 2963 2561 liberet
2998 2525 3027 2560 a
3060 2507 3306 2561 vulnere.
3348 2506 3418 2561 Et
3460 2505 3575 2559 btec
3617 2505 3742 2573 qui-

2173 2604 2297 2658 dem
2320 2602 2393 2655 ita
2414 2617 2474 2656 se
2517 2601 2742 2655 habent.
2803 2599 2912 2654 Sed
2945 2614 3047 2653 nos
3089 2599 3156 2652 ad
3205 2597 3744 2667 contemplationem,

2175 2708 2296 2762 qua:
2317 2691 2588 2755 imminet,
2634 2706 3008 2754 recurremus,
3041 2705 3109 2744 ne
3139 2689 3322 2743 forsan
3377 2688 3745 2758 legislatorem

2172 2784 2328 2854 quasi
2356 2785 2424 2840 de
2456 2783 2640 2854 lignis,
2659 2794 2713 2838 et
2739 2783 3030 2852 lapidibus,
3059 2792 3113 2835 et
3137 2781 3434 2850 parietibus
3457 2780 3748 2834 insensatis

2174 2874 2538 2938 sancientem,
2595 2873 2814 2942 quidam
2855 2887 3043 2926 eorum
3089 2872 3180 2940 qui
3229 2872 3373 2926 circa
3416 2872 3747 2925 exteriorem

2095 2993 2141 3053 ς
2175 2963 2497 3033 sapientiam
2529 2972 2733 3028 errant,
2775 2963 3176 3032 reprehendere
3201 2962 3466 3022 nitantur,
3496 2976 3527 3013 a
3549 2961 3749 3053 quibus

2174 3057 2301 3126 quia
2322 3056 2449 3110 mali
2471 3063 2622 3117 sunt,
2653 3055 2793 3109 mala
2823 3055 2983 3109 etiam
3035 3055 3174 3109 bona
3198 3054 3533 3122 iudicantur.
3593 3052 3750 3107 Nunc

2173 3147 2322 3202 enim
2352 3146 2680 3217 legislatoris
2735 3145 2968 3199 intentio
3021 3154 3126 3208 est,
3179 3145 3247 3198 de
3289 3144 3432 3198 veris
3495 3144 3752 3196 domibus

2175 3235 2427 3292 videlicet
2471 3251 2535 3290 ea
2572 3235 2716 3290 laesis
2755 3236 2990 3297 sancire,
3025 3233 3079 3288 id
3106 3241 3188 3286 est
3224 3248 3345 3300 quas
3389 3232 3443 3286 in
3471 3231 3579 3285 illis
3622 3247 3751 3301 pas-

2175 3327 2360 3382 siones
2386 3326 2678 3390 curabiles,
2707 3325 2957 3380 lseilesve
2980 3325 3044 3379 ad
3067 3323 3530 3386 emundationem,
3561 3338 3754 3393 quaeve

2174 3419 2284 3476 sint
2342 3419 2710 3481 incurabiies,
2764 3416 3299 3484 destructionemque
3363 3415 3740 3484 plenissimam

2176 3511 2508 3585 ingerentes.
2560 3509 2668 3565 Sed
2703 3510 2896 3564 horum
2940 3509 3158 3564 modmu
3200 3507 3481 3571 discimus,
3512 3522 3636 3559 eum
3683 3506 3750 3560 ad

2175 3619 2240 3659 ea
2262 3619 2383 3673 qua:
2421 3602 2565 3658 dicta
2594 3610 2746 3666 sunt,
2782 3601 3114 3656 venerimus.
3152 3598 3750 3652 Ροδεεεεὶοιιίειιυδιτεο

2179 3704 2324 3750 terra
2380 3703 2485 3758 est,
2525 3708 2688 3763 quam
2721 3708 2823 3747 nos
2873 3691 3242 3762 possidemus,
3284 3689 3574 3744 haereditas
3620 3702 3752 3755 geu-

2179 3788 2338 3841 tium.
2402 3786 2521 3855 Ipsa
2569 3793 2654 3840 est
2704 3784 2848 3839 enim
2895 3791 3082 3837 nostra
3143 3780 3435 3851 possessio,
3485 3779 3587 3833 etsi
3624 3788 3754 3831 tunc

2178 3879 2416 3934 hostium
2460 3887 2772 3933 nostrorum
2818 3875 2924 3930 l'uit
2957 3893 2971 3929 :
3004 3876 3060 3929 in
3105 3874 3208 3929 hac
3263 3873 3408 3929 enim
3456 3887 3560 3925 nos
3605 3870 3752 3924 Dens

2176 3970 2483 4041 acquisivit,
2512 3978 2568 4024 et
2599 3983 2695 4024 eos
2720 3967 2811 4038 qui
2841 3965 3112 4037 quondam
3141 3980 3253 4019 non
3286 3972 3446 4017 erant
3489 3962 3747 4032 pepulus,

2177 4073 2326 4116 nunc
2356 4061 2614 4132 populum
2657 4059 2818 4113 habet
2849 4056 2968 4122 Dei,
3020 4065 3242 4127 propter
3289 4053 3436 4124 quod
3481 4053 3759 4124 possessio

2182 4161 2327 4204 recte
2354 4147 2746 4202 nontinabitur.
2783 4143 2857 4200 De
2877 4145 2980 4199 hac
3013 4153 3156 4199 terra
3189 4143 3453 4199 Dominus
3503 4142 3757 4196 dicebat:

2180 4243 2280 4308 Qui
2309 4258 2428 4296 vero
2459 4241 2516 4293 in
2548 4251 2745 4293 terram
2764 4239 2954 4292 bonam
2985 4238 3275 4290 seminatus
3299 4243 3398 4297 est,
3426 4235 3509 4287 hic
3542 4243 3614 4287 est
3665 4234 3755 4302 qui

497 4348 660 4388 secus
687 4350 784 4402 per
821 4335 1135 4401 circuitum,
1185 4345 1241 4390 et
1288 4335 1466 4407 spargi
1527 4337 1806 4407 pulverem
1869 4353 2071 4393 rasurae
2100 4346 2145 4402 ι)
2174 4336 2324 4394 audit
2346 4333 2551 4387 verbum
2569 4341 2617 4386 et
2639 4330 2881 4398 intelligit
2899 4327 3184 4382 “.Domus
3201 4326 3345 4381 enim
3363 4323 3763 4382 nostme

495 4433 650 4478 extra
680 4425 892 4490 urbem,
936 4427 988 4480 in
1020 4428 1138 4493 loco
1162 4427 1460 4494 immundo,
1492 4429 1804 4500 lapidesque
1837 4429 1972 4483 alios
1989 4445 2077 4485 ra-

499 4517 631 4588 poni
659 4533 755 4586 pro
784 4518 978 4587 bisqui
1031 4519 1196 4573 ablati
1235 4520 1459 4585 fuerint,
1491 4528 1548 4574 et
1600 4519 1715 4573 luto
1765 4519 1876 4573 alio
1927 4519 2075 4573 liniri

499 4609 742 4663 domum.
770 4611 1071 4665 Sin-autem
1098 4621 1381 4683 postquam
1427 4613 1567 4668 eruti
1601 4620 1729 4666 sunt
1770 4612 1998 4683 lapides,
2022 4619 2079 4667 et

501 4699 682 4769 pulvis
721 4700 914 4763 elatus,
947 4713 1002 4755 et
1027 4703 1130 4756 alia
1166 4714 1309 4757 terra
1345 4703 1459 4768 lita,
1497 4703 1774 4773 ingressus
1824 4703 2080 4760 sacerdos

502 4791 698 4845 viderit
729 4808 999 4848 reversam
1022 4795 1340 4864 lepram,'ct
1366 4794 1604 4864 parietes
1620 4808 1872 4864 aspersas
1898 4811 2078 4852 macu-

502 4885 588 4950 iis,
627 4883 773 4953 lepra
803 4895 888 4940 est
912 4901 1287 4955 perseverans,
1321 4893 1374 4938 ct
1397 4885 1676 4940 immunda
1700 4885 1894 4941 domus
1917 4901 2081 4957 quam

502 4977 688 5031 statim
732 4978 1052 5032 destruent:
1111 4987 1166 5030 et
1197 4976 1408 5046 lapides
1459 4976 1576 5044 ejus
1605 4992 1670 5030 ac
1719 4978 1882 5050 ligna,
1920 4987 2084 5049 atque

505 5069 819 5122 universum
863 5068 1141 5137 pulverem
1185 5067 1473 5136 projicicnt
1513 5077 1661 5124 extra
1690 5069 1969 5140 oppidum,
2028 5071 2081 5124 in

505 5161 624 5215 loco
646 5160 948 5216 immundo.
975 5160 1077 5227 Qui
1098 5161 1376 5216 intraverit
1393 5161 1637 5227 domum,
1657 5163 1876 5232 quando
1899 5163 2082 5218 clausa

505 5262 608 5315 est,
653 5255 965 5310 immundus
1014 5255 1118 5310 erit
1151 5270 1321 5325 usque
1376 5257 1444 5310 ad
1498 5271 1810 5326 vesperum.
1871 5256 1938 5309 Et
1987 5257 2080 5325 qui

506 5343 870 5400 dormieritin
934 5362 1020 5410 ea,
1069 5356 1122 5400 ct
1169 5347 1470 5402 comederit
1515 5347 1812 5418 quidpiam,
1883 5347 2084 5402 lavabit

508 5432 827 5488 vestimenta
867 5452 986 5489 sua.
1026 5454 1044 5486 ι

581 5569 625 5599 ¹¹¹
657 5566 797 5618 Psal.
833 5583 872 5626 ι.
896 5566 951 5619 2.
1027 5569 1069 5600 ⁸³
1101 5569 1256 5625 Rom.
1289 5588 1348 5631 tt,
1382 5572 1467 5626 l3.

1566 5571 1611 5602 ”
1641 5570 1842 5624 .ierem.
1884 5586 2005 5633 vni,
2039 5569 2091 5622 7.
2167 5570 2211 5599 ⁵⁵
2242 5566 2380 5621 Psal.
2416 5584 2452 5624 ι.
2485 5566 2541 5620 9..

509 5639 556 5670 ⁸⁵
587 5638 750 5692 biich.
777 5651 813 5703 ι,
847 5639 927 5701 l2,
969 5637 1047 5690 l5.
1125 5641 1171 5671 ⁵³
1207 5647 1371 5696 Amos
1399 5659 1484 5704 ιιι,
1517 5639 1567 5696 6.
1646 5643 1692 5672 ⁵ο
1715 5641 1854 5696 Γεηι.
1891 5657 2077 5704 (ῖιιγιιι,
2113 5639 2200 5693 7i.

2179 4432 2276 4488 site
2301 4438 2448 4493 sunt,
2479 4427 2546 4482 de
2574 4425 2772 4495 quibus
2798 4421 3000 4475 Paulus
3026 4416 3349 4476 dicebat:Si
3379 4418 3684 4482 tardavero,
3703 4429 3761 4470 ut

2178 4522 2318 4576 scias
2338 4519 2592 4591 quomodo
2614 4529 2662 4570 te
2681 4525 2918 4586 oporteat
2939 4516 2991 4569 in
3013 4515 3166 4569 domo
3181 4513 3278 4568 Dei
3304 4511 3624 4574 conversari,
3646 4526 3764 4580 qua:

2179 4623 2254 4669 est
2285 4612 2502 4667 ecclesia
2534 4609 2629 4664 Dei
2658 4611 2758 4664 vivi
2785 4611 2852 4664 ι’.
2882 4609 2940 4662 in
2965 4607 3069 4673 bis,
3102 4604 3402 4661 secundum
3435 4600 3599 4664 LXX,
3633 4601 3764 4655 dare

2179 4721 2240 4761 se
2271 4704 2535 4759 maculam
2563 4703 2724 4770 lepra:
2754 4700 2893 4755 Deus
2908 4698 3197 4770 promittit.
3224 4694 3380 4762 Quod
3411 4691 3766 4749 manifestam

2183 4798 2298 4868 ipsa
2322 4794 2642 4866 legislatoris
2683 4792 2878 4856 verba;
2903 4805 3024 4846 cum
3053 4789 3198 4844 enim
3235 4787 3464 4842 dixisset
3491 4803 3504 4838 :
3531 4784 3598 4838 Et
3629 4785 3766 4837 dabo

2183 4888 2447 4943 maculant
2475 4886 2632 4954 lepra:
2653 4886 2707 4938 in
2731 4882 2991 4947 domibus,
3024 4891 3166 4934 terra
3190 4877 3529 4949 possessionis
3558 4885 3764 4929 vestrm.

2185 4981 2254 5035 Et
2287 4982 2452 5034 veniet
2481 4980 2633 5049 cujus
2677 4989 2752 5033 est
2781 4979 2970 5032 domus
2992 5017 3008 5041 ,
3047 4977 3190 5030 illico
3236 4972 3520 5043 subiunxit
3550 4987 3566 5024 :
3615 4969 3770 5024 Nun-

2187 5070 2328 5122 tians
2347 5069 2633 5133 sacerdoti,
2667 5077 2715 5121 et
2753 5067 2928 5120 dicet:
2979 5063 3144 5130 Quasi
3193 5061 3403 5118 macula
3434 5061 3599 5130 lepra:
3621 5060 3771 5114 ride-

2187 5168 2273 5213 tur
2302 5159 2430 5212 mihi
2453 5159 2640 5212 essein
2695 5159 2849 5211 domo
2888 5173 3027 5210 mea.
3078 5155 3193 5210 lloc
3243 5162 3428 5208 autem
3483 5149 3770 5206 sentientis

2191 5251 2496 5320 passionem
2522 5259 2626 5314 est,
2658 5248 2800 5318 quod
2841 5263 2950 5302 non
2976 5256 3061 5302 est
3083 5247 3316 5317 cujuslib
3337 5253 3371 5298 ει
3397 5244 3549 5308 doni,
3577 5251 3633 5296 ct
3667 5242 3771 5296 tale

2189 5341 2347 5412 quale
2377 5342 2543 5396 ilcum
2573 5341 2837 5396 condecet
2861 5338 3146 5409 impertiri.
3187 5337 3241 5391 Si
3283 5337 3428 5392 enim
3455 5336 3616 5389 decet
3652 5349 3773 5387 me—

2189 5436 2391 5499 dicum,
2429 5445 2488 5487 ut
2519 5448 2627 5486 non
2651 5432 2915 5487 concedat
2942 5442 3201 5500 :egrotum
3226 5429 3472 5499 quaedam
3493 5425 3777 5480 mortifera

2619 5566 2664 5597 τε
2693 5566 2798 5619 isa.
2837 5580 3065 5629 xxxviii,
3102 5561 3186 5616 ll.
3264 5562 3307 5592 ⁵⁷
3340 5560 3440 5612 lsa.
3479 5574 3602 5622 xu,
3634 5555 3690 5619 6,
3717 5554 3752 5608 Ἰ

2278 5640 2319 5668 ⁶¹
2355 5637 2543 5691 Matth.
2592 5652 2710 5691 aut.
2741 5637 2854 5689 εδδ
2908 5637 2950 5667 ⁵³
2993 5633 3172 5688 ΙΤὶιιι.
3212 5649 3292 5696 ιιι,
3331 5630 3414 5684 l5.
