2019 3091
132 112 182 143 961

699 112 742 143 ΙΝ
763 112 985 143 LEVITICUM.
1001 125 1032 129 -
1052 112 1123 142 LIB.
1143 113 1191 143 Ν.

1709 119 1760 151 sca

131 174 223 202 agere,
235 167 314 194 decet
326 172 354 194 et
365 167 449 194 Deum
463 174 517 194 non
543 165 696 194 concedere
709 166 857 201 peccatori,
879 165 922 192 in-
936 170 957 198 Α
973 174 1055 201 super
1081 174 1141 199 nos,
1155 167 1273 195 liberans
1287 176 1338 196 nos
1351 169 1385 196 ab
1411 169 1453 196 his
1478 170 1577 204 quibus
1589 171 1691 199 dudum
1706 179 1763 198 scr-

132 213 319 240 sensibilitatis
333 213 427 239 morbo
448 212 552 239 diutius
576 211 702 243 detineri,
716 218 752 249 ne
766 211 795 238 in
808 210 921 246 profun—

131 258 196 285 dum
207 258 305 287 inferni
323 265 439 293 peccans
458 258 485 284 in
501 263 634 285 a-temum
660 261 731 289 ruat,
748 257 823 292 quod
835 257 920 284 David

130 310 212 331 orans
223 304 329 331 dicebat
348 313 354 331 :
374 304 413 331 Ne
425 308 530 330 avertas
541 304 637 339 {aciem
651 309 724 331 tuam
738 312 755 331 a
767 312 817 337 me,
831 308 857 331 et
876 312 920 330 ero

129 348 225 375 similis
241 349 455 375 descendrtttibus
466 349 494 374 in
508 348 597 375 lacum
621 348 655 374 ⁸³.
667 347 725 375 Hoc
739 348 842 375 donum
857 355 921 375 sen-

128 401 176 421 sus
190 394 317 421 Ecclesiae
328 394 423 421 datur:
437 393 584 430 Synsgogaa
595 399 686 422 autem
701 395 856 422 Iudaeorum
864 403 919 423 non

128 440 219 472 datur,
233 440 306 474 quod
318 439 492 466 manifestum
503 444 545 466 est
560 447 593 466 ex
607 447 640 467 eo
662 440 734 475 quod
764 440 822 475 ipse
847 440 920 467 Dens

128 493 177 519 per
193 485 263 513 Osee
279 486 439 520 prophetam
454 486 507 512 ait:
525 485 657 518 Quoniam
682 486 733 512 nisi
753 494 813 513 cum
836 494 919 513 mere-

127 530 237 557 tricibus
253 531 435 563 versabantur,
445 539 467 558 et
480 539 538 559 cum
547 532 703 566 effeminatis
719 532 917 566 sacriﬁcabant.

127 575 162 601 Et
177 576 288 611 populus
299 584 349 602 non
365 576 512 612 intelligens
537 577 674 612 vapulabit
687 577 720 604 “.
736 578 770 604 Et
793 585 889 605 rursus
908 585 917 605 :

125 621 205 648 Dedit
222 622 259 648 eis
270 622 340 649 Deus
354 623 476 657 spiritum
492 623 706 657 sompunctionis,
722 623 810 650 oculos
824 628 853 650 ut
868 632 918 651 non

125 667 243 702 videant,
256 674 279 695 et
294 677 372 696 aures
387 674 414 695 ut
426 677 476 695 non
485 670 597 696 audiant
610 670 643 696 ”.
654 669 744 697 Alium
758 670 839 697 etiam
855 678 919 705 pro-

126 715 238 748 phetam
275 714 439 747 audivimus,
477 715 613 742 dicentem
631 724 638 742 :
656 715 814 743 Clauserunt
831 716 918 743 oculos

127 767 199 790 suos,
213 764 242 786 ut
258 767 310 786 non
322 760 449 791 viderent,
462 764 486 786 et
500 768 577 787 aures
590 769 653 787 suas
666 766 856 795 aggressurum,
886 769 918 788 ne

125 804 304 830 audirent“:
336 808 431 838 utpote
456 812 471 831 a
493 805 667 839 justojudice
684 813 717 832 ex
729 813 781 833 suo
805 810 918 840 peccato

125 849 288 883 puniuntur.
312 849 434 877 Ecclesia
455 856 547 878 autem
568 858 623 878 non
652 851 689 878 ita
704 871 711 883 ,
737 852 786 879 sed
810 853 917 887 quoties

123 899 230 930 peccat,
245 895 381 923 faciteam
396 896 467 923 Deus
487 897 589 924 sentire
612 902 764 932 peccatum.
787 898 866 926 Unde
888 903 916 926 et

123 947 186 966 eum
195 940 240 974 qui
251 940 278 966 in
293 939 424 967 Corintho
443 940 593 968 fornicatus
608 946 660 974 est,
678 941 778 970 Paulus
808 944 915 971 Satanae

123 985 245 1016 tradidit,
260 990 290 1012 ut
302 985 418 1013 atllictus
432 987 466 1013 ab
480 994 523 1020 eo,
544 992 686 1022 peccatum
699 988 832 1016 sentiret:
848 989 914 1016 Tra-

122 1031 188 1062 didi,
199 1030 338 1065 inquiens,
356 1040 417 1058 eum
438 1032 483 1067 qui
499 1032 651 1066 Imjusmodi
681 1038 728 1067 est,
742 1034 836 1069 angelo
862 1034 914 1062 Sa—

122 1081 194 1102 tamz
216 1076 245 1102 in
264 1076 400 1103 interitum
423 1078 547 1104 carnis"
572 1086 579 1105 :
611 1079 711 1107 similia
731 1081 912 1114 praesentibus

122 1121 287 1156 legislatoris
298 1122 388 1149 verbis
399 1122 503 1150 dicens.
520 1122 553 1150 Et
564 1124 609 1151 hic
620 1124 740 1158 quidem,
759 1126 911 1154 secundum

122 1166 194 1193 LXX
205 1187 212 1199 ,
230 1167 314 1199 Dabo,
328 1168 426 1203 inquit,
437 1169 571 1196 maculam
590 1170 679 1204 lepra,
694 1179 750 1198 non
766 1173 844 1207 quasi
867 1173 912 1200 in-

121 1218 234 1248 gerente
245 1214 301 1241 Deo
316 1214 430 1249 lepram,
447 1215 496 1242 sed
515 1216 590 1244 velut
615 1223 759 1246 exercente
774 1223 856 1254 atque
866 1227 910 1247 ar-

120 1263 231 1293 guente.
247 1259 295 1286 Ille
311 1265 402 1286 autem
425 1260 463 1288 ait
480 1269 488 1289 :
516 1261 625 1289 Tradidi
648 1263 799 1298 hujusmodi
818 1266 910 1301 angelo

119 1305 246 1337 Satanae;
257 1306 332 1340 atqui
344 1312 487 1341 acceperat
501 1315 565 1334 eum
582 1308 648 1336 olim
658 1316 708 1344 per
718 1310 841 1339 illicitum
853 1312 910 1339 for-

120 1352 296 1385 nicatiouem,
306 1354 354 1381 sed
374 1359 403 1381 ut
417 1354 514 1389 majori
543 1360 679 1391 potestate
694 1357 730 1385 ab
741 1365 775 1386 eo
792 1359 909 1394 castiga-

121 1403 174 1430 tus,
190 1399 228 1425 ait
242 1399 316 1426 enim
333 1399 385 1426 :ln
398 1400 537 1428 interitum
563 1403 662 1435 carnis,
681 1407 711 1430 ut
729 1405 838 1439 spiritus
851 1406 908 1432 sal-

117 1451 164 1470 vus
178 1443 236 1477 ﬁat,
248 1452 358 1471 sensum
369 1446 475 1480 peccati
490 1447 654 1482 perciperet,
665 1448 794 1485 ﬁeretque
812 1458 906 1478 emen-

117 1490 207 1516 datior
223 1498 230 1516 :
246 1490 327 1517 simul
341 1492 424 1521 etiam
443 1497 475 1520 ut
498 1494 721 1523 manifestaretur
745 1497 817 1530 aliis,
836 1505 906 1533 qua-
921 1507 942 1537 ο

121 1541 200 1563 tcuus
213 1544 276 1563 eum
290 1537 402 1565 minime
416 1539 536 1567 debeant
554 1540 666 1568 imitari.
684 1541 737 1569 Sed
752 1547 794 1570 est
809 1543 907 1571 domus

117 1582 175 1608 lucc
195 1586 274 1609 terr-.e
289 1583 483 1617 possessionis,
504 1584 532 1612 id
542 1590 585 1613 est
600 1585 729 1614 Ecclesiis
738 1587 906 1617 haereditatis

116 1628 251 1660 gentium.
265 1628 329 1656 Cum
341 1630 452 1665 ingrcssi
464 1631 578 1666 fueritis,
600 1631 700 1667 Moyses
712 1638 736 1660 et
746 1634 837 1661 Aaron
851 1656 859 1667 ,
877 1636 907 1662 in

116 1679 214 1700 terram
229 1674 450 1703 Chananteorum.
465 1676 597 1709 Quaenam
614 1682 656 1705 est
670 1678 749 1706 haec?
766 1679 851 1712 Quam
860 1689 906 1716 ego

116 1718 184 1745 dabo
197 1720 268 1746 vobis
284 1721 312 1746 in
333 1723 532 1754 possessionem.
557 1724 625 1756 Quia
638 1732 702 1760 ergo
724 1730 828 1760 septem
853 1734 906 1754 ηυ-

116 1771 193 1791 mero
203 1769 307 1799 gentes,
324 1766 348 1793 id
365 1772 405 1793 cst
418 1767 575 1801 Cbananmi,
589 1769 735 1803 Pherezasi,
758 1770 903 1807 Gergesaai,

115 1810 278 1844 Amorrhaei,
307 1811 442 1846 Gebusai,
467 1813 582 1847 Cethtei,
605 1820 633 1842 et
646 1815 778 1850 ﬂaradazi,
803 1822 903 1845 terram

115 1856 279 1890 promissam
299 1856 415 1886 Abrabte
431 1859 619 1894 possidebant.
642 1862 789 1897 Imaginem
812 1869 903 1893 autem

114 1901 246 1935 gerebant
260 1902 299 1930 hac
315 1908 420 1939 septem
446 1905 601 1940 iniquorum
613 1908 768 1942 spirituum,
785 1910 820 1938 de
840 1912 901 1946 qui-

114 1947 165 1974 bus
180 1945 312 1976 Dominus
325 1949 353 1976 in
367 1951 521 1987 Evangeliis
531 1953 616 1980 dicit:
643 1954 709 1982 Cum
728 1957 837 1990 spiritus
849 1945 901 1985 im-

114 1995 226 2021 mundus
247 1996 339 2023 “ierit
352 1996 386 2023 ab
397 1997 512 2031 homine,
530 2005 643 2026 assumet
655 2001 722 2028 alios
736 2008 832 2037 septem
844 2005 894 2038 spi-

113 2039 190 2072 ritus,
206 2042 341 2075 nequiores
351 2050 388 2075 se,
403 2047 428 2069 et
440 2042 544 2070 habitat
556 2045 584 2070 in
598 2045 709 2080 homine,
727 2049 802 2083 cujus
814 2050 901 2077 noois~

110 2085 179 2112 sima
207 2090 268 2113 sunt
287 2087 418 2115 deteriora
441 2089 572 2124 prioribus
584 2090 617 2118 ⁸³.
638 2090 669 2118 Hi
685 2097 775 2120 autem
787 2094 899 2129 spiritus

111 2138 203 2159 veram
230 2136 333 2160 terram
346 2134 510 2168 promissam
535 2135 586 2169 ipsi
601 2137 727 2172 Abrahae,
743 2139 769 2167 id
783 2146 824 2167 est
834 2149 899 2176 gen-

110 2176 178 2204 tium
204 2178 390 2206 hiereditatem
419 2180 603 2215 possidebant,
629 2183 679 2218 ipsi
704 2186 776 2213 enim
795 2186 897 2215 dictum

109 2227 152 2249 est
177 2231 185 2249 :
213 2223 283 2256 Quia
310 2230 412 2258 patrem
438 2226 582 2254 multarum
606 2231 724 2264 gentium
737 2233 812 2266 posui
825 2238 849 2260 te
862 2234 895 2261 “'.

109 2267 224 2301 Quando
232 2269 337 2305 Moyses
349 2275 376 2298 et
388 2272 488 2305 Aaron,
502 2273 543 2300 lex
556 2274 683 2303 videliCet
705 2281 733 2303 et-
745 2279 895 2313 prophetae,

110 2314 207 2341 horum
222 2315 294 2342 enim
308 2316 420 2352 ﬁguram
445 2319 471 2346 hi
497 2325 605 2355 gerunt,
630 2322 693 2357 quia
706 2324 795 2351 Aaron
823 2325 897 2362 Moy-

108 2367 179 2393 scos,
199 2361 245 2395 qui
271 2361 383 2397 ﬁguram
410 2364 476 2400 legis
487 2366 556 2401 gerit
578 2368 712 2402 propheta
723 2377 783 2398 esse
807 2371 896 2399 dictus

106 2410 157 2438 cst,
172 2406 287 2442 ingressi
302 2408 406 2436 fuerint
416 2410 487 2438 inter
507 2416 612 2447 gentes,
626 2418 692 2441 tunc
706 2423 755 2450 per
767 2423 814 2444 eos
823 2417 896 2444 Deus

106 2451 277 2485 tyrannidem
290 2454 446 2483 obtinentes
459 2456 486 2483 in
499 2457 637 2492 gentibus,
651 2460 697 2493 qui
713 2465 779 2488 sunt
795 2461 896 2488 intelli-

105 2495 210 2530 gibiles,
224 2496 394 2527 Chananaeos
407 2501 550 2535 praedictos
561 2503 670 2538 expellit
685 2505 798 2539 spiritus
812 2514 819 2532 :
834 2514 897 2541 pos-

104 2541 255 2569 sessionem
267 2549 358 2572 autem
364 2546 439 2582 legis
451 2552 479 2575 et
491 2549 698 2583 prophetarum,
713 2555 740 2578 et
755 2551 813 2578 lucc
825 2560 896 2587 prae-

102 2586 254 2615 dicantium
268 2589 326 2624 ipse
336 2598 396 2619 esse
409 2593 533 2621 concedit
545 2599 650 2629 gentes,
667 2596 713 2630 qui
725 2604 772 2624 eas
785 2586 895 2632 proprio

102 2632 247 2668 sanguine,
262 2638 316 2661 tam
333 2644 383 2670 per
395 2637 559 2666 oblationem
574 2641 798 2676 regenerationis,
810 2651 892 2678 quam

102 2679 312 2707 renovationem
326 2683 413 2710 sancti
430 2683 559 2718 Spiritus,
572 2694 653 2720 quem
671 2687 768 2714 cﬁ‘udit
784 2689 891 2717 abunde

138 2775 160 2790 "
170 2775 342 2814 _P»sal.ncxt.u,
359 2781 383 2806 7.
433 2781 455 2796 ⁸⁸
468 2780 537 2809 Osce
549 2790 585 2814 IV,
599 2783 640 2810 ll.

102 2809 149 2842 65,
163 2811 206 2838 Η.
239 2813 267 2842 ,⁶“
283 2809 353 2840 Gen.
371 2822 438 2847 xvtt,
454 2817 479 2843 4.
519 2817 541 2832 ⁷⁸
556 2809 608 2844 Isa.
623 2809 704 2851 7X1",
720 2818 761 2845 l5.

690 2784 711 2799 ⁸⁵
732 2783 809 2811 Rom.
830 2792 867 2813 XI.
886 2785 913 2811 8.

801 2820 821 2834 τ’
837 2819 916 2846 ltom.
934 2828 989 2853 xrt,
1008 2821 1049 2848 19.

971 213 1122 244 viebamus,
1136 218 1165 240 ut
1180 218 1206 240 et
1221 213 1248 240 hi
1262 214 1308 248 qui
1329 221 1361 241 ex
1387 215 1533 249 generibus
1559 221 1632 248 sunt,
1657 218 1763 251 possint

971 257 1048 285 Isaiae
1061 258 1304 286 Canticumdicere
1319 267 1326 285 :
1342 259 1453 286 Domine
1467 260 1535 287 Deus
1554 266 1650 294 noster,
1674 271 1761 297 posse—

970 304 1063 331 derunt
1078 312 1123 330 nos
1136 305 1237 331 domini
1252 305 1348 340 absque
1358 309 1392 336 te,
1407 311 1511 333 tantum
1522 307 1548 332 in
1561 311 1585 333 te
1594 309 1761 335 recordemur

970 350 1083 376 nominis
1096 351 1134 376 tui
1147 351 1179 376 7°.
1191 350 1366 386 Quaecunque
1382 357 1472 379 autem
1487 352 1546 387 ejus
1560 354 1698 387 possessio
1707 359 1759 387 est,

969 395 1051 422 etiam
1065 403 1204 423 servorum
1229 397 1470 432 ministrorumque
1483 398 1543 432 ejus
1558 399 1652 432 procul
1675 399 1760 427 dubio

969 444 1021 466 est.
1035 439 1105 475 Ergo
1118 441 1226 475 quando
1239 442 1379 476 propheta;
1403 448 1428 469 et
1440 442 1481 470 lex
1496 443 1523 470 in
1538 443 1659 479 gentium
1672 444 1758 472 luere-

969 485 1081 513 ditatem
1106 486 1221 521 ingressi
1249 487 1360 518 fuerint,
1386 488 1573 516 ministrantes
1597 490 1759 524 evangelica;

968 531 1166 567 praedicationi,
1193 537 1222 559 et
1246 540 1278 559 ea
1303 541 1364 567 quas
1387 541 1460 561 nunc
1485 535 1519 561 de
1544 535 1760 570 intelligibilibus

968 577 1096 605 domibus
1109 578 1180 605 dicta
1195 583 1269 612 sunt,
1284 587 1416 614 apparere
1429 580 1580 615 potuerint.

1004 634 1055 661 Ibit
1070 635 1145 670 cujus
1157 640 1195 662 est
1209 636 1311 668 donius,
1329 637 1454 663 nuntians
1462 638 1605 670 sacerdoti,
1624 643 1649 665 et
1665 639 1734 667 dicet
1747 648 1759 668 :

968 679 1051 712 Quasi
1064 681 1144 716 plaga
1163 681 1241 716 lepne
1253 682 1356 708 videtur
1389 682 1453 708 mihi
1478 683 1566 709 essein
1586 685 1663 710 domo
1686 693 1757 712 mea.

967 727 1033 760 Quae
1046 727 1119 754 enim
1133 732 1197 755 sunt
1210 727 1366 755 domesticae
1386 728 1524 760 Ecclesia,
1556 734 1585 756 ut
1614 735 1758 765 propterea

967 771 1038 800 dicat
1054 780 1062 799 :

933 838 953 866 Β
1004 837 1059 865 Ibit
1077 839 1153 873 cujus
1167 844 1203 866 est
1219 840 1323 867 damus.
1347 840 1497 868 Audiamus
1520 841 1634 869 Paulum
1661 841 1758 869 dicen-

968 887 1021 910 tem
1037 892 1044 910 :
1069 883 1191 912 Salutate
1205 884 1337 918 Priscum,
1352 891 1376 912 et
1399 887 1534 921 Aquilam,
1548 891 1573 913 et
1586 887 1758 917 domesticam

966 937 1056 956 eorum
1082 931 1218 958 ecclesiam
1228 932 1261 959 '“.
1277 931 1327 964 Qui
1354 940 1418 967 ergo
1433 933 1496 960 huic
1516 938 1627 967 praeest,
1636 933 1659 960 si
1673 933 1758 962 sentit

965 973 1068 1009 lepram
1079 975 1287 1010 intelligibilcm,
1314 977 1340 1005 id
1359 981 1410 1006 est.
1425 978 1446 1004 si
1461 978 1537 1004 malae
1551 982 1578 1005 et
1590 978 1681 1013 impiae
1707 979 1756 1006 do-

965 1021 1059 1049 ctrinae
1085 1029 1197 1050 sensum
1215 1023 1370 1058 quempiam
1390 1024 1755 1058 contprcbeuderit:timens

964 1077 998 1096 ne
1012 1069 1063 1097 hoc
1075 1070 1147 1104 quod
1158 1070 1262 1098 studuit
1275 1070 1308 1098 ad
1317 1070 1464 1105 justitiam,
1472 1070 1518 1097 ﬁat
1530 1071 1554 1097 ei
1566 1071 1598 1097 ad
1608 1071 1755 1105 judiciumr

963 1115 1055 1143 veniat
1064 1116 1098 1143 ad
1112 1116 1292 1149 sacerdotem,
1318 1116 1366 1150 qui
1391 1116 1546 1144 discernere
1572 1121 1670 1151 potest,
1694 1116 1754 1151 ipso

962 1160 1036 1189 cnim
1049 1168 1105 1189 non
1119 1161 1243 1189 absolute
1263 1162 1389 1190 sacerdos
1409 1167 1460 1194 cst,
1479 1162 1551 1196 quod
1577 1162 1752 1189 manifestum

961 1211 1004 1234 est
1017 1214 1051 1234 ex
1064 1206 1108 1234 his
1121 1215 1181 1242 quia
1200 1215 1296 1236 rursus
1309 1208 1409 1236 Paulus
1427 1208 1460 1235 ad
1474 1209 1649 1237 Colossenses
1665 1209 1753 1245 scrip-

961 1253 997 1280 sit
1011 1260 1018 1279 :
1032 1252 1154 1280 Salutate
1165 1253 1325 1288 Nympham,
1353 1259 1378 1281 et
1400 1255 1569 1282 domesticam
1590 1255 1647 1290 ejus
1672 1256 1755 1283 eccle-

960 1299 1077 1325 siam".
1107 1297 1177 1331 Quia
1203 1299 1281 1325 multi
1313 1305 1426 1334 propter
1451 1301 1538 1328 zelum
1572 1306 1600 1329 et
1623 1302 1753 1336 pietatem

960 1345 1091 1372 ecclesias
1105 1345 1269 1373 domesticas
1283 1346 1493 1379 constituentes,
1517 1347 1545 1373 in
1559 1348 1600 1374 eis
1625 1348 1752 1377 doctores

959 1390 1125 1424 divinorum,
1140 1391 1343 1426 ministrosque,
1357 1399 1464 1419 necnon
1478 1393 1511 1420 ad
1528 1394 1752 1422 contrmunionem

960 1441 1043 1472 atque
1057 1437 1271 1466 exsultationem.
1289 1445 1384 1465 eorum
1396 1440 1602 1472 cotwenientes,
1617 1439 1750 1475 suscipio-

959 1482 1035 1510 bant.
1055 1482 1081 1510 Is
1103 1490 1168 1518 ergo
1193 1483 1241 1518 qui
1254 1483 1476 1518 hujusrnodicst.
1498 1485 1596 1513 ibitad
1624 1487 1748 1521 eumqui

959 1528 1017 1555 veri
1030 1528 1175 1557 sacerdotii
1188 1529 1300 1564 ﬁguram
1313 1530 1392 1565 gerit,
1405 1531 1500 1565 quahs
1513 1531 1625 1558 [uerunt
1637 1531 1749 1565 Petrus,

958 1575 1001 1603 vel
1022 1575 1133 1608 Paulus,
1149 1575 1193 1603 vel
1213 1575 1382 1609 Timotheus,
1414 1577 1561 1612 caatcrntue
1585 1579 1635 1613 qui
1652 1586 1751 1608 eorum

957 1621 1110 1649 doctrinam
1133 1621 1305 1656 virtutesque
1320 1623 1520 1655 custodierunt,
1547 1624 1749 1660 irreprelionsi-

956 1667 1026 1694 biles
1040 1672 1244 1702 permanentes.
1255 1667 1364 1702 Oportet
1378 1669 1447 1695 enim
1470 1670 1620 1704 episcopum
1634 1671 1750 1705 irrupto-

955 1712 1104 1739 Iuttsibilem
1121 1721 1175 1740 esse
1187 1713 1221 1745 ",
1239 1718 1269 1740 ut
1287 1719 1431 1748 propterea
1445 1715 1536 1749 possit.
1557 1716 1647 1743 aliena
1673 1716 1748 1751 judi-

956 1766 1019 1786 care
1029 1764 1152 1793 peccata.
1177 1759 1210 1787 Et
1224 1760 1321 1787 dicet:
1338 1760 1421 1792 Quasi
1443 1761 1522 1795 plaga
1541 1761 1621 1796 leprtc
1642 1763 1748 1790 videtur

955 1804 1019 1830 mihi
1031 1812 1086 1831 esse
1099 1805 1127 1831 in
1139 1805 1226 1837 domo,
1245 1804 1272 1831 id
1285 1808 1337 1836 est,
1349 1812 1446 1832 sensus
1461 1805 1553 1839 impia
1562 1805 1693 1833 doctrina
1716 1806 1745 1833 in

954 1857 1015 1877 utea
1030 1850 1179 1878 domestica
1197 1854 1309 1885 apparet
1332 1850 1464 1878 Ecclesia.
1486 1851 1520 1878 At
1537 1851 1581 1878 ille
1597 1852 1743 1886 principia,

953 1901 981 1924 ut
991 1897 1247 1931 auferantuniversa
1264 1897 1296 1923 de
1312 1897 1408 1929 domo,-
1424 1897 1481 1924 sive
1505 1902 1534 1924 ut
1561 1897 1631 1925 LXX
1646 1898 1742 1932 edunt,

953 1941 988 1968 Et
1000 1942 1135 1977 praecipiet
1148 1943 1271 1969 sacerdos
1283 1943 1400 1977 detegere
1409 1943 1527 1974 domum,
1542 1948 1567 1970 et
1577 1951 1629 1970 nou
1640 1944 1744 1978 ﬂorebit

952 1988 978 2015 in
995 1996 1099 2015 omnem
1126 1988 1250 2021 domum;
1276 1988 1303 2015 id
1330 1992 1372 2016 est
1393 1997 1400 2016 :
1431 1988 1572 2023 Pracipiet
1613 1990 1744 2018 recedere

950 2040 1061 2060 omnem
1078 2033 1208 2067 populum
1219 2033 1265 2067 qui
1287 2033 1314 2060 in
1332 2041 1364 2060 ea
1378 2033 1564 2068 colligebatur.
1580 2033 1629 2061 Hic
1643 2039 1685 2061 est
1702 2040 1742 2062 te-

951 2083 1024 2105 ctum
1040 2078 1147 2110 domus,
1164 2078 1221 2105 sive
1236 2078 1415 2111 instructura,
1430 2080 1581 2106 secundum
1595 2081 1667 2115 quod
1684 2081 1740 2108 ire-

950 2129 1065 2158 quenter
1079 2125 1257 2152 ostendimus.
1275 2124 1418 2152 Discedere
1433 2129 1523 2152 autem
1541 2133 1588 2153 eos
1600 2127 1739 2162 praecepit,

914 2169 976 2200 Did
1002 2174 1045 2197 est
1077 2177 1160 2205 opere
1181 2171 1337 2203 ostendere,
1365 2171 1437 2205 quod
1466 2171 1549 2199 alieni
1565 2172 1738 2204 sintamalo.

951 2216 1023 2251 quod
1039 2216 1165 2251 apparuit
1184 2217 1214 2244 in
1230 2217 1361 2250 Ecclesia,
1395 2221 1424 2244 et
1451 2225 1505 2245 non
1537 2219 1741 2247 communicent

951 2269 1049 2297 ptume,
1065 2270 1126 2297 quas
1141 2267 1183 2290 est
1194 2263 1285 2297 impiis
1308 2263 1468 2298 ingerenda.
1488 2263 1603 2299 Propter
1614 2266 1687 2300 quod
1712 2271 1740 2293 et

949 2308 1065 2343 Moyses,
1079 2309 1188 2344 quando
1211 2309 1315 2337 Datban
1330 2315 1357 2337 et
1385 2311 1488 2338 Abiron
1510 2312 1543 2338 ad
1571 2313 1739 2346 partiendum

950 2359 1032 2389 atque
1043 2355 1253 2383 discernendum
1264 2356 1433 2384 deducturus
1448 2362 1516 2389 erat,
1528 2359 1657 2385 recedere
1677 2359 1739 2385 rcli-

949 2407 1030 2434 quam
1046 2400 1257 2433 multitudinem,
1276 2405 1308 2428 ut
1329 2409 1382 2429 non
1399 2403 1547 2437 participes
1565 2403 1740 2430 edicerentur

947 2453 1044 2480 poenae,
1065 2447 1197 2480 praecepit
1211 2454 1218 2473 :
1234 2447 1287 2474 hoc
1300 2451 1342 2475 est
1356 2448 1435 2475 enim.
1447 2449 1519 2483 quod
1536 2449 1575 2475 ait
1596 2456 1603 2473 :

981 2502 1022 2529 Ne
1031 2502 1167 2528 immunda
1184 2502 1253 2537 [iant
1266 2504 1355 2530 omnia
1387 2512 1446 2539 qum
1461 2505 1488 2531 in
1500 2505 1576 2531 domo
1590 2508 1660 2532 sunt.
1690 2504 1737 2531 In—

947 2548 1079 2583 trabitque
1094 2552 1183 2582 postea
1201 2549 1270 2575 idem
1281 2551 1413 2582 sacerdos,
1430 2555 1458 2576 ut
1482 2551 1627 2576 consideret
1644 2551 1737 2577 damus

949 2594 1060 2628 lepram.
1077 2594 1177 2621 Etcum
1188 2595 1282 2622 viderit
1299 2597 1326 2623 in
1337 2597 1483 2632 parietibus
1496 2597 1578 2629 illius,
1591 2597 1667 2632 quasi
1679 2597 1737 2623 val-

948 2640 1051 2673 liculas,
1067 2641 1170 2675 pallore
1180 2643 1232 2669 sive
1242 2643 1337 2669 rubore
1344 2643 1485 2677 deformes.
1501 2643 1621 2671 Parietes
1639 2644 1737 2671 domus

948 2690 1021 2713 recte
1037 2687 1164 2714 dicuntur
1178 2688 1204 2715 hi
1217 2688 1262 2723 qui
1277 2696 1336 2715 eam
1354 2688 1507 2722 continent,
1520 2689 1545 2716 id
1562 2694 1614 2722 cst,
1625 2690 1736 2718 ordines

1285 2787 1306 2803 ⁸⁷
1321 2787 1329 2813 l
1346 2786 1410 2814 Cor.
1428 2796 1453 2819 v,
1469 2788 1494 2815 5.
1534 2790 1556 2805 ⁸³
1572 2789 1666 2817 Matth.
1684 2799 1719 2818 xn

1428 2811 1558 2851 θεττίιη.
1572 2811 1666 2855 ἶῐῖῇἒί

967 2786 989 2800 ⁸⁸
1007 2785 1121 2813 Zachar.
1136 2795 1184 2818 vn,
1202 2787 1245 2814 Il.

1105 2822 1128 2837 ⁷¹
1145 2823 1247 2849 tjoloss.
1268 2830 1305 2853 tv,
1326 2823 1369 2850 15.
