4038 6182
495 204 602 270 963
1697 201 1994 263 HESYCH
2003 201 2060 260 ΙΙ
2101 203 2103 261 ζ

2206 192 2576 260 ESBYTERI
3661 195 3769 262 965»

497 309 680 364 divina
708 306 1004 365 dicentium
1026 316 1191 376 atque
1220 303 1554 361 docentium.
1623 301 1701 358 Ex
1739 305 1826 359 his
1875 303 2079 374 quippe
2106 307 2152 364 Α
2181 303 2380 373 quibus
2405 302 2626 373 quando
2664 314 2832 358 sacra:
2854 293 3117 359 doctrina:
3133 311 3284 370 sunt,
3323 318 3437 378 non
3470 303 3767 378 incongrue

498 414 628 456 vere
655 399 908 455 consistit
972 397 1236 462 Ecclesia,
1279 405 1335 451 et
1383 412 1494 450 non
1528 395 1673 452 sicut
1705 395 1928 466 quidam
1975 410 2080 464 pu-
2183 393 2384 448 dicitur
2425 412 2439 447 :
2479 393 2706 464 Lapides
2729 395 2900 448 sancti
2936 395 3215 449 volvuntur
3263 413 3423 465 super
3477 401 3766 457 terram".

499 502 638 556 tant,
671 507 739 547 ex
779 489 937 559 lignis
975 498 1140 559 atque
1169 489 1463 560 lapidibus.
1515 488 1672 544 Unde
1735 496 1791 542 et
1845 487 2078 558 Moyses,
2184 483 2251 538 Et
2275 501 2466 540 rursus
2501 484 2853 557 :Quicunque
2885 487 3226 556 aediﬁcaverit
3255 505 3414 557 super
3449 490 3769 560 fundamen-

497 583 718 653 quando
745 581 1001 650 colligere
1055 580 1352 651 jubebatur
1406 579 1731 646 Ecclesiam,
1772 595 1883 635 non
1913 580 2080 650 ligna,
2185 585 2296 631 tum
2321 579 2416 632 hoc
2443 594 2660 643 aurum,
2680 588 2981 650 argentum,
3017 579 3220 648 lapides
3248 582 3576 650 pretiosos."
3597 585 3613 602 ‘
3635 582 3770 640 Pulo

497 682 553 728 et
588 672 815 741 lapides,
841 655 1146 740 caeteraque
1175 671 1396 734 similia,
1424 671 1520 727 sed
1550 670 1785 740 plebem,
1814 669 2079 734 seniores,
2185 686 2368 724 verem
2389 685 2520 726 vero
2547 685 2666 724 eam
2699 684 2821 741 quae
2861 671 3193 741 participalis
3223 681 3330 738 est,
3361 673 3772 744 interpretatio-

500 763 827 832 Levitasque
853 763 1211 818 convocabat.
1243 762 1556 816 Secundum
1593 777 1756 831 quam
1794 762 1957 816 etiam
1995 776 2084 814 ra-
2185 776 2309 816 nem
2350 771 2512 830 atque
2545 761 2872 827 doctrinam,
2903 761 3020 831 ipse
3051 762 3260 832 Moyses
3291 763 3567 834 legislator
3595 765 3772 836 signi-

502 854 730 915 tionem,
759 852 1022 917 Jacobus,
1069 863 1125 907 et
1157 853 1391 922 Cepbas,
1422 862 1477 907 et
1528 851 1770 908 Joannes
1819 853 2084 907 columna:
2188 854 2332 918 ﬁeat,
2364 854 2662 909 secundum
2681 853 2840 908 LXX.
2871 854 3102 920 Quando
3129 871 3257 925 ergo
3290 855 3770 912 Deuteronomium

501 947 760 1000 Ecclesiae
789 946 1142 1001 dicebantur.
1193 945 1335 1016 Ergo
1366 944 1607 1015 parietes
1647 953 1798 999 recte
1850 945 2082 999 ministri
2189 946 2313 1000 filiis
2346 946 2514 1000 lsrael
2543 945 2759 1007 edebat,-
2797 946 2914 1000 haze
2943 945 3013 1000 ad
3059 961 3160 999 nos
3206 947 3423 1002 dicebat
3472 963 3486 998 :
3540 948 3606 1002 Et
3669 951 3770 1004 erit

474 1054 804 1103 .sacrorum,
833 1038 1245 1108 doctoresque;
1313 1047 1504 1108 utpote
1573 1039 1676 1107 ipsi
1731 1037 2084 1093 stabilitatem
2189 1051 2500 1105 quacunque
2545 1036 2628 1088 die
2653 1036 2972 1105 transgressi
3009 1037 3216 1106 fueritis
3273 1037 3523 1091 Jordanis
3549 1048 3770 1106 terram,

503 1130 763 1185 Ecclesiae
785 1129 1076 1184 fulcientes
1134 1139 1194 1184 ut
1225 1129 1440 1199 plebem
1490 1129 1894 1199 quodammodo
1945 1130 2086 1183 intra
2189 1143 2353 1200 quam
2377 1126 2633 1180 Dominus
2663 1125 2799 1180 Deus
2830 1135 2948 1180 tuus
2968 1128 3136 1194 dabit,
3159 1137 3359 1182 statues
3389 1129 3591 1198 lapides
3607 1148 3774 1198 gran-

503 1225 830 1296 semetipsos
865 1224 1204 1294 colligentes.
1233 1222 1451 1277 Pallens
1465 1231 1670 1288 autem,
1706 1237 1803 1277 seu
1838 1231 1896 1276 ut
1923 1220 2085 1285 LXX,
2189 1221 2276 1272 des
2297 1259 2312 1284 ,
2349 1229 2398 1272 et
2431 1219 2582 1273 linies
2617 1235 2702 1272 eos
2736 1218 2946 1288 pulvere
2967 1259 2983 1285 ,
3022 1228 3072 1273 et
3121 1220 3312 1274 scribes
3362 1237 3523 1289 super
3573 1221 3775 1291 lapides

502 1315 767 1378 viridans,
791 1323 846 1368 et
873 1314 1179 1368 rubicunda
1207 1313 1420 1368 macula
1443 1313 1621 1382 qualis
1641 1328 1830 1382 quaeve
1849 1313 1939 1379 sit,
1959 1312 2090 1367 satis
2191 1326 2368 1362 omnes
2389 1325 2651 1363 sermones
2674 1308 2804 1380 legis
2845 1309 3004 1379 hujus
3033 1310 3098 1362 ⁷⁸.
3134 1307 3340 1364 Deinde
3387 1309 3628 1380 lapidum
3662 1311 3773 1366 vim

505 1405 897 1475 interpretatio
932 1405 1295 1474 praecedentis
1317 1403 1617 1458 sanctionis
1648 1403 1910 1457 ostendit.
1955 1393 2090 1456 Esse
2193 1402 2434 1465 tradens,
2475 1400 2718 1470 apertius
2741 1399 2953 1454 addidit
2993 1417 3007 1453 :
3065 1398 3134 1452 Et
3156 1401 3348 1454 scribes
3376 1417 3534 1469 super
3575 1401 3775 1472 lapides

499 1497 650 1552 enim
691 1497 835 1550 illam
868 1513 1060 1550 vanam
1113 1497 1341 1566 gloriam
1405 1504 1569 1564 atque
1626 1495 1938 1565 superbiam
1997 1488 2090 1548 de-

503 1587 853 1640 monstravit.
887 1586 962 1638 Ex
991 1585 1191 1654 quibus
1257 1585 1492 1639 maxime
1558 1585 1799 1654 parietes
1833 1583 2090 1639 Ecclesia:

503 1692 810 1765 corpusque
864 1693 1020 1731 saera
1088 1677 1518 1731 ministrantium
1573 1677 1967 1744 doctorumque
2023 1674 2091 1729 ad

503 1770 678 1824 malas
736 1785 802 1824 ac
853 1768 1110 1833 nefarias,
1142 1767 1448 1837 impiasque
1499 1767 1778 1822 doctrinas
1841 1781 2094 1836 prorum-

503 1870 666 1934 punt.
719 1861 776 1916 Si
804 1876 936 1932 ergo
994 1869 1276 1930 aspectum
1318 1859 1608 1930 parietum,
1671 1858 1946 1914 vallieulas
1996 1873 2094 1913 seu

502 1953 678 2010 fossas
711 1955 1025 2018 habentem,
1059 1954 1112 2008 id
1142 1964 1246 2020 est,
1280 1954 1325 2007 si
1387 1953 1676 2008 humiliora
1735 1966 1890 2006 saera
1930 1949 2092 2004 mini-

498 2046 818 2111 strantimn,
846 2045 928 2099 vel
966 2045 1350 2116 magistrorum
1405 2045 1747 2115 opinionem,
1803 2043 2093 2100 valescen-

501 2143 726 2202 temque
757 2133 1160 2202 quodammodo
1187 2148 1253 2188 ex
1287 2134 1689 2204 comprehenso
1713 2133 1940 2203 peccato
1963 2147 2090 2201 per-

503 2226 768 2296 spexerit,
805 2225 1126 2295 Egredietur
1150 2226 1342 2278 ostium
1399 2226 1605 2289 domus,
1645 2233 1694 2278 et
1728 2225 1912 2278 statim
1942 2222 2096 2276 clau-

499 2319 593 2373 det
620 2335 738 2372 eam
759 2328 956 2384 septem
979 2317 1182 2373 diebus.
1237 2317 1499 2372 Ecclesiae
1545 2317 1886 2372 moderatam
1943 2316 2098 2387 inge-

503 2411 1123 2479 rensinerepationem,
1157 2426 1264 2480 qua
1323 2410 1662 2480 paenitentia:
1717 2409 1947 2479 percipit
2005 2424 2098 2465 ve"-

505 2499 676 2565 niam,
710 2509 765 2554 et
790 2501 1116 2555 absolvitur.
1143 2499 1500 2570 Septenarius
1529 2514 1663 2571 ergo
1699 2513 1963 2554 numerus
1979 2512 2102 2569 pec-

504 2591 616 2645 cati
652 2591 871 2645 veniam
911 2590 1205 2661 signiﬁcat.
1619 2655 1628 2663 ~

577 2681 936 2751 Reversusque
962 2682 1046 2735 die
1084 2681 1307 2750 septima
1337 2680 1689 2735 considerabit
1721 2697 1840 2735 eam
1886 2683 1970 2736 :si
2019 2682 2103 2736 in-

507 2773 706 2827 venerit
724 2773 946 2827 crevisse
969 2773 1194 2842 lepram,
1214 2772 1417 2841 jubebit
1445 2774 1559 2826 erui
1577 2773 1804 2842 lapides,
1833 2775 1889 2826 in
1912 2774 2102 2844 quibus

508 2862 660 2936 lepra
678 2874 778 2930 est,
800 2873 849 2918 et
870 2863 1063 2933 projici
1083 2880 1172 2917 eos
1198 2873 1351 2917 extra
1375 2864 1641 2918 ciuitatem
1669 2865 1725 2918 in
1738 2863 1853 2919 loco
1867 2865 2101 2918 immun-

2191 1507 2396 1544 omnem
2427 1491 2591 1560 legem
2628 1491 2761 1545 lianc
2791 1502 2916 1559 apte
2975 1491 3150 1544 nimis.
3188 1490 3350 1561 Lapis
3377 1503 3560 1547 autem
3602 1494 3775 1564 legem

2193 1597 2302 1637 non
2332 1583 2604 1652 explanat,
2629 1583 2723 1638 sed
2751 1583 3049 1652 explanant
3081 1597 3200 1637 eam
3228 1584 3618 1652 exponentium
3639 1586 3774 1656 dog-

2193 1685 2338 1730 mata
2369 1686 2536 1746 atque
2579 1685 2980 1747 syngrammata
3030 1691 3096 1731 ac
3135 1677 3472 1745 participalis
3503 1677 3777 1747 interpre-

2194 1769 2364 1823 tatio:
2393 1784 2624 1838 quorum
2661 1769 2764 1823 hoc
2787 1769 3008 1838 quidem
3040 1784 3138 1839 per
3161 1769 3392 1838 lapides,
3421 1769 3566 1824 aliud
3594 1781 3780 1825 autem

2193 1873 2291 1929 per
2309 1859 2591 1928 pulverem
2621 1857 2964 1930 signiﬁcavit.
2995 1858 3148 1915 Unde
3173 1869 3229 1915 et
3259 1861 3525 1915 Dominus
3555 1871 3779 1931 aposto-

2199 1951 2268 2004 lis
2295 1949 2575 2020 praaeepit,
2607 1959 2668 2005 ut
2695 1959 2886 2005 contra
2909 1965 3004 2005 eos
3032 1951 3124 2020 qui
3148 1965 3258 2006 non
3291 1952 3631 2021 susciperent
3653 1967 3785 2007 ver—

2194 2041 2324 2097 bum
2349 2057 2538 2097 eorum
2568 2051 2731 2113 atque
2757 2043 3083 2108 doctrinam,
3106 2044 3270 2098 etiam
3300 2043 3575 2114 pulverem
3603 2058 3786 2100 excu-

2197 2141 2376 2188 terent
2405 2133 2604 2204 pedum
2638 2132 2995 2204 :_Quicunque
3017 2149 3121 2187 non
3176 2135 3457 2202 receperint
3508 2149 3620 2199 eos,
3683 2149 3786 2189 nec

2196 2226 2484 2292 audierint,
2516 2235 2760 2280 exeuntes
2787 2227 2908 2280 inde
2926 2225 3153 2279 excutite
3174 2225 3434 2294 puluerem
3469 2226 3532 2279 de
3558 2225 3786 2294 pedibus

2196 2319 2402 2383 uestris,
2438 2319 2495 2372 in
2520 2317 2885 2374 testimonium
2914 2317 3022 2372 illis
3048 2317 3116 2371 '".
3181 2317 3340 2383 Quod
3370 2317 3428 2372 in
3474 2316 3563 2372 bis
3598 2318 3785 2374 verbis

2197 2409 2608 2480 praecipientem
2635 2407 2930 2465 Dominum
2956 2409 3170 2464 Marcus
3205 2408 3396 2475 refert,
3442 2409 3571 2478 quia
3633 2410 3783 2465 enim

2199 2502 2386 2572 pedes,
2428 2502 2776 2574 evangelicos
2813 2501 2982 2556 libros
3007 2516 3126 2568 eos,
3169 2501 3320 2572 quod
3375 2502 3434 2557 in
3492 2501 3622 2572 ipsis
3677 2503 3783 2557 iter

2198 2590 2450 2647 doctores
2473 2600 2658 2662 agant,
2681 2589 2868 2646 divina
2888 2589 3138 2661 intelligit
3167 2590 3473 2662 Scriptura,
3505 2593 3652 2663 unde
3674 2595 3780 2647 ait:

2200 2681 2371 2748 Quam
2395 2685 2615 2754 speciosi
2647 2675 2799 2754 pedes
2825 2683 3304 2755 euangelizandum
3331 2685 3600 2754 pacem".
3617 2685 3786 2742 Recte

2201 2775 2487 2846 pulverem
2509 2777 2614 2832 sub
2639 2777 3036 2847 pedeseorum,
3053 2777 3497 2849 evangelicorum
3519 2778 3786 2834 librorum

2203 2868 2454 2923 videlicet
2491 2868 3020 2939 interpretationem,
3052 2878 3277 2940 propter
3304 2869 3534 2924 nimiam
3560 2871 3786 2939 accepit

509 2955 599 3008 do.
668 2954 738 3008 Et
772 2953 896 3016 hoc.
952 2953 1079 3022 quia
1107 2951 1362 3006 diﬂusnm
1393 2952 1662 3007 maculam
1709 2968 1820 3008 non
1873 2953 2100 3019 invenit,
2129 2968 2172 3026 c
2204 2962 2581 3018 subtilitatem.
2607 2961 2840 3032 Lapides
2867 2977 3000 3033 ergo
3025 2961 3194 3026 eradi,
3227 2971 3285 3016 et
3307 2961 3587 3032 pulverem
3617 2961 3788 3015 alium

514 3061 620 3100 nec
645 3045 1040 3099 exuberantem
1112 3043 1476 3114 impietatem,
1512 3044 1566 3099 id
1612 3052 1718 3112 est,
1753 3045 1840 3100 his
1877 3045 2096 3115 quidem

512 3138 608 3208 qui
632 3143 1022 3206 peccaverunt,
1039 3144 1227 3206 utpote
1261 3136 1680 3206 paenitentibus,
1703 3137 1936 3208 ignoscit
1961 3144 2016 3192 et
2043 3147 2102 3192 ut

512 3244 581 3283 ex
609 3228 924 3282 inﬁrmitate
952 3228 1330 3298 peccantibus.
1391 3230 1648 3300 Dogmata
1692 3238 1875 3284 autem
1902 3237 1958 3284 et
1982 3245 2102 3300 syn-

515 3327 838 3391 grammata,
871 3319 928 3372 in
955 3319 1152 3388 quibus
1179 3327 1265 3373 est
1303 3319 1660 3391 intelligibilis
1710 3320 2103 3391 lepm,videli-

516 3419 606 3466 cet
634 3409 932 3480 impietatis
961 3409 1195 3475 macula,
1248 3411 1366 3466 haec
1410 3426 1524 3465 non
1571 3412 1750 3466 solum
1806 3421 1960 3467 extra
2001 3412 2102 3467 do-

516 3515 690 3567 mum,
730 3503 824 3556 sed
855 3510 1005 3556 extra
1039 3502 1316 3557 civitatem
1341 3512 1486 3558 recte
1510 3503 1826 3575 projiciunt,
1862 3520 1973 3559 non
2009 3519 2102 3559 so-

517 3593 628 3647 lum
656 3593 723 3647 de
747 3608 854 3647 una
887 3591 1149 3658 Ecclesia,
1176 3594 1273 3648 sed
1308 3594 1378 3648 de
1437 3595 1733 3650 universali
1797 3596 2098 3667 ejicientes.

523 3683 866 3740 Universalis
909 3684 1055 3738 enim
1100 3684 1342 3740 Ecclesia
1390 3685 1696 3741 Jerusalem
1753 3696 1856 3751 est,
1913 3688 2104 3744 civitas

519 3775 615 3832 Dei
639 3777 768 3841 vivi,
809 3791 932 3846 quae
957 3777 1204 3832 continet
1231 3778 1528 3833 Ecclesiam
1557 3779 1954 3848 primitivorum
1968 3798 2104 3836 con-

519 3865 777 3934 scriptam
803 3865 857 3918 in
889 3865 1136 3921 caelis".
1188 3865 1557 3931 Quamobrem
1604 3870 1770 3922 etiam
1819 3869 1873 3924 in
1924 3871 2102 3926 locum

521 3958 862 4014 immundum
887 3959 1206 4029 projiciunt,
1230 3959 1374 4014 inter
1428 3960 1818 4016 haereticorum
1847 3963 2107 4021 videlicet

519 4049 900 4104 conventicula
929 4065 943 4102 :
969 4049 1058 4104 hic
1082 4060 1168 4104 est
1187 4050 1336 4103 enim
1392 4049 1565 4117 locus,
1586 4051 1922 4120 immundus,
1979 4055 2106 4126 quia

519 4139 704 4194 omnia
748 4138 946 4208 recipit
1013 4139 1266 4210 dogmata
1329 4139 1647 4209 impietatis.
1694 4142 1761 4198 Et
1794 4144 1923 4215 quid
1982 4157 2106 4216 post

521 4229 674 4286 hac?

591 4322 820 4377 Domum
850 4330 1030 4376 autem
1059 4323 1230 4392 ipsam
1278 4325 1398 4378 radi
1425 4325 1745 4383 intrinsecus
1778 4346 1873 4399 per
1904 4332 2105 4385 clreui-
2134 4307 2180 4363 D

524 4421 658 4476 tum,
689 4423 737 4464 et
762 4413 944 4482 spargi
967 4413 1234 4481 pulverem
1266 4431 1468 4471 rasura:
1501 4427 1653 4472 extra
1688 4420 1893 4486 urbem,
1915 4423 1972 4475 in
1993 4421 2105 4477 loco

521 4505 814 4559 immundo.
850 4505 1066 4560 lladunt
1097 4507 1339 4574 domum,
1389 4509 1484 4580 qui
1517 4511 1686 4567 libros
1703 4513 2107 4572 ecclesiasticos

523 4595 837 4667 intelligere
870 4605 1038 4668 atque
1063 4599 1380 4656 discernere
1423 4603 1698 4659 subtiliter
1739 4606 1980 4675 student,
2046 4619 2109 4666 ut

521 4688 627 4758 ipsi
657 4703 876 4744 omnem
903 4691 1171 4746 malitiam
1213 4692 1508 4766 diligenter
1532 4705 1964 4767 perscrutantes,
2017 4702 2108 4758 in-

523 4779 868 4850 sidentesque
895 4781 1150 4838 doctores
1166 4783 1224 4838 in
1259 4784 1446 4854 pravis
1465 4785 1640 4853 libris,
1678 4791 1889 4847 rosario
1907 4793 2108 4863 dijudi-

521 4871 758 4928 cationis
780 4875 1142 4941 excutientes,
1175 4876 1357 4931 nullas
1389 4876 1445 4930 in
1470 4891 1535 4931 ea
1575 4877 1875 4949 impietatis
1925 4885 2110 4942 sinant

522 4979 809 5020 remanere
837 4965 1096 5036 reliquias
1127 4983 1141 5020 :
1169 4967 1267 5022 sed
1302 4975 1358 5021 et
1384 4983 1507 5037 quae
1534 4969 1860 5039 abraserint,
1890 4974 2012 5032 [nec
2052 4977 2110 5032 in

524 5056 846 5124 praedictum
883 5057 1226 5112 immundum
1257 5057 1459 5125 locum,
1489 5061 1634 5116 sicut
1661 5063 1942 5121 immunda
1972 5076 2028 5122 et
2051 5069 2109 5124 in

523 5143 822 5201 immundis
845 5147 1065 5202 inventa
1099 5157 1247 5203 recte
1290 5149 1603 5220 deportant,
1629 5153 1948 5226 lapidesque
1973 5158 2110 5214 alios

525 5241 716 5308 reponi
753 5257 850 5310 pro
881 5241 967 5297 liis
994 5243 1087 5312 qui
1122 5242 1286 5297 ablati
1315 5242 1554 5312 fuerant,
1594 5247 1782 5303 etluto
1817 5249 1925 5306 alio
1959 5251 2106 5308 liniri

524 5331 946 5402 domum.Quod
995 5338 1204 5408 lapides
1264 5348 1515 5410 oporteat
1579 5342 1806 5414 intelligi
1855 5344 2108 5416 dogmata

526 5429 920 5492 exponentium
947 5428 1190 5485 divinam
1246 5431 1420 5503 legem
1455 5441 1510 5485 et
1563 5442 1988 5502 syngrammata,
2039 5436 2108 5493 de

634 5565 680 5596 ’δ
709 5565 878 5618 llebr.
937 5583 1034 5630 xu,
1061 5566 1152 5631 92,
1193 5568 1285 5621 23.

539 5624 580 5656 τ.
601 5567 680 5656 ,ίῗῖ
709 5567 889 5656 'l‘i‘";
909 5653 919 5656 _
937 5567 1308 5656 ’ἑνὶὲίκεῖι
1382 5567 1428 5599 ⁷⁸
1443 5567 1692 5656 Ea???"
1715 5584 1806 5656 ην.
1822 5571 1909 5627 ‘6-

599 5632 704 5688 lsa.
735 5649 829 5701 tu,
859 5636 922 5702 7;
956 5637 1110 5691 Rom.
1163 5639 1334 5703 x,15.

1443 5642 1486 5673 τ’
1507 5641 1628 5695 Aet.
1657 5658 1746 5707 xv,
1785 5643 1807 5696 l
1845 5659 1996 5713 seqq.

2011 5577 2075 5608 ⁷⁵·
2111 5575 2130 5628 1
2163 5576 2286 5631 Cor.
2325 5592 2410 5638 Ill,
2447 5577 2535 5632 12.

2202 3053 2393 3108 inferri
2427 3054 2635 3120 dicens,
2665 3062 2893 3124 purgata
2914 3055 2984 3108 ab
3015 3054 3165 3108 omni
3193 3053 3337 3108 malo
3367 3054 3640 3124 dogmata,
3704 3061 3789 3108 at-

2200 3162 2308 3216 que
2338 3147 2646 3202 doctrinam
2685 3161 2786 3217 pro
2835 3148 2990 3202 malis
3020 3147 3127 3201 illis
3154 3147 3368 3213 inferri,
3401 3157 3458 3202 et
3485 3147 3786 3202 Ecclesiam

2201 3239 2345 3293 liniri
2369 3239 2488 3294 sine
2505 3239 2616 3296 ulla
2641 3239 2924 3295 dubietate
2953 3257 2967 3294 :
3020 3240 3126 3295 hoc
3145 3239 3292 3295 enim
3346 3239 3506 3294 nobis
3529 3240 3790 3295 conside-

2202 3332 2340 3386 ratio
2362 3330 2499 3402 legis
2528 3331 2811 3386 evidenter
2841 3331 3101 3387 ostendit.
3142 3331 3341 3386 Annon
3392 3341 3449 3386 et
3476 3331 3684 3387 Paulus
3715 3332 3790 3386 le-

2205 3439 2353 3494 pram
2377 3423 2690 3494 dogmatum
2714 3424 2772 3478 in
2811 3424 3128 3480 doctoribus
3157 3424 3515 3480 Antiochense
3531 3440 3788 3490 cernens.

2201 3516 2404 3572 Jacobo
2444 3525 2632 3588 utpote
2666 3517 2939 3572 sacerdoti
2988 3532 3186 3589 magno
3231 3517 3569 3573 nuntiavit"
3599 3518 3624 3572 ?
3653 3518 3790 3583 Quia

2201 3609 2370 3664 erasis
2391 3625 2683 3680 pravorum
2717 3610 3003 3664 doctorum
3037 3609 3181 3664 notis
3218 3610 3590 3680 dogmatibus,
3625 3611 3786 3664 aufe-

2205 3716 2331 3755 rens
2370 3701 2577 3770 lapides
2603 3701 2658 3754 in
2686 3701 2804 3756 loco
2829 3716 3020 3756 eorum
3053 3716 3066 3752 :
3097 3701 3432 3756 rectissimas
3475 3700 3790 3772 Hierosoly-

2206 3793 2425 3846 mitanae
2463 3792 2708 3847 ecclesiae
2733 3793 2962 3856 litteras,
2989 3801 3045 3846 et
3078 3792 3358 3862 pulverem
3391 3810 3412 3846 ι
3449 3808 3605 3847 suam
3636 3793 3790 3847 vide-

2205 3882 2330 3938 licet
2355 3882 2660 3937 doctrinam
2681 3882 2908 3946 addens,
2954 3883 3111 3938 unxit
3139 3882 3438 3940 Ecclesiam
3464 3885 3792 3954 curavitque

2204 3975 2347 4044 quod
2372 3974 2665 4029 acciderat.
2708 3973 2818 4029 Sed
2848 3989 2952 4030 nec
2992 3975 3075 4030 sic
3095 3990 3214 4030 eam
3247 3975 3484 4046 relinqui
3512 3977 3793 4033 indiscus-

2206 4080 2320 4120 sam
2344 4066 2398 4121 in
2417 4066 2874 4136 subsequentibus
2889 4067 3121 4122 sancivit
3152 4085 3166 4122 :
3198 4067 3324 4138 quia
3349 4069 3497 4122 enim
3530 4069 3795 4140 iniquitas

2207 4158 2263 4212 in
2287 4173 2403 4224 eos,
2428 4159 2521 4229 qui
2552 4173 2845 4229 pravorum
2879 4159 3192 4230 dogmatum
3223 4160 3416 4217 morbo
3451 4159 3792 4230 adiciuntur,

2207 4252 2314 4307 cito
2352 4251 2666 4316 revertitur,
2702 4261 2759 4308 et
2775 4261 3065 4322 propterea
3082 4253 3157 4307 ait
3184 4269 3199 4306 :

2282 4343 2377 4400 Sin
2403 4357 2580 4399 autem
2615 4353 2893 4414 postquam
2948 4347 3086 4398 eruti
3121 4354 3242 4398 sunt
3273 4344 3497 4414 lapides,
3529 4354 3575 4398 et
3625 4345 3798 4413 pulcris

2209 4437 2404 4504 elatus,
2441 4445 2489 4490 et
2520 4437 2632 4490 alia
2679 4445 2821 4490 terra
2867 4436 2997 4503 lita,
3029 4437 3290 4506 ingressus
3323 4438 3566 4490 sacerdos
3609 4439 3798 4491 sideris

2210 4544 2475 4582 reversam
2501 4527 2701 4597 lepram
2726 4537 2775 4583 et
2810 4528 3038 4598 parietes
3095 4545 3339 4597 aspersas
3365 4529 3613 4594 maculis,
3646 4530 3798 4598 lepra

2210 4629 2288 4674 est
2319 4636 2678 4688 perseverans,
2707 4629 2758 4675 et
2785 4620 3058 4674 immunda
3088 4621 3291 4675 domus.
3330 4619 3393 4675 Si
3419 4620 3564 4674 enim
3603 4622 3803 4692 ejecﬁs

2211 4709 2370 4766 malis
2394 4710 2759 4782 dogmatibus,
2783 4718 2840 4766 et
2852 4710 2974 4767 aliis
2994 4725 3141 4766 sanae
3157 4709 3420 4766 doctrina:
3442 4711 3800 4776 introductis,

2205 4801 2321 4872 ipsa
2353 4817 2548 4857 rursus
2569 4803 2866 4872 impietatis
2893 4803 3142 4859 doctrina
3193 4805 3506 4860 inveniatur
3548 4819 3800 4874 aspersa,

2208 4893 2262 4946 id
2291 4899 2377 4948 est
2409 4892 2628 4960 dillusa,
2655 4894 2771 4948 sive
2793 4894 3127 4959 exuberans,
3156 4904 3289 4950 tunc
3313 4894 3570 4950 sacerdos
3596 4910 3714 4948 non
3737 4910 3806 4948 ex

2208 4981 2509 5052 longinquo
2543 4981 2753 5048 auditu,
2801 4983 2897 5038 sed
2954 4983 3296 5052 inspectione
3347 4999 3446 5038 sua
3493 4983 3804 5054 c0gnoscit.

2209 5071 2358 5139 quod
2385 5086 2718 5141 permanens
2732 5079 2815 5125 est
2841 5071 3145 5141 impietatis
3168 5073 3371 5143 passio,
3406 5080 3462 5127 et
3493 5072 3812 5126 immundat

2215 5164 2376 5218 aliam
2417 5163 2794 5219 ministrorum
2838 5163 3233 5234 doctorumque
3269 5163 3574 5220 Ecclesiam
3605 5164 3663 5218 in
3699 5180 3816 5234 qua

2218 5253 2384 5309 fuerit
2403 5269 2626 5324 aspersa
2645 5269 2741 5308 seu
2757 5253 2979 5310 diﬂusa.
2997 5257 3254 5325 Impietas
3277 5265 3429 5312 recte
3445 5255 3819 5323 discernitur,

2215 5345 2360 5415 quod
2382 5346 2677 5402 ostendent
2697 5347 3013 5418 sequentia:
3049 5348 3126 5402 ait
3149 5347 3299 5402 enim
3327 5365 3340 5403 :

2288 5437 2462 5502 Quam
2478 5440 2664 5494 statim
2693 5440 2985 5506 destruent,
3021 5449 3069 5494 et
3119 5441 3320 5509 lapides
3372 5441 3489 5511 eius
3537 5458 3605 5496 ac
3638 5443 3826 5515 ligna,

2633 5577 2679 5610 ⁷⁸
2711 5578 2870 5633 Deut.
2916 5595 3087 5646 xxvn,
3129 5581 3248 5637 4-8.
3328 5579 3570 5638 "Marc.
3604 5601 3688 5650 vi,
3735 5586 3837 5645 il.
