4038 6182
275 295 384 358 965
1448 290 1532 354 ΙΝ
1572 292 1870 354 LEVITIC

1935 288 2014 354 M.
2045 320 2113 330 —
2149 293 2297 356 LIB.
2328 297 2395 357 ν.
3425 295 3530 358 966

276 421 436 479 atque
465 407 762 462 uniuersum
795 406 1062 475 puluerem
1100 405 1377 475 projicieut
1408 415 1559 460 extra
1590 407 1856 474 oppidum,
1888 413 1931 468 Α
1964 425 2060 475 pro
2082 410 2238 463 nobis
2269 420 2346 463 est
2374 409 2709 474 incarnatus,
2749 407 3130 463 committitur.
3159 405 3534 477 Etpropterea

279 501 334 552 in
369 501 537 553 locum
565 500 914 554 immundum.
938 499 996 554 Id
1029 507 1132 564 est,
1169 513 1278 552 non
1312 497 1487 552 solum
1556 498 1663 566 jam
1721 513 1852 550 con-
1956 501 2007 553 in
2039 500 2260 555 domum
2289 501 2656 555 mundandam
2691 500 2809 554 haec
2838 499 3085 568 accipere
3107 499 3368 553 sacriﬁcia
3391 515 3534 569 prte-

279 588 827 658 deinnantdogmata,
852 587 948 642 sed
983 596 1039 641 et
1077 587 1224 656 ipsos
1277 587 1331 640 in
1381 586 1582 656 quibus
1632 585 1853 640 inventa
1954 591 2104 660 cipit,
2161 606 2282 660 quae
2338 591 2650 660 mysterium
2699 589 2818 658 ejus
2879 587 3252 657 passionisque
3273 588 3532 658 ﬁgurant.

280 677 506 742 iuerint,
533 678 711 732 ethos
739 694 804 733 ex
833 693 1065 748 quorum
1109 677 1385 732 locutione
1428 675 1591 746 impia
1625 676 1854 732 ecclesia
1956 687 2147 747 utpote
2177 694 2298 748 qum
2321 678 2654 734 sullicienter
2675 694 2771 747 per
2805 679 2924 741 has,
2957 693 3078 746 qua:
3128 678 3197 731 de
3257 678 3343 731 his
3383 687 3533 743 sunt,

280 768 626 831 constiterat,
644 783 971 838 omnemque
989 769 1162 837 ipsam
1215 768 1506 822 destruunt
1537 766 1853 822 Ecclesiam.
1983 770 2252 840 heologias
2274 773 2445 840 possit
2475 786 2666 825 sanare
2697 771 3037 840 peccantium
3068 771 3295 841 linguas,
3324 771 3537 824 omnia-

278 859 432 914 Odiui
464 861 636 924 enim,
663 860 859 928 inquit,
897 861 1352 930 congregationem
1375 857 1752 927 malignorum,
1807 864 1856 908 et
1958 875 2064 929 que
2089 875 2278 941 eorum
2306 863 2573 915 ιιιιιηάιπε
2614 871 2857 930 peccata.

281 967 404 1005 cum
434 952 612 1021 impiis
642 968 745 1005 non
777 952 981 1015 sedebo,
1013 951 1154 1004 sicut
1190 949 1359 1004 David
1389 948 1605 1003 dicebat
1625 947 1694 1000 ⁸ο.
1719 946 1858 1016 Ergo
2032 952 2190 1006 Vens.
2214 952 2406 1006 54-57.
2437 971 2454 1002 ι
2493 952 2598 1004 Ista
2630 961 2716 1005 est
2749 953 2927 1006 cunnis
2978 952 3062 1005 lex
3090 952 3276 1022 lcpraa,
3313 961 3370 1006 et
3407 968 3537 1022 pcr-

277 1049 334 1092 et
353 1049 510 1094 extra
535 1055 674 1104 eam,
702 1055 822 1108 quae
853 1039 905 1091 in
936 1039 1086 1092 caelis
1113 1047 1197 1091 est
1225 1037 1538 1101 constituta,
1568 1035 1688 1090 viva
1707 1035 1860 1088 vitle-

1961 1057 2204 1098 cussura:
2230 1044 2417 1112 leprae,
2455 1044 2712 1106 vestium,
2755 1053 2810 1097 et
2840 1044 3123 1097 domorum
3156 1044 3443 1109 cicatricis,
3486 1053 3542 1099 et

277 1125 410 1185 licet
437 1145 504 1183 ac
535 1145 656 1182 vera
691 1129 997 1182 excluditur
1037 1129 1252 1183 civitate
1271 1135 1327 1181 et
1381 1140 1504 1180 cum
1568 1124 1862 1179 immundis
1962 1135 2370 1204 erumpentium
2397 1135 2721 1204 papularum
2760 1134 2996 1188 lucentis
3051 1135 3301 1202 maculat,
3370 1145 3425 1190 ct
3487 1137 3541 1189 in

279 1230 572 1290 reputatur
603 1220 892 1274 haereticis.
1962 1227 2144 1281 varias
2174 1225 2388 1296 species
2422 1225 2696 1279 coloribus
2754 1224 3077 1290 immutatis,
3102 1233 3163 1278 ut
3190 1226 3362 1295 possit
3417 1227 3541 1280 sciri

355 1309 463 1374 Qui
489 1310 757 1362 intraverit
789 1309 844 1362 in
866 1309 1078 1362 domum
1113 1308 1294 1379 istam,
1326 1308 1535 1378 quando
1565 1307 1747 1361 clausa
1765 1314 1858 1360 est.
1965 1331 2075 1385 quo
2115 1325 2362 1384 tempore
2400 1315 2531 1384 quid
2577 1314 2843 1369 mundum
2898 1315 2985 1369 vel
3024 1314 3364 1369 immundum
3396 1315 3486 1370 sit.
3518 1335 3537 1368 ι

283 1401 344 1454 ld
372 1413 481 1465 esz,
509 1416 630 1470 quae
659 1401 840 1454 multae
868 1415 966 1454 seu
998 1413 1172 1469 poenae
1204 1398 1450 1468 subjecta
1479 1407 1583 1453 est.
2037 1407 2140 1460 Ista
2173 1413 2257 1460 est
2282 1404 2464 1459 omnis
2491 1403 2574 1458 lex
2616 1404 2816 1473 leprae:
2853 1403 2978 1473 quia
3010 1403 3172 1458 latius
3201 1405 3542 1459 sanctionem

355 1491 461 1557 Qui
486 1494 742 1562 ingressus
766 1492 943 1562 {nemo
1003 1491 1059 1545 Ιη
1088 1491 1332 1561 (ιυοιίὺει
1355 1491 1406 1545 ei
1456 1490 1866 1545 communicatis
1966 1497 2130 1568 lepra:
2161 1496 2435 1566 exposuit,
2468 1494 2832 1550 necessarium
2854 1494 3116 1563 judicavit
3140 1495 3259 1562 ejus
3285 1496 3543 1549 reiterare

284 1584 674 1639 conventiculo
712 1582 1028 1636 immundus
1057 1582 1163 1636 erit
1205 1596 1379 1650 usque
1402 1580 1534 1636 dum
1580 1581 1862 1650 paeniteat.
1967 1587 2242 1658 capitula,
2305 1595 2361 1640 et
2427 1584 2580 1654 prius
2641 1584 2860 1652 quidem
2931 1583 3268 1651 complexive
3331 1599 3537 1653 genus,

285 1674 354 1728 Et
385 1675 560 1729 multo
587 1674 757 1744 magis
778 1674 871 1742 qui
895 1673 953 1727 in
987 1687 1052 1737 ea
1088 1673 1310 1738 dormit,
1338 1673 1427 1727 hic
1459 1672 1725 1742 siquidem
1757 1687 1866 1725 nou
1899 1738 1937 1748 __
1969 1685 2091 1748 post
2139 1677 2255 1732 haec
2300 1682 2484 1732 autem
2532 1674 2741 1744 species
2774 1689 2870 1744 per
2919 1681 3102 1743 partes
3131 1674 3386 1744 exponit;
3419 1691 3542 1730 cum

285 1767 451 1821 aliter
479 1738 920 1835 suscipitur,—nisi
965 1765 1215 1836 lacrymis
1243 1765 1439 1818 laverit
1466 1738 1862 1834 intelligibilem
1898 1738 1943 1796 Β
1971 1738 2116 1824 enim
2147 1768 2284 1823 dixit
2319 1784 2338 1823 :
2561 1738 2578 1744 -
2770 1738 2798 1806 λ

286 1858 511 1913 stolam.
537 1855 781 1910 Dormire
810 1864 992 1910 autem
1022 1856 1080 1909 in
1126 1871 1190 1910 ea
1244 1855 1595 1925 intelligimus
1648 1853 1866 1922 requie-
2041 1860 2126 1915 ιια
2161 1868 2236 1913 εει
2276 1860 2444 1913 omni;
2466 1859 2548 1912 (ea:
2581 1857 2736 1927 lepra;
2758 1899 2770 1918 ,
2807 1859 3143 1929 complexi“;
3169 1874 3339 1929 genus
3365 1869 3533 1914 οειρη.

289 1956 539 2001 scentem
556 1947 608 1999 in
632 1945 816 2000 verbis
835 1945 974 2015 ejus,
992 1954 1048 1999 et
1071 1958 1184 1998 non
1199 1941 1620 1998 consuetudinis
1635 1941 1868 2012 alicujus
1971 1949 2071 2004 dit.
2107 1949 2332 2020 Species
2363 1956 2546 2004 autem
2587 1957 2716 2003 sunt
2741 1949 3119 2017 apertissime,
3152 1965 3287 2018 quas
3324 1951 3379 2003 in
3413 1951 3544 2005 sub-

289 2052 459 2092 causa
482 2037 536 2090 in
566 2035 686 2106 ejus
701 2035 942 2090 consiliis
964 2035 1348 2090 divertentem-
1973 2041 2327 2112 sequentibus
2379 2041 2605 2106 addidit,
2651 2055 2973 2111 praeponens
2998 2051 3145 2096 recte
3187 2056 3546 2112 percussum,

365 2127 471 2182 Sed
496 2136 544 2181 et
572 2127 662 2198 qui
689 2126 972 2180 comederit
999 2127 1055 2180 in
1085 2142 1169 2179 ea.
1205 2125 1402 2180 Cibum
1424 2123 1634 2180 scilicet
1680 2121 1868 2194 mysti-
1974 2133 2120 2203 quod
2174 2148 2286 2188 non
2335 2141 2421 2187 est
2469 2132 2848 2203 qualecunque
2909 2142 3193 2203 peccatum
3234 2151 3249 2187 :
3301 2135 3547 2190 omnium

289 2229 424 2267 cum
455 2213 687 2267 similem
717 2213 870 2282 legis,
901 2220 957 2267 et
993 2212 1246 2278 eumdem
1280 2212 1421 2281 juris
1450 2212 1641 2266 sortita
1665 2221 1748 2266 est
1785 2210 1870 2264 ef-

1975 2225 2174 2294 quippe
2205 2239 2326 2278 esse
2356 2225 2462 2278 hoc
2501 2222 2742 2279 deterius
2767 2223 3022 2279 diximus.
3063 2223 3159 2279 Est
3196 2235 3378 2280 autem
3414 2226 3548 2296 dog-

292 2304 504 2355 l'cctum
527 2317 540 2353 :
563 2301 688 2370 quia
717 2300 864 2354 illius
917 2300 1174 2371 mysteria
1200 2300 1480 2370 percipere
1526 2298 1874 2369 praesumpsit
1977 2325 2180 2370 malum
2226 2317 2498 2386 impietas,
2529 2330 2652 2385 qua;
2692 2315 2962 2387 conﬁngi],
2985 2317 3307 2386 quibusdam
3336 2318 3411 2373 de
3449 2333 3550 2388 po.

291 2390 579 2458 Ecclesiae,
607 2405 767 2459 quam
804 2390 1072 2445 destruxit
1101 2391 1372 2457 sacerdos,
1404 2390 1682 2459 reperiens
1707 2389 1873 2458 impie
1979 2409 2126 2478 ρυιο,
2185 2409 2253 2463 de
2303 2407 2504 2476 quibus
2562 2416 2616 2462 ει
2679 2407 2957 2478 ιεείειειοι.
2995 2409 3249 2464 dicebat:
3313 2407 3422 2475 νίν.
3455 2420 3550 2464 an,

289 2489 652 2553 agentem,et
679 2480 954 2535 doctrinas
975 2480 1165 2546 malas,
1222 2480 1276 2534 id
1323 2487 1425 2545 est,
1465 2480 1630 2551 ligna,
1659 2479 1868 2544 fenum,
1980 2497 2190 2562 mulier,
2236 2498 2294 2550 ίη
2336 2513 2438 2567 quo
2486 2498 2642 2567 [υενίι
2683 2497 2843 2566 plaga
2892 2497 3068 2567 ιερηε,
3115 2496 3174 2551 Si
3221 2507 3401 2552 autem
3433 2507 3553 2553 um-

290 2570 559 2642 stipulam
579 2571 892 2627 habente"!-
916 2571 1071 2626 Unde
1112 2585 1222 2626 ηοῐι
1262 2569 1437 2626 δοῙυω
1478 2569 1687 2639 lapides
1729 2571 1869 2638 eius:
1977 2588 2257 2643 tummodo
2299 2588 2642 2643 sacerdotum
2681 2589 3001 2643 memoriam
3054 2588 3276 2644 fecisset
3305 2631 3320 2657 ,
3357 2589 3553 2645 mulie-

292 2673 484 2728 ne(lue
517 2659 662 2752 εῗηίη)
693 2669 848 2715 eram
883 2660 1129 2731 Ρτθῑίοείι
1161 2660 1261 2716 Sed
1283 2669 1340 2716 ει
1361 2660 1507 2731 “Sua
1535 2668 1722 2729 ml"ne
1740 2674 1874 2714 εοτι·
1981 2696 2096 2735 rem
2119 2679 2341 2734 minime
2369 2679 2727 2735 nominasset.
2756 2681 2888 2736 Post
2913 2681 3284 2751 hatclepram.
3319 2696 3441 2752 quae
3468 2692 3552 2738 est

284 2753 490 2823 juncta
519 2750 646 2806 feno
684 2767 747 2808 ac
772 2753 983 2824 stipulae
1008 2752 1258 2824 projecit.

1980 2769 2036 2824 in
2069 2769 2383 2834 virtutibus,
2417 2770 2637 2841 posuit;
2673 2770 2789 2825 haec
2832 2781 2960 2826 sunt
2981 2750 3129 2826 enim
3159 2750 3354 2828 animai
3384 2775 3551 2830 vcsti-

373 2867 540 2926 Vnns.
564 2868 755 2924 48-53.
787 2887 805 2920 ς
831 2866 988 2934 Quod
1024 2869 1070 2924 si
1093 2867 1366 2924 introierit
1391 2867 1646 2922 sacerdos
1669 2866 1723 2920 in
1773 2866 1874 2922 do-
1981 2870 2184 2927 menta,
2228 2862 2282 2917 id
2328 2872 2412 2918 est
2453 2877 2518 2917 ea
2543 2877 2664 2932 Quae
2697 2872 2827 2917 sunt
2870 2863 2924 2916 in
2960 2864 3326 2920 Ecclesiarum
3359 2866 3552 2922 docto-

286 2976 477 3026 mum,
503 2969 560 3015 et
586 2960 782 3016 viderit
809 2959 1012 3030 lepram
1064 2974 1172 3014 non
1203 2958 1442 3015 crevisse
1471 2968 1752 3029 postquam
1777 2959 1876 3014 ἀει·
1981 2951 2134 3007 ribus
2161 2967 2226 3007 ac
2253 2953 2652 3008 sacerdotibus.
2703 2952 2768 3007 Hi
2802 2954 2947 3008 enim
2979 2955 3175 3010 domus
3214 2965 3271 3011 et
3314 2958 3552 3027 parietes

286 3067 414 3107 ηυο
441 3051 608 3107 lenita
623 3060 727 3118 est,
762 3050 1075 3122 pur-iacebit
1113 3065 1234 3106 eam
1272 3051 1485 3106 reddita
1506 3051 1755 3106 sanitate.
1808 3050 1874 3104 Et
1900 3098 1940 3153 Ο
1985 3052 2143 3098 terrae
2182 3043 2545 3145 possessionis
2593 3045 2800 3153 ostensi
2841 3053 2986 3100 sunt.
3029 3045 3234 3153 Deinde
3281 3048 3552 3104 cicatricis

287 3143 351 3197 in
385 3142 766 3213 puriﬁcatione
787 3143 906 3213 ejus
928 3142 1093 3197 sumit
1114 3143 1254 3197 duos
1279 3156 1526 3212 passeres
1555 3141 1872 3212 lignumque
1902 3135 1940 3153 ν
1975 3144 2030 3189 et
2054 3135 2455 3205 erumpentium
2485 3135 2804 3204 papularum
2826 3136 3139 3190 memoriam
3165 3137 3318 3202 facit,
3345 3138 3551 3209 lepram

286 3236 608 3301 cedrinum,
632 3243 688 3290 et
713 3235 1276 3304 vermiculum,atque
1295 3235 1611 3304 hyssopum.
1658 3232 1726 3286 Et
1779 3233 1875 3287 im-
1975 3240 2158 3279 veram
2199 3225 2532 3290 describens.
2577 3241 2696 3280 eam
2727 3241 2847 3295 quze
2885 3227 2941 3280 in
2994 3228 3256 3296 peccatis,
3292 3229 3408 3284 sive
3447 3231 3551 3286 du-

290 3326 507 3384 molato
532 3342 644 3381 uno
671 3341 894 3396 passere
922 3326 978 3380 in
997 3341 1124 3381 vase
1157 3325 1307 3380 ﬁctili
1325 3339 1491 3396 super
1517 3339 1687 3394 aquas
1701 3323 1873 3390 vivas,
1974 3316 2102 3380 biis,
2128 3317 2242 3372 sive
2265 3315 2504 3387 probatis
2532 3318 2802 3382 omnibus,
2837 3319 2924 3372 bis
2952 3320 3190 3375 subdidit
3216 3338 3232 3374 :

295 3417 448 3471 tollit
467 3417 672 3487 lignum
698 3417 979 3473 cedrinum
1018 3426 1074 3472 et
1099 3417 1425 3488 hyssopum,
1458 3424 1512 3470 et
1537 3430 1787 3482 coccum,
1820 3425 1878 3471 et
2053 3408 2115 3463 Ut
2133 3409 2300 3484 possit
2323 3409 2447 3462 sciri
2475 3425 2576 3479 quo
2606 3418 2835 3477 tempore
2885 3411 3010 3480 quid
3054 3414 3308 3467 mundum
3359 3414 3555 3469 velim-

297 3523 586 3579 passerem
623 3507 831 3574 vivum,
860 3516 916 3563 et
967 3507 1200 3578 intinget
1257 3507 1441 3562 omnia
1498 3507 1558 3561 in
1615 3506 1880 3578 sanguine
1978 3500 2230 3553 mundum
2262 3499 2351 3553 sit.
2395 3497 2722 3564 Ostendens,
2773 3499 2899 3568 quia
2932 3509 3061 3555 tunc
3101 3499 3553 3571 delinquensim-

299 3599 840 3670 passerisimmolati,
855 3599 1091 3670 atquein
1107 3599 1264 3668 aquis
1275 3597 1604 3664 viventibus,
1628 3606 1683 3652 et
1697 3612 1881 3668 asper-

1979 3589 2214 3644 mundus
2266 3597 2350 3644 est
2403 3588 2620 3658 quando
2693 3589 2872 3644 sciens
2931 3593 3276 3660 peccaverit;
3337 3597 3555 3662 quando

303 3697 401 3761 get
419 3688 640 3743 domum
674 3690 893 3761 septies,
922 3688 1342 3760 puriﬁcabitque
1367 3696 1635 3753 eam,tam
1663 3687 1719 3741 in
1753 3702 1880 3742 san-
1980 3690 2161 3736 autem
2210 3681 2486 3754 ignorans,
2531 3681 2745 3737 veniam
2796 3691 3018 3752 prapter
3047 3684 3405 3754 ignorantiam
3443 3703 3556 3742 me-

300 3781 477 3852 guine
491 3781 748 3850 passeris,
769 3796 930 3851 quam
957 3781 1014 3836 in
1039 3779 1194 3850 aquis
1219 3780 1552 3845 viventibus,
1589 3787 1645 3833 et
1675 3779 1729 3833 in
1757 3794 1882 3848 pas—
1981 3781 2164 3837 retur,
2197 3774 2336 3828 sicut
2371 3781 2427 3828 et
2454 3786 2631 3826 caecus
2657 3773 2960 3835 offendens,
2994 3775 3067 3828 ita
3097 3783 3153 3828 ut
3193 3775 3457 3831 Dominus
3486 3779 3554 3833 de

306 3886 435 3927 sere
462 3873 607 3937 vivo,
631 3872 887 3943 lignoque
918 3871 1166 3935 cedrino,
1191 3878 1248 3926 et
1275 3871 1536 3943 byssopo,
1566 3879 1729 3941 atque
1759 3886 1880 3925 ver-
1980 3864 2181 3919 Iudaeis
2206 3866 2412 3919 diceret
2459 3881 2472 3917 :
2504 3863 2562 3918 Si
2591 3866 2714 3919 circi
2734 3866 2928 3930 essetis,
2966 3882 3066 3920 non
3092 3867 3348 3922 haberetis
3370 3885 3556 3938 pecca-

309 3963 537 4018 miculo.
575 3965 822 4034 Cumque
883 3964 1156 4020 dimiserit
1208 3979 1492 4034 passerem
1547 3963 1764 4019 evolare
1825 3963 1878 4017 in
1983 3968 2123 4021 tum;
2167 3973 2302 4009 nunc
2339 3966 2518 4010 autem
2580 3958 2774 4022 dicitis,
2805 3959 2933 4028 quia
2975 3960 3232 4027 uidemus,
3284 3972 3557 4031 peccatum

308 4069 501 4123 agrum
533 4057 734 4123 libere,
759 4056 936 4111 orabit
957 4071 1056 4126 pro
1086 4055 1274 4118 domo,
1297 4053 1878 4125 etjuremundabitur.
1983 4057 2208 4102 uestrum
2273 4057 2446 4101 manet
2465 4048 2530 4103 εί.
2582 4049 2688 4104 Sed
2743 4066 2846 4106 nos
2889 4052 3063 4107 oculis
3099 4052 3340 4109 scientiae
3392 4054 3458 4110 ad
3492 4069 3558 4110 ea

387 4145 555 4215 Cujus
592 4146 884 4217 imaginem
925 4145 1040 4201 hanc
1069 4144 1352 4211 sacriﬁcia,
1385 4144 1453 4199 de
1476 4144 1674 4213 quibus
1702 4142 1884 4212 loqui-
1982 4155 2104 4209 qua:
2131 4140 2426 4209 expediunt
2455 4148 2692 4207 utamur,
2738 4151 2798 4197 ut
2829 4159 2926 4214 per
2958 4145 3107 4216 ipsos
3136 4146 3404 4202 evitemus
3427 4163 3556 4217 pec-

315 4244 403 4290 tur
443 4235 742 4306 legislator,
768 4247 982 4308 gerant,
1029 4250 1128 4306 per
1174 4235 1564 4305 subsequentia
1611 4233 1885 4289 subtiliter
1983 4239 2126 4295 cata,
2166 4231 2662 4303 conquiramusque
2714 4235 3060 4290 munditiam.
3115 4237 3364 4293 Sciamus
3411 4239 3558 4293 diem

313 4341 651 4396 exponemus
689 4344 704 4381 :
736 4327 956 4397 quando
1009 4342 1073 4382 ea
1101 4334 1158 4382 et
1193 4325 1250 4380 in
1297 4339 1629 4395 unoquoque
1670 4325 1884 4394 leproso
1985 4324 2041 4378 in
2065 4337 2171 4393 qua
2191 4323 2579 4378 mundabimur
2617 4324 2961 4396 scientesque
2983 4343 3359 4397 occurramus,
3385 4338 3440 4384 et
3475 4339 3560 4385 to-

311 4416 485 4486 accipi
511 4417 790 4486 praecepit.
831 4416 947 4472 Hoc
962 4425 1145 4472 autem
1180 4417 1490 4472 necessarie
1515 4415 1733 4480 dicitur,
1753 4415 1881 4486 quia
1913 4433 1957 4488 ο
1989 4421 2100 4468 tam
2148 4411 2322 4484 legem
2367 4412 2532 4483 lepra:
2565 4413 2953 4470 custodiamus.
3014 4417 3200 4473 Mundi
3249 4419 3396 4473 enim
3455 4419 3562 4474 hoc

314 4505 598 4561 manifeste
623 4515 846 4576 apparet
872 4507 1018 4578 quod
1079 4507 1350 4579 legislator
1411 4506 1558 4561 illam
1597 4505 1770 4577 magis
1827 4505 1885 4560 in
1987 4505 2148 4560 modo
2165 4505 2222 4560 in
2237 4504 2525 4562 dominicis
2547 4505 2913 4564 tabernaculis
2929 4508 3312 4576 habitabimus,
3333 4510 3562 4566 inChri-

315 4591 610 4648 Ecclesiam
634 4594 943 4651 docentium
971 4595 1336 4666 iniquitatem,
1368 4610 1489 4666 quae
1532 4601 1618 4650 est
1653 4595 1711 4650 in
1755 4595 1889 4667 dog-
1987 4603 2072 4650 sto
2127 4594 2298 4664 Jesu,
2352 4611 2452 4667 per
2501 4613 2665 4669 quem
2745 4606 2802 4654 et
2860 4613 2986 4655 cum
3017 4615 3127 4670 quo
3173 4601 3342 4672 gloria
3392 4599 3559 4668 Patri,

315 4692 461 4738 male
491 4686 886 4755 reprehendat,
918 4687 1056 4742 etin
1097 4687 1566 4757 dispensationem
1605 4686 1747 4757 ejus,
1795 4687 1885 4758 qui
1984 4703 2114 4742 cum
2164 4696 2358 4743 sancto
2402 4685 2630 4759 Spiritu,
2655 4688 2712 4743 in
2759 4688 2956 4744 saecula
2982 4691 3331 4745 saeculorum.
3363 4690 3561 4744 Amen.

1439 5019 1792 5109 LIBER
1849 4979 2420 5127 QUINTUS.

883 5365 1300 5426 PBEFATIO.
1991 5369 2215 5438 spiritus
2245 5378 2455 5442 gerant,
2493 5369 2657 5424 David
2681 5372 2941 5440 propheta
2967 5373 3126 5443 plane
3155 5374 3391 5444 exponit.
3425 5373 3562 5431 Eum

385 5459 487 5528 Qui
511 5459 645 5532 legis
662 5458 998 5538 meditationi
1017 5475 1238 5530 operam
1261 5460 1392 5515 dant
1417 5459 1483 5515 ad
1505 5474 1666 5530 quem
1694 5460 1882 5529 tinem,
1989 5461 2135 5514 enim
2169 5461 2260 5532 qui
2293 5462 2456 5516 habet
2480 5461 2816 5516 voluntatem
2848 5463 2900 5516 in
2934 5465 3048 5536 lege
3078 5466 3311 5532 Domini,
3357 5477 3411 5522 et
3441 5469 3560 5524 die-

318 5561 646 5622 quantumve
703 5551 1108 5614 conscendant,
1173 5565 1445 5620 quamque
1488 5551 1881 5609 beatitudinem
1991 5551 2091 5606 bus
2137 5561 2192 5607 et
2242 5553 2494 5608 noctibus
2536 5553 2592 5606 in
2645 5567 2707 5607 ea
2761 5555 3048 5614 meditator
3075 5567 3176 5626 est,
3208 5558 3372 5615 dicit:
3409 5557 3558 5615 Sicut

423 5687 468 5719 ⁸⁸
495 5685 634 5742 Psal.
668 5702 756 5753 xv,
780 5687 831 5741 5.
942 5686 984 5719 ⁸¹
1008 5684 1167 5742 Joan.
1202 5699 1278 5751 rx,
1305 5685 1392 5740 8|.
