4038 6182
567 209 672 274 967
737 216 739 218 ’

1753 209 2116 270 HESYCHU
2172 153 2646 272 PRiESBYTERI

3708 219 3800 286 968

563 325 764 396 lignum
792 323 928 392 quod
959 321 1258 392 plautatum
1298 332 1372 377 est
1399 339 1545 377 secus
1568 322 1816 377 decursus
1850 339 2133 392 aquarum,
2166 327 2210 382 Α
2238 331 2346 376 tem
2374 323 2558 389 habet,
2597 324 2744 379 hunc
2769 337 2892 379 esse
2921 325 3046 396 jure
3091 325 3232 382 dixit
3259 325 3600 383 immundum
3628 338 3799 398 utpote

562 415 701 477 quod
732 423 780 468 et
810 417 954 468 dabit
999 415 1224 485 fructum
1273 431 1432 468 suum
1464 417 1518 470 in
1547 425 1777 486 tempore
1827 432 1941 478 suo,
1973 423 2022 468 et
2058 415 2138 484 fo-

562 505 693 560 lium
723 507 838 571 eius
869 523 968 559 non
997 509 1187 560 decidit
1203 508 1270 561 ⁸⁸.
1296 508 1438 574 Quid
1480 517 1662 562 autem
1685 507 1993 562 iaciendum
2023 521 2140 558 cre-

562 596 741 648 dimus
780 606 837 648 ut
883 596 1052 664 possit
1083 597 1281 667 aliquis
1321 597 1524 668 lignum
1557 597 1789 653 inveniri
1819 597 1989 651 vitae?
2033 597 2136 650 nisi

564 686 618 738 id
680 687 822 754 quod
871 687 1132 742 Dominus
1159 689 1374 743 dicebat
1410 707 1423 742 :
1457 688 1784 744 Scrutamiui
1812 687 2135 757 Scripturas,

562 777 686 846 quia
748 778 802 830 in
844 779 968 847 ipsis
1013 796 1098 832 vos
1128 781 1327 849 putatis
1353 782 1518 835 vitam
1561 791 1815 835 teternam
1839 781 2046 834 habere.
2071 779 2139 832 Et

561 871 686 938 ipsa'
712 879 831 921 sunt
864 885 981 940 qua:
1033 872 1386 925 testimonium
1426 873 1696 940 perhibent
1743 872 1806 924 de
1834 871 1995 924 me”.
2029 869 2138 924 Sed

561 971 612 1012 vi
636 963 724 1013 illo
743 963 862 1015 loco
881 963 1210 1030 prOpheticue
1223 963 1537 1033 psalmodiaa
1557 982 1569 1017 :
1596 961 1791 1016 Beatus
1813 963 1966 1014 homo
1983 977 2137 1030 quem

567 1068 629 1106 tu
676 1055 953 1119 erudieris,
1011 1055 1248 1116 Domine,
1278 1065 1326 1108 et
1356 1056 1420 1108 de
1448 1055 1558 1124 lege
1593 1061 1683 1107 tua
1715 1054 1956 1106 docueris
1995 1068 2134 1116 eum,

558 1157 618 1198 ut
658 1149 859 1217 mitiges
887 1163 1054 1200 euma
1077 1147 1256 1200 diebus
1295 1147 1528 1202 malis“.
1558 1146 1953 1216 Cognoscimus
1985 1145 2134 1199 enim

560 1247 616 1290 et
653 1239 1025 1291 liberationem
1059 1239 1216 1292 nobis
1251 1247 1623 1308 peccatorum,
1655 1245 1712 1292 et
1741 1237 2136 1307 navigationem

559 1330 628 1382 ab
654 1327 738 1381 his
791 1344 912 1396 quae
953 1342 1054 1381 nos
1078 1336 1285 1381 terrent
1308 1327 1359 1381 in
1391 1327 1478 1382 die
1495 1326 1980 1389 mala,doctrinam
2008 1341 2136 1380 san-

558 1432 766 1473 etarum
803 1419 960 1473 nobis
989 1419 1274 1487 providere
1302 1419 1736 1489 Scripturarum.
1780 1419 1889 1473 Sed
1926 1426 1982 1474 et
2008 1433 2137 1488 pro-

555 1510 759 1564 fectum
809 1513 1003 1563 aululle
1050 1526 1158 1564 non
1188 1511 1462 1565 modicum
1493 1527 1559 1565 ex
1585 1526 1650 1565 ea
1681 1510 1982 1580 carpimus,
2008 1523 2137 1579 pro-

557 1611 680 1668 pter
707 1603 849 1669 quod
903 1611 957 1655 et
995 1603 1193 1662 Paulus
1229 1602 1418 1656 scribit
1447 1603 1514 1656 ad
1579 1600 1924 1656 Timotheum
1961 1619 1975 1656 :
2009 1598 2136 1653 Haec

560 1692 814 1743 meditare
844 1692 895 1742 in
919 1692 1019 1752 his,
1054 1702 1110 1744 ut
1150 1693 1411 1761 profectus
1441 1703 1562 1746 tuus
1597 1694 1906 1762 manifestus
1926 1693 1994 1745 sit
2028 1707 2134 1744 ont-

550 1782 722 1837 nibus.
773 1782 989 1835 Intende
1042 1784 1343 1852 tibimetipsi
1379 1792 1426 1836 et
1478 1784 1752 1848 doctrinae,
1785 1799 2036 1851 permane
2075 1782 2132 1834 in

549 1875 651 1926 eis.
739 1873 846 1926 Hoc
897 1875 1034 1926 enim
1099 1875 1315 1942 faciens,
1350 1883 1398 1928 et
1440 1876 1767 1943 temetipsum
1825 1874 2052 1928 salvabis
2084 1884 2133 1928 et

547 1977 641 2014 eos
667 1962 757 2028 qui
779 1970 829 2014 te
859 1963 1162 2017 audiunt".
1217 1963 1351 2016 Cum
1405 1964 1684 2032 praedictis
1714 1963 1989 2027 omnibus,
2021 1973 2132 2018 tam

557 2061 798 2104 nostram
833 2051 1068 2120 ipsorum
1100 2054 1327 2106 salutem
1359 2069 1521 2123 quam
1558 2054 1793 2108 aliorum
1829 2054 2132 2123 peritorum

550 2142 829 2197 iucremur
861 2144 1120 2206 studium,
1152 2154 1206 2198 et
1230 2154 1514 2214 propterea
1542 2146 1727 2200 nullus
1757 2145 1931 2209 labor,
1959 2159 2134 2215 neque

555 2237 743 2298 sudor,
785 2236 871 2290 vel
914 2251 1006 2289 eos
1047 2237 1140 2305 qui
1176 2251 1270 2291 eas
1297 2245 1598 2306 exponunt,
1645 2239 1731 2292 vel
1761 2236 2010 2291 indoctos
2056 2236 2134 2290 le-

555 2335 744 2395 gentes
771 2341 801 2378 a
851 2341 1128 2380 sacrarum
1184 2324 1588 2396 Scripturarum
1645 2340 1928 2381 removere
1971 2325 2133 2380 debet

557 2420 1008 2488 perscrutatione,
1059 2419 1360 2488 praesertim
1431 2433 1556 2475 cum
1587 2433 1781 2489 magna
1805 2417 2010 2472 utilitas
2030 2416 2132 2471 sub

555 2511 751 2579 spiritu
811 2509 945 2579 legis
1003 2511 1163 2576 hujus
1221 2511 1330 2564 sit:
1377 2510 1454 2564 illi
1492 2525 1562 2564 ex
1585 2509 1668 2566 eis
1695 2517 1876 2564 autem
1908 2508 2133 2579 capiunt

555 2600 892 2670 margaritas,
921 2600 1012 2668 qui
1049 2599 1318 2668 frequenti
1345 2614 1439 2655 eas
1463 2599 1817 2655 meditatione
1836 2607 2130 2668 operantes

546 2689 838 2745 eﬂ'odiunt.
869 2689 976 2744 Sed
1002 2706 1064 2744 ea
1093 2706 1213 2759 qua
1238 2701 1541 2761 sequuntur
1569 2691 1733 2761 hujus
1750 2690 1971 2746 Levitici
2004 2689 2129 2746 libri

549 2798 918 2853 exsequamur
949 2798 1048 2853 per
1087 2783 1355 2844 ordinem,
1395 2784 1892 2854 supemdiﬁcantes
1935 2783 2129 2838 funda-

549 2883 820 2938 mentum,
853 2875 995 2944 quod
1020 2876 1134 2944 jam
1165 2876 1434 2937 Christus,
1477 2875 1619 2930 sicut
1657 2874 1880 2945 quidam
1909 2875 2129 2946 sapiens

2242 413 2334 481 qui
2382 414 2685 469 doctrinam
2721 431 2829 469 non
2866 427 3032 482 caste,
3083 419 3179 472 sed
3220 427 3412 472 contra
3457 429 3724 484 naturam,
3754 422 3802 478 id

2242 512 2324 559 est
2353 515 2541 560 contra
2572 507 2692 576 ejus
2716 508 2841 577 jura
2887 518 2942 563 et
2975 510 3147 580 legem
3193 510 3500 564 inordinate
3523 520 3801 581 corrupte-

2241 607 2346 661 que
2395 593 2670 659 diﬂ’unulit,
2735 607 2794 650 ut
2835 613 2896 653 ex
2941 614 3004 652 ea
3031 600 3196 653 etiam
3239 613 3421 653 mores
3441 609 3802 668 corrumperet

2242 686 2598 754 populorum:
2635 703 2756 756 qua:
2789 690 3166 760 cognoscimus
3191 706 3288 760 per
3317 700 3516 760 partes,
3546 701 3607 744 ut
3634 699 3803 746 textus

2241 775 2439 828 seriem
2469 776 2828 832 disserentes.

2311 866 2637 936 Locutusque
2651 878 2726 921 est
2746 868 2998 925 Dominus
3013 874 3082 925 ad
3103 872 3314 942 Moysen
3334 883 3384 928 et
3405 877 3582 928 Aaron
3603 875 3802 929 dicens:

2242 955 2543 1027 Loquimini
2594 960 2719 1029 ﬁliis
2759 962 2943 1027 Israel,
2988 977 3038 1017 et
3069 967 3252 1019 dicetis
3303 969 3399 1020 eis.
3450 966 3616 1020 Recte
3645 966 3800 1037 Moysi

2239 1047 2454 1114 quidem
2483 1058 2536 1103 et
2566 1051 2743 1104 Aaron
2783 1053 2996 1108 locutus
3025 1065 3129 1118 est,
3158 1056 3253 1109 sed
3288 1057 3427 1112 tradi
3468 1056 3594 1110 ﬁliis
3621 1059 3796 1124 lsrael,

2239 1139 2294 1192 id
2330 1149 2412 1193 est
2437 1141 2581 1194 omni
2625 1144 2844 1212 pupulo,
2881 1147 3195 1200 mandatum
3237 1148 3398 1216 jubet
3425 1165 3443 1205 ξι
3487 1149 3617 1218 quia
3664 1165 3800 1219 quasi

2238 1243 2452 1298 cunque
2496 1247 2591 1299 per
2627 1233 2926 1287 doctrinam
2959 1235 3198 1290 divinam
3239 1237 3450 1292 scilicet
3494 1241 3800 1294 sanciuntur

2238 1334 2332 1372 seu
2365 1319 2694 1387 scribuntur,
2736 1323 2969 1391 primum
3001 1325 3222 1392 quidem
3275 1327 3616 1396 principibus
3645 1339 3798 1397 egent

2237 1409 2440 1479 populi,
2475 1412 2598 1479 quia
2633 1412 2764 1482 ipsis
2794 1415 3022 1468 maxime
3049 1415 3230 1470 divina
3260 1427 3344 1471 est
3370 1417 3576 1471 credita
3601 1418 3797 1472 doctrin

2238 1515 2327 1565 na,
2389 1502 2600 1571 ipsique
2648 1505 3086 1569 demonstratur,
3151 1524 3275 1562 cum
3325 1510 3719 1577 quodammodo
3765 1527 3794 1567 a

2237 1591 2523 1655 ministris,
2559 1604 2650 1645 aut
2678 1594 2762 1647 his
2786 1595 2984 1662 quibus
3008 1597 3231 1650 omnino
3256 1599 3461 1652 credita
3493 1607 3575 1652 est
3612 1600 3796 1657 debeat

2235 1682 2474 1736 studere.
2506 1683 2642 1748 Quia
2671 1694 2852 1738 autem
2883 1685 3135 1741 eﬂectum
3166 1688 3284 1757 ejus
3331 1689 3566 1758 p0pulus
3591 1690 3797 1758 respicit

2233 1773 2566 1834 audientem,
2598 1774 2722 1828 vide
2761 1775 3074 1829 mandatum
3101 1776 3221 1844 ejus
3249 1777 3300 1828 in
3331 1778 3575 1832 secundo
3609 1779 3797 1833 ordine

2234 1863 2356 1918 ﬁliis
2391 1863 2554 1918 Israel
2586 1864 2745 1930 tradi,
2776 1865 2920 1933 quod
2968 1866 3107 1919 bene
3165 1866 3440 1936 legislator
3489 1879 3796 1937 competen-

2235 1964 2422 2024 terque
2453 1956 2763 2015 custodivit,
2790 1965 2846 2011 et
2882 1966 3002 2026 post
3031 1958 3134 2012 hoc
3163 1959 3294 2012 dixit
3326 1976 3341 2012 :
3377 1959 3464 2013 Vir
3485 1962 3575 2029 qui
3598 1964 3798 2029 patitur

2231 2046 2435 2114 ﬂuxum
2464 2047 2696 2112 seminis,
2735 2047 3032 2102 immundus
3067 2053 3186 2104 erit.
3216 2050 3359 2105 LXX
3387 2062 3560 2106 autem
3600 2053 3678 2106 sic
3709 2053 3794 2107 di-

2233 2147 2402 2190 cunt:
2437 2137 2557 2193 Viro
2577 2139 2689 2192 viro
2712 2140 2797 2192 cui
2841 2143 3012 2209 [actus
3035 2143 3212 2212 fuerit,
3259 2153 3364 2196 etc.
3395 2142 3614 2207 Quoties
3646 2143 3792 2196 enim

2233 2229 2470 2299 duplicat
2501 2229 2621 2295 bcc,
2660 2231 2804 2286 unde
2856 2233 3173 2288 mandatum
3225 2237 3402 2297 datur,
3438 2236 3794 2290 intentionem

2231 2319 2364 2389 legis
2393 2321 2545 2390 cupit
2584 2323 2871 2377 ostendere
2911 2326 3209 2378 secundum
3243 2325 3378 2378 LXX
3408 2345 3422 2388 ;
3467 2337 3521 2380 et
3547 2336 3796 2396 quantam

2230 2412 2645 2468 sollicitudinem
2675 2414 2872 2484 habeat
2923 2415 3217 2486 legislatnr,
3270 2427 3327 2469 ut
3362 2415 3503 2469 nihil
3549 2417 3670 2485 ejus
3707 2433 3794 2486 pe-

2229 2501 2376 2557 nitus
2421 2510 2706 2572 praetereat
2739 2519 2753 2555 :
2801 2502 2943 2558 sicut
2971 2507 3186 2572 quando
3237 2504 3415 2558 dicit:
3452 2504 3625 2558 Homo
3657 2507 3793 2560 homo

2230 2594 2294 2647 de
2333 2592 2456 2661 ﬁliis
2497 2592 2688 2658 Israel,
2732 2603 2780 2647 et
2823 2595 2887 2647 de
2917 2594 3154 2653 advenis.
3191 2603 3243 2646 et
3270 2595 3360 2664 qui
3392 2596 3664 2663 conjuncti
3686 2607 3792 2649 sunt

2229 2684 2323 2748 eis,
2373 2685 2461 2748 qui
2510 2685 2688 2754 fecerit
2739 2684 3122 2748 holocaustum,
3170 2694 3262 2736 aut
3292 2685 3640 2754 sacrificium,
3664 2697 3707 2740 et
3734 2689 3792 2739 ad

2230 2774 2422 2828 ostium
2471 2773 2802 2827 tabernaculi
2853 2774 3138 2828 testimonii
3177 2789 3279 2826 non
3307 2775 3601 2829 adduxerit
3629 2778 3694 2830 ad
3719 2778 3792 2845 fa-

2231 2870 2472 2924 ciendum
2520 2870 2618 2923 hoc
2659 2869 2902 2936 Domino,
2953 2872 3394 2927 exterminabitur
3443 2873 3608 2927 homo
3635 2873 3718 2926 ille
3740 2874 3794 2926 de

548 2966 920 3025 architectus,
965 2981 1064 3034 per
1117 2975 1358 3020 nostram
1409 2965 1592 3035 posuit
1648 2965 1888 3036 linguam
1918 2982 1932 3020 :
1977 2965 2120 3022 sicut
2148 2977 2191 3035 ο
2227 2961 2418 3031 populo
2441 2960 2634 3030 ejus“.
2665 2962 2735 3015 Et
2773 2961 2858 3016 bis
2892 2963 2996 3016 alia
3019 2962 3241 3029 similia,
3274 2963 3347 3019 de
3379 2973 3625 3036 quarum
3674 2977 3795 3020 con-

545 3056 768 3125 quidam
810 3055 1103 3110 instructor
1145 3055 1366 3124 sapiens
1411 3071 1510 3125 per
1552 3056 1656 3111 vile
1698 3056 2123 3110 instrumentum

547 3145 785 3214 lapidem
835 3145 1042 3212 pollens
1084 3145 1417 3214 angularem,
1456 3155 1516 3198 ut
1561 3146 1993 3216 magnitudinem
2022 3146 2123 3200 do-

553 3231 673 3288 mus
723 3235 992 3299 ostendat,
1049 3245 1109 3290 et
1139 3245 1198 3290 ut
1251 3237 1628 3292 instrumentis
1677 3237 1877 3292 vilibus
1929 3251 2123 3308 magna

550 3324 813 3392 perﬁciat.

1153 3411 1380 3467 CAPUT
1414 3411 1527 3466 XV.

621 3501 784 3561 Vens.
819 3503 934 3558 1-5.
970 3523 986 3556 ι
1017 3503 1363 3574 Locutusque
1393 3513 1477 3560 est
1514 3503 1774 3562 Dominus
1809 3505 1878 3563 ad
1908 3506 2121 3579 Moysen

544 3605 604 3651 et
628 3598 807 3650 Aaron
843 3597 1065 3650 dicens:
1118 3597 1423 3666 Loquimini
1479 3595 1602 3652 ﬁliis
1629 3597 1813 3667 Israel,
1846 3609 1902 3654 et
1929 3599 2124 3656 dicetis

487 3747 496 3755 ι
543 3689 664 3741 eis:
699 3687 791 3741 Vir
845 3688 936 3756 qui
988 3688 1190 3756 patitur
1238 3687 1441 3741 ﬂuxum
1481 3689 1748 3753 seminis,
1804 3689 2122 3745 immundus

545 3780 672 3844 erit,
714 3789 769 3833 et
809 3789 939 3834 tunc
966 3779 1304 3848 judicabitur
1337 3779 1465 3834 huic
1495 3780 1626 3835 vitio
1656 3781 1961 3851 subjacere,
1995 3797 2119 3836 cum

549 3885 644 3938 per
686 3877 958 3923 momenta
993 3869 1203 3938 singula
1249 3870 1544 3925 adhaeserit
1570 3871 1720 3926 carni
1752 3872 1918 3938 illius,
1958 3883 2121 3944 atque

545 3961 883 4015 concreverit
916 3960 1092 4016 fmdus
1122 3963 1336 4014 humor.
1375 3980 1394 4013 ι

613 4050 804 4106 Omnis
843 4051 1062 4120 quidem
1108 4051 1376 4120 prOpbeta
1406 4050 1502 4104 Dei
1531 4051 1866 4107 admirabilis
1893 4063 1998 4118 est,
2041 4064 2123 4108 ut-

543 4152 670 4213 pote
704 4145 789 4198 cui
830 4152 958 4197 sunt
989 4143 1196 4200 credita
1242 4142 1531 4214 spiritalia.
1586 4143 1697 4198 Sed
1744 4145 2122 4201 admirabilior

543 4234 768 4301 Moyses,
815 4233 957 4286 sicut
990 4232 1080 4287 cui
1123 4235 1326 4300 majora
1373 4239 1504 4286 sunt
1546 4233 1774 4299 credita,
1827 4241 1992 4289 tantas
2029 4249 2119 4290 sa-

2226 3052 2535 3107 servatione
2580 3052 2871 3108 maximam
2915 3053 3192 3123 legislator
3233 3070 3418 3110 curam
3472 3057 3670 3127 gessit.
3708 3055 3794 3110 ilic

2224 3151 2406 3198 autem
2461 3143 2762 3197 secundum
2833 3145 3146 3214 praedictam
3209 3147 3633 3203 meditationem
3698 3161 3796 3202 non

2222 3233 2360 3287 dixit
2387 3233 2550 3287 homo
2573 3233 2757 3299 homo,
2785 3233 2880 3288 sed
2918 3233 3036 3289 viro
3065 3235 3204 3301 viro,
3237 3236 3527 3305 duplicans
3562 3238 3793 3308 quidem,

2223 3324 2682 3393 quemadmodum
2723 3333 2778 3378 et
2815 3324 2904 3378 ubi
2947 3339 3262 3394 personam.
3301 3326 3535 3396 Propter
3589 3330 3797 3384 fortitu-

2223 3414 2406 3468 dinem
2432 3431 2561 3470 vero
2587 3416 2668 3470 sic
2698 3415 3001 3484 appellatur
3025 3431 3056 3470 a
3084 3415 3254 3471 latore
3293 3417 3450 3489 legis,
3481 3421 3619 3488 quia
3654 3434 3798 3473 voca-

2223 3505 2412 3562 bulum
2461 3507 2566 3562 hoc
2588 3521 2706 3563 mos
2742 3513 2826 3562 est
2875 3509 3148 3577 geminam
3177 3509 3406 3564 innuere
3442 3511 3800 3582 signiﬁcatio-

2222 3615 2369 3654 nem.
2421 3599 2474 3652 ΙιΙ
2533 3600 2679 3669 quod
2727 3601 2967 3655 ostendit
3017 3601 3272 3656 Salomon
3320 3603 3516 3657 dicens
3561 3623 3574 3658 :
3634 3604 3799 3657 Virum

2222 3700 2397 3744 autem
2424 3691 2629 3760 ﬁdelem
2654 3693 2769 3763 quis
2796 3694 3022 3746 inveniet
3042 3694 3123 3747 "‘i
3143 3693 3248 3748 Sed
3269 3701 3327 3748 et
3359 3695 3609 3751 Paulus:
3639 3695 3801 3749 Donec

2222 3797 2558 3835 occurramus
2578 3799 2754 3837 omnes
2776 3785 2832 3837 in
2857 3785 3030 3838 virum
3066 3786 3372 3855 perfectum,
3408 3786 3464 3838 in
3500 3799 3800 3840 mensuram

2221 3872 2394 3924 celatis
2417 3871 2756 3940 plenitudinis
2785 3871 2978 3928 Christi
2997 3873 3064 3928 ⁸⁸.
3101 3873 3238 3946 Ergo
3269 3875 3582 3944 duplicatio
3621 3875 3802 3946 appel-

2223 3961 2440 4017 lationis
2473 3973 2736 4032 quantum
2779 3964 2828 4019 ei
2877 3967 3167 4035 pertineat,
3212 3966 3281 4020 de
3332 3968 3602 4023 mandato
3638 3967 3802 4020 mani-

2222 4051 2458 4108 festavit.
2493 4053 2646 4119 Quod
2681 4064 2860 4112 autem
2904 4056 3022 4111 viro
3055 4057 3210 4122 dixit,
3247 4069 3304 4112 et
3328 4073 3438 4111 non
3473 4059 3802 4128 simpliciter

2221 4144 2450 4210 homini,
2480 4147 2874 4201 demonstravit
2909 4148 3056 4216 quod
3090 4148 3332 4204 doctoris
3370 4150 3646 4206 innueret
3685 4163 3801 4218 per-

2223 4251 2445 4291 sonam:
2496 4238 2550 4290 in
2592 4237 2695 4292 hoc
2747 4239 2894 4293 enim
2955 4239 3262 4295 necessarie
3296 4240 3657 4297 demonstrat
3685 4257 3803 4311 per-

544 4325 758 4391 pientiau
787 4323 1046 4393 praecepit
1066 4323 1483 4379 celsi-tudinem:
1537 4340 1664 4380 nam
1711 4326 1838 4395 quia
1866 4325 2116 4382 inﬁrmus
2152 4306 2194 4359 ί)
2221 4329 2348 4383 fecti
2399 4329 2649 4383 fortnam.
2704 4329 2816 4385 Sed.
2870 4331 3000 4387 huic
3060 4332 3106 4386 si
3155 4332 3333 4388 factus
3375 4332 3554 4389 fuerit
3584 4306 3801 4390 seminis

541 4423 658 4466 erat
695 4413 786 4482 qui
820 4414 888 4468 ab
927 4429 996 4470 eo
1039 4415 1213 4484 legem
1250 4416 1588 4486 percipiebat
1632 4417 1891 4487 populus,
1927 4425 1984 4473 et
2019 4420 2116 4488 qui

540 4506 863 4574 perfectiora
901 4506 1151 4578 dogmata
1180 4507 1372 4562 audire
1400 4523 1512 4562 non
1541 4515 1780 4579 poterat,
1813 4517 1922 4562 tam
1962 4508 2113 4562 inﬁr-

540 4597 712 4651 mitati
743 4598 1180 4653 condescendere
1208 4598 1398 4653 volens
1427 4599 1632 4669 populi,
1673 4613 1834 4668 quam
1859 4599 2108 4670 dignitati

538 4704 646 4741 non
681 4688 960 4756 injuriare,
986 4687 1119 4758 legis
1153 4687 1367 4743 invenit
1392 4690 1535 4744 viam
1570 4703 1666 4757 per
1691 4705 1854 4758 quam
1880 4697 1936 4744 et
1961 4690 2109 4744 cela-

537 4787 622 4832 ret
649 4777 922 4843 sublimia,
951 4794 1054 4834 nec
1076 4793 1140 4834 ea
1158 4787 1382 4849 propter
1407 4779 1718 4835 auditorum
1737 4780 2107 4835 inﬁrmitatem

532 4871 740 4926 directe
792 4870 1038 4941 proferre
1087 4871 1380 4942 potuisset.
1433 4871 1569 4926 Nam
1622 4885 1748 4927 ecce
1773 4871 1940 4925 etiam
1962 4887 2110 4927 nunc

531 4978 656 5019 cum
694 4979 792 5034 per
843 4963 1017 5034 legem
1056 4963 1259 5034 leprosi
1313 4963 1511 5019 multas
1561 4971 1909 5034 peccatorum
1937 4977 2109 5032 expo-

531 5056 730 5112 suisset
758 5057 986 5126 species,
1019 5071 1146 5110 eum
1179 5056 1272 5126 qui
1313 5054 1516 5110 ﬂuxum
1551 5055 1779 5110 seminis
1806 5063 2104 5125 pateretur,

526 5147 750 5217 adjecit.
799 5147 899 5202 l‘er
931 5163 1096 5217 quam
1127 5147 1353 5202 alteram
1389 5145 1624 5216 speciem
1661 5147 1869 5215 peccati
1919 5160 2108 5200 rursus

529 5236 773 5302 exponit,
821 5247 875 5291 et
922 5252 1045 5291 eum
1085 5236 1179 5306 qui
1218 5235 1541 5306 proﬂuvium
1571 5235 1777 5304 patitur
1820 5235 2102 5300 doctrinae,

530 5339 597 5380 ex
625 5342 728 5393 qua
775 5341 970 5398 corpus
1009 5329 1179 5400 ipsius
1213 5329 1478 5392 subsistit,
1514 5329 1565 5383 id
1605 5336 1686 5383 cst
1724 5345 1787 5383 cx
1822 5346 1928 5399 qua
1960 5330 2106 5385 salu-

636 5543 682 5572 "
711 5541 848 5596 Psal.
875 5561 912 5609 l,
935 5547 991 5609 2,
1019 5547 1072 5602 5.

539 5611 579 5640 δ’
603 5609 764 5665 Prov.
799 5629 887 5677 xx,
923 5614 975 5669 6.

1190 5546 1236 5579 ⁸³
1257 5547 1415 5601 Joan.
1446 5564 1523 5610 ut,
1562 5547 1648 5601 59.

1087 5615 1132 5646 ⁸⁸
1162 5617 1359 5685 Ephcs.
1406 5634 1480 5681 tv,
1515 5618 1596 5670 l5.

1762 5545 1977 5598 “‘Psal.
2036 5561 2205 5611 xcnt,
2264 5547 2351 5602 12.

1707 5615 1751 5645 ⁸³
1781 5615 1799 5667 l
1827 5615 1955 5669 Cor.
1980 5630 2053 5682 tx,
2088 5615 2176 5671 il.

2217 4420 2416 4485 ﬂuxus,
2459 4421 2773 4477 immndus
2802 4423 2928 4478 erit.
2967 4421 3086 4489 Quo
3111 4432 3304 4479 autem
3326 4424 3518 4484 modo.
3556 4424 3693 4480 audi
3721 4437 3804 4478 se-

2215 4512 2438 4584 quentia
2461 4531 2475 4567 :

2286 4607 2354 4662 Et
2411 4616 2532 4661 tunc
2565 4606 2897 4676 judicabitur
2939 4607 3058 4661 huic
3098 4607 3446 4661 immunditiis
3500 4609 3801 4678 subjacere.

2215 4699 2272 4754 id
2327 4708 2432 4765 est,
2473 4700 2592 4754 haec
2630 4699 2879 4769 probatio
2922 4699 3282 4754 immunditize
3332 4699 3490 4768 ejus;
3531 4701 3798 4769 judicium

2208 4798 2390 4843 autem
2432 4787 2788 4842 immunditia:
2825 4788 2966 4856 ejus,
3001 4787 3054 4840 in
3086 4789 3188 4842 hoc
3211 4789 3331 4841 loco
3346 4789 3482 4843 dixit
3525 4791 3709 4860 legem
3740 4787 3800 4841 il-

2206 4897 2334 4952 lam,
2352 4896 2473 4950 qua:
2491 4879 2888 4934 immunditiam
2909 4879 3027 4947 ejus
3048 4879 3260 4947 probat.
3281 4881 3344 4932 Et
3359 4880 3480 4948 quis
3498 4891 3594 4935 est
3609 4881 3699 4935 hic
3716 4879 3794 4948 qui

2206 4969 2408 5023 ﬂuxum
2447 4969 2652 5037 patitur
2682 4968 2950 5021 seminis?
2985 4969 3184 5021 Semen
3231 4968 3563 5039 intelligitur
3598 4969 3794 5025 doctri-

2204 5077 2296 5124 na,
2318 5061 2392 5114 ait
2416 5059 2646 5114 Paulus:
2673 5059 2730 5113 Si
2761 5075 2853 5113 nos
2879 5060 3014 5113 vobis
3043 5060 3308 5128 spiritalia
3335 5059 3790 5115 seminavimus".

2207 5151 2315 5204 Sed
2378 5158 2433 5204 ct
2472 5151 2732 5204 lloiuinus
2763 5151 2838 5203 ait
2864 5168 2876 5204 :
2938 5149 3119 5205 Omnis
3171 5151 3262 5219 qui
3292 5152 3441 5203 audit
3468 5153 3719 5219 verbum,
3751 5159 3792 5204 et

2209 5255 2312 5292 non
2337 5239 2620 5309 intelligit:
2650 5241 2790 5293 venit
2823 5241 3104 5310 malignus,
3142 5248 3188 5292 et
3219 5241 3360 5307 rapit
3385 5255 3505 5308 qua:
3535 5242 3792 5293 seminata

2204 5341 2323 5384 sunt
2345 5332 2396 5382 in
2421 5332 2572 5385 corde
2595 5332 2708 5400 ejus
2726 5333 2794 5386 ‘°.
2827 5331 2963 5398 Quia
2998 5342 3181 5386 autem
3212 5332 3402 5386 dicunt
3431 5329 3636 5390 LXX:
3681 5331 3794 5388 Viro

2463 5549 2551 5604 ⁸⁸1
2579 5551 2718 5605 Tim.
2755 5568 2830 5618 IV,
2865 5554 2951 5619 15,
2984 5554 3069 5609 lﬁ.

3179 5555 3224 5586 "‘
3251 5555 3424 5609 Levit.
3475 5569 3632 5621 xvn,
3663 5556 3719 5620 3,
3743 5554 3791 5608 Δ.

2284 5617 2333 5650 ⁹⁰
2355 5616 2550 5673 Matth.
2578 5637 2695 5687 sui,
2727 5620 2811 5676 19.
