4038 6182
335 242 441 310 969

1512 231 1587 291 IN
1627 228 2064 290 LEVITICUM.
2096 254 2165 261 --
2200 229 2343 287 LIB.
2372 227 2440 287 Υ.

3487 224 3593 290 970

333 354 382 409 si
424 351 582 424 fuerit
619 348 933 419 proﬂuvium
961 345 1172 400 seminis
1200 360 1263 397 ex
1291 357 1508 413 corpore
1558 342 1693 409 ejus,
1728 355 1792 395 ex
1822 355 1922 409 quo
1953 345 1997 401 Α
2028 353 2255 409 corpus,
2285 353 2351 393 ex
2386 353 2493 408 quo
2528 353 2727 408 corpus
2760 337 3011 393 consistit
3048 337 3257 409 populi,
3280 338 3593 394 immundus

336 443 574 498 consistit
616 455 803 507 corpus
836 437 951 507 ejus
994 434 1375 506 segregandam
1419 440 1517 497 est,
1547 431 1921 503 quodcorpus

337 531 535 601 duplex
571 530 659 585 hic
694 528 880 592 tradit,
913 528 965 581 id
998 537 1103 592 est,
1138 526 1242 580 hoc
1264 523 1482 593 quidem
1504 537 1567 577 es
1607 536 1713 590 quo
1734 535 1919 575 semen

336 625 476 684 ﬂuit.
535 625 680 678 aliud
730 634 935 686 autem,
966 622 1111 691 quod
1164 636 1262 690 per
1291 620 1501 673 ﬂuxum
1536 616 1763 673 seminis
1792 617 1922 671 sub-

338 717 500 772 sistit.
543 716 679 781 Quia
715 730 845 785 ergo
871 730 937 769 es
982 706 1293 771 inordinate
1339 711 1673 781 procedente
1715 709 1923 762 semine

340 807 711 879 generandum
741 806 918 859 fuerat
944 805 1215 874 quoddam
1255 817 1477 873 corpus,
1510 800 1923 867 subsistereque

339 907 576 970 poterat,
635 899 946 953 necessario
998 896 1235 966 primum
1265 909 1489 965 corpus,
1513 907 1581 947 ex
1609 907 1717 961 quo
1744 889 1923 945 ﬂuxus

343 996 428 1042 est
469 988 612 1057 ejus,
651 988 743 1057 qui
783 985 1007 1041 seminis
1051 985 1255 1040 ﬂuxum
1287 984 1511 1054 patitur,
1549 982 1725 1038 modis
1753 980 1927 1036 omni-

344 1080 449 1135 bus
489 1079 831 1149 intelligitur.
862 1077 1018 1133 Aliud
1041 1085 1223 1131 autem
1251 1074 1576 1139 consistere,
1609 1072 1805 1143 inquit,
1831 1088 1927 1142 per

346 1168 581 1241 ﬂuxum,
621 1169 675 1222 id
700 1179 806 1230 est,
846 1169 949 1224 hoc
991 1168 1136 1238 quod
1162 1183 1225 1222 ex
1257 1182 1325 1222 eo
1356 1165 1606 1236 generari
1641 1165 1925 1224 debuerat,

345 1271 509 1330 atquo
530 1262 850 1325 subsistere,
883 1261 1012 1315 licet
1037 1274 1146 1315 non
1188 1266 1501 1329 generetur,
1536 1265 1762 1327 propter
1781 1255 1928 1324 quod

346 1362 405 1406 et
444 1353 757 1406 immundus
814 1360 918 1407 est.
986 1350 1212 1421 Corpus
1228 1358 1411 1405 autem
1439 1350 1563 1419 ejus
1598 1347 1765 1402 etiam
1797 1345 1927 1400 illud

346 1441 647 1495 secundum
703 1441 961 1510 appellat,
1009 1439 1134 1510 quia
1189 1454 1381 1494 revera
1447 1453 1649 1509 corpus
1694 1436 1814 1506 ejus
1837 1436 1929 1505 qui

347 1541 592 1601 generat,
637 1539 721 1586 est
767 1531 872 1586 hoc
929 1532 1074 1601 quod
1128 1545 1193 1585 ex
1248 1546 1315 1584 eo
1350 1538 1667 1601 generetur.
1699 1526 1823 1582 Haec
1848 1536 1933 1582 est

345 1631 528 1677 autem
560 1622 693 1693 legis
720 1625 775 1675 in
810 1622 1085 1692 principio
1128 1629 1279 1684 uota,
1309 1620 1439 1689 quia
1467 1617 1929 1689 quemadmodum

2025 429 2189 484 estin
2237 430 2553 499 semetipso,
2601 430 2756 483 sicut.
2781 429 2876 491 ait,
2921 428 3319 485 immunditiam
3362 429 3593 493 habens,

2027 519 2283 574 videlicet
2327 533 2637 573 sermonem
2677 534 2837 588 quem
2874 521 3084 587 profert
3144 519 3424 574 sordidum
3449 560 3463 581 .
3492 521 3597 575 im-

2025 610 2280 681 pudicum
2329 617 2385 663 et
2418 610 2778 673 immundum.
2824 609 3053 679 Propter
3080 611 3225 679 quod
3253 620 3308 667 ct
3352 613 3517 668 nimis
3546 614 3597 668 ei

2025 702 2381 766 conveniunt,
2408 717 2529 771 qua:
2558 710 2877 769 sequuntur.

2096 790 2255 847 Vens.
2288 793 2341 863 έ,
2376 790 2430 846 5.
2477 809 2496 842 ι
2554 792 2728 846 Omne
2760 800 2990 845 stratum
3039 792 3095 846 in
3143 808 3252 863 quo
3296 791 3601 861 dortuierit,

2029 855 2369 937 immundtitn
2410 882 2535 944 erit,
2567 891 2623 936 et
2656 881 2971 952 ubicunque
3000 855 3225 939 sederit.
3262 884 3320 938 Si
3346 886 3471 954 quis
3504 855 3603 940 In»;

2029 972 2235 1027 minutn
2281 972 2520 1043 tetigerit
2578 973 2832 1028 lectulum
2886 975 3026 1042 ejus,
3057 975 3258 1030 lavabit
3283 976 3605 1033 vestimenta

2031 1077 2153 1127 sua,
2193 1073 2247 1115 et
2304 1062 2422 1132 ipse
2474 1061 2617 1116 lotus
2668 1078 2806 1131 aqua
2864 1063 3178 1118 immundus
3197 1065 3303 1119 erit
3334 1079 3506 1134 usque
3540 1066 3605 1120 ad

2031 1167 2340 1220 vesperum.
2385 1170 2403 1202 ο
3450 1142 3461 1151 “

2106 1241 2285 1296 Multae
2331 1240 2845 1295 aliena'docentium
2899 1240 3111 1309 species
3156 1249 3321 1303 sunt;
3381 1234 3608 1305 Quidam

2032 1335 2190 1394 enim,
2226 1334 2364 1387 sicut
2389 1333 2459 1387 ait
2490 1333 2713 1397 Paulus,
2733 1349 2826 1403 per
2853 1333 3104 1386 invidiam
3131 1349 3149 1396 ;
3179 1332 3395 1403 quidam
3433 1341 3612 1385 autem

2032 1439 2125 1492 per
2167 1425 2547 1478 contentionem
2584 1438 2603 1486 ,'
2645 1425 2858 1492 quidam
2902 1440 3021 1476 vero
3068 1440 3160 1493 per
3219 1424 3611 1493 ignorantiam;

2032 1514 2245 1584 quidam
2274 1530 2394 1567 uero
2425 1531 2488 1567 ea:
2519 1516 2797 1568 temerario
2830 1514 3160 1583 ntuitiloquio
3196 1513 3299 1583 (de
3344 1529 3452 1583 quo
3480 1515 3616 1569 dixit

2036 1607 2125 1662 ille
2174 1605 2454 1677 Sapiens:
2505 1606 2569 1660 In
2615 1606 2946 1676 multitoquio
3002 1619 3107 1658 non
3158 1606 3369 1676 eﬂugies
3426 1622 3614 1676 pecca-

348 1712 541 1767 iitteraa
580 1714 895 1767 mandatum
926 1727 1126 1782 corpus
1163 1726 1350 1767 semen
1395 1709 1737 1766 eﬂ'uudentis
1769 1708 1934 1763 intelo

2045 1707 2147 1751 tum
2165 1696 2233 1765 εΗ⁸)
2255 1715 2269 1751 :
2290 1698 2506 1768 quidam
2531 1706 2703 1751 autem
2728 1713 2792 1750 ea:
2815 1713 2874 1750 eo
2899 1697 3036 1767 quod
3061 1694 3387 1749 delectantur
3413 1696 3468 1749 in
3487 1712 3618 1766 qua-

348 1802 498 1866 lexit,
523 1810 579 1856 et
604 1814 891 1871 pmpterea
944 1801 1114 1856 dicit:
1172 1798 1371 1854 Fluens
1418 1814 1596 1854 semen
1624 1815 1688 1852 ea:
1722 1814 1935 1867 corpore

348 1894 501 1963 ejus;
549 1894 790 1947 secundo
837 1901 1021 1947 autem
1066 1893 1169 1947 hoc
1206 1891 1352 1961 quod
1401 1907 1469 1946 ex
1523 1898 1933 1962 eogeneratur,

348 1994 499 2040 recte
536 1984 776 2038 subdens
804 1998 869 2038 ex
898 1983 1067 2049 ﬂuxu,
1098 1998 1208 2054 quo
1249 1981 1500 2037 consistit
1532 1995 1734 2050 corpus
1773 1980 1933 2050 eius:

353 2075 433 2129 sic
484 2074 873 2143 contemplatio
920 2073 1181 2143 Spiritalis
1211 2088 1409 2142 corpus
1467 2070 1729 2135 doctoris,
1756 2069 1935 2140 ipsum

354 2166 499 2235 quod
534 2167 583 2218 ei
613 2165 881 2219 creditum
936 2172 1022 2218 est
1050 2164 1299 2226 verbum,
1346 2171 1402 2217 et
1449 2160 1809 2216 doctrinalem
1856 2160 1940 2213 di-

356 2257 622 2325 gnitatem
693 2254 1089 2309 rationabiliter
1157 2251 1450 2307 intellexit.
1513 2251 1728 2321 Corpus
1792 2250 1938 2304 enim

360 2349 568 2403 Christi
604 2346 906 2401 doctrinale
954 2345 1177 2399 verbum
1215 2343 1416 2397 Paulus
1464 2342 1721 2412 appellat,
1753 2341 1830 2395 sic
1857 2340 1941 2396 di-

360 2453 495 2493 cens
519 2437 586 2491 de
618 2436 702 2490 eis
734 2435 831 2504 qui
858 2435 1083 2488 verbum
1114 2432 1417 2489 doctrinale
1443 2432 1745 2499 decerpunt
1775 2448 1787 2484 :
1816 2429 1945 2485 Cor-

360 2546 460 2599 pus
493 2539 669 2582 autem
701 2526 917 2581 Christi.
964 2524 1130 2578 Nemo
1159 2540 1246 2578 vos
1291 2524 1503 2577 seducet
1539 2525 1710 2576 volens
1744 2537 1797 2575 in
1843 2522 1943 2575 Itu-

364 2621 611 2684 militate,
665 2630 713 2671 et
756 2618 1004 2688 religione
1035 2616 1363 2684 angelorum,
1391 2630 1507 2685 quae
1540 2629 1641 2667 non
1661 2613 1786 2666 vidit
1823 2629 1944 2666 am-

359 2711 572 2772 bulans,
625 2710 826 2779 [rustra
878 2708 1095 2776 inﬂatus
1147 2721 1306 2759 sensu
1361 2703 1537 2757 carnis
1582 2718 1713 2766 sure,
1756 2688 1811 2755 ‘et
1844 2719 1945 2755 non

362 2813 540 2857 tenens
570 2811 725 2872 caput
752 2817 816 2854 ea:
847 2816 947 2869 quo
996 2807 1161 2851 totum
1206 2813 1392 2865 corpus
1416 2812 1509 2863 per
1538 2811 1700 2850 nexus
1724 2804 1772 2848 et
1813 2794 1945 2862 jun-

361 2895 557 2948 ctiones
621 2892 1071 2950 subministratur,
1144 2898 1195 2943 et
1258 2898 1614 2943 constructum
1664 2888 1847 2947 crescit
1890 2889 1944 2940 in

360 2994 701 3055 augmentum
727 2983 821 3037 Dei
838 2982 902 3036 ⁹¹.
937 2981 1149 3049 Corpus
1179 2981 1393 3035 Domini
1416 2989 1603 3050 aperte
1641 2979 1943 3035 doctrinale

360 3092 616 3132 asserens
668 3076 936 3140 verbum;
989 3075 1133 3142 quod
1202 3083 1349 3127 recte
1408 3088 1607 3143 corpus
1656 3073 1941 3127 doctorum

360 3168 597 3223 dicitur:
628 3167 672 3222 si
696 3168 918 3238 quidem
944 3168 1063 3223 loco
1096 3166 1300 3223 Christi
1336 3168 1653 3222 sacerdotes
1673 3175 1729 3221 et
1753 3168 1944 3222 docto-

361 3275 452 3314 res
477 3267 605 3313 sunt
657 3259 711 3312 in
757 3259 1034 3314 Ecclesiis.
1078 3257 1233 3313 Unde
1277 3274 1469 3314 rursus
1493 3259 1794 3313 secundum
1822 3274 1945 3314 cor-

362 3368 468 3424 pus
496 3367 705 3411 eorutn.
739 3352 885 3421 quod
934 3367 1000 3405 ex
1029 3366 1218 3406 eorum
1250 3351 1505 3406 consistit
1542 3349 1713 3417 ﬂuxu,
1743 3352 1949 3406 audito-

363 3459 481 3498 rem
510 3444 770 3515 populum
794 3444 1165 3513 intelligimus,
1195 3442 1289 3513 qui
1333 3459 1402 3498 ex
1430 3444 1550 3513 ejus
1575 3443 1822 3498 doctrina
1851 3457 1947 3512 ge-

369 3546 622 3597 neratur,
653 3533 745 3602 qui
790 3548 934 3599 eam,
963 3549 1124 3602 quam
1178 3533 1425 3604 percepit
1471 3534 1710 3588 divinam
1745 3534 1949 3588 doctri-

369 3640 496 3678 nam
542 3626 679 3686 Iluit,
711 3628 1110 3695 corrumpendo
1139 3642 1281 3691 eam,
1322 3627 1438 3680 sive
1480 3625 1945 3698 transgrediendo,

370 3716 438 3770 de
477 3732 585 3784 quo
613 3715 813 3771 Paulus
839 3719 1089 3772 dicebat:
1125 3716 1183 3771 Si
1212 3734 1324 3782 nos,
1365 3726 1456 3770 aut
1486 3717 1703 3787 angelus
1743 3718 1805 3771 de
1827 3718 1949 3770 σίζ’Ιο

370 3807 799 3877 euangelizavent
855 3810 1001 3862 vobis
1067 3818 1417 3878 pmterguam
1464 3813 1601 3880 quod
1656 3809 1946 3876 accepistis,

372 3903 657 3951 anathema
682 3899 747 3951 sit
767 3901 832 3953 ³³.
868 3899 1034 3954 Recte
1069 3900 1383 3954 immundus
1407 3907 1491 3953 est
1518 3899 1608 3968 qui
1633 3914 1698 3955 ex
1731 3900 1949 3954 sordida

370 3994 811 4057 conuersatione,
862 3992 1078 4061 vitaque
1120 3992 1416 4062 impudica,
1446 3991 1533 4045 vel
1558 4007 1624 4046 ex
1654 3992 1949 4046 ambitione

373 4083 642 4153 primatus
673 4081 776 4137 hoc
823 4084 1154 4151 patitur;ac
1188 4091 1480 4151 propterea
1528 4083 1796 4136 nefariam
1848 4083 1949 4138 do-

373 4176 602 4227 ctrinam
636 4174 892 4243 exquirit,
924 4189 1045 4243 qua:
1077 4173 1309 4227 delectet
1341 4188 1437 4228 eos
1470 4188 1607 4243 quos
1645 4174 1951 4244 prurientes

373 4269 598 4323 auribus
650 4265 851 4321 Paulus
897 4267 1118 4332 dixit”,
1156 4275 1211 4321 et
1259 4282 1443 4320 sanam
1490 4268 1791 4323 doctrinam
1841 4283 1949 4322 non

2039 1790 2277 1843 rumdam
2310 1789 2643 1859 corruptione
2674 1787 3233 1857 concupiscentiarum,
3271 1787 3618 1841 dactrinalem

2039 1891 2338 1936 convertunt
2381 1880 2668 1936 sermonem
2685 1882 2754 1933 ".
2792 1880 2960 1936 Recte
3004 1880 3301 1951 legislator,
3343 1897 3466 1936 cum
3518 1884 3618 1936 lto--

2042 1994 2159 2032 rum
2190 1977 2453 2049 quosdam
2490 1978 2549 2032 in
2586 1978 2868 2033 sanctione
2901 1977 3087 2047 lcpree,
3129 1977 3269 2032 alios
3298 1991 3427 2032 vero
3453 1979 3505 2033 in
3536 1978 3618 2034 ci-

2043 2070 2233 2124 borum
2286 2069 2591 2124 diﬂ‘erentia
2622 2068 3001 2143 signiﬁcasset,
3052 2083 3197 2124 nunc
3252 2083 3443 2123 rursus
3472 2069 3617 2122 aliud

2043 2178 2212 2233 genus
2232 2178 2442 2229 eorum,
2475 2163 2566 2232 qui
2598 2178 2663 2217 ex
2693 2161 3136 2235 impudicitia,_et
3165 2176 3227 2215 ex
3267 2161 3492 2216 libidine
3515 2161 3617 2215 alia

2044 2253 2263 2319 docent,
2292 2268 2389 2323 per
2417 2254 2521 2307 hoc
2558 2252 2895 2317 mandatum,
2923 2252 3068 2322 quod
3095 2260 3179 2307 est
3204 2250 3619 2323 in'proﬂuvinut

2044 2344 2269 2398 seminis
2319 2345 2650 2413 patientem,
2689 2345 2957 2414 exposuit,
2988 2344 3129 2400 sicut
3159 2353 3213 2399 et
3239 2345 3488 2416 superius
3528 2362 3624 2416 ap-

2044 2436 2416 2505 probavimus.
2443 2437 2550 2491 Sed
2579 2449 2725 2489 nunc
2750 2444 2805 2490 et
2825 2442 3056 2490 stratum
3092 2436 3147 2490 in
3178 2448 3285 2506 quo
3314 2436 3536 2501 dormit,
3567 2443 3624 2491 et

2046 2528 2134 2580 ubi
2172 2528 2345 2593 sedet,
2372 2527 2713 2581 immundum
2742 2525 3019 2597 Iegislator
3045 2526 3194 2581 dicit.
3236 2526 3433 2581 Paulus
3460 2527 3626 2598 igitur

2045 2633 2166 2684 nos,
2198 2628 2252 2673 et
2283 2618 2458 2673 Lucas
2488 2618 2737 2684 doceant,
2769 2618 2896 2689 quid
2924 2618 2990 2673 de
3016 2618 3101 2673 his
3126 2619 3378 2674 arbitrari
3420 2618 3623 2674 debea~

2046 2727 2188 2766 mus.
2228 2710 2364 2778 Quia
2418 2711 2564 2766 enim
2626 2727 2720 2766 vas
2770 2720 2825 2765 et
2875 2719 3128 2777 stratum,
3186 2726 3295 2765 non
3355 2711 3627 2781 quoslibet

2045 2815 2240 2870 aegros,
2289 2801 2383 2855 sed
2440 2800 2540 2855 bos
2589 2800 2913 2869 signiﬁcant,
2946 2802 3038 2872 qui
3082 2802 3245 2857 nimis
3274 2812 3402 2856 sunt
3431 2802 3487 2856 in
3522 2801 3625 2857 do-

2047 2891 2222 2946 ctrina
2279 2892 2581 2959 sublimes,
2646 2908 2976 2969 omnemque
3036 2908 3155 2949 eam
3222 2895 3626 2964 quodammodo

2047 2982 2353 3052 capiebant,
2406 2983 2479 3038 ita
2527 2993 2586 3039 ut
2617 2986 2833 3040 sederet
2875 2985 2931 3039 in
2973 2984 3072 3051 eis,
3120 3001 3185 3041 ac
3215 2996 3528 3057 portaretur
3556 2990 3626 3043 ab

2047 3072 2126 3128 eis
2164 3073 2371 3139 doctor,
2408 3084 2595 3145 aperte
2636 3075 2811 3130 Lucas
2855 3076 3060 3143 docuit,
3104 3078 3322 3148 quando
3355 3078 3423 3134 de
3457 3078 3627 3133 Paulo

2048 3163 2191 3218 Deus
2223 3164 2290 3217 ad
2319 3165 2580 3220 Ananiam
2634 3166 2804 3221 dixit:
2859 3166 3016 3233 Vade,
3069 3169 3194 3239 quia
3234 3186 3326 3222 vas
3366 3168 3628 3224 electionis

2048 3256 2146 3308 erit
2196 3256 2324 3309 mihi
2366 3259 2479 3320 iste,
2513 3266 2570 3311 ut
2602 3268 2771 3325 portet
2800 3276 2985 3314 nomen
3016 3276 3187 3314 meum
3226 3263 3281 3314 in
3307 3261 3545 3333 gentibus
3577 3274 3626 3316 et

2048 3348 2256 3419 regibus
2274 3348 2364 3402 η’.
2395 3347 2675 3421 Tanquam
2709 3367 2807 3406 vas
2840 3352 3044 3407 Christi
3090 3354 3395 3409 doctrinam
3426 3353 3628 3410 Paulus

2049 3441 2319 3511 capiebat,
2372 3451 2433 3497 ut
2483 3443 2788 3499 imitaretur
2834 3459 2959 3499 eum
3001 3460 3188 3515 opere,
3241 3454 3298 3501 et
3352 3447 3540 3513 verbo,
3575 3434 3637 3503 et.

2049 3534 2415 3604 passionibus.
2470 3534 2697 3606 Propter
2735 3538 2881 3607 quod
2931 3554 3078 3592 nunc
3106 3540 3327 3608 quidem
3374 3539 3625 3596 diccbat:

2048 3624 2131 3677 An
2179 3626 2590 3694 experimentum
2639 3627 2874 3697 quaeritis
2908 3627 3042 3696 ejus,
3075 3629 3167 3699 qui
3208 3628 3263 3682 in
3292 3646 3372 3681 me
3400 3628 3633 3700 loquitur

2051 3714 2245 3769 Christi
2262 3716 2347 3769 τ’θῖ
2373 3746 2444 3757 --
2464 3715 2623 3772 Nunc
2644 3733 2772 3789 ergo
2800 3735 2812 3771 :
2837 3717 2859 3770 1
2870 3719 3138 3772 mitatores
3169 3720 3271 3773 mei
3290 3727 3469 3784 estote,
3493 3719 3629 3774 sicut

2051 3817 2101 3861 et
2130 3825 2222 3879 ego
2255 3808 2448 3863 Christi
2467 3809 2533 3863 ³⁷.
2565 3809 2720 3864 Nunc
2759 3826 2888 3865 vero
2920 3825 3147 3865 rursus:
3188 3809 3389 3877 [inpleo
3425 3827 3487 3865 ea
3514 3826 3631 3882 qui:

2051 3904 2237 3954 desunt
2278 3902 2582 3971 passionum
2627 3899 2821 3955 Christi
2861 3903 2917 3956 in
2956 3918 3115 3956 carne
3159 3902 3354 3957 mea“.
3385 3901 3628 3957 Stratum

2052 4001 2232 4047 autem
2266 3994 2530 4064 magistri,
2569 3994 2694 4063 quia
2745 3995 3021 4064 proprium
3066 4002 3150 4047 cst
3180 3993 3357 4058 strati,
3389 4002 3451 4048 ut
3481 3993 3535 4048 in
3563 4008 3631 4048 eo

2053 4085 2356 4154 requiescat
2401 4102 2682 4157 possessor
2720 4087 2860 4153 ejus,
2897 4086 3070 4141 modis
3124 4085 3375 4140 omnibus
3401 4085 3492 4141 ille
3536 4101 3633 4156 per

2054 4177 2158 4231 hoc
2207 4177 2507 4246 discipulus
2554 4177 2876 4248 intelligitur
2917 4177 2974 4231 in
3008 4192 3118 4247 quo
3156 4185 3379 4247 propter
3405 4176 3630 4231 nimiam

2053 4268 2441 4331 obedientiam,
2505 4269 2761 4340 magister
2800 4268 2956 4339 ipse,
3001 4278 3057 4323 et
3096 4270 3216 4339 ejus
3267 4269 3492 4339 spiritus
3540 4284 3630 4323 re-

374 4359 729 4423 sustinentes.
769 4356 862 4411 Vel
887 4358 1001 4427 ipse
1044 4373 1166 4410 cum
1210 4358 1281 4411 sit
1311 4358 1641 4428 impudicus,
1674 4369 1727 4413 et
1753 4374 1949 4413 secun-
1985 4366 2025 4420 D
2054 4361 2305 4429 quiescit.
2351 4362 2507 4427 Quod
2558 4360 2869 4415 manifestat
2910 4357 3112 4414 Paulus
3166 4376 3232 4416 ex
3281 4360 3370 4417 bis
3413 4376 3533 4431 qua:
3563 4363 3631 4415 ad

374 4452 501 4506 dum
526 4450 772 4520 proprias
802 4451 1083 4519 passiones
1112 4450 1225 4504 sive
1247 4449 1720 4519 concupiscentias
1750 4450 1954 4504 doctri-

376 4560 502 4597 nam
543 4541 707 4595 ﬂuat:
750 4550 806 4596 et
850 4543 995 4596 verbi
1041 4549 1212 4611 gratia
1247 4558 1372 4597 cum
1407 4542 1714 4596 sitamator
1742 4541 1954 4596 atlnltc-

378 4635 466 4700 rii,
502 4635 708 4704 respuit
736 4645 880 4704 quod
914 4644 998 4689 est
1028 4637 1096 4690 de
1124 4635 1377 4689 castitate
1403 4635 1715 4689 mandatum
1748 4652 1762 4686 :
1790 4635 1876 4687 vel
1909 4634 1954 4688 si

377 4735 712 4781 comessator
739 4739 793 4782 et
816 4730 1085 4792 ebriosus,
1111 4714 1445 4797 ieiuniorum
1472 4727 1672 4797 legem:
1696 4725 1782 4779 hic
1801 4715 1951 4794 ergo,

376 4817 504 4885 quia
538 4818 776 4886 magistri
811 4826 1068 4872 censetur
1106 4816 1351 4880 nomine,
1384 4823 1440 4869 et
1474 4830 1583 4868 non
1612 4829 1742 4867 sana
1773 4815 1951 4877 docet,

377 4910 472 4962 sed
501 4910 802 4978 corrumpit
829 4910 1157 4973 doctrinam,
1187 4923 1347 4977 quam
1378 4906 1606 4977 profert,
1637 4921 1747 4960 non
1773 4914 1955 4976 potet

376 4997 489 5051 Deo
524 4997 662 5052 ﬁlios
697 5013 1007 5068 procreare,
1062 4998 1208 5052 unde
1261 5006 1311 5050 et
1348 4995 1672 5065 proﬂuvium
1732 4995 1954 5048 seminis

377 5090 487 5158 pati
515 5091 732 5146 dicitur.
766 5091 938 5144 Nimis
962 5106 1090 5160 ergo
1124 5089 1520 5144 rationabiliter
1556 5087 1800 5141 subdidit
1833 5103 1847 5139 :

450 5179 637 5235 Omnes
679 5184 789 5237 dies
820 5185 1066 5253 pro/Iuvit"
1104 5176 1337 5251 corporis
1367 5178 1502 5250 ejus,
1540 5180 1594 5232 in
1624 5177 1810 5249 quibus
1831 5195 1953 5231 con-

376 5271 516 5325 sistit
547 5290 731 5343 corpus
752 5277 863 5344 ejus
891 5277 944 5329 in
972 5274 1309 5345 proﬂuvium,
1346 5272 1681 5327 immunditia
1716 5272 1830 5341 ejus
1855 5281 1951 5325 cst.

379 5363 673 5437 Quousque
720 5371 869 5423 enim
916 5369 996 5424 sic
1045 5372 1225 5434 docet,
1267 5375 1323 5422 et
1352 5365 1628 5422 doctorale
1657 5365 1957 5434 corrumpit

450 5573 493 5605 "
515 5572 726 5628 Caloss.
757 5591 816 5633 ιι.
850 5573 913 5627 18
941 5614 954 5636 ,
992 5574 1079 5626 l9.

379 5657 459 5709 ts,
498 5644 580 5699 i5.
691 5645 737 5676 "
770 5644 811 5698 ll
845 5644 969 5697 Cor.
1001 5660 1121 5707 siit,
1147 5644 1199 5697 5.

582 5737 853 5801 Parnm.
899 5740 1014 5797 Gn.
1064 5735 1263 5796 XCIII.

1309 5644 1352 5674 "
1384 5642 1613 5713 Philipp.
1653 5658 1733 5707 tu,
1776 5644 1855 5695 l7.

1157 5574 1201 5604 θ’
1231 5571 1404 5627 Galat.
1439 5588 1475 5633 ι,
1505 5573 1555 5625 8.
1632 5573 1675 5601 θ’
1699 5570 1741 5625 ll
1774 5569 2013 5623 Timoth.
2048 5585 2117 5631 tv,
2273 5569 2318 5602 "
2344 5569 2421 5621 Pri

1157 5644 1199 5694 5.
1309 5644 1352 5674 ’⁷
1384 5642 1613 5694 Pltilinn.
1653 5658 1733 5694 ιιι.
1776 5644 1855 5694 17.
1968 5640 2015 5672 ⁸³
2047 5641 2256 5694 Coloss.
2287 5654 2322 5694 ι.
2351 5640 2421 5692 Ἡ

2090 5654 2256 5694 olnss.
2287 5654 2322 5703 2,

2053 4449 2368 4504 Corinthios
2418 4449 2655 4520 scripsit,
2707 4451 2936 4505 laudans
2985 4466 3080 4506 eos
3122 4452 3268 4523 quod
3313 4451 3632 4507 obedientes

2056 4544 2380 4614 semetipsos
2428 4544 2550 4599 Tito
2597 4546 2983 4615 praebuerunt:
3040 4544 3405 4599 Abundantius
3454 4555 3631 4598 autem

2056 4637 2221 4706 gavisi
2251 4653 2429 4690 sumus
2468 4637 2524 4690 in
2570 4638 2763 4707 gaudio
2808 4635 2934 4702 Titi,
2971 4637 3095 4708 quia
3136 4637 3389 4706 requievit
3415 4636 3631 4706 spiritus

2056 4726 2172 4793 ejus
2207 4726 2261 4779 in
2302 4726 2540 4780 omnibus
2568 4725 2710 4778 vobis
2730 4726 2799 4777 °°.
2831 4723 3033 4778 Eorum
3074 4737 3205 4795 ergo
3233 4723 3323 4793 qui
3357 4722 3630 4791 impudica

2057 4816 2271 4874 docent.
2309 4824 2364 4870 et
2403 4815 2637 4870 filiorum
2668 4815 3032 4885 procreationi
3066 4816 3469 4875 contradicunt,
3496 4812 3631 4877 legi-

2056 4906 2321 4975 timasque
2368 4915 2636 4976 respuunt
2684 4906 2925 4975 nuptias,
2953 4913 3016 4960 ut
3045 4920 3141 4974 per
3171 4905 3274 4958 hoc
3314 4902 3631 4955 fornicatio-

2055 5013 2181 5050 nem
2208 4997 2575 5062 introdueant,
2614 5008 2839 5066 propter
2871 4995 3016 5065 quod
3057 5003 3111 5048 et
3135 4993 3336 5046 ﬂuxum
3362 4991 3632 5060 patientes

2056 5088 2280 5142 seminis
2302 5088 2575 5154 dicuntur,
2608 5095 2795 5157 utpote
2833 5085 3065 5157 genitale
3096 5099 3304 5143 semen.
3332 5092 3387 5138 et
3414 5083 3634 5153 nuptia-

2062 5196 2178 5235 rum
2212 5181 2383 5251 legem
2411 5187 2844 5250 corrumpcntes,
2877 5179 2946 5233 de
3003 5176 3202 5246 quibus
3233 5173 3429 5229 Paulus
3481 5175 3635 5229 dice-

2062 5272 2196 5337 bat:
2231 5269 2369 5336 Quia
2404 5270 2459 5322 in
2491 5269 2785 5322 novissimis
2810 5265 3133 5336 temporibus
3158 5263 3396 5318 recedent
3417 5264 3633 5334 quidam

2062 5382 2093 5417 a
2129 5362 2252 5432 ﬁde,
2290 5362 2614 5415 attendentes
2636 5358 2909 5428 spiritibus
2940 5355 3153 5419 erroris,
3185 5363 3233 5409 et
3255 5355 3504 5409 doctrinis
3526 5357 3637 5409 "da:-

2273 5567 2318 5602 “
2344 5566 2501 5621 Prov.
2532 5579 2584 5621 κ.
2618 5562 2699 5616 l9.
2774 5563 2817 5595 ’⁵
2840 5559 3074 5631 Philipp.
3099 5575 3136 5625 ι,
3170 5559 3342 5613 IS-l'i.
3415 5556 3482 5592 ’δ’
3511 5555 3635 5611 Act.

2287 5654 2322 5688 ι-
2351 5640 2440 5688 Ἃ.
2555 5638 2599 5667 ⁹⁹
2633 5634 2677 5688 ιι
2717 5634 2839 5688 Cor.
2874 5649 2967 5688 vn.
3000 5634 3081 5687 I5.

2762 5649 2839 5688 or.
2874 5649 2967 5699 vn,
3000 5649 3081 5687 ta.

3245 5722 3314 5787 31
