4038 6182
374 294 495 362 ’971
1579 293 1630 350 ,υ
1647 288 1948 349 ΕδὶὨΗΙι

2068 292 2094 345 ,ἰ
2108 292 2477 352 ESHYTERI
3573 320 3681 386 973

391 418 683 475 monitu-am
712 416 785 471 'in
828 413 1111 486 hypocrisi,
1149 414 1499 467 cauteriutum
1551 415 1797 473 habentes
1841 435 1965 475 con-
1998 424 2040 484 Δ
2140 419 2480 482 Generaliter
2498 422 2683 478 sanxit
2706 438 2815 479 non
2857 425 3021 482 licere
3051 429 3190 501 tangi
3239 430 3474 488 fructum
3505 435 3681 493 ιαδίο.

390 502 685 574 scientiam,
733 508 1059 575 prohibentes
1112 510 1321 570 nubere,
1365 513 1412 558 et
1454 506 1721 560 abstinere
1768 524 1798 560 a
1830 509 1981 567 cibis,

387 618 507 675 qua:
540 604 675 656 Deus
724 599 919 653 creavit
964 604 1034 651 ad
1060 597 1455 666 percipiendum
1482 597 1521 663 ¹,
1583 605 1811 652 stratum
1858 599 1980 667 qni-

388 700 534 761 dem,
576 705 632 749 et
674 708 767 747 vas
817 692 1116 747 secundum
1168 691 1491 760 praedictum
1521 695 1744 746 motum
1782 690 1976 745 ﬂuunt.

387 791 710 857 Quicunque
737 787 1019 841 intautum
1052 783 1317 838 immundi
1354 793 1502 848 sunt,
1534 792 1591 839 ut
1614 798 1716 839 nec
1746 786 1978 839 munda-

387 886 591 940 tionem
617 897 805 937 eorum
856 881 1179 951 praeciperet
1208 879 1524 950 legislator:
1575 880 1679 935 scit
1711 881 1855 935 enim
1883 896 1978 937 eos

385 978 456 1034 ita
486 975 677 1032 morbo
724 972 970 1039 allectos,
1011 983 1071 1028 ut
1104 973 1485 1043 paenitentiam
1532 988 1693 1044 agere
1740 974 1974 1028 nullate-

384 1088 490 1126 nus
517 1068 770 1142 possint:
833 1083 939 1121 non
969 1066 1116 1121 enim
1154 1082 1220 1119 ex
1270 1065 1576 1137 ignorantia
1627 1065 1685 1119 in
1746 1065 1837 1119 tali
1874 1065 1975 1120 do-

312 1158 327 1175 ’
383 1160 577 1224 ctrina,
620 1159 717 1214 sed
777 1173 942 1230 prava
989 1157 1314 1211 habitudine
1347 1156 1564 1222 infecti,
1598 1146 1653 1210 in
1680 1158 1974 1227 impudicis

382 1251 650 1323 corrupti,
684 1266 781 1307 seu
831 1249 1075 1305 dissoluti
1105 1259 1233 1305 sunt
1264 1249 1456 1325 verbis
1486 1267 1500 1304 :
1547 1250 1691 1304 unde
1725 1251 1883 1304 etiam
1915 1253 1972 1306 in

386 1356 597 1401 tantum
625 1345 857 1400 libenter
885 1341 933 1397 ei
955 1342 1323 1397 adhaeserunt.
1347 1339 1405 1395 Si
1429 1351 1607 1397 autem
1636 1343 1752 1412 quis
1784 1343 1970 1414 tetigea

385 1441 456 1494 rit
485 1438 731 1494 lectulum
762 1436 897 1505 ejus,
924 1430 976 1489 id
1011 1446 1094 1491 est
1124 1435 1165 1489 si
1197 1434 1471 1504 particeps
1505 1434 1689 1500 fuerit,
1720 1451 1971 1504 sumpse-

379 1533 556 1604 ritque
588 1532 655 1586 de
697 1530 945 1584 doctrina
977 1529 1117 1598 ejus,
1151 1537 1206 1581 et
1243 1542 1355 1580 non
1408 1525 1673 1581 insederit
1703 1526 1967 1598 dogmati-

377 1626 480 1678 bus
516 1624 636 1693 ejus
653 1622 743 1693 qui
765 1638 931 1693 prava
956 1622 1115 1676 ducet
1142 1635 1205 1674 ac
1236 1619 1478 1683 sordida,
1506 1619 1818 1688 iniquorum
1847 1619 1966 1690 ejus

376 1719 667 1773 verborum
694 1714 992 1784 discipulus
1013 1714 1239 1768 exsistit.
1263 1711 1369 1767 Sed
1394 1710 1781 1781 discipulorum
1800 1711 1964 1777 illius,

377 1812 477 1881 ipsi
518 1810 785 1880 siquidem
845 1817 974 1863 sunt
1023 1811 1145 1876 ejus
1212 1821 1338 1860 vasa
1408 1814 1463 1860 et
1546 1815 1809 1868 stratum,
1873 1807 1966 1874 qui

376 1902 532 1957 audit
555 1917 671 1967 eos,
702 1900 816 1971 ipse
855 1915 1074 1968 quoque
1101 1895 1421 1952 immundus
1450 1905 1553 1949 est.
1583 1893 1755 1949 Lavat
1791 1904 1971 1949 tamen

376 1991 701 2047 vestimenta
730 2003 826 2043 sua
861 2004 955 2057 per
1002 1986 1404 2057 paenitentiam,
1450 1986 1592 2040 sicut
1630 2001 1775 2055 saepe
1828 1984 1971 2040 (lixi-

376 2098 520 2146 tnus,
574 2093 629 2138 et
656 2084 777 2154 ipse
811 2081 955 2135 lotus
998 2095 1140 2149 aqua
1165 2078 1530 2149 lacrymarum
1572 2079 1658 2132 vel
1688 2077 1967 2147 baptismi,

375 2175 692 2231 immundus
754 2175 859 2230 erit
906 2188 1081 2242 usque
1134 2172 1199 2225 ad
1274 2186 1604 2241 vesperum;
1660 2171 1967 2241 usquedum

373 2268 592 2340 tempus
639 2268 913 2338 cumpleat
951 2264 1310 2336 poenitentiae.
1342 2262 1518 2335 Hujus
1557 2263 1703 2319 enim
1736 2263 1965 2335 ﬁguram

373 2377 663 2432 vesperum
709 2362 763 2414 in
793 2360 979 2414 multis
1006 2358 1169 2428 gerit,
1211 2367 1267 2411 et
1296 2357 1557 2421 maxime,
1583 2355 1711 2426 quia
1737 2356 1792 2409 in
1822 2373 1962 2411 con-

371 2454 742 2509 s'ummatione
789 2454 1138 2517 sicculorum,
1172 2450 1227 2505 id
1283 2459 1388 2515 est,
1448 2464 1646 2505 occasu
1680 2448 1967 2518 praesentis

371 2546 578 2611 saeculi,
610 2545 863 2600 Christus
893 2544 1052 2600 nobis
1077 2543 1395 2614 praedicavit
1415 2540 1820 2613 paenitentiam.
1914 2583 1925 2593 .

441 2637 607 2693 Vens.
640 2639 692 2702 7,
729 2636 783 2692 8.
821 2655 839 2687 ι
884 2635 989 2701 Qui
1042 2637 1529 2705 tetigeritcarnem
1578 2633 1720 2701 ejus,
1763 2630 1967 2687 lavabit

368 2731 696 2787 vestimenta
752 2744 871 2795 sua,
913 2737 970 2783 ct
1000 2729 1116 2798 ipse
1160 2729 1305 2783 lotus
1357 2742 1494 2795 aqua
1521 2723 1836 2779 immundus
1861 2725 1965 2778 erit

369 2838 543 2894 usque
597 2823 662 2877 ad
718 2837 1030 2891 vesperum.
1063 2820 1118 2874 Si
1163 2820 1390 2873 salivam
1442 2816 1755 2887 huiusmodi
1801 2817 1963 2871 homo

361 2916 557 2988 iecerit
598 2930 764 2985 super
796 2928 923 2968 eum
956 2911 1052 2983 qui
1098 2910 1341 2966 mundus
1376 2918 1499 2974 est,
1549 2908 1750 2962 lavabit
1795 2907 1961 2960 vesti-

366 3015 549 3062 menta
577 3021 699 3071 sua,
732 3013 787 3060 et
820 3004 965 3058 Intus
1002 3018 1164 3073 aqua,
1200 3000 1517 3055 immundus
1546 3002 1652 3051 erit
1697 3012 1866 3067 usque
1893 2996 1958 3050 ad

365 3114 678 3171 vesperum.
715 3118 733 3149 ι

436 3190 573 3245 Eum
603 3188 860 3244 videlicet
886 3186 979 3255 qui
1008 3183 1067 3239 lit
1108 3185 1381 3253 particeps
1410 3180 1697 3247 doctrinm,
1728 3181 1956 3251 profana

363 3284 632 3348 docentis,
664 3279 1006 3335 immundum
1048 3293 1168 3332 esse
1210 3292 1383 3345 usque
1430 3276 1559 3329 dum
1597 3274 1955 3344 semetipsum

362 3374 532 3428 diluat
571 3386 670 3441 per
707 3368 1109 3439 pcenitentiam,
1142 3383 1262 3421 eam
1307 3381 1470 3436 quam
1498 3366 1775 3435 legislator
1817 3381 1956 3436 pra:-

362 3465 528 3536 cepit,
558 3464 673 3519 sive
702 3462 844 3517 ultro
871 3461 1143 3531 quispiam
1175 3459 1452 3530 particeps
1479 3459 1744 3513 eﬂiciatur
1773 3446 1954 3529 pravre

361 3557 641 3621 doctrinm,
667 3554 773 3609 hoc
796 3562 879 3609 cst
909 3553 1055 3611 enim
1087 3566 1308 3606 carnem
1352 3560 1593 3622 tangere,
1629 3549 1833 3605 ﬂuxum
1865 3565 1953 3603 sc-

359 3650 528 3706 minis
553 3647 832 3719 patientis,
863 3644 979 3701 sive
1018 3643 1268 3700 docentis
1298 3657 1361 3697 ex
1390 3658 1556 3713 opere
1599 3643 1782 3696 initiat
1818 3657 1954 3712 quu-

359 3741 650 3799 dammodo
706 3740 1104 3815 semetipsum,
1159 3736 1571 3806 introducitque
1630 3752 1948 3791 sermonem

359 3835 623 3891 doctrinae
646 3848 782 3898 suas,
840 3831 948 3887 hoc
970 3840 1054 3887 est
1096 3830 1321 3886 salivam
1373 3830 1663 3899 projicere.
1724 3829 1952 3897 Propter

359 3926 503 3996 quod
530 3926 750 3995 Aquila,
776 3926 821 3978 si
841 3938 998 3995 super
1018 3920 1287 3992 .exspuerit
1308 3936 1326 3974 :

432 4016 588 4072 Vsus.
622 4017 678 4072 9.
716 4036 736 4070 ί
767 4016 965 4087 Sagma
993 4029 1159 4085 super
1189 4011 1336 4083 quod
1372 4010 1580 4067 sederit
1606 4008 1946 4065 immundum

358 4110 465 4165 erit
494 4124 667 4180 usque
697 4109 767 4165 ad
790 4122 1106 4177 vesperum.
1144 4124 1164 4158 ι

423 4203 578 4259 Sicut
605 4211 837 4257 stratum
873 4200 928 4253 in
952 4214 1062 4270 quo
1091 4200 1139 4255 is
1173 4200 1269 4267 qui
1298 4196 1502 4254 ﬂuxum
1547 4200 1774 4256 seminis
1803 4200 1947 4271 pati-

357 4306 465 4359 tur,
520 4294 835 4365 requiescit,
869 4302 926 4349 et
969 4308 1063 4349 vas
1091 4294 1145 4346 in
1177 4307 1287 4362 quo
1316 4292 1472 4347 sedet
1523 4292 1710 4359 nimis,
1763 4293 1817 4348 id
1864 4300 1950 4348 cst

353 4387 512 4443 valde
549 4403 677 4443 eum
720 4387 1068 4441 adhatrentes
1110 4384 1456 4455 disciplinas.
1504 4423 1519 4438 .
1564 4425 1578 4439 .
1623 4424 1639 4437 .
1684 4424 1698 4437 .
1743 4426 1757 4440 .
1810 4427 1823 4440 .
1868 4424 1882 4439 .
1927 4425 1940 4439 .

2088 523 2229 575 rum,
2248 526 2434 566 eorum
2456 514 2549 582 qui
2577 514 2806 584 subjecti
2826 524 2954 572 sunt
2985 518 3164 575 eﬂecti
3179 521 3405 590 profana
3435 525 3680 582 docenti-

2086 599 2207 664 bus,
2230 602 2320 671 qui
2341 604 3041 680 subdideruntsemetipsos
3056 611 3473 683 quodammodo,
3497 621 3680 675 verbis

2084 698 2244 764 atque
2263 697 2574 771 incongruis
2595 702 2858 759 doctrinis
2882 705 3297 763 substernentes
3318 710 3525 769 animas
3546 730 3676 773 suas

2083 792 2341 857 tanquam
2368 804 2519 856 vasa,
2546 793 2603 847 in
2634 809 2755 864 quae
2772 795 2995 852 distillet
3037 798 3335 869 impietatis
3374 820 3672 863 venenum.

2081 875 2148 932 Et
2183 880 2413 951 tetigerit
2445 882 2671 953 aliquid,
2706 884 3033 944 immundus
3063 890 3189 955 erit,
3218 906 3314 946 seu
3339 893 3384 947 is
3412 910 3513 951 suo
3545 914 3677 968 pec-

2079 974 2204 1024 cato
2236 974 2561 1043 Susceperit,
2584 974 2698 1030 sive
2720 976 3044 1047 imposuerit
3070 983 3216 1051 quod
3242 982 3424 1040 facere
3452 989 3675 1057 quidam

2079 1067 2506 1126 consueverunt,
2558 1061 2675 1131 ipse
2706 1066 2864 1134 quasi
2891 1067 3073 1123 dicere
3107 1086 3167 1125 se
3203 1081 3349 1127 recta
3372 1084 3466 1131 aut
3491 1075 3674 1133 facere

2078 1148 2417 1216 simulantes,
2440 1167 2629 1208 eorum
2643 1164 2824 1211 autem
2841 1159 2932 1228 qui
2954 1175 3121 1229 prava
3134 1160 3353 1229 docent,
3374 1175 3467 1222 aut
3482 1183 3669 1238 agunt,

2076 1241 2660 1312 Conﬁrmantconatus,
2692 1258 2853 1320 atque
2876 1252 2998 1307 ideo
3023 1254 3258 1324 qualiter
3277 1270 3337 1312 se
3356 1273 3483 1329 erga
3511 1277 3673 1330 prava

2074 1330 2315 1387 habeant
2363 1335 2782 1393 convincuntur.
2813 1339 3182 1398 Nihilominus
3225 1345 3327 1415 ipsi
3366 1352 3671 1408 secundum

2074 1425 2391 1496 praedictum
2409 1428 2652 1491 modum,
2673 1429 3248 1489 habentnecessariam
3268 1439 3665 1507 paenitentiam.

2144 1516 2313 1571 Vens.
2346 1519 2434 1572 ll.
2477 1539 2496 1571 ι
2537 1520 2747 1586 Omnis,
2783 1532 2944 1593 quem
2994 1527 3228 1597 tetigerit
3275 1532 3365 1600 qui
3400 1532 3520 1587 talis
3563 1546 3665 1594 est.

2071 1624 2182 1663 non
2214 1610 2339 1665 lotis
2384 1621 2511 1668 ante
2544 1614 2816 1682 manibus,
2857 1615 3057 1673 latrabit
3096 1621 3419 1677 vestimenta
3469 1640 3583 1690 sua,
3615 1639 3669 1683 ct

2073 1700 2216 1755 lotus
2245 1717 2383 1772 aqua
2414 1703 2729 1759 immundus
2763 1706 2867 1761 erit
2894 1723 3066 1778 usque
3091 1710 3159 1765 ad
3188 1728 3496 1782 vesperam.
3533 1735 3553 1767 ι
3647 1758 3662 1773 .

2145 1794 2461 1851 Necessaria
2476 1798 2835 1868 praesentibus
2852 1801 3031 1856 verbis
3048 1817 3179 1858 usus
3199 1813 3283 1859 est
3306 1806 3581 1879 legislator
3596 1824 3668 1867 ne

2075 1886 2299 1942 omnino
2325 1888 2482 1942 nobis
2518 1888 2669 1943 ﬂet-et
2708 1888 3014 1960 deSperatio
3045 1893 3113 1949 de
3151 1896 3540 1967 conjunctione
3564 1902 3667 1957 do-

2074 1977 2252 2060 centis
2299 1990 2482 2047 prava,
2514 1981 2607 2035 sed
2643 1980 2788 2035 illam
2832 1989 3065 2049 tantum,
3097 1998 3218 2055 quae
3249 1998 3332 2043 est
3364 1994 3664 2061 usquedum

2072 2067 2328 2137 respiciat
2351 2069 2416 2122 ad
2450 2070 2852 2138 paenitentiam,
2885 2081 3046 2141 atque
3076 2075 3198 2129 ideo
3221 2087 3348 2133 sunt
3370 2078 3657 2146 immundi,

2072 2172 2428 2230 quoscunque
2450 2162 2653 2217 ﬂuxum
2702 2163 2926 2219 seminis
2952 2166 3164 2234 patiens
3202 2170 3451 2240 tetigerit,
3484 2173 3537 2226 id
3571 2183 3664 2229 est

2071 2250 2273 2319 quibus
2302 2253 2620 2308 commistus
2646 2253 2827 2309 fuerit.
2877 2256 3000 2310 Non
3037 2258 3163 2314 lotis
3199 2272 3375 2316 autem
3407 2267 3667 2323 manibus

2069 2356 2228 2410 aqua,
2254 2344 2488 2397 necdum
2514 2344 2767 2399 videlicet
2794 2360 2946 2400 suam
2966 2348 3131 2405 vitam
3159 2367 3255 2421 per
3281 2355 3665 2423 pmnitentiam

2068 2433 2271 2489 abluit:
2303 2435 2485 2491 lavare
2515 2436 2780 2507 siquidem
2816 2455 3040 2508 manus,
3075 2445 3252 2500 sordis
3290 2448 3572 2516 cujusdam
3609 2462 3669 2506 et

2068 2527 2291 2584 maculas
2315 2526 2706 2597 dcpositionem
2735 2518 3062 2589 manifestat.
3084 2534 3313 2606 Propter
3326 2541 3472 2609 quod
3491 2542 3658 2596 David

2065 2617 2279 2673 dicebat
2306 2638 2318 2672 :
2345 2619 2556 2674 Lavabo
2585 2620 2723 2675 inter
2743 2623 3037 2678 innocentes
3065 2643 3250 2681 manus
3274 2646 3441 2695 meas,
3474 2641 3521 2685 et
3549 2633 3655 2685 cir-

2067 2710 2214 2764 cuibo
2232 2712 2405 2764 artare
2425 2721 2591 2776 tuum,
2614 2712 2836 2768 Domine
2850 2717 2891 2769 ³.
2917 2715 3179 2772 Sordibus
3198 2720 3345 2775 enim
3362 2731 3467 2788 est,
3485 2724 3664 2793 turpia

2064 2809 2119 2854 et
2137 2816 2297 2870 prava
2317 2801 2536 2856 docens.
2557 2801 2632 2855 Ex
2652 2804 2774 2859 vitze
2795 2806 2940 2860 enim
2967 2806 3198 2875 fallacia,
3220 2815 3508 2869 etsordida
3525 2832 3664 2870 cou-

2065 2890 2292 2945 scientia
2321 2893 2388 2946 ad
2408 2893 2724 2962 hujusmodi
2752 2900 2998 2967 pervenit
3017 2901 3343 2959 doctrinam.
3379 2906 3485 2962 Iste
3502 2923 3656 2980 ergo,

2063 2985 2150 3054 qui
2187 2986 2239 3038 in
2269 2986 2425 3040 malis
2463 2987 2725 3043 docendis
2776 2991 3099 3059 quibusdam
3132 3000 3489 3069 semetipsum
3524 3005 3661 3056 mis-

2014 3106 2032 3163 :
2065 3078 2256 3145 cucrit,
2292 3078 2525 3132 necdum
2570 3082 2637 3134 ad
2691 3083 3066 3151 pmnitcntiam
3113 3090 3432 3159 respiciens,
3464 3105 3518 3147 et
3549 3095 3661 3160 hic,

2067 3170 2398 3236 immundus,
2431 3173 2809 3242 paenitentiam
2849 3177 3014 3232 habet
3058 3185 3444 3238 necessariam.
3490 3187 3666 3243 Lavet

2061 3276 2191 3330 ergo
2223 3263 2547 3316 vestimenta
2576 3276 2693 3329 sua,
2722 3266 2773 3319 id
2808 3277 2888 3321 cst
2924 3271 3196 3337 actiones,
3228 3290 3349 3342 qua:
3392 3293 3492 3330 nos
3533 3280 3659 3347 upi-

2058 3353 2319 3408 nionibus
2346 3362 2399 3408 ct
2417 3356 2581 3409 sectis
2617 3354 3018 3426 differentibus,
3040 3361 3179 3415 sicut
3226 3366 3363 3420 stola
3397 3368 3658 3423 induunt.

2057 3444 2158 3510 Qui
2194 3459 2323 3516 ergo
2350 3445 2621 3515 patientes
2657 3449 2932 3505 sustinent
2964 3454 3155 3519 malos,
3183 3464 3237 3509 ct
3264 3472 3330 3510 ex
3379 3460 3654 3529 conjunc-

2058 3538 2204 3591 tiune
2251 3538 2376 3592 talia
2419 3538 2733 3594 docentium
2790 3543 2856 3596 ad
2904 3545 3149 3601 actiones
3203 3549 3371 3604 malas
3419 3566 3657 3608 convcr-

2057 3640 2262 3696 tuntttr,
2296 3632 2458 3686 etiam
2492 3643 2717 3703 prepter
2736 3634 2839 3690 hoc
2863 3635 3042 3692 lavent
3074 3653 3271 3709 corpus
3305 3656 3461 3697 suum
3487 3657 3655 3713 aqua,

2056 3734 2117 3777 ut
2148 3733 2203 3779 et
2236 3740 2393 3778 suum
2422 3727 2683 3796 templum
2715 3741 2745 3781 a
2772 3731 3148 3798 compassione
3196 3734 3489 3790 verborum
3529 3738 3655 3791 illo-

2055 3834 2173 3871 rum
2215 3817 2523 3888 puriﬂcent,
2577 3827 2632 3873 et
2666 3829 2794 3875 tunc
2840 3832 3054 3878 certum
3104 3826 3210 3879 erit
3246 3828 3373 3896 quia
3420 3832 3654 3884 munda-

2052 3909 2275 3963 buntur.
2292 3908 2425 3963 Nam
2446 3911 2547 3965 etsi
2585 3911 2901 3970 immundus
2938 3916 3103 3970 fuerit
3151 3934 3321 3988 usque
3353 3921 3419 3974 ad
3455 3936 3650 3989 vespe-

2058 4012 2196 4061 ram,
2235 3998 2378 4067 quod
2418 4007 2502 4052 est
2546 4014 2720 4069 usque
2767 4003 2834 4056 ad
2868 4011 3081 4075 tempus
3122 4007 3481 4074 paenitentiae,
3511 4008 3653 4063 sicut

2050 4091 2370 4161 praedictum
2391 4101 2495 4156 est,
2520 4095 2611 4163 qui
2632 4095 2793 4150 docet
2813 4096 3061 4166 profana,
3086 4098 3207 4152 sine
3229 4097 3396 4153 dubio
3412 4100 3647 4154 mundus

2051 4183 2156 4236 erit
2188 4192 2310 4251 post
2344 4182 2742 4253 penitentiam.
2818 4240 2823 4243 _
2954 4178 2967 4189 ’

2122 4288 2286 4345 Vens.
2325 4293 2410 4346 l2.
2450 4312 2468 4344 ι
2510 4291 2577 4346 Ει
2608 4310 2702 4350 vas
2746 4293 2910 4350 ﬁctile
2949 4296 3262 4368 quicunque
3292 4300 3527 4373 tetigerit
3549 4303 3640 4371 qui

2051 4380 2256 4437 ﬂuxum
2306 4384 2531 4439 seminis
2576 4386 2803 4454 patitur,
2856 4387 3256 4460 confringetur.
3309 4390 3417 4447 Vas
3460 4403 3640 4448 autem

351 4493 475 4546 qua:
520 4476 736 4533 dillicile
765 4476 963 4531 mutari
1003 4478 1089 4532 vel
1118 4476 1320 4530 molliri
1368 4484 1616 4545 possunt.
1645 4474 1737 4530 Sic
1774 4476 1937 4530 etiam
1977 4455 2017 4507 ί)
2047 4472 2284 4544 ligneum
2326 4474 2596 4530 lavabitur
2618 4492 2779 4547 aqua,
2798 4487 2863 4535 et
2892 4455 3157 4534 tuendum
3190 4483 3313 4537 erit.
3354 4504 3373 4537 ι

353 4570 442 4625 hic
463 4570 520 4624 in
545 4585 753 4639 sagma,
773 4568 885 4624 sive
910 4578 967 4622 ut
988 4567 1129 4622 LXX
1148 4567 1455 4634 ediderunt,
1482 4568 1536 4620 in
1567 4584 1753 4639 sagma
1777 4569 1936 4632 asini,

350 4660 797 4733 negligentiorem
825 4661 1046 4730 quidem
1080 4659 1427 4729 discipulum,
1457 4660 1555 4715 sed
1588 4669 1770 4714 tamen
1796 4659 1936 4714 mol-

349 4754 454 4809 lius
478 4754 768 4810 habentem
786 4770 881 4809 cor
902 4753 969 4809 ad
985 4754 1432 4808 commutandum
1454 4768 1512 4808 se
1528 4770 1553 4806 νε
1586 4752 1767 4806 mollia
1788 4752 1935 4806 enim

347 4857 589 4919 saginata
605 4840 742 4902 asini
760 4846 1030 4919 legislator
1054 4846 1343 4902 intellexit.
1366 4846 1473 4901 Sed
1492 4854 1547 4899 et
1562 4846 1609 4899 is
1630 4845 1754 4916 quia
1777 4845 1936 4900 bonis

344 4939 619 5012 magistris
647 4939 850 5005 excuti,
875 4940 960 4994 vel
979 4938 1110 4994 dilui
1141 4946 1304 5008 atque
1327 4952 1586 5007 respuere
1605 4936 1810 4992 malum
1836 4937 1942 4992 dis-

343 5022 640 5104 cipulatum
692 5041 869 5103 potest
902 5033 1074 5103 :‘quia
1106 5033 1212 5086 tale
1249 5039 1334 5086 est
1378 5031 1523 5100 quod
1562 5030 1722 5093 LXX,
1749 5030 1947 5084 ἐπισα-

344 5139 459 5191 γμα
493 5124 789 5194 appellant.
819 5123 875 5178 id
892 5132 998 5186 est,
1025 5131 1262 5176 stratura
1289 5129 1383 5183 ;et
1412 5120 1527 5190 ipse
1548 5119 1800 5174 videlicet
1842 5119 1947 5173 im-

344 5213 580 5268 mundus
601 5213 725 5279 erit,
746 5213 1050 5282 nequedum
1071 5212 1141 5266 ad
1157 5209 1532 5280 paenitentiam
1549 5223 1608 5264 se
1634 5208 1873 5263 verterit.

418 5301 581 5358 Vens.
612 5304 698 5360 10.
740 5324 757 5356 ί
790 5303 858 5357 Et
880 5302 1061 5358 omnis
1081 5302 1174 5373 qui
1207 5299 1445 5371 tetigerit
1473 5300 1734 5370 quidquid
1756 5299 1858 5354 sub
1879 5314 1945 5352 eo

343 5394 466 5458 erit,
496 5397 807 5453 immundus
824 5397 930 5452 erit
966 5409 1139 5465 usque
1165 5394 1233 5449 ad
1257 5407 1568 5463 vesperum.
1604 5391 1667 5445 Et
1694 5391 1785 5460 qui
1815 5406 1941 5460 por-

343 5485 542 5539 taverit
561 5484 756 5539 horum
786 5485 1006 5555 aliquid,
1032 5484 1233 5540 lavabit
1251 5483 1573 5539 vestimenta
1595 5496 1712 5546 sua,
1739 5490 1793 5535 et
1825 5480 1940 5550 ipse

342 5570 488 5621 lotus
514 5584 652 5639 aqua
685 5571 995 5626 immundus
1024 5572 1128 5627 erit
1160 5587 1329 5641 usque
1358 5571 1424 5624 ad
1456 5584 1767 5639 vesperum.
1804 5587 1821 5618 ι

454 5770 474 5802 ⁸
502 5768 669 5824 [Tim
719 5788 796 5837 tv,
828 5771 880 5824 l.
990 5776 1009 5804 ²
1038 5773 1183 5827 Psal.
1216 5792 1341 5842 xxv,
1370 5773 1423 5827 6.

1537 5774 1556 5805 ³
1591 5772 1763 5827 ltior.
1788 5787 1885 5837 vn,
1918 5770 1972 5826 6.

2118 4565 2563 4637 lnsupcrieribus
2580 4569 2740 4640 hujus
2756 4569 2969 4642 legis,in
2991 4588 3094 4642 qua
3108 4573 3456 4632 dixitﬂuxum
3477 4579 3651 4636 semi-

2048 4659 2136 4714 nis
2167 4659 2488 4730 patientem,
2519 4660 2793 4731 quoslibet
2839 4660 3096 4718 homines
3127 4672 3354 4737 tangere
3407 4668 3649 4723 diximus

2046 4770 2160 4818 eos,
2178 4755 2377 4824 quibus
2396 4754 2509 4825 ipse
2522 4770 2581 4811 se
2594 4771 2758 4825 prava
2778 4756 2981 4812 docens
2998 4758 3313 4827 immiscuit,
3338 4772 3392 4817 et
3409 4766 3647 4834 sumpsit

2047 4848 2114 4902 ad
2138 4848 2431 4917 quamdam
2480 4848 2794 4904 societatem
2848 4851 2953 4917 sui,
2986 4852 3093 4908 hoc
3139 4856 3402 4910 eninrest
3454 4867 3646 4926 aperte

2051 4950 2291 5011 tangere,
2312 4940 2455 4995 unde
2468 4949 2525 4995 et
2539 4941 2738 4996 Paulus
2753 4950 2975 5013 propter
2985 4946 3299 5001 societatem
3320 4948 3643 5003 muliebrem

2050 5033 2346 5087 cavendam
2377 5032 2618 5088 :Bonum
2641 5044 2737 5096 est,
2760 5035 2956 5106 inquit,
2980 5037 3201 5104 homini,
3235 5039 3505 5093 mulierem
3533 5055 3640 5093 non

2053 5133 2283 5195 tangere.
2340 5123 2569 5195 Propter
2611 5127 2987 5196 fornicationes
3055 5139 3232 5182 autem
3282 5130 3641 5201 unusquisque

2051 5231 2203 5267 suam
2250 5230 2465 5268 uxorem
2508 5216 2719 5280 habent,
2749 5226 2798 5269 et
2846 5234 3175 5289 unaquaque
3224 5237 3375 5273 suum
3401 5222 3620 5277 virum’.

2050 5304 2115 5358 lli
2135 5319 2263 5376 ergo
2284 5319 2410 5360 vasa
2431 5304 2548 5376 ejus
2564 5305 2741 5361 effecti
2762 5314 2890 5362 sunt
2904 5307 3206 5362 doctrinam
3219 5309 3310 5379 qui
3329 5309 3396 5364 ab
3412 5324 3497 5374 eo,
3514 5310 3644 5367 licet

2049 5392 2293 5466 p'arvam,
2327 5406 2693 5467 susceperunt
2738 5417 2750 5452 :
2791 5414 2971 5470 neque
2997 5401 3144 5455 enim
3189 5401 3501 5472 supersedit
3535 5402 3642 5466 eis,

2044 5487 2097 5539 id
2124 5495 2207 5541 est
2227 5501 2336 5541 non
2358 5495 2528 5541 totam
2547 5488 2601 5542 in
2630 5487 2777 5558 ipsos
2797 5504 2949 5544 suam
2972 5490 3279 5547 doctrinam
3306 5492 3641 5555 exinanivit,

2047 5575 2220 5646 tetigit
2249 5583 2453 5645 tamen,
2484 5586 2695 5649 partem
2718 5580 3001 5650 quamdam
3033 5582 3269 5638 tradens.
3299 5582 3649 5642 Permaucns
