4038 6182
398 336 509 411 973

1565 333 1648 397 ΙΝ
1678 333 2119 401 LEVITLCUM.
2151 359 2221 370 -
2260 335 2406 396 LIB-
2443 337 2514 396 Υ.

3557 334 3666 418 974

391 440 561 521 igitur
592 445 817 506 ﬁctiles.
866 445 919 501 id
974 456 1058 500 est
1107 445 1324 518 fragiles
1351 454 1409 502 et
1466 447 1669 507 terreni
1716 446 1785 507 ad
1808 445 1981 500 lutum
2012 448 2260 525 Asancti
2301 448 2547 521 Spiritus
2590 448 2834 531 designat
2887 447 3209 521 imaginem;
3239 451 3459 531 oportet
3496 443 3643 500 enim

391 552 571 603 suum,
624 544 680 591 et
707 536 775 590 ad
837 535 1245 605 corruptionem
1287 534 1384 589 luti
1433 535 1798 600 intendentes,
1850 535 1977 604 quia

390 637 815 701 corrumpuntur
847 629 1011 683 etiam
1043 644 1072 682 a
1105 629 1377 698 paucitate
1427 629 1740 694 verborum,
1781 642 1976 681 neces-

389 721 532 779 sarie
556 729 933 777 conteruntur.
971 720 1027 774 Si
1057 730 1237 775 autem
1266 718 1451 793 lignei,
1486 718 1612 789 quia
1639 719 1814 790 lignea
1850 733 1976 773 vasa

385 809 551 866 luteis
601 820 657 865 et
695 810 952 865 ﬁctilibus
1007 809 1154 875 vasis
1191 809 1421 875 “fortiora
1470 818 1619 870 sunt,
1663 808 1977 878 diutiusque

387 902 722 968 subsistunt,
768 917 905 972 aqua
949 900 1108 965 lavati
1181 896 1528 967 mandantur.
1586 899 1775 969 Neque
1825 899 1976 963 enim

387 987 591 1044 insedit
624 988 679 1042 in
711 988 942 1055 eis,.nec
967 1005 1186 1049 omnem
1219 988 1359 1060 ejus,
1391 990 1531 1045 sicut
1562 988 1830 1054 diximus,
1862 1003 1975 1043 ma-

380 1077 495 1135 lam
552 1081 859 1135 doctrinam
905 1091 1297 1157 suscepenuut,
1334 1082 1688 1154 quamobrem
1742 1096 1845 1137 nec
1893 1081 1974 1136 sic

375 1169 433 1225 in
450 1171 753 1236 ﬁrmantur,
796 1181 856 1226 ut
884 1186 982 1241 per
1002 1172 1380 1242 pmnitentiam
1404 1173 1583 1239 sanari
1607 1187 1715 1233 non
1734 1172 1969 1241 possint.

371 1259 528 1332 Ergo
560 1262 794 1317 intentio
829 1271 916 1319 est
950 1256 1295 1334 legislatoris,
1330 1266 1628 1319 ostendere
1662 1263 1754 1334 qui
1793 1264 1972 1333 pumi-

376 1354 611 1413 tentiam
639 1363 818 1429 agant,
864 1352 947 1408 vel
974 1354 1099 1427 quia
1126 1370 1236 1409 non
1273 1354 1657 1425 pmnitentiam
1683 1354 1974 1426 agentibus

379 1446 532 1501 salus
553 1447 782 1503 oﬂ'ertur
807 1464 822 1509 ς

455 1533 620 1590 Vens.
670 1535 763 1590 l5.
804 1555 822 1588 ι
865 1534 921 1589 Si
959 1542 1179 1590 sanatus
1229 1533 1413 1599 fuerit,
1466 1536 1556 1605 qui
1590 1534 1972 1606 hujuscemodi

378 1629 611 1689 sustinet
670 1629 1000 1698 passionem,
1042 1628 1387 1689 enumerabit
1443 1636 1662 1698 septem
1721 1628 1840 1682 dies
1904 1627 1969 1682 ad

378 1720 820 1784 emundationem
849 1721 956 1787 sui,
985 1732 1040 1777 et
1059 1721 1184 1777 lotis
1217 1719 1461 1785 vestibus
1484 1734 1548 1774 ac
1580 1727 1695 1776 toto
1715 1734 1965 1792 corpore,

378 1809 436 1865 in
465 1812 620 1882 aquis
640 1812 948 1868 viventibus
976 1812 1083 1867 erit
1111 1812 1369 1872 mundus.
1412 1829 1433 1863 ι

438 1902 723 1960 ‘llundatio
739 1912 822 1959 est
841 1905 979 1975 ejus,
1004 1904 1093 1975 qui
1109 1903 1313 1959 ﬂuxum
1332 1902 1556 1958 seminis
1571 1903 1963 1974 patitur-mam-

378 1996 937 2068 demcorruptiouem
957 1996 1552 2067 seminisnequaquam
1581 1996 1812 2052 ulterius
1839 2013 1965 2053 sus-

377 2088 574 2145 tinere.
619 2085 676 2142 Si
726 2103 856 2160 ergo
889 2088 1106 2143 sordida
1132 2103 1415 2159 pravaque
1466 2103 1529 2142 ac
1566 2086 1771 2141 nefaria
1802 2088 1962 2159 quis-

378 2180 529 2257 piam
554 2180 758 2237 docens
780 2179 1100 2245 cessaverit,
1124 2189 1315 2250 utpote
1349 2179 1442 2250 qui
1471 2179 1786 2251 cessaverit,
1815 2196 1845 2234 a
1873 2180 1963 2235 tali

380 2276 751 2348 impudicitia,
813 2277 1052 2341 mundus
1099 2276 1533 2335 rectedicitur:
1583 2276 1687 2343 Pro
1731 2277 1966 2341 sordidis

380 2369 727 2431 sermonibus
747 2377 953 2435 autem,
979 2384 1119 2439 quos
1142 2368 1530 2439 eﬂuditprius,
1554 2384 1779 2437 necesse
1791 2369 1967 2433 habet

380 2470 590 2530 septem
615 2459 730 2517 dies
768 2461 1135 2526 dinumerare,
1176 2460 1257 2525 ,ad
1293 2460 1659 2517 omnimodam
1703 2463 1967 2531 emunda-

380 2557 609 2620 tionem,
634 2571 754 2631 qua:
785 2557 1065 2625 perﬁcitur
1086 2571 1188 2626 per
1216 2555 1532 2623 adventum.
1582 2556 1960 2619 subministra-

378 2647 699 2717 tionemque
723 2647 976 2718 spiritus,
1007 2647 1165 2717 cujus
1194 2648 1533 2719 septemplex
1564 2648 1771 2709 donum
1811 2649 1966 2707 nobis

376 2736 546 2793 Isaias
577 2740 848 2808 exposuit,
866 2755 991 2793 cum
1020 2739 1095 2799 ait
1125 2756 1140 2792 :
1164 2737 1395 2809 Spiritus
1412 2740 1689 2808 sapientiae
1717 2749 1766 2794 et
1808 2740 1966 2795 intel-

375 2828 556 2891 lectus,
584 2830 802 2899 spiritus
822 2829 1099 2889 consiliiet
1125 2830 1472 2900 fortitudinis,
1493 2830 1710 2899 spiritus
1725 2831 1969 2896 scientiae

374 2931 424 2976 et
451 2923 682 2993 pietatis,
709 2923 926 2993 spiritus
948 2923 1154 2977 timoris
1184 2922 1394 2982 Domini
1416 2922 1674 2991 “.Quibus
1710 2924 1969 2979 omnibus

372 3014 671 3087 egent,.qui
700 3014 1008 3089 perfectam
1038 3015 1453 3079 inundationem
1477 3014 1581 3070 sibi
1618 3015 1903 3085 procurari
1935 3032 1966 3069 a

373 3107 602 3171 malitia,
630 3122 752 3176 qua:
778 3115 864 3161 est
892 3107 945 3160 in
981 3107 1278 3168 locutione.
1313 3107 1427 3162 sive
1460 3106 1516 3163 in
1556 3108 1834 3179 operibus,
1860 3108 1955 3163 sed

373 3205 432 3253 et
450 3213 601 3268 aqua
642 3198 773 3265 viva,
801 3198 986 3257 lavant
1017 3198 1344 3257 vestimenta
1368 3207 1436 3259 et
1466 3214 1685 3271 corpus.
1712 3197 1855 3266 Quae.
1885 3201 1955 3254 sit

370 3305 501 3346 vero
536 3291 619 3349 vis
668 3291 1136 3357 vestimentorum,
1189 3300 1245 3351 et
1285 3291 1553 3361 corporis.
1600 3292 1740 3355 satis
1764 3301 1848 3347 est
1889 3292 1957 3346 in

369 3379 743 3449 superioribus
763 3362 1211 3439 demonstratum.
1231 3382 1383 3449 Aqua
1410 3389 1592 3445 autem
1615 3380 1733 3434 viva
1754 3379 1957 3449 lavant,

370 3469 463 3526 illa
486 3470 738 3527 videlicet
767 3470 834 3524 de
860 3486 966 3539 qua
1010 3469 1246 3539 Spiritus
1275 3469 1489 3525 dicebat
1521 3488 1537 3524 :
1565 3468 1671 3540 Qui
1705 3470 1864 3524 credit
1903 3470 1961 3524 in

373 3578 477 3629 me,
521 3564 656 3619 sicut
679 3562 823 3621 ,dicit
868 3561 1186 3633 Scriptura,
1222 3561 1447 3630 [Iuntina
1496 3561 1573 3627 “de
1626 3570 1801 3616 verme
1842 3562 1956 3632 ejus

372 3655 541 3725 ﬂuent
574 3669 731 3725 aqua:
757 3655 899 3714 .vivw
927 3656 970 3708 ⁸.
1019 3653 1086 3707 Ει
1110 3668 1314 3709 rursus
1341 3671 1355 3707 :
1384 3650 1693 3723 Quicunque
1739 3652 1866 3706 bibit
1892 3668 1958 3707 ea:

372 3763 513 3818 aqua
540 3762 702 3821 quam
735 3761 828 3821 ego
856 3744 1140 3814 do.ei,ﬁet
1174 3745 1230 3801 in
1269 3761 1328 3799 eo
1354 3746 1470 3815 fons
1500 3760 1656 3816 aqua?
1698 3745 1953 3811 salientis

370 3839 620 3895 invitam
647 3845 902 3899 retentant
934 3836 975 3890 ‘.
1001 3837 1143 3908 Ergo
1171 3835 1452 3900 inundatio
1470 3851 1649 3906 prava
1677 3836 1951 3905 docentis,

368 3947 472 4003 per
496 3930 695 3988 bonam
740 3928 1144 4000 legitimamque
1174 3927 1477 3987 doctrinam
1502 3927 1782 4001 provenit.
1825 3929 1954 3984 Haec

369 4032 457 4081 est
507 4023 653 4080 enim
689 4022 809 4080 viva
855 4038 1017 4103 aqua,
1063 4021 1191 4092 quia
1233 4021 1401 4078 vitam
1431 4021 1500 4085 ad
1530 4036 1591 4077 se
1641 4022 1954 4079 accedentis

367 4125 611 4190 praestat.

441 4212 599 4267 Vens.
618 4211 713 4269 μ.
735 4229 755 4263 ‹
785 4208 880 4265 Die
905 4217 1087 4264 autem
1110 4216 1319 4272 octavo,
1344 4215 1522 4262 sumet
1550 4207 1686 4271 duos
1714 4213 1953 4262 turtures

360 4305 623 4365 autduos
667 4303 845 4375 pullos
887 4300 1170 4366 columbae,
1233 4307 1290 4354 et
1317 4299 1499 4354 veniet
1549 4299 1604 4352 in
1654 4308 1952 4377 conspectu

360 4399 580 4454 Domini
608 4397 910 4455 adiostium
941 4393 1275 4455 tabernaculi
1318 4393 1615 4449 testimonii
1646 4410 1664 4475 ξ
1694 4394 1951 4464 dabitque

2081 541 2359 601 doctorem
2379 541 2716 605 meditationi
2744 539 2970 615 spiritali
2998 556 3218 611 operam
3258 536 3408 595 dare.
3436 537 3666 617 Propter

2081 632 2226 711 quod
2259 642 2318 688 ut
2347 634 2683 695 sacerdotem
2732 640 2789 688 ct
2819 634 3153 703 magistrum,
3200 622 3545 705 sibitnetipsi'
3565 650 3665 694 su-

2082 738 2232 781 mere
2270 724 2375 779 hoc
2410 723 2733 791 sacriﬁcium
2772 723 3050 795 praecepit,
3091 723 3236 797 quod
3281 725 3333 777 in
3363 724 3471 779 alio
3496 726 3667 783 sacri-

2082 819 2203 877 ﬁcio
2220 819 2320 875 nisi
2348 834 2535 877 rursus
2571 817 2864 877 sacerdotis
2881 816 3111 889 alicujus
3138 815 3301 872 fuerit
3314 833 3384 883 ac
3403 819 3665 891 magistri,

2088 909 2297 973 dixisse
2329 910 2639 975 nullatenus
2668 908 2962 966 invenitur.

2172 999 2459 1071 Ipsumque
2506 1000 2714 1070 deferre
2752 999 2975 1055 hostium
3022 1000 3076 1053 in
3102 999 3291 1069 ostium
3337 998 3669 1057 tabernaculi

2080 1094 2388 1151 testimonii.
2422 1092 2504 1155 Ad
2530 1091 2911 1169 apostolorum
2932 1091 3189 1148 videlicet
3209 1091 3485 1159 doctrinas
3520 1109 3535 1158 ;
3570 1094 3669 1148 bas

2077 1187 2225 1242 enim
2264 1201 2394 1257 ,csse
2430 1185 2709 1249 introitum
2732 1226 2746 1250 ,
2779 1192 2871 1257 aut
2917 1200 3104 1251 verum
3150 1185 3556 1259 tabernaculum
3590 1196 3669 1242 te-

2075 1277 2346 1340 stimonii,
2366 1277 2420 1332 id
2439 1286 2533 1333 ,est
2551 1277 2943 1341 habitationem
2964 1275 3190 1345 Christi,
3219 1286 3274 1331 et
3294 1278 3665 1333 conversatio-

2075 1385 2224 1433 nem,
2257 1369 2509 1439 superius
2554 1368 2611 1424 in
2651 1368 2931 1430 sacriﬁciis
2958 1368 3320 1435 ostendimus,
3349 1378 3406 1424 ut
3434 1371 3499 1425 ad
3531 1387 3666 1442 apo-

2074 1459 2321 1521 stolicam
2353 1459 2717 1521 intentionem
2745 1459 2799 1515 in
2850 1459 3033 1523 futuro
3061 1476 3212 1527 suam
3265 1462 3510 1533 perﬁciat
3562 1463 3667 1517 lin-

2071 1568 2254 1625 guam.
2272 1551 2425 1610 Sicut
2440 1560 2627 1615 autem
2643 1553 2735 1623 qui
2758 1552 3020 1624 peccavit,
3034 1553 3400 1617 ,etsacerdotii
3421 1554 3666 1611 habitum

2073 1659 2132 1712 in
2175 1663 2240 1715 se
2274 1647 2617 1717 inﬁrmavit:
2660 1654 2828 1721 atque
2854 1646 3102 1705 incilicax
3141 1646 3397 1712 reddidit,
3424 1647 3553 1715 dare
3576 1664 3666 1703 sa-

2073 1740 2301 1803 cerdoti,
2331 1738 2699 1809 etsacerdotii
2732 1737 3220 1805 ministeriumalii
3256 1739 3451 1809 cedere
3479 1739 3668 1809 jussus

2000 1820 2049 1877 Β
2078 1824 2191 1897 est.
2228 1833 2337 1897 Sed
2389 1832 2667 1906 accipiens
2744 1831 2999 1888 sacerdos
3067 1832 3204 1895 duos
3248 1837 3522 1897 turtures,
3572 1841 3669 1889 aut

2065 1928 2204 1995 duos
2228 1925 2412 1999 pullos
2443 1925 2841 1997 columbarum,
2874 1922 3004 1993 quid
3036 1921 3210 1983 facit?

2130 2017 2309 2085 Unum
2352 2015 2481 2087 facit
2519 2031 2614 2085 pro
2644 2023 2876 2083 peccato,
2906 2022 2967 2080 ,ει
2996 2028 3160 2079 unum
3183 2013 3240 2067 in
3284 2014 3662 2082 Italoraustum,

2067 2110 2142 2167 Ur
2168 2109 2282 2169 .hoc
2314 2107 2539 2179 quidem
2572 2105 2824 2177 sacriﬁcii
2848 2105 2923 2161 ad
2941 2104 3275 2160 ablutionem
3301 2107 3443 2179 ejus,
3471 2121 3667 2162 eorum

2065 2216 2189 2279 qua:
2207 2198 2452 2271 peccavit
2480 2198 2533 2269 in
2561 2194 2809 2267 doctrina
2824 2195 3239 2265 contradicente
3261 2196 3363 2269 legi
3385 2194 3663 2268 proﬁciat:

2073 2292 2204 2353 illud
2233 2302 2416 2361 autem
2443 2290 2512 2353 ad
2555 2289 2845 2360 ,sapienter
2870 2290 3301 2357 conversantium
3357 2291 3416 2347 in
3442 2289 3661 2359 futuro;

2070 2384 2249 2454 ,bujus
2288 2382 2435 2438 enim
2466 2393 2551 2447 est
2577 2381 2791 2453 signum
2823 2380 2879 2445 in
2909 2381 3309 2439 holocaustum.

2127 2475 2299 2541 [ἐμεῖο
2326 2472 2819 2543 άερτεεαὸξιιινιρνο
2850 2488 2908 2526 eo
2938 2473 3177 2539 sacerdos
3202 2489 3386 2527 coram
3414 2472 3663 2540 Domina,

2070 2577 2135 2646 ut
2180 2565 2493 2629 eumndetur
2528 2581 2561 2617 a
2584 2565 2740 2633 ﬂuxu
2795 2564 3010 2617 seminis
3052 2564 3158 2623 sui.
3194 2563 3304 2618 Nec
3327 2565 3471 2619 enim
3505 2564 3665 2619 aliter

2068 2659 2353 2738 quisquam
2377 2656 2787 2723 mundationem
2806 2671 2994 2713 coram
3019 2657 3244 2713 Domino
3268 2656 3445 2713 facere
3461 2667 3660 2729 potest,

2071 2751 2123 2810 id
2154 2760 2237 2815 est
2266 2746 2571 2815 secundum
2608 2745 3049 2812 voluntatem,et
3089 2746 3261 2818 legem
3297 2747 3416 2812 Del,
3454 2748 3559 2817 nisi
3595 2749 3663 2803 de

2064 2844 2320 2919 his,qu
2359 2839 2610 2911 peccavit
2652 2839 2957 2910 pmnitens,
2983 2848 3038 2894 et
3081 2855 3180 2911 per
3224 2840 3491 2896 sacriﬁcia
3521 2858 3651 2898 ora-

2063 2934 2282 3000 tionum
2326 2929 2690 2993 satisfaciens,
2748 2938 3045 3000 posteaque
3088 2939 3241 2986 recte
3296 2931 3547 2999 vivendo,
3598 2950 3663 2987 ac

2060 3023 2314 3095 perfecte
2361 3021 2646 3092 sapiendo.
2714 3018 2856 3097 Ergo
2904 3020 3000 3093 qui
3040 3037 3263 3078 suorum
3315 3035 3658 3094 peccatorum

2061 3113 2517 3179 ,emundatiouem
2557 3111 2664 3167 alio
2712 3111 2876 3167 modo
2920 3112 3151 3184 peragit,
3180 3128 3290 3184 pro
3329 3116 3434 3170 hoc
3475 3132 3657 3171 coram

2064 3204 2294 3267 Domino
2323 3220 2435 3261 non
2464 3212 2683 3283 rogatur
2706 3221 2719 3257 :
2744 3218 2919 3275 neque
2944 3204 3090 3269 enim
3111 3205 3231 3276 ejus
3249 3206 3659 3265 mundationem

2061 3298 2292 3373 suscipit
2319 3298 2481 3364 Deus,
2515 3296 2613 3351 sed
2640 3311 2743 3351 nec
2767 3311 2863 3351 eos
2888 3295 2981 3368 qui
3015 3288 3127 3367 pro
3146 3314 3213 3354 eo
3243 3299 3483 3355 oﬂ'erunt
3535 3319 3658 3374 pre-

2060 3401 2173 3443 ces.
2197 3384 2558 3457 Quamobrem
2581 3385 2696 3441 sive
2722 3385 2789 3441 ad
2808 3385 3111 3451 doctrinam
3132 3389 3254 3458 quis
3286 3389 3656 3464 incongruam.

2060 3477 2177 3535 sive
2206 3477 2276 3533 ad
2301 3477 2467 3532 vitam
2497 3476 2720 3532 deﬂuxit
2744 3477 2963 3543 malum,
2988 3477 3103 3534 sive
3151 3491 3464 3553 utrumque,
3496 3486 3654 3541 simul

2058 3585 2251 3643 preces
2279 3570 2580 3636 eﬂ'undere,
2598 3568 2898 3629 secundum
2948 3569 3092 3641 quod
3121 3570 3325 3628 dictum
3361 3585 3445 3631 est
3472 3592 3655 3633 coram

2060 3658 2316 3731 Domino,
2339 3661 2434 3734 qui
2471 3661 2636 3717 habet
2674 3662 2730 3717 in
2773 3671 3046 3733 potestate
3086 3663 3368 3720 dimittere
3409 3679 3652 3737 peccata,

2060 3752 2302 3809 festinet.
3008 3818 3029 3835 ‘

2130 3844 2296 3901 Vsus.
2328 3845 2424 3902 l6.
2473 3864 2491 3898 ι
2527 3846 2623 3903 Vir
2651 3846 2718 3903 de
2753 3862 2864 3918 quo
2890 3846 3200 3919 egredietur
3226 3863 3412 3904 semen
3456 3850 3652 3919 coitus,

2056 3935 2259 3993 lavabit
2302 3953 2443 4010 aqua
2468 3953 2632 3994 omne
2657 3954 2859 4010 corpus
2888 3954 3070 4006 suum,
3102 3948 3159 3996 et
3182 3940 3498 3999 immundus
3549 3945 3656 4000 erit

2055 4046 2229 4102 usque
2248 4032 2318 4087 ad
2329 4046 2636 4103 vesperam,
2656 4029 2877 4091 Vestem
2896 4038 2952 4087 et
2975 4031 3172 4102 pellem
3207 4048 3368 4105 quam
3400 4035 3655 4093 habuerit

2056 4113 2260 4171 lavabit
2301 4130 2463 4188 aqua,
2508 4123 2564 4170 et
2592 4113 2873 4170 immunda
2908 4114 3013 4171 erit
3039 4130 3211 4186 usque
3253 4117 3320 4173 ad
3344 4133 3651 4189 vesperam.

2056 4205 2248 4261 Mulier
2276 4221 2400 4262 cum
2430 4223 2537 4279 qua
2565 4207 2777 4273 coierit,
2811 4207 3081 4263 lavabitur
3100 4223 3262 4279 aqua,
3285 4219 3341 4264 et
3370 4209 3650 4266 immunda

2054 4299 2159 4355 erit
2182 4314 2352 4370 usque
2378 4301 2447 4355 ad
2468 4315 2779 4371 vesperam.
2822 4319 2840 4353 ο

2125 4390 2501 4447 Necessariam
2545 4391 2747 4448 habere
2794 4389 3262 4462 regenerationem
3305 4390 3652 4464 baptismatis

362 4505 461 4545 eos
503 4488 803 4553 sacerdoti,
843 4488 935 4558 qui
966 4486 1127 4541 faciet
1153 4500 1343 4543 .unum
1378 4492 1758 4558 propeccato,
1782 4492 1838 4539 et
1864 4485 1946 4538 al-
1986 4509 2026 4563 υ
2057 4483 2357 4541 humanum
2395 4498 2586 4555 genus,
2634 4483 2749 4552 ipse
2798 4481 3063 4537 Dominus
3109 4484 3370 4551 ostendit,
3419 4485 3647 4541 dicens:

364 4590 543 4637 terum
572 4580 629 4639 in
700 4580 1097 4643 holocaustum,
1135 4576 1457 4655 rogabitque
1496 4591 1613 4646 ,pro
1650 4591 1718 4630 eo
1768 4591 1953 4637 coram

298 4716 303 4719 -
362 4673 616 4737 Domino,
638 4671 1047 4727 utemundetur
1068 4685 1101 4725 a
1121 4669 1267 4733 ﬂuxu
1295 4668 1654 4727 seminissui.
1703 4687 1721 4720 ι

435 4765 537 4832 Qui
567 4774 776 4835 septem
792 4764 908 4821 dies
927 4762 1237 4823 numerabit
1263 4762 1390 4825 sibi,
1412 4760 1465 4817 id
1497 4769 1583 4823 est
1604 4760 1958 4841 operationes

361 4858 609 4928 spiritus,
654 4856 744 4911 hic
785 4864 975 4915 Octava
1015 4854 1124 4920 die,
1152 4854 1225 4913 ,ω
1254 4861 1341 4909 est
1390 4852 1445 4907 in
1470 4852 1652 4927 gratia
1702 4851 1956 4921 videlicet

358 4948 584 5013 Christi,
625 4961 748 5016 quae
784 4953 971 5001 octava
1017 4942 1105 4998 die
1133 4942 1551 5001 resurrectionis
1599 4940 1814 5007 enituit,
1846 4954 1947 4994 seu

361 5042 573 5107 claruit,
589 5037 916 5097 sacriﬁcium
928 5036 1337 5107 oﬂerrejussus
1352 5043 1454 5091 est.
1480 5033 1635 5107 Quod
1659 5043 1743 5088 est
1758 5041 1947 5097 autem

363 5135 470 5189 hoc
497 5133 848 5195 sacriﬁcium.

436 5221 503 5277 Id
534 5236 632 5287 eu,
658 5224 787 5276 duos
817 5229 1068 5285 turtures,
1100 5216 1540 5288 autduaspullos
1558 5215 1944 5277 columbarum.

363 5313 596 5385 Dignum
625 5313 831 5369 esthoc
854 5310 1168 5369 doctoribus
1217 5309 1582 5375 sacriﬁcium;
1621 5322 1684 5362 ex
1726 5307 1947 5363 alitibus

363 5406 511 5462 enim
558 5414 686 5459 sunt
712 5405 845 5462 haec
879 5403 1160 5465 animalia.
1192 5401 1260 5458 Et
1311 5401 1532 5473 quidem
1578 5407 1757 5455 turtur
1793 5402 1947 5472 quasi

363 5496 890 5579 qﬂitatoriumest
925 5496 1129 5555 animal
1161 5495 1456 5564 ;_coluntba
1504 5503 1685 5559 autem
1728 5504 1952 5564 propter

354 5588 659 5662 generandi
718 5588 1108 5660 frequentiam,
1161 5598 1218 5643 et
1252 5598 1490 5666 {propter
1544 5586 1951 5657 simplicitatem

1511 5786 1531 5819 ⁸
1562 5784 1721 5840 Joan.
1755 5802 1829 5851 Iv,
1866 5786 1950 5840 Η.

470 5791 491 5822 ⁸
515 5788 622 5846 lsa.
653 5804 735 5858 ιι,
760 5790 817 5845 2.
941 5793 961 5824 ³
985 5789 1143 5846 Joan.
1175 5805 1273 5855 vn,
1307 5787 1396 5844 '58.

2063 4576 2185 4632 Nisi
2215 4577 2331 4650 quis
2361 4586 2577 4631 renatus
2604 4576 2763 4649 fuerit
2793 4592 2931 4647 aqua
2969 4585 3019 4631 et
3052 4578 3263 4646 spiritu,
3295 4593 3399 4633 non
3428 4578 3651 4633 intrabit

2062 4669 2117 4723 in
2150 4685 2367 4741 regnum
2418 4669 2668 4724 caelorum
2689 4669 2730 4724 ⁷.
2764 4667 2935 4739 Cujus
2967 4669 3223 4740 equidem
3253 4671 3431 4727 sordis
3459 4671 3515 4726 in
3551 4686 3652 4726 no-

2060 4759 2146 4815 bis
2160 4776 2225 4814 cx
2250 4760 2421 4815 Adam
2449 4760 2816 4829 inobedieutia
2836 4772 2917 4817 est
2940 4762 3232 4828 transfusa,
3247 4763 3390 4818 unde
3406 4770 3462 4816 et
3481 4761 3648 4817 David

2058 4848 2116 4903 in
2167 4849 2546 4920 iniquitatibus
2591 4867 2650 4906 se
2693 4860 2904 4927 natum,
2953 4859 3009 4906 et
3037 4850 3093 4905 in
3138 4851 3377 4920 peccatis
3414 4852 3649 4905 asseruit

2057 4957 2180 4997 esse
2210 4953 2556 5015 conceptum,
2589 4960 2700 5000 non
2731 4954 2964 5000 matrem
3001 4958 3157 4997 suam
3184 4956 3453 4998 accusans
3468 4942 3511 5005 ⁸,
3549 4943 3646 4997 sed

2056 5043 2342 5106 peccatum
2398 5035 2658 5100 innuens,
2696 5035 2847 5111 quod
2905 5035 3151 5090 decurrit
3201 5050 3267 5089 ex
3318 5047 3542 5104 genere.
3581 5035 3649 5090 Et

2055 5143 2206 5193 nunc
2238 5127 2515 5200 legislator
2547 5143 2698 5195 eum,
2750 5117 2958 5199 dequo
3008 5141 3195 5181 semen
3226 5124 3508 5198 egreditur
3528 5126 3648 5181 eoi-

2055 5228 2165 5287 tus,
2193 5219 2248 5275 id
2271 5226 2356 5275 est
2382 5234 2506 5274 eum
2529 5219 2622 5290 qui
2656 5235 2753 5286 pro
2775 5220 2898 5275 filiis
2918 5217 3272 5289 procreandis
3297 5231 3485 5272 semen
3511 5218 3650 5273 eﬂ'u-

2057 5313 2159 5379 dit,
2189 5312 2285 5369 sed
2315 5320 2371 5367 et
2414 5312 2701 5367 mulierem
2747 5327 2869 5382 qua:
2906 5309 3169 5381 suscepit,
3235 5310 3417 5365 lavare
3446 5325 3649 5381 corpus

2060 5402 2328 5475 praecepit
2370 5401 2442 5457 ob
2496 5401 2624 5463 hoc,
2685 5401 2814 5471 quia
2862 5414 3053 5455 semen
3081 5399 3344 5470 suscepit,
3374 5413 3476 5470 per
3502 5399 3648 5470 quod

2061 5497 2167 5552 hoc
2200 5493 2463 5565 templum
2496 5501 2749 5548 nostrum
2792 5500 2989 5559 totum,
3036 5492 3091 5548 id
3119 5500 3222 5559 est,
3254 5491 3466 5565 integer
3486 5492 3650 5548 homo

2062 5584 2394 5642 describitur
2440 5580 2507 5638 ei:
2540 5582 2719 5637 anima
2767 5590 2824 5636 et
2867 5595 3120 5652 corpore.
3181 5580 3647 5649 Quemadmodum

2065 5785 2084 5815 "
2113 5783 2267 5840 Joan.
2308 5800 2390 5850 tn,
2434 5786 2488 5839 5.
2601 5782 2620 5813 ⁸
2651 5778 2795 5835 Psal.
2829 5797 2881 5847 ι,
2906 5780 2958 5835 5.
