4038 6182
414 328 524 389 975
1614 327 1974 393 HESYCHII
2014 332 2490 397 pRESBYTERI
3432 406 3443 421 ἢ
3571 345 3687 410 ςῃσ

401 457 529 512 ergo
584 440 828 496 animam
865 439 1045 494 divina
1084 436 1368 508 Scriptura
1424 439 1658 507 appellat
1702 454 1854 505 eum,
1902 443 1993 512 qui
2028 455 2065 505 Α
2096 458 2203 509 ειη,
2264 457 2317 500 ει
2374 450 2601 512 semine.
2642 464 2723 505 -ει
2787 469 2894 523 (μη,
2944 470 3114 524 genus
3166 467 3405 513 accusat.
3438 458 3559 515 Non
3593 442 3680 517 es,

400 544 481 588 est
516 549 582 587 ex
615 534 795 587 anima
854 540 910 586 et
937 545 1186 599 corpore,
1225 530 1538 584 hominem:
1581 530 1725 585 sicut
1760 533 1983 603 quando
2089 549 2271 592 autem
2337 541 2678 608 admirabile,
2714 545 2760 598 si
2790 545 3065 611 mulieres,
3121 564 3244 617 qua:
3300 565 3411 603 non
3440 552 3673 607 filiorum

398 625 565 679 dicit:
635 622 907 677 Descendit
962 616 1127 673 Jacob
1174 621 1230 673 in
1265 619 1517 692 'IEgypto
1565 622 1621 674 in
1646 623 1984 696 septuaginta
2080 631 2279 700 gratia,
2324 631 2417 688 sed
2481 644 2705 705 proiitcr
2756 652 2886 693 usus
2923 616 3317 710 turpitudinem
3366 659 3490 697 cum
3543 638 3672 699 viris

398 718 624 783 quinque
652 713 993 776 auimabus’;
1032 712 1111 766 sic
1142 727 1342 805 corpus
1383 728 1574 768 rursus
1599 722 1773 768 totum
1800 714 1986 785 appel-
2091 721 2359 789 habitant,
2397 738 2601 781 vestem
2630 737 2686 782 et
2714 729 2912 798 pellem
2963 731 3268 803 intelligere
3300 733 3666 805 legislatorum

398 808 510 860 lare
543 805 821 859 hominem
851 805 1156 859 consuevit.
1187 802 1341 869 Quod
1372 805 1612 859 ostendit
1640 805 1779 861 liber
1808 806 1985 861 Gene-
2083 811 2322 867 diximus
2347 832 2361 868 :
2392 818 2703 872 vestimenti
2733 818 2902 887 enim,
2933 832 2987 876 et
3015 822 3073 876 in
3101 802 3245 878 malo
3274 802 3480 897 aliqua,
3509 836 3674 900 atque

395 904 472 957 sis
495 900 697 971 .loscph
750 898 1024 952 frumenta
1054 899 1396 952 ministrasse
1428 896 1705 962 fratribus,
1738 914 1835 967 per
1859 913 1985 952 cor-
2082 911 2274 955 contra
2330 903 2527 976 legem,
2565 921 2725 961 usum
2755 908 2809 962 in
2845 909 3034 965 divina
3069 910 3354 985 Scriptura
3374 896 3673 989 acceptum

395 1008 528 1063 pora
576 990 789 1046 dicens.
819 988 957 1055 Quia
997 1002 1178 1043 autem
1214 986 1467 1060 sordidus
1500 987 1729 1042 effectus
1763 1003 1857 1057 per
1898 987 1986 1041 in-
2086 994 2328 1057 invenis,
2360 998 2505 1051 sicut
2537 999 2703 1054 David
2730 999 2905 1056 dicit:
2950 1001 3021 1056 Et
3054 1005 3229 1059 induit
3259 1023 3318 1061 se
3348 986 3674 1065 maledictio-

395 1082 764 1139 obedientiam
788 1083 958 1135 Adam
987 1079 1267 1136 sordidum
1286 1095 1404 1134 esse
1431 1079 1593 1133 etiam
1614 1094 1801 1132 semen
1825 1094 1982 1133 suum
2086 1099 2203 1138 nem
2230 1086 2365 1140 sicut
2397 1092 2760 1145 vestimentum
2781 1094 2843 1146 ¹¹¹.
2887 1095 2956 1150 Ει
2986 1111 3175 1151 rursus
3199 1114 3214 1151 :
3254 1095 3560 1155 Induantur
3583 1102 3675 1175 qui

394 1179 558 1234 fecit:
591 1177 1008 1246 necessarieque
1044 1188 1247 1243 corpus
1276 1172 1557 1227 sordidum
1591 1180 1696 1237 est,
1730 1185 1797 1225 eo
1837 1171 1982 1240 quod
2083 1175 2367 1230 detrahunt
2408 1180 2533 1232 mi/n'
2567 1182 2854 1237 reverentia
2880 1182 2944 1239 ¹³.
2998 1184 3162 1242 Pellis
3213 1197 3399 1244 autem
3449 1171 3671 1261 quando

393 1288 455 1326 ex
481 1270 689 1325 semine
717 1267 963 1338 procedit
1001 1266 1054 1319 in
1081 1280 1188 1342 quo
1224 1264 1567 1319 immundum
1595 1271 1679 1316 est
1719 1260 1983 1331 usquead
2084 1264 2286 1335 aliquid
2336 1268 2463 1323 boni
2511 1272 2799 1343 significat,
2843 1282 2973 1330 tunc
3017 1292 3129 1332 non
3178 1260 3503 1350 simpliciter
3551 1284 3667 1355 ipsa

394 1376 701 1432 vesperam,
734 1360 785 1413 id
824 1368 909 1412 est
938 1356 1123 1412 saeculi
1164 1355 1357 1410 finem:
1406 1355 1531 1423 quia
1577 1354 1633 1407 in
1662 1354 1767 1409 fine
1807 1369 1982 1408 szecu-
2087 1359 2265 1428 pellis,
2293 1361 2387 1415 sed
2424 1363 2620 1433 pellem
2650 1367 2719 1419 ad
2752 1381 2892 1436 Opus
2921 1376 3104 1438 aptam
3145 1370 3425 1442 legislator
3453 1374 3586 1441 edit,
3613 1388 3673 1434 et

395 1458 567 1532 lorum
601 1452 853 1507 Christus
893 1449 1120 1503 veniens
1159 1447 1402 1501 ostendit
1430 1461 1647 1516 aquam,
1676 1461 1779 1514 qua
1812 1460 1983 1514 genus
2085 1450 2193 1504 hoc
2220 1453 2363 1521 quod
2396 1452 2598 1509 factum
2650 1456 2818 1513 fuerit
2846 1475 2988 1529 opus
3021 1475 3087 1514 ex
3115 1477 3202 1525 ea,
3235 1472 3331 1517 aut
3358 1465 3502 1534 quod
3530 1467 3670 1523 ne“;

394 1555 639 1600 nostrum
669 1542 1021 1596 mundaretur
1050 1555 1062 1592 :
1109 1546 1161 1591 et
1200 1538 1325 1607 quia
1371 1535 1774 1606 permansimus
1807 1550 1982 1604 usque
2082 1542 2213 1597 dum
2243 1554 2325 1600 est
2353 1560 2420 1600 ex
2453 1547 2590 1618 ipsa,
2626 1565 2725 1619 per
2752 1568 2870 1605 eam
2890 1552 3246 1610 demonstrat.
3276 1556 3433 1612 Nunc
3457 1568 3667 1625 autem,

391 1646 524 1688 tunc
551 1632 842 1695 immundi,
874 1630 1136 1700 probatur
1166 1643 1228 1681 ex
1254 1642 1320 1682 eo
1351 1627 1494 1697 quod
1532 1625 1660 1720 ethi
1714 1626 1807 1695 qui
1847 1641 1981 1681 nec-
2084 1635 2211 1703 quia
2263 1636 2366 1691 hoc
2416 1653 2526 1693 non
2562 1640 2715 1706 dixit,
2759 1630 2938 1713 neque
2989 1645 3045 1699 in
3081 1649 3351 1705 sacrificio
3389 1651 3548 1720 pellis
3575 1670 3666 1709 as-

338 1717 345 1724 ’
392 1726 522 1780 dum
581 1730 964 1795 peccaverunt,
1008 1720 1059 1773 id
1104 1728 1207 1780 est,
1267 1719 1323 1771 in
1353 1728 1513 1771 :etate
1542 1716 1757 1770 infirma
1783 1718 1983 1771 consti-
2083 1736 2301 1797 summa
2356 1739 2459 1792 ρει,
2493 1731 2635 1787 sic“;
2683 1746 2807 1788 cum
2855 1736 3168 1793 decormus
3199 1716 3579 1797 l,(,lo,.a'ustum
3613 1748 3668 1801 in

394 1818 516 1881 tuti,
564 1815 905 1887 signaculum
950 1811 1206 1881 baptismi
1241 1810 1615 1864 necessarium
1646 1810 1875 1875 habent,
1912 1825 1981 1865 ne
2015 1816 2055 1869 Β
2084 1818 2439 1891 incongruam
2489 1819 2926 1882 commistione":
2963 1828 3197 1898 positum
3238 1839 3342 1887 est.
3392 1833 3512 1889 Non
3539 1852 3670 1909 ergo

392 1918 533 1969 forte
579 1922 753 1968 morte
798 1908 1220 1979 superveniente
1252 1905 1457 1961 sordidi
1490 1915 1772 1960 transeant
1809 1923 1823 1959 :
1859 1920 1978 1960 sor—
2084 1925 2181 1979 per
2206 1919 2436 1965 stratum
2465 1916 2707 1977 seminis,
2741 1916 2792 1970 id
2826 1926 2910 1971 est
2936 1924 3035 1990 per
3070 1914 3275 1977 coitum
3318 1923 3569 1996 legalem.
3598 1905 3669 1986 ex

391 2011 512 2064 dem
541 2023 660 2078 quae
704 2022 770 2060 ex
809 2005 976 2057 Adam
1002 2001 1304 2064 descendit,
1337 2000 1390 2091 in
1418 1998 1730 2068 semetipsis
1765 1999 1977 2053 haben-
2082 2018 2189 2071 quo
2242 2018 2429 2058 semen
2475 2005 2727 2074 efﬁcitur,
2771 2011 2968 2079 pellem
3008 2014 3227 2082 polluit,
3280 2027 3378 2072 aut
3412 2020 3665 2089 perfundi

391 2110 493 2163 tes,
529 2110 582 2155 et
623 2108 909 2169 pr0pterea
953 2111 1063 2149 non
1123 2090 1371 2148 valentes
1408 2092 1461 2145 in
1510 2106 1737 2161 regnum
1774 2090 1978 2145 intrare
2079 2090 2249 2146 dixit:
2303 2095 2610 2150 necessarie
2644 2111 2773 2168 ergo
2817 2115 2936 2154 eam
2973 2117 3080 2171 qua
3108 2105 3230 2173 quis
3262 2106 3504 2163 abutitur
3534 2126 3661 2164 um.

388 2193 673 2247 cwlorum.
736 2182 975 2252 Vestem,
1021 2194 1078 2240 et
1143 2186 1337 2256 pellem
1384 2200 1549 2254 quam
1596 2186 1800 2241 habent
1849 2201 1975 2240 cum
2077 2183 2289 2250 fierem,
2323 2186 2517 2256 pellem
2552 2190 2835 2246 intellexit.
2864 2193 3000 2248 lllud
3034 2204 3215 2251 tamen
3241 2199 3440 2269 ubique
3471 2211 3663 2258 custoo

389 2295 620 2351 coeunt,
660 2283 914 2336 videlicet
943 2278 1224 2334 immunda
1268 2291 1407 2342 esse,
1444 2289 1499 2332 et
1532 2276 1699 2331 lavari
1751 2276 1973 2342 debere,
2077 2275 2180 2344 dis,
2221 2279 2347 2349 quia
2377 2280 2445 2336 ad
2477 2283 2964 2339 sanctificationem
2994 2295 3050 2343 et
3078 2289 3403 2353 castitatem,
3436 2289 3667 2347 Judzeo-

387 2379 619 2433 duarum
649 2391 831 2431 rerum
867 2371 1126 2444 praecepit
1175 2371 1345 2441 gratia
1384 2388 1398 2423 :
1433 2385 1560 2424 nam
1605 2370 1854 2425 extendit
1895 2370 1976 2424 le-
2079 2385 2201 2425 rum
2239 2387 2411 2442 genus
2454 2373 2731 2445 legislator
2783 2374 3041 2443 trahens;
3062 2380 3228 2435 nimis
3256 2382 3404 2436 enim
3437 2384 3664 2453 quidam

386 2488 507 2540 gem
561 2478 724 2540 atque
775 2466 1107 2527 manifestat,
1134 2473 1397 2534 quantum
1433 2476 1636 2533 corpus
1673 2464 1974 2517 humanum
2077 2479 2266 2518 eorum
2298 2465 2526 2522 luxurire
2561 2467 2894 2534 serviebant,
2922 2472 3037 2526 haec
3067 2482 3258 2528 contra
3288 2490 3386 2531 eos
3417 2477 3507 2546 qui
3537 2493 3669 2546 qua.

386 2570 610 2632 prapter
660 2574 825 2612 unam
880 2555 1311 2611 inobcdientiam
1369 2552 1651 2608 sordidum
1717 2553 1791 2608 sit
1828 2554 1973 2609 eff‘e-
2078 2555 2426 2628 litercunque
2469 2558 2761 2617 eﬂ‘undunt
2790 2576 3000 2632 semen,
3048 2576 3101 2621 et
3139 2582 3235 2623 eos
3261 2571 3353 2640 qui
3397 2571 3515 2628 haec
3546 2585 3665 2627 tan-

387 2666 569 2719 ctum,
630 2661 692 2708 ut
745 2653 908 2707 etiam
972 2650 1313 2705 insensibilia
1373 2665 1439 2704 ex
1496 2649 1579 2702 eis
1631 2642 1969 2718 polluantur.
2076 2650 2304 2719 guut'ad
2334 2651 2802 2715 emundationem.
2832 2656 2880 2711 ei
2909 2659 3234 2729 prmcipiens
3265 2671 3326 2717 ut
3360 2664 3551 2721 sane",
3583 2666 3663 2721 sic

385 2748 593 2804 Deinde
620 2762 718 2818 per
760 2745 877 2800 hsce
917 2742 1236 2799 manifestas
1268 2741 1397 2795 facit
1426 2740 1867 2811 mulieres,‘qu:e
1907 2740 1967 2794 li-
2077 2741 2209 2795 casti
2250 2741 2619 2806 efficerentur.
2667 2756 2723 2801 et
2774 2747 3069 2806 luxuriosis
3116 2753 3459 2813 abstinerent
3508 2773 3663 2814 com-

384 2841 587 2896 bidinis
624 2853 811 2900 causa,
852 2835 987 2891 viris
1016 2833 1082 2889 ad
1116 2832 1407 2903 quemdam
1438 2830 1791 2901 temporalem
1822 2846 1976 2886 com-
2076 2830 2443 2901 mistionibus,
2480 2836 2700 2893 fastidio
2730 2838 2933 2897 laboris
2987 2842 3360 2914 frequentium
3413 2851 3665 2920 purifica-

383 2933 685 2988 miscenlur
740 2942 921 2993 “sum.
975 2924 1191 2996 qualem
1252 2922 1430 2976 $016M
1480 2921 1801 2976 vestimenta
1834 2937 1972 2991 prm-
2076 2926 2305 2980 tionum.
2336 2928 2485 2983 lianc
2505 2930 2653 2984 enim
2678 2933 3040 2990 intentionem
3066 2937 3370 2992 secundum
3399 2939 3659 3008 litteram,

385 3028 514 3080 bere
569 3022 903 3087 hominibus,
966 3019 1109 3073 sicut
1159 3026 1215 3071 et
1249 3013 1442 3070 abusio
1481 3014 1699 3084 pellium
1741 3032 1862 3088 qua:
1889 3017 1973 3070 in-
2073 3019 2209 3072 etin
2251 3020 2714 3090 subsequentibus
2760 3023 2845 3078 lex
2878 3024 3063 3091 habet,
3096 3026 3225 3083 licet
3264 3029 3472 3100 aliquid
3511 3031 3659 3087 aliud

383 3126 638 3174 veteratre
663 3113 857 3187 projici
888 3112 1086 3168 solent.
1119 3108 1254 3163 Nam
1292 3118 1348 3162 et
1387 3107 1600 3175 illarum
1631 3110 1970 3163 consuetudo
2075 3109 2374 3167 secundum
2412 3111 2667 3180 spiritum
2719 3113 2916 3187 signet,
2953 3116 3099 3171 sicut
3144 3118 3263 3188 ipse
3307 3123 3664 3191 expositurus
3745 3125 3749 3127 “

381 3216 757 3266 veterascente
785 3204 1023 3260 amicitia
1079 3202 1376 3271 respu'tur,
1411 3209 1573 3269 atque
1605 3199 1657 3253 in
1703 3215 1854 3255 more
1878 3216 1969 3254 ve-
1997 3199 2038 3253 C
2072 3215 2215 3265 sum,
2274 3203 2400 3271 quia
2430 3219 2534 3258 nec
2580 3205 2780 3273 ipsum,
2823 3206 2915 3276 qui
2954 3208 3041 3263 hic
3083 3218 3187 3273 est,
3239 3211 3540 3282 spiritalem
3572 3215 3662 3269 in-

382 3304 785 3365 stimz-ntorum,
811 3315 909 3355 seu
941 3297 1161 3369 pellium
1194 3301 1582 3362 commutatur,
1614 3308 1792 3362 neque
1821 3293 1967 3346 enim
2074 3292 2348 3347 tcllectum
2417 3303 2705 3373 prietereo.
2776 3295 3248 3363 Quemadmodum
3317 3319 3450 3377 ergo
3504 3307 3661 3361 illum

382 3410 598 3465 semper
628 3408 750 3448 cum
807 3391 888 3447 eis
941 3390 1154 3450 vivunt,
1222 3402 1345 3442 cum
1403 3384 1602 3457 quibus
1660 3384 1969 3439 inordinate
2069 3385 2160 3454 qui
2203 3384 2408 3441 fluxum
2470 3388 2698 3443 seminis
2743 3391 2984 3459 patitur,
3031 3409 3156 3446 eum
3213 3394 3305 3464 qui
3356 3397 3665 3468 corrumpit

381 3487 775 3542 concumbunt.
813 3481 927 3537 lloc
955 3497 1084 3552 ergo
1116 3480 1279 3535 modo
1322 3478 1691 3548 intelligentcs
1722 3476 1969 3531 Mosaicae
2069 3472 2396 3541 doctrinam,
2447 3476 2835 3543 intelleximus,
2888 3479 2968 3533 sic
3015 3480 3083 3534 de
3120 3497 3227 3552 quo
3259 3496 3451 3538 semen
3480 3486 3663 3541 coitus

383 3578 516 3649 legis
542 3576 726 3639 verba,
755 3574 1052 3628 maximum
1079 3588 1145 3625 ex
1171 3570 1250 3624 eis
1272 3569 1529 3640 juvamcn
1557 3567 1824 3637 capimus,
1863 3577 1967 3622 eta
2069 3565 2366 3637 egreditur,
2399 3580 2530 3621 eum
2565 3568 2657 3637 qui
2685 3569 2753 3623 ad
2778 3568 2998 3625 Iudaeos
3041 3573 3408 3641 pertinentem
3444 3575 3661 3630 doctri-

382 3675 516 3745 legis
540 3672 841 3743 qmestione
882 3668 1235 3738 quiescimus.
1280 3665 1389 3720 Nec
1414 3664 1819 3735 reprehendere
1846 3680 1964 3720 eam
2068 3673 2193 3711 nam
2219 3667 2458 3729 sectatur
2484 3659 2854 3747 intelligimus.
2896 3661 3029 3716 Nam
3060 3663 3202 3719 sicut
3234 3665 3529 3722 effundens
3555 3683 3663 3722 na-

380 3780 695 3836 ροεειηῃιιε,
752 3773 817 3818 ιιι
848 3762 1123 3832 superﬂue
1155 3759 1497 3830 punientem,
1547 3766 1603 3812 et
1639 3757 1705 3811 de
1737 3754 1823 3811 his
1853 3757 1968 3812 exi-
2070 3749 2242 3803 turale
2298 3759 2354 3804 et
2412 3765 2607 3804 sanum
2656 3765 2866 3817 semen,
2898 3763 3156 3833 propter
3200 3757 3421 3811 sontem
3471 3767 3662 3814 tamen

378 3869 597 3930 gentem
624 3870 865 3927 poenam,
895 3869 1014 3923 (iure
1044 3855 1100 3909 in
1130 3859 1319 3905 nostra
1361 3848 1639 3903 voluntate
1672 3864 1781 3901 non
1808 3855 1963 3903 sunt;
2068 3844 2239 3897 Adam
2286 3844 2602 3899 immundus
2646 3854 2750 3912 est,
2802 3847 2880 3901 sic
2923 3856 2978 3901 et
3017 3862 3207 3902 eorum
3242 3864 3395 3915 sana,
3430 3861 3665 3921 propter

375 3952 555 4009 fluxus
581 3950 726 4004 enim
753 3947 979 4003 seminis
1005 3961 1115 4000 non
1144 3961 1209 3999 ex
1240 3954 1426 3999 nostra
1457 3941 1641 4000 evenit
1663 3942 1964 4001 voluntate.
2068 3935 2240 4007 legem
2285 3951 2405 4005 (tum
2449 3946 2673 4007 putatur
2708 3940 2978 4004 doctrina,
3014 3941 3116 3994 sub
3160 3941 3317 4011 culpa
3352 3952 3439 3997 est
3484 3954 3541 3998 et
3569 3961 3664 4000 re-

377 4043 472 4098 sed
518 4051 574 4097 et
603 4056 670 4095 ex
699 4038 1015 4094 infirmitate
1063 4035 1350 4106 contingit.
1384 4031 1600 4087 Rursus
1631 4031 1807 4086 virum
1853 4047 1967 4086 mu-
2066 4029 2474 4098 prehensibilis,
2517 4030 2645 4098 quia
2681 4030 2917 4085 litteram
2953 4032 3134 4095 docet,
3158 4046 3282 4103 qna:
3309 4035 3663 4092 maledictio-

372 4132 498 4187 iieri
526 4131 825 4193 cohaerere,
882 4136 937 4183 et
978 4127 1209 4182 muliere
1238 4126 1377 4190 viro,
1409 4122 1688 4192 compellit
1719 4122 1966 4176 naturale
2067 4136 2191 4175 nem
2219 4121 2381 4175 infert
2411 4122 2689 4192 discipulis
2717 4125 2870 4191 suis;
2896 4141 3075 4195 neque
3100 4132 3245 4181 enim
3280 4126 3543 4196 possibile
3570 4141 3663 4183 est

376 4226 736 4287 consortium,
759 4230 815 4276 et
842 4221 939 4277 Dei
966 4219 1211 4274 definitio
1233 4232 1354 4288 quae
1376 4217 1449 4271 ait
1480 4234 1494 4269 :
1521 4215 1795 4285 Relinquet
1812 4215 1965 4268 homo
2065 4214 2374 4284 quempiam
2408 4231 2502 4284 per
2542 4216 2689 4270 illam
2724 4217 2967 4285 perfecte
2999 4219 3220 4289 corrigi.
3260 4218 3417 4275 Unde
3454 4221 3660 4276 Mosai-

372 4326 580 4387 patrem
603 4324 652 4369 et
678 4323 927 4378 matrem,
978 4320 1028 4365 et
1081 4307 1549 4364 adhwrebituxori
1579 4322 1709 4368 sum,
1741 4308 1965 4358 elerum
2065 4319 2142 4358 cae
2185 4305 2549 4361 maledictioni
2592 4307 2888 4376 discipulos
2929 4323 3059 4363 suos
3110 4310 3335 4366 subdit:
3392 4311 3660 4385 ipsosque

371 4409 479 4462 duo
504 4408 734 4461 incanae
764 4388 952 4458 una”.
979 4401 1117 4457 Nam
1160 4401 1262 4456 etsi
1299 4400 1431 4453 Adae
1464 4400 1583 4453 haec
1611 4398 1778 4453 verba
1814 4407 1962 4461 sunt,
2064 4393 2301 4465 Judmos,
2346 4400 2446 4470 qui
2501 4401 2556 4453 in
2606 4401 2898 4455 mulierum
2948 4404 3264 4458 coeuntium
3296 4407 3657 4477 accipientur

373 4512 556 4555 tamen
576 4515 643 4553 ex
667 4497 854 4553 divino
878 4497 997 4550 iure
1025 4495 1161 4550 dixit
1186 4493 1414 4563 Spiritu.
1444 4491 1598 4546 Unde
1622 4499 1678 4545 et
1712 4489 1964 4544 Christus
1999 4550 2036 4566 λ
2067 4488 2258 4559 figura,
2284 4499 2470 4559 utpote
2489 4491 2580 4559 qui
2607 4505 2825 4561 semper
2844 4491 3147 4558 adlimrent,
3170 4499 3225 4548 et
3250 4498 3657 4566 conquiescunt

367 4590 587 4660 qundo
632 4588 914 4644 Pbariscco
965 4603 1077 4647 non
1120 4550 1477 4641 dimittendas
1524 4582 1784 4637 mulieres
1812 4581 1961 4637 dice-
1996 4550 2039 4604 η
2068 4580 2385 4635 doctoribus
2413 4580 2820 4636 institutionum
2838 4598 3081 4637 suarum.
3112 4583 3227 4641 Hoc
3255 4550 3439 4643 autem
3468 4589 3654 4659 ipsum

366 4686 482 4745 bat,
511 4684 712 4737 horum
755 4696 876 4751 qua:
914 4695 1061 4733 nunc
1090 4678 1327 4733 diximus
1362 4676 1682 4731 memoriam
1726 4673 1954 4739 faciens,
2063 4684 2119 4727 et
2150 4675 2204 4727 in
2244 4689 2340 4729 eos
2385 4673 2479 4743 qui
2520 4674 2574 4728 in
2614 4675 2883 4745 praeputio
2914 4685 3046 4731 sunt
3074 4687 3395 4747 Operantur,
3427 4683 3655 4750 quando

362 4778 434 4831 ad
485 4777 654 4833 Deum
681 4789 767 4839 ea,
812 4773 954 4829 sicut
991 4772 1058 4829 ab
1092 4787 1159 4826 eo
1188 4770 1353 4831 dicta,
1410 4768 1617 4833 retulit,
1663 4768 1739 4822 ait
1764 4767 1907 4823 enim
1940 4785 1953 4821 :
2060 4766 2325 4820 doctrina:
2369 4781 2562 4820 eorum
2593 4781 2783 4820 semen
2815 4768 3144 4837 suscipiunt,
3173 4785 3314 4840 quos
3341 4776 3654 4828 vestimen-

360 4871 464 4936 Ωιιί
494 4870 558 4923 ab
584 4869 739 4923 initio
775 4867 897 4939 fecit
930 4864 1223 4920 masculum
1271 4872 1319 4916 et
1352 4862 1605 4933 feminam
1653 4862 1776 4932 fecit
1810 4859 1949 4927 illos,
2060 4863 2181 4909 tum
2205 4864 2259 4909 et
2286 4855 2479 4925 pellem
2506 4871 2627 4911 esse
2650 4855 2904 4921 dicimus,
2942 4867 3131 4928 utpote
3175 4863 3548 4929 tcmporaliter
3589 4873 3653 4919 et

359 4974 410 5015 et
439 4961 607 5017 dicit;
644 4956 932 5029 Propterea
973 4955 1230 5027 relinquet
1288 4954 1441 5007 homo
1470 4962 1699 5022 patrem,
1742 4961 1790 5005 et
1835 4968 1951 5005 ma.
2062 4947 2370 5001 transitorie
2396 4948 2674 5002 doctrinas
2718 4963 2930 5015 eorum,
2984 4965 3096 5004 non
3149 4961 3208 5006 ut
3258 4961 3316 5006 et
3363 4953 3464 5024 ipsi
3513 4971 3648 5025 pro-

359 5067 514 5115 trem.
542 5062 593 5107 et
621 5050 902 5107 acL’tmebit
948 5049 1101 5103 uxori
1169 5047 1357 5100 sine“.
1412 5044 1555 5115 Ergo
1588 5060 1695 5098 non
1729 5059 1946 5113 poenam
2059 5048 2246 5092 creent
2287 5039 2522 5108 aliquam
2572 5038 2803 5109 legalem
2828 5041 3487 5113 justitiam,suscipiunt:
3514 5064 3643 5103 nam

358 5160 549 5203 eorum
601 5160 725 5213 qua:
777 5151 969 5197 contra
1013 5140 1349 5197 voluntatem
1378 5137 1723 5206 contingunt,
1758 5134 1944 5205 exigit,
2053 5130 2328 5199 quomodo
2358 5128 2622 5199 possibile
2652 5140 2737 5185 est
2762 5131 2887 5193 hoc,
2920 5132 2975 5186 in
3011 5136 3280 5203 praeputio
3309 5151 3643 5206 permanen-

356 5252 461 5292 ncc
487 5238 642 5307 quasi
673 5252 703 5290 a
742 5233 978 5289 Sordidis
1027 5232 1152 5293 bis,
1174 5231 1263 5301 qui
1306 5231 1607 5284 secundum
1646 5222 1777 5299 ejus
1812 5226 1945 5281 eon-
2055 5221 2219 5286 libttS,
2254 5220 2347 5281 Sed
2387 5229 2446 5275 ut
2475 5236 2572 5291 per
2600 5235 2887 5278 sermones
2913 5240 3103 5279 eorum
3135 5239 3189 5280 et
3216 5226 3316 5297 ipsi
3350 5231 3641 5287 maledicta

352 5331 527 5400 juncti
559 5340 691 5386 sunt
737 5329 933 5397 legem,
983 5325 1080 5379 sed
1139 5324 1193 5378 in
1254 5323 1341 5376 his
1369 5322 1588 5389 quidem
1617 5323 1707 5390 qui
1738 5319 1942 5372 fluxum
2051 5313 2184 5383 legis
2214 5313 2795 5384 pollui,'accipiantur.

357 5422 584 5476 seminis
632 5420 932 5489 patiuntur,
982 5426 1268 5485 corruptos
1303 5414 1574 5473 doctores,
1602 5413 1692 5482 qui
1748 5410 1941 5480 ingrati
2129 5404 2287 5460 Vens.
2320 5407 2507 5461 19-23.
2541 5425 2559 5456 ‹
2594 5404 2784 5462 Mulier
2813 5425 2934 5479 quae
2958 5420 3221 5466 redeunte
3268 5428 3457 5469 mense
3498 5418 3643 5485 pati-

355 5521 487 5568 suot
510 5513 745 5567 filiorum
783 5509 1198 5585 procreationis.
1237 5506 1335 5562 llic
1376 5516 1557 5560 autem
1586 5505 1716 5558 Adae
1754 5502 1943 5557 inohe'-
2056 5509 2143 5553 tur
2192 5500 2396 5553 ﬂuxum
2444 5501 2749 5567 sanguinis,
2783 5511 2994 5571 septem
3040 5503 3236 5559 diebus
3264 5507 3643 5576 separabitur.

357 5602 643 5666 incutiam,
667 5610 853 5671 utpote
882 5616 946 5653 ex
980 5618 1041 5655 ea
1069 5615 1269 5670 genere
1301 5600 1541 5652 humano
1570 5598 1791 5650 sordido
1819 5589 1947 5643 cile-
2052 5591 2245 5644 Omnis
2266 5591 2355 5659 qui
2390 5592 2629 5660 tetigerit
2679 5606 2821 5657 eam,
2849 5595 3164 5651 imniundus
3198 5598 3304 5651 erit
3343 5613 3519 5668 usque
3570 5602 3645 5657 ad

455 5802 482 5834 ⁹
512 5798 672 5854 Deut.
707 5816 759 5866 x,
785 5798 877 5853 ‘22.
996 5801 1037 5833 ¹⁰
1063 5799 1205 5855 Gen.
1241 5816 1299 5862 ιι,
1333 5797 1424 5852 24.
1541 5800 1576 5829 ¹¹
1606 5796 1794 5851 Matth.
1832 5812 1940 5866 xix,
1969 5795 2021 5864 .i,

1763 5815 1794 5849 ι.
1832 5812 1940 5866 xix,
1969 5795 2021 5864 4,
2220 5797 2260 5827 ’³
2296 5794 2436 5850 Psal.
2465 5810 2615 5862 cmi,
2654 5796 2737 5851 18.
2853 5798 2896 5831 ³³
2923 5795 3063 5853 Psal.
3096 5813 3240 5865 xxxv,
3269 5792 3358 5851 26.
