4038 6182
333 359 443 428 997

1509 357 1589 418 IN
1630 357 2072 418 LEVi'l‘ICUhI.
2110 383 2176 392 κ
2215 357 2362 417 LIB.
2405 359 2471 419 V.

3493 365 3600 431 998

338 485 370 522 ιι
391 484 491 524 aus
526 467 798 538 simulque
837 477 895 524 et
945 469 1224 542 corrigens
1276 469 1603 542 evangelista
1665 465 2311 532 Joannes,Abonum".
2365 465 2536 522 Nemo
2595 468 2874 524 caelestem
2933 471 3408 528 conversationem
3468 482 3604 530 tunc

333 560 576 616 addidit:
613 559 728 613 Hoc
761 569 936 614 autem
959 577 991 614 a
1019 562 1295 630 semetipso
1322 577 1424 614 non
1487 560 1641 624 dixit,
1663 561 1754 613 sed
1797 575 1912 612 cum

333 661 465 706 esset
489 653 725 724 pontifex
756 653 886 706 anni
914 652 1078 716 illius,
1131 652 1479 724 prophetavit,
1514 655 1636 722 quia
1695 651 1917 704 moritu-

336 757 426 796 rus
457 745 596 797 esset
619 743 772 797 Jesus
799 759 896 813 pro
924 753 1096 814 gente,
1128 753 1176 797 et
1201 760 1304 798 non
1324 743 1493 798 solum
1513 759 1610 812 pro
1637 752 1804 814 gente,
1825 743 1916 795 sed

340 845 387 887 et
419 835 556 903 ﬁlios
591 835 710 900 Dei,
743 835 832 905 qui
863 835 1087 903 dispersi
1117 843 1268 888 erant
1299 835 1352 888 in
1381 849 1544 887 unum
1607 834 1869 903 colligeret
1897 850 1910 886 :

342 936 530 996 gentes
571 925 848 990 videlicet,
896 926 966 980 de
1009 927 1142 996 ipsis
1173 926 1318 981 enim
1370 925 1636 980 Dominus
1664 925 1912 980 diccbat:

341 1018 522 1075 Habeo
549 1017 689 1072 enim
723 1016 859 1071 alias
883 1033 1020 1082 oues,
1051 1033 1168 1088 qua:
1198 1033 1302 1070 non
1329 1027 1448 1070 sunt
1479 1017 1542 1070 de
1569 1015 1663 1069 Itoc
1695 1015 1835 1079 ovili,
1868 1024 1914 1069 et

342 1107 465 1161 illas
507 1115 708 1175 oportet
737 1121 820 1158 me
839 1105 1081 1176 colligere
1104 1105 1172 1160 '°.
1212 1104 1414 1176 Aperte
1447 1114 1629 1163 autem
1667 1103 1759 1158 ﬁlii
1795 1101 1914 1170 Dei,

257 1227 264 1233 υ
337 1199 513 1256 multo
543 1197 712 1269 magis
739 1208 866 1253 sunt
903 1197 1176 1264 Israelitte,
1202 1197 1326 1267 quia
1346 1197 1511 1252 Israel
1536 1195 1915 1253 vidensDcum

338 1288 749 1358 interpretatur,
781 1296 837 1343 et
885 1288 1188 1344 secundum
1224 1288 1487 1342 rationem
1535 1303 1634 1358 pro
1673 1287 1915 1342 sensibili

336 1378 504 1434 Israel
545 1377 700 1434 Iesus
729 1379 1060 1446 immolatus,
1111 1380 1161 1434 id
1198 1389 1282 1434 cst
1328 1379 1674 1442 sacriﬁcium,
1722 1387 1776 1432 et
1819 1395 1917 1450 pro

336 1473 488 1527 omni
537 1471 781 1528 humano
816 1490 1039 1545 genere,
1087 1475 1153 1528 ad
1208 1474 1578 1544 expiationem
1619 1474 1918 1529 immundi-

336 1563 534 1620 tiaram
562 1575 876 1621 nostrarum
905 1566 1122 1621 obtulit.
1143 1564 1384 1631 Quarum
1417 1565 1920 1620 immunditiarum?

335 1656 394 1712 Id
423 1666 508 1712 est
535 1672 566 1712 a
589 1657 1137 1728 praevaricationibus
1167 1673 1384 1722 eorum,
1423 1657 1619 1728 inquit,
1676 1658 1918 1714 cunctis-

332 1765 442 1818 que
475 1751 736 1820 peccatis.
765 1749 982 1806 Anima:
1010 1750 1596 1821 quippeimmunditia,
1629 1765 1738 1805 non
1769 1766 1918 1804 mor-

334 1840 414 1896 tui
457 1841 706 1910 pollutio,
761 1857 873 1898 non
925 1843 1187 1914 porcinus
1242 1842 1418 1908 cibus,
1471 1858 1582 1897 non
1638 1841 1915 1912 quippiam

333 1933 482 1990 aliud
507 1934 708 2000 simile,
739 1935 838 1990 sed
873 1951 1077 1991 nocere
1105 1935 1356 2008 proximo
1383 1944 1488 2003 est,
1519 1943 1576 1990 et
1611 1950 1839 2004 peccare
1863 1935 1918 1989 in

333 2025 534 2090 Deum,
565 2027 652 2080 vel
682 2027 940 2080 mandata
959 2026 1078 2081 Dei.

403 2118 570 2174 Juxta
605 2120 744 2173 hunc
777 2120 940 2173 ritum
992 2119 1150 2190 faciet
1201 2117 1607 2174 tabernaculum
1636 2118 1921 2172 testimonii

335 2213 489 2279 quod
512 2209 675 2278 ﬁxum
703 2219 783 2262 est
806 2209 953 2286 inter.
973 2225 1078 2273 eos,
1109 2209 1162 2262 in
1197 2210 1366 2262 medio
1383 2208 1604 2262 sortium
1635 2208 1920 2263 habitatio-

337 2302 424 2354 nis
451 2317 654 2356 eorum.
682 2301 881 2356 Nullus
908 2302 1178 2356 hominum
1213 2303 1281 2354 sit
1303 2303 1354 2354 in
1378 2300 1738 2366 tabernaculo,
1759 2317 1923 2372 quan-

337 2392 406 2445 do
438 2392 674 2462 pontifex
711 2393 1004 2463 ingreditur
1029 2395 1081 2445 in
1119 2393 1505 2462 sanctuarium,
1549 2402 1604 2446 ut
1635 2403 1776 2464 roget
1827 2409 1922 2463 pro

337 2501 394 2538 se
423 2493 474 2538 et
523 2501 620 2554 pro
649 2485 804 2539 domo
849 2501 966 2547 sua,
1001 2495 1048 2538 et
1101 2501 1196 2554 pro
1247 2485 1488 2538 uniuerso
1545 2495 1676 2540 coetu
1728 2485 1919 2540 Israel.

339 2577 500 2642 Quod
552 2576 642 2632 lex
697 2566 952 2647 superius
992 2578 1287 2648 appellavit
1342 2587 1550 2644 sancta,
1597 2594 1724 2634 ecce
1773 2595 1921 2635 nunc

339 2665 752 2720 tabernaculum
814 2666 1113 2720 testimonii
1149 2666 1409 2736 appellat,
1442 2667 1588 2738 quod
1631 2666 1798 2720 ﬁxum
1837 2677 1921 2722 est

338 2755 484 2810 inter
522 2771 638 2821 eos,
702 2756 759 2810 in
818 2757 1002 2812 medio
1033 2757 1264 2811 sortium
1311 2756 1668 2811 habitationis
1705 2772 1916 2812 eorum.

339 2845 468 2900 Sive
503 2847 807 2902 secundum
841 2846 978 2901 LXX
1021 2847 1347 2902 aediﬁcatum
1401 2847 1455 2900 in
1483 2849 1584 2908 eis,
1625 2849 1680 2900 in
1737 2847 1920 2902 medio

335 2939 813 2994 immunditiarum
862 2955 1074 2995 eorum.
1109 2939 1308 2994 Eadem
1363 2939 1566 3008 quippe
1607 2941 1835 3004 ratione,
1866 2949 1921 2993 et

334 3038 525 3085 sancta
553 3044 699 3094 esse,
763 3041 820 3086 et
855 3032 1151 3086 testimonii
1183 3031 1444 3101 appellari
1482 3021 1914 3094 tabernaculum,

1947 1804 1994 1864 B

2018 557 2370 626 sequebatur,
2397 573 2502 613 nec
2525 559 2742 631 dignam
2763 562 2978 617 caelesti
2999 561 3220 618 homine
3245 562 3598 634 sapientium,

2021 649 2323 718 usquedum
2363 649 2416 704 in
2452 658 2642 706 saneto
2668 654 2901 722 prepriae
2921 655 3104 708 carnis
3121 668 3329 724 rogaret
3359 669 3458 724 per
3472 669 3602 710 cru-

2018 753 2161 806 cem,
2191 749 2248 794 et
2277 756 2528 812 egressus
2549 751 2636 797 est
2659 758 2726 796 ex
2763 759 2827 798 ea
2876 744 2994 815 lege
3027 745 3332 799 communis
3374 745 3594 810 mortis,

2017 829 2276 884 emitteus
2299 833 2574 900 spiritum,
2598 843 2653 888 et
2673 849 2896 890 carnem
2935 837 3256 906 relinquens
3303 837 3358 890 in
3415 839 3604 906 sepul-

2019 921 2336 989 cro,.quod
2377 921 2498 992 ejus
2551 923 2838 978 evidenter
2886 926 3065 980 exitus
3104 926 3434 982 nominatur.
3496 927 3604 982 Sed

2019 1025 2130 1066 non
2181 1015 2522 1084 generalitati
2576 1017 2822 1071 omnium
2875 1017 3160 1074 hominum
3219 1019 3422 1090 proluit
3482 1017 3601 1074 hoc

2019 1104 2162 1174 quod
2185 1121 2336 1159 nunc
2369 1116 2453 1160 est
2487 1109 2795 1178 expositum
2828 1111 3174 1166 sacriﬁcium.
3202 1109 3392 1166 Rullus
3419 1111 3610 1166 homi-

2018 1209 2152 1250 num
2187 1197 2276 1262 sit,
2315 1197 2510 1268 inquit,
2569 1200 2624 1253 in
2654 1201 3032 1268 tabernaculo,
3083 1209 3302 1274 quando
3351 1203 3604 1259 Pontifex

2019 1287 2327 1358 ingreditur
2361 1293 2416 1342 in
2445 1295 2818 1348 sanctuarium
2845 1302 2903 1348 ut
2925 1304 3104 1365 roget.
3141 1296 3304 1366 Atqui
3343 1295 3395 1350 in
3432 1296 3606 1350 sacri-

2020 1379 2145 1434 ﬁcio
2181 1381 2326 1450 quod
2372 1391 2460 1436 est
2507 1385 2808 1438 secundum
2846 1384 3102 1453 litteram,
3159 1389 3308 1442 solus
3361 1402 3608 1459 praesens

2020 1472 2429 1542 esset-populus
2463 1471 2801 1532 Judteorum.
2831 1473 2948 1530 Non
2972 1487 3155 1531 autem
3213 1477 3392 1532 omnis
3441 1475 3610 1532 homo

2021 1563 2089 1618 de
2123 1565 2480 1620 tabernaculo
2530 1568 2830 1621 secundum
2876 1577 3094 1638 tempus
3137 1569 3409 1632 sacriﬁcii,
3459 1569 3608 1639 quod

2021 1663 2170 1711 "nunc
2195 1655 2404 1710 dictum
2432 1664 2536 1719 est,
2560 1658 2951 1713 excluderetur
2973 1677 2986 1712 :
3009 1659 3110 1714 sed
3125 1659 3412 1731 signiﬁcat,
3440 1674 3610 1716 omne

2023 1747 2311 1801 hominum
2338 1763 2531 1820 genus,
2562 1757 2780 1804 terrena
2801 1765 2956 1806 nunc
2993 1765 3204 1821 sapere,
3257 1759 3312 1806 et
3363 1751 3418 1806 in
3476 1767 3608 1823 pec-

2025 1839 2162 1892 catis
2186 1853 2329 1904 esse,
2357 1853 2422 1894 ac
2456 1847 2748 1910 propterea
2793 1840 2848 1895 in
2881 1841 3208 1914 intelligibili
3239 1841 3610 1898 tabernaculo

2021 1931 2324 1986 testimonii
2360 1942 2510 1988 recte
2529 1947 2648 1988 non
2674 1933 2932 1988 inveniri.

2092 2021 2258 2079 Vens.
2295 2023 2384 2086 I8,
2415 2025 2501 2079 l9.
2538 2043 2560 2077 ‹
2593 2024 2736 2079 Cum
2794 2035 2980 2080 autem
3042 2023 3244 2080 exierit
3289 2024 3360 2080 ad
3409 2023 3609 2093 altare,

2022 2115 2171 2184 quod
2204 2130 2388 2170 coram
2441 2115 2674 2170 Domino
2691 2123 2788 2171 θεῖ
2820 2125 2940 2171 oret
2962 2127 3077 2186 ‘pro
3111 2130 3180 2170 se
3218 2123 3272 2170 et
3320 2125 3602 2184 sumptura

2021 2208 2349 2279 sanguinem
2401 2209 2561 2263 vituli
2595 2219 2758 2279 atque
2803 2209 2940 2264 hirci
2967 2209 3163 2264 fundat
3197 2223 3368 2280 super
3396 2224 3606 2264 cornua

2021 2291 2150 2367 ejus'
2165 2314 2264 2367 per
2292 2314 2504 2369 gyrum,
2540 2314 2913 2370 spargensque
2937 2301 3105 2370 digito
3135 2301 3358 2370 septies,
3392 2299 3600 2370 expiet,

2023 2384 2443 2454 sanctiﬁcetque
2539 2385 2674 2440 illud
2765 2385 2834 2440 ab
2925 2387 3290 2442 immunditiis
3371 2386 3606 2441 liliurum

2022 2476 2212 2532 Israel.
2261 2494 2281 2528 ›
3096 2519 3102 2526 .

2091 2567 2228 2633 Quia
2267 2583 2389 2638 qum
2429 2567 2606 2635 vituli,
2631 2576 2687 2624 et
2717 2557 2856 2622 hirci
2883 2575 3089 2633 essent,
3124 2569 3256 2624 satis
3289 2571 3344 2623 in
3371 2569 3460 2624 bis
3484 2585 3606 2640 qua:

2021 2659 2167 2714 dicta
2206 2667 2357 2722 sunt,
2383 2661 2736 2728 explanatum
2767 2666 2870 2714 est.
2919 2657 3098 2714 Simul
3145 2661 3291 2715 enim
3321 2665 3609 2732 utriusque

2022 2769 2247 2808 sumens
2295 2755 2644 2825 sanguinem,
2704 2769 2982 2824 unumque
3043 2754 3174 2810 illud
3230 2755 3609 2826 eonjunctioni

2020 2841 2428 2909 demonstrans,
2473 2857 2880 2915 sapor-cornua
2905 2845 3094 2900 altaris
3129 2849 3303 2917 ponit,
3333 2864 3430 2902 seu
3477 2849 3608 2902 iuu-

2021 2937 2120 2990 dit.
2175 2935 2286 2990 Sed
2342 2936 2473 3004 quid
2528 2935 2681 3006 agit?
2741 2935 3106 3006 'Quazcuuque
3163 2938 3406 3008 mysterii
3468 2939 3606 2996 ordo

2023 3027 2210 3098 exigit,
2239 3035 2294 3080 et
2321 3027 2726 3096 conscqttcntite
2749 3027 2867 3081 vult
2887 3027 3090 3098 ﬁgura,
3115 3045 3276 3098 quam
3307 3044 3432 3084 cum
3453 3031 3606 3085 omni

333 3137 516 3178 massa
553 3131 736 3176 nostra
761 3131 959 3192 potest.
1022 3123 1078 3178 Si
1107 3123 1254 3177 enim
1310 3123 1721 3178 tabernaculum
1761 3125 1913 3179 testi~
1941 3134 1984 3192 (ς
2021 3118 2332 3172 subtilitate
2360 3118 2638 3187 l'egislator
2663 3119 2880 3188 scripsit
2902 3129 3092 3188 postea
3115 3128 3366 3174 nostrum
3405 3137 3609 3193 egres-

335 3213 508 3267 ntonii
565 3214 764 3269 cmlum
825 3214 1090 3280 disintus,
1150 3225 1300 3269 recte
1357 3225 1544 3270 sancta
1601 3217 1919 3272 nominatur

334 3305 578 3360 caelestis
603 3314 790 3361 noster
813 3306 998 3367 homo,
1027 3306 1094 3360 de
1125 3322 1234 3376 quo
1261 3307 1339 3359 ait
1361 3305 1591 3361 Paulus:
1629 3306 1775 3362 Sicut
1799 3325 1922 3378 por-

336 3401 567 3454 tavimus
622 3399 906 3469 imaginem
951 3398 1165 3461 terreni,
1215 3407 1480 3466 portemus
1533 3409 1581 3452 et
1635 3400 1920 3470 imaginem

337 3489 639 3544 calcatis".
681 3489 922 3543 Rursus:
959 3487 1016 3543 Si
1049 3489 1309 3542 terrestris
1334 3490 1518 3544 domus
1549 3502 1725 3544 nostra
1765 3493 1920 3562 hujus

338 3579 680 3634 habitationis
703 3581 1043 3646 dissolvatur,
1076 3581 1328 3634 trahemus
1353 3583 1757 3650 (ediﬁcationcm
1805 3601 1921 3654 qua:

341 3684 406 3723 ea:
443 3667 548 3723 Deo
580 3678 676 3734 est,
723 3670 936 3722 domum
987 3686 1090 3723 non
1121 3687 1282 3723 manu
1325 3673 1543 3742 factata,
1591 3682 1842 3728 cateruam
1868 3676 1923 3728 in

342 3761 482 3814 cretis
498 3762 566 3816 ”.
594 3759 762 3815 Recte
785 3777 913 3832 ergo
947 3770 1200 3815 sanctum
1235 3763 1574 3827 nominatur,
1603 3767 1728 3834 quia
1755 3767 1924 3822 aedili-

339 3865 498 3908 catus
528 3854 695 3908 estin
722 3852 900 3908 nobis.
934 3851 1176 3906 Primum
1212 3855 1348 3908 enim
1379 3857 1626 3926 formavit
1669 3857 1922 3913 Dominus

340 3945 484 3999 Deus
507 3947 572 4000 de
599 3945 811 4016 pulvere
841 3957 996 4000 terra:
1025 3946 1310 4012 Immineat,
1335 3959 1382 4002 et
1413 3959 1536 4003 tunc
1563 3951 1844 4022 insuﬁlavit
1869 3954 1922 4007 in

340 4036 530 4108 [aciem
549 4036 666 4107 ejus
685 4037 931 4106 spiritum
961 4036 1160 4091 vitae”.
1195 4035 1294 4092 Hic
1321 4047 1406 4092 est
1427 4053 1556 4107 ergo
1583 4049 1772 4094 noster
1808 4055 1924 4095 ca:-

341 4129 495 4184 lestis
533 4129 720 4194 homo,
756 4128 849 4198 qui
885 4129 940 4184 in
977 4129 1162 4184 medio
1201 4129 1669 4184 immunditiarum
1703 4140 1923 4186 nostra-

342 4236 464 4275 rum
495 4229 600 4288 est,
631 4221 723 4291 qui
756 4220 918 4275 etiam
952 4221 1302 4290 passionibus
1329 4223 1510 4277 carnis
1553 4233 1919 4296 oppugnatur,
1963 4215 1968 4220 ’

341 4310 644 4366 secundum
685 4311 830 4382 quod
882 4312 1082 4367 Paulus
1133 4312 1305 4367 dixit:
1359 4313 1511 4367 Video
1566 4315 1703 4367 enim
1756 4314 1923 4369 aliam

341 4402 505 4474 legem
522 4403 579 4457 in
595 4404 839 4458 membris
861 4405 1010 4466 meis,
1026 4414 1410 4475 repugnantem
1438 4405 1538 4476 legi
1564 4406 1748 4459 mentis
1771 4421 1919 4472 mete,

2020 3225 2142 3267 sum
2197 3212 2268 3267 ad
2326 3212 2517 3276 altare,
2589 3211 2738 3281 quod
2777 3219 2876 3266 est
2928 3227 3113 3266 coram
3158 3211 3406 3268 Domino.
3468 3213 3610 3268 Dicit

2021 3314 2204 3358 autem
2234 3319 2383 3370 eum,
2413 3305 2506 3373 qui
2538 3312 2621 3358 est
2655 3302 3044 3374 thymiamatis,
3070 3305 3216 3374 quod
3265 3320 3388 3360 esse
3419 3306 3608 3359 sedem

2021 3397 2706 3459 Cherubimostcudlmus,
2765 3413 2892 3452 cum
2951 3413 3116 3452 carne
3168 3398 3494 3464 ascendens,
3551 3407 3610 3454 et

2021 3495 2266 3540 nostram
2304 3486 2358 3540 in
2413 3485 2882 3554 eo'caplivitatem
2929 3485 3254 3551 sublevavit,
3299 3487 3462 3539 simul
3505 3502 3610 3542 nos

2021 3579 2316 3642 SUSeitans,
2339 3587 2393 3634 et
2422 3576 2848 3632 sedere'faciens
2885 3576 2939 3629 in
2963 3577 3153 3630 dextra
3179 3577 3234 3630 in
3266 3577 3606 3632 cmlestibus.

2021 3671 2089 3726 Et
2116 3681 2394 3742 sumptum
2435 3670 2759 3742 sanguinem
2802 3669 3224 3738 ellunditsuper
3249 3684 3454 3722 cornua
3489 3669 3610 3738 ejus

2023 3776 2122 3833 per
2149 3777 2356 3833 gyrum,
2385 3775 2792 3832 aspergensque
2829 3759 3000 3830 digito
3055 3760 3500 3830 septies,~expict
3554 3769 3612 3815 ct

2023 3854 2329 3908 sanctiticct
2395 3853 2528 3908 illud
2585 3852 2654 3907 ab
2713 3851 3083 3906 immunditiis
3132 3850 3366 3905 ﬁliorum
3419 3850 3608 3906 Israel.

2023 3945 2160 4014 Quia
2198 3939 2417 4016 propri‘a
2455 3946 2712 4015 passione
2743 3959 2851 3999 non
2897 3943 3071 3999 solum
3107 3958 3310 3998 cornua
3342 3943 3480 4012 ejus,
3517 3942 3611 4012 qui

2023 4037 2188 4092 estin
2223 4038 2364 4093 coelo
2389 4038 2599 4098 altaris.
2633 4039 2868 4094 virtutes
2919 4037 3132 4099 scilicet
3183 4038 3510 4108 praecipuas,
3555 4045 3612 4092 et

1998 4130 2328 4200 generales,
2359 4131 2707 4200 sapientiam,
2742 4131 3152 4195 fortitudinem,
3180 4131 3444 4200 justitiam
3470 4171 3485 4196 ,
3515 4137 3640 4184 ca-'

2025 4221 2271 4274 stitatem
2307 4221 2692 4276 sanctiﬁcavit:
2726 4237 2846 4292 quae
2891 4236 3098 4276 cornua
3135 4221 3432 4276 Cherubin]
3465 4228 3612 4276 recte

2025 4319 2178 4378 sunt,
2243 4313 2444 4384 ﬁguras
2499 4313 2647 4368 enim
2705 4329 2894 4370 eorum
2953 4314 3181 4368 cteleste
3221 4313 3340 4368 'hoc
3401 4313 3611 4367 animal

2027 4405 2212 4472 habet,
2247 4407 2304 4460 in
2341 4421 2691 4478 personaque
2726 4407 2966 4462 hominis
2995 4405 3256 4462 et'leonis
3283 4414 3336 4462 et
3368 4404 3522 4460 vituli
3557 4413 3608 4459 et

341 4502 390 4547 et
417 4493 682 4562 captivum
713 4510 794 4547 me
819 4495 1090 4548 ducentem
1120 4495 1175 4548 in
1209 4495 1319 4564 tege
1363 4495 1583 4565 peccati,
1617 4511 1733 4560 qua:
1761 4505 1834 4549 est
1866 4497 1923 4550 in
1955 4500 2000 4558 ι)
2027 4499 2222 4568 aquilae
2258 4500 2416 4572 gerit,
2465 4499 2748 4570 sapientia:
2773 4500 2994 4570 quidem
3023 4498 3078 4552 in
3119 4513 3356 4570 persona
3411 4497 3610 4561 leonis,

341 4583 589 4638 membris
615 4583 826 4639 meis“.
857 4585 1087 4656 Propter
1109 4587 1257 4657 quod
1280 4587 1446 4642 nimis
1473 4588 1561 4642 lex
1591 4603 1926 4660 consequen-

341 4688 424 4731 ter
443 4675 688 4730 subdidit
715 4693 730 4730 :

415 4763 574 4819 Vens.
610 4763 696 4818 l7.
731 4783 749 4816 ι
785 4764 978 4820 Nullus
1009 4767 1174 4821 homo
1199 4766 1268 4822 sit
1305 4767 1358 4822 in
1387 4767 1740 4825 tabernaculo
1771 4769 1924 4826 testi-

337 4855 532 4923 monii,
553 4857 775 4927 quando
804 4858 1047 4928 pontifex
1079 4858 1387 4929 ingreditur
1418 4868 1478 4915 ut
1519 4871 1668 4933 roget
1701 4878 1803 4932 pro
1843 4879 1924 4931 se,

339 4958 393 5004 et
420 4965 519 5020 pro
554 4949 720 5005 domo
742 4965 861 5016 sua,
881 4960 938 5006 et
957 4968 1054 5022 pro
1083 4951 1340 5008 universo
1364 4962 1509 5008 coetu
1533 4953 1718 5009 Israel.
1757 4973 1778 5006 ι

409 5045 640 5109 Quando
667 5046 816 5101 enim
837 5044 1090 5100 Christus
1137 5046 1444 5118 ingreditur
1473 5046 1530 5101 in
1561 5055 1834 5112 sanctum,
1871 5048 1925 5103 id

339 5145 444 5201 est,
478 5137 696 5208 quando
714 5137 1126 5202 incarnabatur,
1147 5139 1426 5194 caelestem
1455 5137 1734 5194 hominem
1763 5130 1926 5209 atque

339 5239 406 5279 ex
440 5227 598 5281 nobis
629 5227 898 5298 primitias
925 5229 1202 5295 sumebat,
1237 5243 1398 5283 nemo
1418 5235 1536 5282 erat
1565 5228 1621 5282 in
1668 5227 1928 5298 intelligi-

340 5318 436 5372 bili
468 5319 824 5376 tabernaculo
847 5320 1170 5384 testimonii,
1195 5335 1299 5376 nec
1320 5319 1538 5391 gentilis
1561 5334 1664 5374 nec
1687 5319 1923 5374 circum-

339 5411 505 5474 cisus,
540 5426 642 5467 nec
674 5411 860 5476 levita,
896 5426 1002 5468 nec
1022 5413 1294 5472 sacerdos,
1327 5412 1454 5482 quia
1487 5413 1664 5466 omnes
1683 5411 1919 5465 declina-

340 5512 546 5566 verunt,
577 5505 736 5558 simul
786 5504 1000 5562 inutiles
1033 5503 1164 5574 [acti
1202 5513 1344 5570 sunt,
1384 5520 1484 5564 non
1507 5513 1587 5557 est
1639 5505 1726 5574 qui
1755 5504 1919 5575 faciat

411 5703 456 5730 "
480 5701 636 5756 Joan.
664 5717 714 5765 ιι,
755 5705 842 5766 lc.

267 5719 270 5722 ‘
342 5760 376 5769 ,ν
411 5703 456 5730 ’⁸
480 5702 636 5756 Joan.
664 5717 714 5765 x,
755 5705 842 5766 lc.
918 5703 964 5737 “
998 5703 1016 5758 I
1047 5702 1174 5758 Cor.
1235 5719 1324 5769 xv,
1359 5705 1447 5758 49.

342 5760 388 5794 ³⁸
417 5771 581 5829 llebr.
616 5760 808 5841 1:923:

1527 5704 1572 5734 "
1607 5701 1650 5756 II
1687 5702 1810 5758 Cor.
1847 5719 1902 5765 ν,
1933 5703 1979 5754 i.

2019 4589 2251 4660 iustitiae
2309 4591 2367 4646 in
2430 4607 2666 4662 persona
2724 4592 2903 4659 vituli,
2945 4592 3215 4647 castltatis
3261 4589 3317 4645 in
3377 4599 3613 4661 persona

2021 4685 2248 4754 aquihe:
2277 4686 2345 4740 de
2382 4685 2583 4756 quibus
2623 4685 2839 4756 plenius
2885 4685 2939 4740 in
2982 4683 3266 4756 propheta:
3308 4679 3610 4738 Ezechielis

2021 4777 2478 4847 interpretatione
2509 4777 2637 4831 olim
2665 4779 3041 4847 exposuimus.

2096 4865 2286 4934 Expiet
2315 4877 2364 4920 et
2385 4867 2676 4935 sanctificat
2709 4867 2844 4921 illud
2877 4866 2944 4920 ab
2979 4864 3333 4920 immunditiis
3377 4861 3608 4929 ﬁliorum

2025 4957 2216 5013 Israel.
2239 4957 2447 5014 Christi
2489 4961 2637 5014 enim
2677 4957 2949 5014 sacriﬁcio
2993 4959 3286 5028 expiantur
3318 4964 3404 5007 -ct-
3443 4949 3608 5004 cccle-

2026 5050 2130 5104 stia
2153 5051 2221 5114 '°,
2247 5049 2322 5104 ita
2353 5061 2412 5104 ut
2443 5051 2646 5106 Paulus
2679 5051 2885 5106 diceret
2905 5047 3309 5120 :dill‘erentiam
3356 5041 3608 5112 legalium

2025 5139 2441 5202 sacriﬁciorum,
2488 5151 2544 5194 ct
2591 5139 2860 5211 unigeniti
2919 5135 3210 5192 ostendere
3243 5131 3433 5186 volens
3470 5142 3602 5182 :ne-

2025 5245 2182 5284 cosse
2211 5238 2298 5284 est
2335 5243 2464 5300 ergo
2505 5227 2838 5299 exemplaria
2872 5225 3172 5281 caelestium
3208 5222 3295 5276 his
3333 5217 3607 5281 mandari,

2028 5321 2146 5392 ipsa
2185 5329 2368 5376 autem
2397 5321 2648 5376 coelestia
2699 5319 3002 5390 majoribus
3047 5313 3242 5370 hostiis
3273 5327 3434 5383 quam
3465 5310 3606 5366 istis.

2029 5411 2136 5465 Sed
2199 5409 2357 5480 cujus
2417 5408 2496 5462 rei
2554 5406 2725 5478 gratia
2781 5404 3090 5474 expiatione
3147 5399 3607 5474 opIIS'habebant

2030 5503 2275 5559 ctelcstia
2307 5501 2583 5572 legislator
2613 5497 2872 5564 ostendit,
2903 5497 3122 5553 dicens:
3179 5487 3184 5492 ’

2063 5701 2262 5756 “Gen.
2331 5717 2392 5764 II,
2425 5701 2478 5754 7.
2555 5698 2600 5731 ⁸³
2627 5696 2786 5752 Rom.
2841 5713 2938 5766 vn,
2971 5697 3061 5754 23.
3135 5697 3182 5731 ”
3207 5695 3352 5753 Psal.
3401 5715 3522 5762 xm,
3547 5692 3605 5750 5.
