4038 6182
361 214 457 278 981

1530 182 1614 282 iN
1659 221 2102 289 LEVITICUM.
2134 248 2199 262 -
2231 228 2379 287 ΜΒ.
2409 226 2473 287 v.

3526 228 3659 299 982’

361 332 419 386 in
460 331 614 388 nobis
645 341 749 395 est,
782 332 1115 386 mentionem
1146 331 1314 387 fecit:
1348 335 1756 391 tabernaculum
1795 337 1941 391 enim
1975 322 2019 396 Α
2050 346 2238 407 pterea
2262 339 2316 394 iu
2358 340 2658 395 immundis
2684 340 2968 395 ordinatus
2990 349 3095 404 cst,
3136 348 3190 396 et
3220 339 3384 411 huius
3404 343 3629 412 quidem

361 422 459 477 Dei
495 431 580 478 est
596 422 775 477 omnis
809 429 998 476 noster
1028 422 1213 488 homo,
1244 423 1302 476 in
1333 439 1443 492 quo
1495 425 1637 480 Deus
1694 427 1941 482 habitare

361 514 601 570 creditur
631 515 906 584 :primum
929 514 1149 584 quidem
1174 530 1272 585 per
1292 515 1605 587 imaginem,
1643 534 1804 588 quam
1837 535 1939 573 no-

357 608 442 663 bis
490 608 729 673 donavit,
788 607 986 661 deinde
1036 621 1135 676 per
1175 607 1463 675 primitias,
1501 622 1635 677 quas
1694 623 1722 663 a
1774 610 1939 664 nobis

2049 446 2211 500 paena
2246 432 2540 487 manifesta
2565 440 2667 487 est.
2701 432 3043 489 Manifestum
3066 443 3152 488 est
3168 434 3331 488 etiam
3360 434 3633 503 quomodo

2048 522 2307 578 mundata
2337 539 2366 578 a
2391 525 2570 594 poenis
2600 525 2817 579 liberari
2849 525 3086 595 possint.
3135 524 3241 580 Sed
3303 523 3496 582 adhuc
3546 526 3633 580 his

2048 614 2492 683 superuadiﬂcans
2520 616 2819 687 legislator,
2863 625 3056 687 utpote
3081 626 3633 676 consonantunsan—

278 760 281 761 ν
359 700 606 769 sumpsit.
636 699 875 753 Verbum
910 698 1060 752 enim
1100 713 1227 753 caro
1275 698 1480 753 factum
1525 708 1628 765 est,
1652 701 1797 770 quod
1830 717 1941 770 per

299 772 502 889 \g‘llam
530 790 886 845 munitionem
918 789 1082 843 etiam
1115 788 1169 842 in
1212 789 1438 858 reliquis
1484 790 1733 845 habitare
1765 791 1941 844 homi-
1995 796 2027 837 ο

308 879 328 945 ἐ
360 884 519 937 nibus
545 882 768 946 dicitur,
800 881 946 950 quod
990 881 1184 950 probat
1238 879 1477 936 Joannes
1521 880 1712 936 dicens
1754 898 1768 934 :
1808 880 1939 935 l'er-

312 1017 317 1029 .
356 975 477 1026 bum
504 989 628 1025 caro
659 973 859 1042 factum
885 980 982 1034 est,
1007 979 1054 1023 et
1078 970 1332 1024 habitavit
1358 971 1413 1024 in
1443 972 1591 1025 nobis
1618 970 1683 1025 ".

319 1056 331 1085 ⁴
431 1063 594 1118 Vens.
619 1063 707 1129 32,
725 1065 812 1118 55.
838 1081 857 1114 ί
887 1061 996 1117 Ista
1017 1070 1097 1117 est
1120 1062 1208 1116 lex
1228 1062 1348 1132 ejus
1386 1063 1480 1132 qui
1504 1063 1710 1131 patitur
1730 1062 1936 1118 ﬂuxum

2048 703 2285 758 ctioncm
2310 719 2431 774 quas
2456 706 2811 776 subsequitur
2832 709 3041 778 posuit:

2631 862 2862 919 CAPUT
2892 864 3038 921 XVI.

2119 966 2281 1023 Vens.
2317 972 2365 1024 i.
2392 989 2411 1022 ‹
2449 971 2691 1029 Locutus
2722 983 2809 1029 est
2838 974 3098 1035 Dominus
3132 980 3200 1034 ad
3246 979 3487 1051 Moysen,
3550 983 3632 1035 di-

2045 1075 2176 1115 cens
2209 1078 2222 1112 :
2258 1060 2383 1118 Post
2402 1075 2634 1120 mortem
2662 1068 2896 1124 duorum
2930 1070 3160 1127 filiorum
3181 1074 3383 1140 Aaron,
3409 1078 3630 1144 quando

358 1152 600 1220 seminis,
620 1164 674 1211 et
699 1154 791 1225 qui
809 1155 1067 1225 polluitur
1088 1156 1234 1209 coitu
1254 1164 1313 1209 et
1336 1146 1428 1224 qui
1468 1157 1766 1211 menstruis
1795 1166 1902 1211 tem
1918 1188 1937 1197 -

358 1250 588 1319 poribus
615 1257 922 1317 separatur,
954 1248 1042 1302 vel
1062 1262 1184 1318 quae
1229 1248 1347 1319 jugi
1384 1248 1506 1303 ﬂuit
1534 1249 1819 1322 sanguine,
1883 1260 1939 1305 et

358 1341 594 1395 hominis
617 1340 707 1410 qui
740 1339 1159 1395 dormieritcum
1189 1355 1274 1394 ea.
1313 1357 1334 1392 δ
1452 1347 1458 1353 ’

428 1430 778 1501 Quaecunque
798 1430 1043 1500 ejusdem
1071 1431 1369 1485 sanctionis
1408 1432 1513 1487 sibi
1544 1433 1842 1499 cohaerent,
1882 1444 1939 1490 et

354 1544 588 1598 quorum
623 1528 690 1583 ad
720 1522 885 1581 unam
920 1526 1281 1582 intentionem
1306 1527 1361 1581 in
1397 1527 1599 1583 eﬂ'ectu
1630 1529 1798 1584 tradit
1825 1531 1936 1584 uti-

354 1620 499 1686 litas,
531 1623 643 1676 haec
671 1620 891 1674 sibimet
913 1619 1185 1690 legislator
1203 1629 1530 1675 connectere
1550 1621 1857 1686 consuevit,
1877 1630 1936 1675 ut

2046 1149 2340 1207 oﬂ‘erentes
2370 1153 2548 1222 ignem
2566 1156 2801 1212 alienum
2833 1160 3103 1216 interfecti
3130 1172 3277 1227 sunt.
3323 1182 3342 1215 ι

2115 1242 2257 1297 Ecce
2272 1252 2325 1297 et
2354 1259 2501 1299 nunc
2523 1247 2611 1303 Dei
2637 1250 2861 1319 spiritus
2883 1267 3053 1306 unum
3088 1268 3298 1323 corpus,
3314 1254 3447 1326 legis
3474 1255 3625 1316 facit.

2044 1340 2099 1387 et
2124 1334 2192 1388 ad
2233 1351 2401 1389 unum
2428 1338 2625 1408 redigit
2647 1339 2878 1395 invicem
2903 1342 3003 1403 sibi
3038 1343 3389 1409 cohmreiitia,
3432 1356 3637 1402 etcum

2043 1428 2247 1483 dudum
2276 1429 2767 1487 manifestassetea
2794 1449 2915 1502 quae
2957 1434 3024 1489 ad
3073 1435 3380 1505 doctrinam
3443 1454 3457 1489 :
3505 1455 3628 1508 qua:

2043 1528 2239 1575 contra
2265 1520 2441 1591 legem
2465 1532 2569 1584 est,
2594 1526 2896 1594 pertinent,
2934 1527 3234 1597 modosque
3283 1530 3404 1597 ejus
3436 1530 3627 1601 multi-

2015 1612 2213 1680 plices
2242 1614 2526 1682 quosdam,
2562 1626 2728 1687 atque
2763 1619 3081 1675 diﬂ‘erentcs
3110 1622 3474 1691 exposuisset,
3517 1638 3641 1679 una-

351 1711 406 1766 ei
426 1709 516 1780 qui
547 1708 888 1763 meditationi
910 1707 1046 1778 legis
1091 1708 1332 1763 studium
1365 1709 1594 1779 praebet,
1622 1710 1937 1766 manifestet
1970 1694 2009 1751 Β
2039 1718 2188 1758 nunc
2220 1720 2341 1759 eam
2368 1707 2651 1779 redarguit
2684 1710 2826 1780 lege,
2887 1719 2944 1766 et
3009 1725 3301 1769 commune
3353 1700 3622 1782 quodam—

353 1800 625 1871 quomodo
655 1807 904 1870 oporteat
928 1799 1044 1853 haec
1070 1799 1322 1871 intelligi,
1364 1810 1419 1855 et
1442 1817 1565 1870 qute
1586 1815 1710 1856 cum
1736 1803 1937 1873 quibus

247 1929 274 1953 ε
351 1892 731 1964 cognationem
792 1891 1095 1946 secundum
1149 1892 1563 1949 similitudinem
1629 1894 1940 1950 intellectus

352 1984 608 2041 habeant.
632 1980 770 2049 Quia
801 1998 922 2037 esse
952 1981 1158 2038 ﬂuxum
1212 1985 1441 2039 seminis
1476 1986 1714 2056 patiens,
1744 1987 1936 2042 docto-

349 2093 473 2131 rum
520 2090 881 2146 corrumpens
913 2090 1126 2139 semen,
1156 2085 1212 2130 ει
1242 2077 1423 2145 turpia
1476 2087 1643 2147 atque
1692 2094 1938 2134 corrum-

346 2170 532 2239 pentia
555 2169 855 2223 admonens
878 2176 963 2222 est
987 2168 1246 2237 probatus
1279 2186 1293 2223 :
1328 2167 1393 2222 Et
1435 2171 1499 2224 de
1528 2188 1629 2241 quo
1668 2173 1936 2242 egreditur

344 2278 524 2315 semen
548 2262 735 2315 coitus.
762 2260 834 2315 Ut
864 2260 1153 2331 polluatur,
1185 2262 1250 2328 is,
1280 2261 1376 2332 qui
1404 2260 1630 2318 Judaica
1659 2274 1933 2335 praecepta

344 2354 529 2419 docet,
561 2352 615 2406 in
643 2350 842 2421 quibus
868 2352 985 2420 ipse
1011 2361 1071 2405 ut
1114 2352 1255 2406 mala
1299 2352 1448 2407 bona
1480 2353 1691 2410 docens
1717 2367 1773 2411 et
1797 2357 1933 2427 legis

344 2444 711 2499 intentionem
744 2442 1147 2512 transgrediens
1201 2443 1486 2513 polluitur,
1528 2445 1657 2500 dum
1690 2461 1755 2501 ea
1810 2464 1932 2517 quae

344 2537 412 2593 ad
462 2538 702 2591 litteram
747 2534 1047 2604 pertinent,
1094 2543 1245 2590 extra
1277 2546 1495 2606 tempus
1554 2538 1823 2608 proferet,
1877 2552 1931 2597 et

344 2629 510 2685 modo
544 2628 785 2698 quodam
810 2626 1029 2681 mundis
1079 2626 1222 2681 sicut
1267 2628 1564 2683 immundis
1613 2630 1805 2695 utitur,
1862 2632 1931 2687 de

341 2721 543 2790 quibus
563 2719 768 2773 dictum
811 2725 897 2772 est
933 2734 947 2770 :
981 2716 1165 2771 Omnia
1220 2719 1419 2772 munda
1484 2720 1713 2784 mundis,
1783 2722 1930 2774 coin-

342 2811 576 2881 quinatis
598 2818 778 2863 autem
823 2818 871 2863 et
903 2809 1194 2878 inﬁdelibus
1222 2810 1357 2863 nihil
1401 2811 1673 2876 mundum,
1705 2813 1796 2866 sed
1818 2813 1929 2881 pol-

341 2903 455 2956 luta
483 2909 602 2955 sunt
623 2917 803 2953 eorum
826 2916 968 2954 mens
996 2910 1047 2953 et
1063 2901 1383 2954 conscientia
1399 2901 1464 2953 ".
1498 2900 1790 2974 Sanguinis
1827 2920 1926 2957 au-

344 2999 453 3047 tem
486 2991 687 3045 ﬂuxum
712 2992 1055 3061 patientcsin
1090 2993 1387 3049 menstruis
1419 2994 1556 3058 suis,
1595 2996 1650 3050 hi
1678 3011 1798 3051 esse
1825 2997 1923 3051 de-

340 3085 625 3140 monstrati
657 3092 803 3148 sunt,
839 3085 926 3155 qui
949 3102 1009 3141 ea
1040 3101 1163 3158 qua:
1197 3086 1264 3144 ad
1303 3086 1640 3158 impietatem
1671 3090 1922 3154 tendunt,

338 3176 433 3234 illo
451 3176 715 3234 doctrinae
757 3186 1025 3249 tempore,
1082 3180 1272 3249 inquo
1319 3195 1492 3249 genus
1536 3180 1822 3237 hominum
1869 3183 1927 3236 in

339 3268 491 3323 cultu
515 3268 783 3323 idolorum
820 3268 1105 3324 detentum
1160 3270 1214 3323 in
1246 3271 1542 3325 menstruis
1561 3271 1696 3337 suis,
1727 3272 1785 3326 in
1836 3288 1926 3327 se-

338 3360 622 3430 paratione
646 3361 884 3422 maiitiaa,
912 3376 942 3414 a
973 3362 1118 3415 malo
1148 3362 1294 3416 enim
1328 3363 1564 3432 separati
1591 3378 1702 3417 non
1736 3374 1921 3427 erant;

339 3460 405 3504 ut
426 3452 744 3506 ostenderet
772 3453 898 3519 quia
924 3454 1117 3507 eadem
1146 3452 1215 3507 de
1250 3453 1338 3509 his
1369 3454 1462 3523 qui
1498 3470 1663 3523 prava
1703 3455 1923 3522 docent,

342 3543 428 3597 lex
456 3545 717 3613 loquitur.
741 3544 967 3599 Addidit
994 3545 1296 3598 secundum
1319 3545 1462 3599 LXX
1494 3566 1507 3600 :
1547 3545 1782 3601 Ftuxum
1841 3564 1924 3602 se-

340 3635 500 3690 minis
536 3635 756 3706 patienti
776 3634 1010 3688 masculo
1048 3643 1098 3687 et
1125 3636 1358 3703 feminae.
1392 3635 1558 3706 Atqui
1610 3636 1665 3690 in
1710 3652 1923 3706 praece-

339 3725 494 3781 denti
522 3724 805 3779 sanctione
841 3724 908 3778 de
933 3724 1051 3778 solo
1073 3723 1220 3778 ﬂuxu
1249 3724 1477 3779 seminis
1521 3725 1765 3795 patiente
1792 3742 1923 3781 ma—

338 3816 493 3871 sculo
528 3815 696 3881 dicit;
729 3815 947 3871 feminas
972 3828 1153 3870 autem
1193 3815 1399 3870 ﬂuxum
1441 3816 1667 3873 seminis
1704 3819 1922 3887 patien-

338 3908 406 3963 tis
454 3907 770 3961 memoriam
800 3907 1100 3961 secundum
1134 3906 1373 3961 litteram
1408 3908 1628 3977 penitus
1687 3924 1797 3963 non
1836 3910 1919 3964 {c-

337 4001 415 4056 cit
452 4016 467 4054 :
496 4001 590 4055 sed
622 4014 721 4069 per
755 4000 1040 4055 mulierem
1069 3999 1323 4070 qureﬂuit
1349 4000 1557 4055 ﬂuxum
1611 4003 1915 4072 sanguinis,

335 4107 458 4146 eum
490 4092 582 4163 qui
616 4092 848 4148 effundit
900 4092 1203 4148 doctrinam
1258 4093 1575 4150 idololatriae
1627 4094 1913 4154 intellexit.

334 4186 630 4255 Propterea
655 4200 804 4241 nunc
828 4200 950 4240 eam
979 4184 1183 4240 ﬂuxum
1217 4187 1446 4241 seminis
1476 4188 1781 4258 patientem
1815 4205 1915 4258 ap-

333 4278 575 4349 pellavit.
612 4286 673 4332 ut
701 4293 803 4332 nos
839 4277 1180 4333 disceremus
1225 4277 1346 4349 quia
1392 4295 1519 4335 eum
1541 4281 1634 4350 qui
1661 4296 1916 4339 corrum-

2041 1795 2204 1849 modo
2233 1806 2423 1851 contra
2443 1812 2560 1852 eam
2595 1801 2840 1856 subdidit
2899 1815 3252 1872 praeceptum,
3309 1812 3365 1858 et
3398 1819 3621 1858 causam

2040 1889 2214 1943 morbi
2236 1890 2408 1959 ipsius
2440 1891 2975 1959 manifestamiecit,
3005 1896 3058 1951 id
3086 1905 3190 1961 est,
3221 1897 3364 1952 unde
3400 1897 3621 1961 contiu-

2039 1981 2117 2050 git
2150 1989 2205 2036 et
2228 1982 2372 2038 unde
2403 1987 2743 2053 supervenit.
2798 1987 3015 2043 Audisti
3041 1990 3209 2051 enim,
3231 1990 3450 2059 quando
3478 1990 3620 2045 lilio-

2037 2088 2160 2127 rum
2187 2074 2396 2141 Aaron,
2423 2093 2614 2133 eorum
2634 2078 2726 2147 qui
2771 2079 2962 2135 divino
2995 2082 3118 2152 igne
3140 2083 3451 2152 consumpti
3489 2091 3618 2136 sunt

2035 2166 2417 2233 quaerebamus
2457 2178 2715 2232 mortem,
2746 2171 2897 2239 quia,
2935 2185 3063 2226 cum
3098 2172 3326 2243 verbum
3346 2172 3456 2235 illic
3480 2172 3619 2241 lega-

2033 2255 2447 2316 lis~traditionis
2478 2270 2534 2316 et
2582 2263 2833 2335 historiae
2887 2264 3214 2331 faceremus,
3264 2266 3444 2337 ignem
3482 2266 3615 2321 alit--

2035 2363 2190 2411 num,
2223 2349 2459 2405 alienam
2494 2367 2525 2406 a
2557 2352 2672 2408 Deo
2729 2353 3040 2411 doctrinam
3093 2357 3356 2418 diximus.
3403 2367 3613 2429 ctpro--

2033 2447 2222 2508 pterea
2279 2458 2311 2496 a
2355 2443 2545 2519 divino
2592 2446 2719 2516 igne
2759 2447 3016 2515 videlicet
3063 2448 3312 2518 spiritus,
3366 2466 3465 2504 eos
3518 2453 3612 2520 qui

2032 2530 2211 2600 ignem
2234 2533 2385 2589 illum
2402 2537 2708 2593 offerebant
2724 2554 2844 2594 esse
2867 2551 3255 2612 consumptos:
3285 2543 3411 2612 quia
3428 2545 3621 2598 tiit‘intr

2030 2622 2139 2691 igni
2170 2635 2355 2693 aperte
2384 2627 2789 2692 contradicunt,
2826 2639 2883 2685 et
2910 2639 3102 2687 contra
3170 2632 3436 2702 Spiritum
3488 2650 3612 2689 san-

2030 2724 2179 2771 ctum
2231 2726 2401 2787 agunt
2461 2719 2536 2783 bi,
2570 2720 2666 2789 qui
2699 2737 2763 2775 ea
2809 2737 2931 2791 qua:
2961 2724 3100 2777 mala
3160 2734 3215 2778 et
3247 2724 3432 2795 iniqua
3480 2740 3613 2781 sunt.

2028 2808 2248 2862 docent.
2280 2808 2409 2864 Sive
2439 2826 2570 2881 ergo
2591 2827 2654 2866 ea
2680 2828 2802 2882 quae
2828 2813 3141 2869 idololatria!
3168 2816 3467 2885 cohaerent.
3486 2819 3614 2888 quis

2029 2897 2229 2961 tradat,
2255 2898 2372 2953 sive
2400 2909 2716 2971 corrumpat
2744 2918 3027 2972 exponens
3092 2906 3274 2960 divina
3330 2908 3607 2975 mandata,

2029 2988 2237 3043 nefaria
2268 2989 2321 3043 in
2343 2990 2423 3045 eis
2452 2991 2807 3049 subinferens
2857 2996 3019 3049 verba
3065 2999 3181 3052 sive
3220 2998 3447 3055 Judaica
3506 3002 3610 3056 (lo-

2032 3080 2205 3136 ctrina
2233 3082 2311 3137 sic
2342 3091 2547 3150 utatur,
2573 3094 2633 3139 ut
2670 3101 2735 3140 ex
2769 3102 2832 3141 ea
2889 3089 3186 3158 polluatur,
3229 3103 3419 3147 contra
3470 3104 3609 3148 tem-

2032 3185 2134 3239 pus
2150 3170 2404 3225 videlicet
2439 3179 2494 3226 et
2526 3172 2888 3229 intentionem
2913 3176 3069 3246 legis,
3101 3177 3273 3248 ipsius
3296 3180 3429 3251 legis
3458 3180 3607 3234 litte-

2032 3276 2145 3314 ram
2177 3261 2483 3330 proferens.
2524 3263 2701 3333 ignem
2724 3265 2971 3337 alienum
3008 3266 3116 3321 Deo
3144 3269 3359 3334 offeret,
3393 3281 3448 3324 et
3484 3287 3608 3338 prn-

2032 3363 2217 3420 pterea
2267 3356 2403 3409 muri
2461 3355 2739 3423 dicuntur,
2789 3373 2856 3412 cx
2918 3359 3036 3430 lege
3069 3362 3303 3417 celerem
3340 3363 3608 3418 habentes

2031 3450 2490 3518 transgressionis
2518 3465 2757 3519 poenam.
2789 3449 2993 3506 Verum
3032 3456 3255 3523 quando
3302 3456 3354 3509 hi
3408 3457 3604 3511 mortui

2031 3532 2254 3599 fuerint,
2280 3534 2333 3588 id
2364 3544 2468 3601 est,
2500 3537 2718 3605 quando
2741 3538 3012 3608 dispertiti
3082 3541 3306 3608 fuerint,
3360 3555 3416 3598 et
3465 3561 3605 3614 quo-

2028 3623 2318 3681 dammodo
2337 3625 2663 3694 defecerint,
2703 3637 2836 3683 tunc
2884 3632 3096 3686 sanctio
3150 3650 3271 3703 qua:
3335 3636 3603 3704 sequitur,

2028 3715 2320 3770 obtinebit.
2358 3717 2425 3771 Et
2456 3727 2749 3788 propterea
2780 3731 2905 3790 post
2952 3731 3182 3777 mortem
3242 3725 3474 3779 ﬁliorum
3510 3730 3604 3780 Aa.

2024 3824 2150 3873 ron,
2183 3809 2275 3878 qui
2305 3809 2486 3880 ignem
2521 3812 2760 3881 alienum
2811 3813 3149 3880 obtulerunt,
3212 3817 3413 3871 dixisse
3460 3818 3604 3872 Deus

2023 3900 2093 3954 ad
2124 3898 2341 3971 Moysen
2364 3918 2426 3957 ea
2451 3919 2572 3972 quae
2603 3915 2928 3974 sequuntur,
2949 3906 3148 3963 dicitur
3183 3923 3197 3959 :

2097 3990 2262 4051 Vens.
2297 3994 2352 4048 2.
2390 4016 2409 4046 ι
2450 3994 2518 4049 Et
2548 3997 2809 4068 praecepit
2859 4000 2909 4053 ei
2957 3999 3147 4054 dicens
3181 4017 3195 4054 :
3232 3999 3482 4071 Loquere
3534 4004 3603 4058 ad

2022 4082 2203 4145 Aaron
2244 4084 2470 4141 fratrem
2492 4096 2669 4153 tuum,
2707 4105 2777 4145 ne
2807 4092 2955 4146 omni
2987 4100 3234 4163 tempore
3266 4094 3605 4164 ingrediatur

2020 4180 2419 4246 sanctuarium,
2447 4181 2591 4251 quod
2619 4191 2704 4237 est
2736 4184 2878 4239 intra
2921 4186 3126 4253 velum,
3176 4202 3360 4243 coram
3416 4190 3603 4260 propi-

2023 4268 2243 4326 tiatorio
2275 4288 2385 4342 quo
2430 4275 2632 4345 tegitur
2657 4291 2805 4343 arca,
2872 4289 2932 4335 ut
2973 4294 3083 4335 non
3135 4282 3419 4348 moriatur,
3475 4282 3603 4353 quia

332 4372 417 4441 pit
440 4372 637 4426 bonam
661 4370 987 4434 doctrinam,
1033 4371 1270 4442 turpiter
1327 4387 1449 4428 eam
1478 4382 1533 4428 et
1562 4374 1702 4429 male
1729 4375 1915 4445 profe-
1953 4406 1996 4461 ο
2024 4361 2080 4417 in
2098 4364 2242 4461 "lube
2273 4367 2572 4436 apparebo,
2605 4383 2772 4439 super
2799 4371 3100 4426 οτθουιιηη·
3138 4392 3158 4441 P

334 4477 483 4527 rens,
507 4461 666 4515 talem
699 4461 877 4530 qualis
908 4461 1060 4517 estis
1090 4463 1183 4533 qui
1226 4463 1562 4534 impietatem
1597 4466 1778 4532 docet,
1832 4469 1916 4523 lex

332 4565 571 4624 reputet,
608 4565 961 4627 utrorumque
992 4558 1138 4614 enim
1185 4560 1352 4616 verba
1382 4564 1735 4633 corruptione
1752 4565 1913 4635 plena

333 4657 480 4703 sunt.
516 4647 609 4703 His
654 4648 829 4704 virum
882 4652 1170 4721 conjunxit
1228 4668 1353 4709 cum
1405 4665 1743 4713 menstruata
1783 4657 1912 4713 dor-

331 4740 612 4794 mientem.
638 4740 780 4795 Dicit
808 4750 989 4798 autem
1011 4745 1247 4816 eumqui
1277 4762 1342 4801 ex
1372 4746 1516 4803 ﬂdeli
1538 4749 1757 4818 populo,
1788 4738 1911 4803 ido-

329 4829 557 4886 lolatriae
593 4833 789 4887 mistus
823 4846 906 4888 est
940 4836 1121 4891 :sicut
1149 4837 1400 4905 superius
1426 4838 1688 4895 diximus.
1752 4839 1908 4896 Unde

326 4939 436 4977 non
459 4925 801 4991 simpliciter,
826 4927 920 4982 sed
944 4929 1244 4983 masculum
1286 4930 1599 4999 perfectiori
1619 4932 1908 4996 vocabulo,

327 5014 467 5067 sicut
499 5032 700 5071 nomen
731 5018 908 5073 fidelis
952 5020 1345 5090 possidentem,
1373 5022 1530 5076 dixit.
1569 5021 1626 5077 Si
1650 5025 1909 5091 praevari-

327 5111 478 5156 cator
510 5107 884 5171 eﬂectus,hoc
905 5111 1227 5169 vocabulum
1278 5120 1439 5182 negat
1486 5112 1794 5182 falsumth
1850 5116 1907 5167 in

298 5203 387 5246 τεο
434 5209 554 5248 esse
579 5197 942 5263 demonstrat,
988 5202 1219 5270 adeptus
1260 5203 1406 5255 enim
1464 5201 1558 5257 Dei
1631 5202 1903 5268 militiam,

328 5283 487 5338 idolis
517 5301 576 5339 se
605 5288 845 5354 tradidit,
879 5307 1003 5346 cum
1051 5292 1333 5347 dormiens
1366 5292 1620 5347 videlicet
1653 5303 1706 5348 et
1729 5295 1901 5347 errori

326 5392 384 5430 se
411 5380 768 5447 permiscens,
791 5374 1027 5452 primum
1078 5384 1298 5453 quidem
1333 5392 1391 5439 ut
1421 5385 1671 5449 sordens,
1705 5384 1905 5440 deinde

330 5476 391 5521 ut
427 5468 514 5522 cui
557 5468 699 5523 inest
729 5471 885 5543 longe
911 5490 940 5526 a
974 5473 1085 5527 Deo
1121 5476 1335 5539 sedere,
1364 5484 1419 5530 et
1440 5476 1656 5547 degere.
1689 5470 1905 5546 Etpro-

438 5631 480 5663 "
511 5631 669 5688 Joan.
698 5650 736 5703 ι,
774 5635 855 5690 Η.
951 5639 996 5668 ²⁰
1025 5638 1129 5694 Tit.
1168 5658 1207 5709 ι,
1243 5642 1326 5697 i5.

1441 5645 1482 5677 "
1518 5642 1710 5700 Matth.
1754 5659 1864 5712 xvi,
1908 5645 1997 5699 ‘26.

2094 4451 2369 4521 Quantum
2397 4469 2583 4528 parcat
2603 4460 2746 4515 Deus
2767 4461 2930 4518 saluti
2953 4474 3174 4531 nostra),
3189 4482 3255 4531 ex
3281 4469 3468 4525 multis
3478 4485 3601 4541 qua

2019 4545 2076 4599 in
2113 4547 2229 4619 lege
2259 4548 2404 4605 dicta
2431 4560 2562 4607 sunt
2603 4569 2618 4606 :
2661 4554 3001 4617 considerari
3036 4566 3091 4613 et
3121 4559 3258 4615 disci
3291 4571 3494 4632 potest,
3528 4562 3599 4617 de

2014 4636 2219 4706 quibus
2236 4639 2370 4694 nihil
2404 4642 2760 4713 negligentes,
2800 4647 2993 4703 oculos
3038 4650 3238 4705 mentis
3264 4667 3361 4722 per
3383 4653 3595 4722 singula

2015 4728 2385 4785 intendamus.
2405 4731 2543 4797 Quid
2568 4736 2706 4789 enim
2735 4738 2966 4805 prodest,
2993 4739 3149 4795 homo
3174 4744 3221 4795 si
3241 4752 3410 4797 totum
3438 4760 3598 4797 mun-

2015 4821 2141 4875 dum
2164 4820 2414 4889 lucretur,
2441 4826 2635 4881 animi:
2652 4837 2827 4881 autent
2856 4845 2966 4891 sua:
2993 4832 3361 4888 detrimentum
3393 4834 3597 4905 faciat?

2014 4915 2118 4968 Aut
2169 4932 2329 4985 quam
2391 4919 2539 4973 dabit
2599 4921 2752 4975 homo
2777 4927 3237 4979 commutationem
3260 4942 3355 4994 pro
3409 4927 3591 4980 anima

2008 5025 2107 5073 sua
2138 5009 2208 5061 “‘I
2230 5006 2373 5073 Quia
2389 5026 2519 5081 ergo
2543 5028 2778 5076 summa,
2805 5015 2918 5070 sive
2957 5017 3254 5086 capitulum
3274 5017 3469 5072 salutis
3496 5035 3593 5073 no-

2014 5111 2160 5165 strm,
2199 5099 2362 5156 Verbi
2385 5103 2631 5158 doctrina
2656 5115 2760 5169 est,
2784 5106 2898 5175 ipsa
2933 5107 3094 5161 nobis
3141 5106 3259 5173 vias
3310 5107 3506 5173 bonas,
3548 5112 3591 5166 si

2012 5192 2152 5247 bona
2184 5191 2347 5247 fuerit
2378 5209 2390 5244 :
2422 5192 2466 5246 si
2498 5202 2681 5249 autem
2715 5196 2874 5261 mala,
2894 5197 3064 5251 malas
3079 5195 3251 5268 digito
3285 5207 3596 5265 monstrare

2015 5285 2320 5342 consuevit.
2359 5284 2527 5340 Recte
2582 5289 2872 5343 maximam
2918 5289 3252 5360 diligentiam
3316 5292 3594 5365 lcgislator

2020 5380 2240 5435 exhibet
2263 5394 2321 5437 ut
2349 5394 2458 5433 non
2482 5379 2658 5434 solum
2693 5380 2747 5434 in
2772 5380 2956 5437 verbis
2988 5382 3271 5454 turpibus,
3303 5394 3397 5451 aut
3428 5368 3483 5440 in
3512 5385 3592 5442 fa-

2016 5472 2157 5527 bulis
2178 5471 2417 5528 Judairis
2445 5479 2538 5524 aut
2566 5469 2622 5524 in
2655 5470 2838 5541 aliquo
2862 5471 3181 5533 idololatria
3208 5468 3593 5548 phantasmate
