4038 6182
431 266 541 332 θαι

1626 267 1984 329 HESYCiIII
2025 271 2501 334 PRESBYTERI

3599 274 3711 339 ςει

432 382 686 439 ductores
710 396 817 436 non
845 379 1133 442 excedant,
1159 378 1251 433 sed
1284 394 1385 433 nec
1414 380 1700 435 occasione
1734 381 2018 453 theologia:
2045 388 2091 444 Λ
2118 383 2346 451 Quando
2375 403 2505 458 ergo
2542 402 2573 441 a
2616 386 2817 458 populo
2846 386 3076 442 Judaico
3114 385 3168 440 in
3204 386 3365 456 cuius
3392 402 3541 442 nunc
3569 386 3710 459 figo-

433 478 488 529 in
513 474 849 546 impietatem
872 472 1092 535 cadant,
1124 471 1267 541 quod
1296 487 1415 526 mos
1451 482 1535 527 est
1563 474 1840 529 haereticis
1870 474 2003 544 pati.

431 569 807 623 Substantiam
840 581 971 640 vero
991 565 1349 620 discutientes
1406 566 1522 629 Dei,
1556 575 1666 620 tam
1717 565 1893 621 Patris
1942 567 2011 621 ad

433 662 653 726 Filium,
687 672 851 729 quam
890 656 1011 711 Filii
1035 655 1102 710 ad
1128 655 1390 726 Spiritum
1432 667 1705 721 sanctum,
1751 656 2013 712 differen-

433 755 560 809 tiam
588 749 963 814 introducunt,
999 759 1054 803 et
1082 747 1185 803 alia
1218 748 1412 802 similia
1435 765 1556 819 quae.
1579 760 1820 804 nostram
1852 763 2013 803 exce-
2044 755 2078 797 ο

430 847 568 899 dunt
595 839 908 904 scientiam,
932 838 1239 894 absconsa:
1300 853 1421 908 quze
1478 848 1606 893 sunt
1661 838 1822 892 nobis
1870 837 2013 901 sicut

430 936 594 991 nimis
628 935 735 990 alta
775 941 940 1004 atque
966 932 1243 996 sublimia,
1281 948 1390 987 non
1427 947 1493 987 ex
1543 931 1744 987 divinis
1780 930 2009 1001 dogma-

432 1029 594 1095 tibus,
624 1027 719 1082 sed
747 1041 811 1082 ex
836 1025 952 1080 suis
970 1023 1393 1096 cogitationibus
1421 1025 1708 1093 exquirere
1740 1023 2006 1087 volentes,

429 1142 456 1173 ιι
483 1120 875 1176 moderationis
923 1116 1307 1180 ecclesiasticae
1352 1117 1523 1171 excisi
1574 1125 1704 1170 sunt
1756 1130 2006 1184 corpore.

431 1213 544 1267 iluc
566 1227 696 1275 ergo
724 1227 793 1267 ne
823 1210 1111 1282 patiamur,
1147 1210 1230 1265 lex
1262 1208 1622 1281 praesentibus
1653 1222 1755 1262 nos
1778 1222 2010 1277 praemo-

430 1314 524 1359 net
547 1303 730 1359 verbis
758 1289 881 1369 {ait
918 1303 1066 1357 enim
1104 1302 1182 1356 sic
1221 1318 1232 1352 :

500 1398 567 1453 Et
601 1398 734 1452 dixit
766 1395 1021 1451 Dominus
1060 1396 1131 1448 ad
1157 1395 1365 1466 Moysen
1397 1411 1416 1448 :
1448 1393 1683 1465 Loquere
1728 1396 1798 1448 ad
1832 1393 2012 1447 Aaron

412 1494 652 1563 fratrem
703 1498 870 1543 tuum.
912 1487 971 1541 id
1016 1495 1119 1551 est,
1162 1495 1223 1541 ut
1274 1486 1587 1541 sacerdotes
1631 1485 1731 1540 sibi
1773 1485 2008 1540 invicem

430 1586 546 1637 inec
596 1582 977 1652 praeciperent,
1018 1588 1074 1633 et
1124 1578 1497 1648 unusquisque
1547 1577 1832 1632 doctorum
1886 1576 2011 1630 talia

428 1671 683 1743 proximo
711 1668 971 1730 sanciret,
999 1667 1181 1737 qualia
1210 1683 1358 1722 nunc
1384 1665 1526 1721 Deus
1553 1666 1699 1736 loqui
1728 1665 1794 1720 sd
1827 1667 2009 1721 Aaron

428 1762 593 1835 Moysi
627 1760 902 1833 praecepit,
932 1774 1052 1829 qua:
1085 1767 1210 1814 sunt
1243 1759 1358 1814 inec
1400 1778 1412 1812 :

500 1852 618 1907 Non
672 1852 815 1906 omni
871 1862 1101 1919 tempore
1149 1850 1481 1919 ingrediatur
1531 1851 1585 1903 in
1644 1850 2010 1903 sanctuarium

426 1946 564 2017 quod
600 1954 673 1999 est
706 1944 847 1997 intra
879 1941 1049 1996 uelum
1084 1956 1261 1994 coram
1298 1943 1668 2012 propitiatorio
1696 1958 1714 1996 :
1744 1958 1846 2012 quo
1877 1941 2010 2011 tegi-

428 2052 515 2093 tur
554 2055 703 2093 arca.
738 2035 1042 2091 Counnune
1090 2033 1347 2090 omnibus
1389 2037 1728 2098 mandatum,
1769 2045 1825 2090 et
1856 2049 2009 2090 com-

427 2147 648 2187 munem
699 2130 801 2185 hic-
825 2122 1113 2200 proposuit
1146 2128 1339 2199 legem,
1375 2131 1609 2199 primum
1653 2131 1873 2201 quidem
1919 2148 2007 2188 sa-

426 2223 738 2280 cerdotibus
776 2233 983 2295 aptam,
1019 2221 1218 2277 deinde
1259 2223 1409 2277 omni
1444 2226 1538 2293 qui
1576 2224 1692 2279 vult
1731 2224 2009 2282 discutere

424 2321 606 2375 divina
641 2321 918 2393 mysteria.
950 2321 1339 2388 Quamobrem,
1373 2319 1676 2374 secundum
1708 2319 1871 2385 LXX,
1906 2323 2010 2376 im-

427 2413 787 2481 personaliter
836 2414 1133 2485 praecepit,
1188 2411 1378 2467 dicens
1424 2430 1436 2465 :
1481 2409 1601 2467 Non
1641 2413 2011 2483 ingrediantur

426 2504 569 2557 omni
604 2505 660 2558 in
697 2513 928 2576 tempore
958 2506 1014 2558 in
1050 2516 1291 2559 sanctum
1328 2505 1549 2558 interius
1582 2506 1877 2559 velaminis.
1906 2505 2009 2571 Qui

427 2611 537 2652 non
565 2594 793 2658 addidit,
828 2611 1021 2650 omnes
1047 2594 1339 2666 prohibere
1368 2595 1436 2647 ab
1461 2594 1565 2649 hoc
1591 2594 1881 2650 manifeste
1910 2611 2010 2650 cu-

426 2688 605 2759 piens.
633 2688 760 2758 quia
806 2688 1054 2743 velamen
1097 2703 1299 2757 corpus
1339 2687 1638 2741 Saivatoris
1666 2686 2007 2760 intelligitur,

426 2782 569 2837 sicut
606 2780 807 2836 Paulus
838 2780 1121 2836 evidenter
1164 2780 1238 2835 ait
1269 2798 1282 2831 :
1320 2778 1581 2834 Habentes
1623 2790 1804 2833 autem
1847 2780 2009 2849 confi-

424 2872 659 2926 dentiam
700 2872 757 2926 in
793 2872 1014 2926 introitu
1053 2881 1356 2924 sanctorum
1395 2887 1555 2940 quam
1594 2871 1824 2924 initiavit
1860 2871 2007 2924 nobis

426 2964 566 3017 uiam
620 2978 831 3026 nouant,
875 2973 925 3017 et
971 2963 1227 3016 virentem
1260 2979 1354 3031 per
1396 2962 1651 3025 uelamen,
1704 2964 1758 3015 id
1803 2973 1877 3016 est
1914 2980 2007 3030 per

424 3073 636 3114 carnem
670 3073 824 3111 suam
858 3057 923 3110 ⁸⁸.
956 3056 1076 3126 ipse
1117 3065 1205 3110 est
1246 3055 1390 3109 enim
1432 3071 1620 3110 verum
1659 3066 1717 3110 et
1749 3053 2005 3127 intelligi-
2034 3081 2075 3137 ρ
2112 3053 2312 3107 Paulus
2374 3050 2441 3105 ad
2497 3049 2845 3106 Timotheum
2900 3050 3177 3107 scribebat
3231 3069 3246 3105 :

423 3147 534 3202 bile
564 3145 1026 3217 propitiatorium,
1052 3152 1239 3214 utpote
1271 3143 1363 3213 qui
1410 3142 1525 3213 ipse
1563 3143 1720 3197 nobis
1750 3151 2005 3211 peccato-

425 3256 546 3297 rum
577 3238 1021 3312 propitiationem
1052 3244 1274 3308 praestat
1306 3254 1320 3301 ;
1355 3236 1432 3289 ait
1458 3234 1663 3290 etenim
1689 3234 1832 3288 idem
1865 3233 2006 3288 Pau-

422 3338 549 3391 lus:
581 3332 771 3391 Omnes
804 3339 1168 3401 peccaverunt,
1206 3339 1255 3382 et
1289 3337 1437 3399 egent
1480 3325 1650 3397 gloria
1694 3325 1812 3391 Dei,
1839 3326 2005 3394 justi-

419 3426 570 3497 ﬁrati
634 3426 801 3496 gratis
857 3439 949 3493 per
997 3423 1229 3493 gratiam
1283 3421 1419 3489 ejus,
1452 3418 1843 3482 liberationem,
1889 3433 2006 3487 qna-

424 3527 499 3577 est
529 3519 582 3571 in
611 3513 814 3572 Christo
846 3513 969 3569 Iesu
997 3554 1011 3581 ,
1047 3529 1200 3583 quem
1248 3509 1516 3579 proposuit
1560 3507 1697 3562 Deus
1744 3510 2006 3578 propitiu-

424 3618 588 3661 torem
616 3621 711 3675 per
745 3605 1055 3675 sanguinem
1084 3602 1249 3672 ipsius
1278 3600 1343 3653 ³⁸.
1372 3598 1530 3665 Quod
1555 3608 1737 3653 autem
1770 3612 1870 3652 nos
1896 3597 2007 3651 ha-

424 3700 635 3763 bemus,
673 3695 864 3753 Coram
903 3693 1293 3764 propitiatorio,
1336 3689 1478 3745 LXX
1512 3691 1803 3746 ediderunt
1848 3707 1863 3742 :
1899 3688 2006 3743 Co-

424 3808 540 3844 ram
588 3791 725 3862 [acie
772 3786 1150 3858 propitiatorii.
1205 3783 1343 3839 lluic
1394 3785 1578 3838 autc‘m
1630 3782 2007 3853 prepitiatorio

423 3880 628 3942 facies,
681 3876 940 3934 divinitas
999 3875 1119 3945 ejus
1181 3874 1298 3930 fuit.
1362 3874 1727 3939 Quamobrem
1786 3870 2006 3941 quando

422 3972 634 4044 Moyses
662 3969 846 4026 videre
875 3969 1044 4024 Deum
1075 3969 1395 4024 desiderans
1424 3966 1636 4020 dicebat
1679 3984 1692 4019 :
1728 3961 1787 4018 Si
1833 3964 2006 4017 inveni

422 4066 654 4136 gratiam
694 4066 751 4117 in
780 4071 1053 4131 conspectu
1102 4072 1211 4121 tuo,
1243 4060 1453 4113 ostende
1514 4057 1640 4111 mihi
1677 4059 1900 4126 teipsum
1936 4057 2002 4108 "‘.

424 4158 492 4211 Et
520 4154 801 4225 respondit
825 4174 838 4207 :
861 4151 980 4206 Non
1007 4151 1200 4221 poteris
1220 4150 1396 4204 uidere
1418 4148 1611 4215 [aciem
1637 4162 1831 4212 meum;
1855 4163 2005 4199 nemo

422 4249 691 4302 hominum
714 4246 842 4301 vidit
865 4245 1054 4317 faciem
1078 4260 1250 4298 meant
1268 4252 1317 4295 et
1345 4243 1463 4296 vivit
1488 4245 1533 4274 ”
1560 4266 1571 4297 ;
1597 4243 1726 4312 quia
1757 4242 2008 4297 substano

426 4342 553 4397 lium
598 4338 695 4394 Dei
738 4352 904 4393 nemo
952 4334 1419 4405 comprehendere
1461 4344 1659 4403 potest,
1702 4336 1805 4391 hoc
1848 4335 2002 4391 dixit.

2119 495 2260 545 ram,
2289 488 2478 549 utpote
2510 479 2813 550 principem
2849 480 3036 550 populi
3066 481 3283 552 Moysen
3313 478 3545 549 accepit,
3578 496 3710 549 pro-

2118 570 2399 622 tectricem
2437 567 2577 624 Deus
2604 569 2830 624 abstulit
2863 584 3108 637 manum,
3140 580 3195 626 et
3220 586 3319 625 sua
3348 585 3471 625 eum
3502 571 3709 626 virtute

2117 658 2343 713 nudavit
2377 660 2430 713 in
2465 668 2678 714 tantum
2720 669 2780 715 ut
2822 660 3083 717 Romanis
3125 662 3326 717 tributa
3363 672 3706 732 prmstareut,

2117 760 2177 804 ut
2206 751 2310 806 sub
2340 751 2487 822 leges
2516 767 2708 807 eorum
2741 760 2798 807 et
2836 753 3116 823 principes
3145 753 3428 825 degerent,
3459 764 3590 813 tunc
3618 758 3706 813 vi-

2115 842 2316 898 derunt
2372 842 2677 913 posteriora
2722 841 2845 909 Dei,
2888 843 2941 899 id
2979 851 3066 899 est
3110 843 3203 899 Dei
3244 844 3702 902 incarnationem.

2114 933 2424 990 Postcriora
2470 944 2656 990 autem
2693 936 2833 1006 ejus,
2863 936 2991 1005 quia
3017 935 3272 991 videlicet
3302 936 3355 990 in
3387 937 3593 992 ultimis
3619 949 3708 995 est

2118 1028 2456 1097 temporibus
2484 1028 2823 1081 incarnatus.
2861 1025 3071 1081 Faciem
3103 1037 3281 1081 autem
3312 1044 3415 1082 non
3442 1029 3703 1090 uidebitis.

2114 1118 2210 1183 ait,
2247 1119 2611 1173 substantiam
2661 1118 2918 1174 videlicet
2960 1117 3292 1174 Divinitatis.
3329 1118 3532 1189 Aperte
3572 1135 3710 1193 ergo

2114 1211 2367 1265 doctores
2411 1210 2605 1274 vetuit,
2653 1220 2708 1265 et
2759 1210 3073 1265 sacerdotes
3110 1210 3411 1280 prohibuit,
3449 1221 3505 1266 et
3537 1227 3675 1281 quos

2113 1319 2331 1372 cunque
2359 1302 2428 1357 de
2459 1303 2571 1357 Deo
2601 1303 2750 1372 loqui
2784 1303 2873 1366 fas,
2889 1312 2994 1367 est,
3025 1304 3312 1373 exquirere
3341 1303 3706 1361 substantiam

2116 1395 2234 1458 Dei,
2261 1406 2313 1449 et
2341 1395 2616 1449 discutere
2644 1394 2846 1450 Christi
2878 1395 3243 1459 divinitatem,
3282 1404 3338 1449 et
3374 1395 3582 1465 ingredi
3613 1398 3707 1452 in-

2115 1485 2313 1539 teriora
2345 1485 2633 1542 velaminis
2658 1485 3035 1557 intelligibilis.
3069 1482 3330 1540 Velamcn
3361 1485 3507 1539 enim
3537 1485 3705 1541 Chri-

2115 1583 2232 1629 stus
2287 1573 2450 1630 habet
2478 1590 2721 1640 carnem,
2779 1583 3153 1645 tegumentum
3217 1576 3517 1631 divinitatis
3565 1592 3700 1644 suae,

2115 1666 2573 1735 quemadmodum
2602 1675 2659 1722 et
2691 1667 2795 1722 hoc
2831 1668 2976 1737 quod
3011 1674 3128 1722 erat
3158 1667 3420 1722 sensibile
3451 1667 3706 1724 velamen

2045 1736 2086 1789 Β
2122 1766 2494 1827 tegumentum
2548 1756 2763 1813 Sanctis
2811 1736 3126 1814 sanctorum
3176 1758 3298 1814 fuit.
3350 1758 3471 1814 Non
3525 1762 3705 1815 solum

2114 1861 2297 1903 autem
2338 1849 2609 1914 velamen,
2647 1849 2742 1906 sed
2786 1858 2842 1903 et
2886 1849 3184 1905 testimonii
3229 1866 3438 1917 aream,
3480 1866 3706 1908 carnem

2116 1940 2328 1994 Doutini
2373 1940 2687 2011 appellavit,
2729 1940 2915 1996 multis
2963 1940 3109 1996 illam
3156 1942 3469 1999 necessario
3509 1945 3705 2014 appel-

2113 2034 2232 2086 lans
2272 2032 2610 2097 nominibus,
2642 2031 2771 2101 quia
2819 2031 3003 2087 multa
3041 2048 3106 2087 ex
3135 2047 3200 2087 ea
3227 2043 3385 2088 erant
3421 2036 3698 2105 operatio-

2112 2140 2250 2188 nes;
2280 2123 2349 2179 de
2401 2124 2505 2179 hac
2532 2123 2677 2179 enim
2710 2122 2877 2179 David
2926 2126 2980 2178 in
3027 2123 3258 2181 Psalmis
3299 2127 3644 2196 prophetavit
3679 2148 3697 2183 :

2115 2217 2371 2286 Exsurge,
2395 2215 2633 2283 Domine,
2659 2218 2715 2269 in
2743 2216 2971 2285 requiem
2996 2226 3165 2281 tuam,
3187 2228 3245 2270 tu
3271 2227 3316 2271 et
3341 2235 3465 2272 arca
3492 2222 3704 2274 sancti-

2110 2310 2372 2378 ﬁcationis
2407 2320 2511 2364 tua:
2540 2309 2605 2363 ³⁸.
2645 2307 2771 2365 Hac
2808 2324 2934 2365 arca
2977 2308 3333 2381 intelligibilis
3371 2311 3707 2378 testimonii,

2112 2410 2300 2472 utpote
2343 2404 2631 2459 continens
2662 2403 3098 2473 compassionem
3135 2403 3432 2458 salutarem
3472 2405 3701 2470 dicitur,

2111 2495 2179 2549 de
2206 2510 2312 2565 qua
2332 2495 2470 2550 dixit
2494 2494 2693 2550 Paulus
2718 2514 2732 2549 :
2766 2494 3031 2564 Testiﬁcor
3054 2511 3236 2550 coram
3270 2493 3397 2560 Deo,
3419 2505 3470 2548 et
3495 2494 3704 2552 Christo

2107 2589 2255 2650 Jesu,
2295 2590 2386 2658 qui
2439 2589 2797 2643 testimonium
2854 2587 3084 2643 reddidit
3126 2588 3220 2642 sub
3274 2585 3469 2642 Pontio
3520 2587 3701 2642 Pilato

2110 2682 2297 2734 bonam
2328 2680 2702 2750 confessionem
2733 2679 2799 2732 ⁸⁸.
2838 2680 3048 2736 Rursus
3077 2688 3132 2736 et
3165 2678 3532 2751 Evangelium-
3558 2681 3699 2736 dici-

2112 2790 2233 2830 mus
2275 2790 2398 2830 esse
2442 2772 2839 2839 testimonium,
2872 2782 2983 2828 tam
3014 2774 3140 2844 quia
3177 2773 3501 2845 intelligibili
3535 2789 3697 2839 arcae,

2110 2868 2163 2921 id
2213 2875 2298 2921 est
2346 2865 2520 2931 carni,
2556 2864 2760 2920 Christi
2800 2865 3069 2933 'cohzeret,
3113 2880 3277 2936 quam
3309 2866 3438 2936 quia
3479 2882 3546 2921 ex
3578 2866 3700 2937 ipso

2110 2959 2380 3030 passionis
2416 2956 2793 3013 testimonium
2833 2957 3120 3014 habemus.
3166 2958 3241 3014 De
3286 2958 3406 3029 ipso
3452 2959 3597 3015 enim
3643 2971 3702 3017 et

3324 3052 3702 3106 Testimonium

2110 3149 2425 3219 temporibus
2454 3148 2584 3210 suis,
2619 3146 2675 3200 in
2713 3162 2815 3216 quo
2852 3146 3048 3214 positus
3077 3160 3192 3199 sum
3231 3160 3323 3215 ego
3358 3145 3700 3213 pradicator,

2107 3254 2156 3296 et
2187 3240 2452 3311 apostolus
2483 3241 2551 3292 ³¹.
2574 3236 2720 3294 .Hzec
2781 3254 2904 3293 arca
2940 3252 3069 3309 ergo
3107 3247 3194 3293 est
3234 3236 3703 3307 propitiatorinm,

2109 3334 2235 3402 quia
2280 3333 2335 3386 iu
2381 3346 2546 3388 carne
2598 3346 2695 3384 sus
2743 3328 2999 3384 Christus
3042 3328 3205 3383 nobis
3252 3327 3702 3398 propitiationem

2108 3426 2380 3497 praestitit.
2428 3424 2509 3479 Ad
2559 3438 2722 3494 quam
2782 3422 2933 3476 omni
2988 3431 3234 3491 tempore
3288 3436 3400 3475 non
3453 3420 3704 3490 przecipit

2109 3521 2364 3573 doctores
2401 3517 2636 3587 ingredi,
2668 3524 2725 3570 ut
2765 3514 2979 3569 curiose
3019 3514 3207 3583 utique
3244 3528 3357 3567 non
3394 3512 3699 3582 inquirant,

2109 3608 2569 3679 quemadmodum
2607 3606 2835 3660 “verbum
2892 3621 3014 3658 caro
3064 3606 3264 3674 factum
3322 3614 3398 3658 est
3423 3592 3516 3656 ⁸³ἐ
3558 3603 3700 3673 quo—

2112 3702 2294 3765 modo,
2321 3702 2413 3771 qui
2448 3702 2501 3754 in
2534 3700 2709 3754 forma
2742 3698 2836 3751 Dei
2872 3706 3011 3762 erat,
3046 3698 3100 3751 in
3133 3696 3305 3752 forma
3346 3697 3487 3751 servi
3521 3696 3702 3752 factus

2110 3804 2213 3859 est,
2256 3794 2531 3863 quomodo
2571 3790 2873 3846 esinanivit
2919 3790 3299 3859 semetipsum,
3340 3798 3397 3843 et
3446 3788 3501 3842 in
3545 3788 3701 3842 curiis

2111 3887 2311 3941 mansit
2345 3886 2408 3937 “.
2455 3882 2661 3938 llormn
2696 3882 2845 3937 enim
2887 3881 3022 3937 fides
3065 3880 3296 3936 salutem
3335 3880 3517 3945 aii‘ert,
3548 3880 3700 3950 peri-

2108 3979 2290 4034 culum
2325 3975 2626 4047 inquisitio.
2659 3972 2785 4027 lloe~
2814 3988 2942 4044 ergo
2983 3972 3079 4042 qui
3118 3970 3316 4036 credit,
3353 3985 3465 4025 non
3499 3969 3699 4024 morie»

2110 4083 2218 4125 tur.
2251 4070 2386 4137 Quia
2419 4072 2470 4122 in
2504 4068 2657 4131 nube,
2702 4066 2901 4136 inquit,
2931 4065 3196 4134 apparebo
3233 4079 3394 4133 super
3426 4061 3697 4117 oraculum

2107 4168 2214 4220 sive
2273 4161 2740 4232 propitiatorium,
2820 4157 3024 4213 nubem
3098 4170 3291 4210 rursus
3360 4153 3697 4209 Dominicam

2108 4271 2328 4312 carnem
2375 4265 2432 4309 et
2478 4253 2850 4324 evangelicum
2901 4248 3140 4320 appellat
3189 4246 3453 4302 Verbum.
3497 4246 3697 4301 Eadem

2108 4346 2257 4400 enim
2291 4345 2476 4401 multis
2512 4353 2671 4399 vocat
2713 4340 3051 4405 nominibus,
3088 4352 3191 4393 nec
3231 4348 3317 4393 est
3354 4336 3693 4405 ταυτολογία,

422 4433 564 4497 Quid
597 4441 781 4486 autem
818 4433 938 4500 ejus
965 4429 1138 4500 possit
1172 4428 1365 4493 videri,
1398 4428 1514 4498 ipse
1544 4438 1731 4497 aperte
1761 4429 2005 4485 subdidit
2042 4423 2080 4476 ί)
2110 4439 2206 4490 sed
2249 4435 2660 4505 Operationibus
2712 4448 2895 4487 rerum
2945 4445 3067 4501 qua:
3123 4427 3522 4501 significantur,
3572 4440 3696 4497 apta

421 4527 611 4582 dicens
645 4544 657 4578 :
692 4524 823 4578 Ecce
865 4533 941 4578 est
989 4526 1130 4575 locus
1176 4523 1318 4591 apud
1361 4539 1459 4583 me,
1506 4522 1670 4576 stabis
1712 4539 1871 4593 super
1912 4539 2005 4593 pe-

424 4631 564 4673 tram
593 4621 659 4684 “,
692 4617 748 4673 id
787 4626 871 4673 est
906 4616 1222 4680 Ecclesium,
1259 4626 1314 4670 et
1346 4616 1749 4672 confessionem
1789 4634 1910 4689 quae
1947 4619 2003 4672 in

421 4727 487 4767 eo
515 4721 619 4776 est,
655 4725 780 4766 cum
830 4709 938 4765 fide
988 4710 1176 4764 dicens
1219 4706 1495 4779 :Cumque
1543 4710 1787 4763 transibit
1833 4712 2003 4781 gloria

422 4821 561 4866 mea,
596 4801 909 4876 significans
936 4802 1140 4857 Christi
1184 4800 1251 4854 ad
1298 4802 1549 4856 homines
1584 4801 1875 4856 transitum
1909 4819 1920 4853 :
1954 4812 2003 4855 et

417 4912 614 4965 ponam
647 4904 697 4949 te
726 4895 782 4949 in
814 4896 1055 4966 foramen
1091 4904 1254 4963 petris
1281 4896 1347 4958 ",
1381 4893 1433 4948 id
1467 4905 1570 4958 est,
1608 4896 1661 4948 in
1695 4895 1833 4965 iege,
1865 4896 2005 4949 sicut

422 5003 520 5060 per
548 4988 795 5043 foramen
825 4994 1139 5057 angustum,
1172 4984 1239 5040 ad
1283 4985 1685 5040 confessionem
1715 4986 1920 5041 Christi
1951 4996 2007 5039 et

420 5079 606 5145 fidem,
636 5094 739 5150 per
768 5092 890 5133 eam
923 5077 1245 5137 transimus,
1288 5076 1432 5131 unde
1461 5084 1517 5130 et
1546 5076 1872 5147 ptedagogus
1903 5092 2007 5130 no-

422 5181 537 5226 ster
564 5170 632 5226 ad
665 5170 969 5237 Christum,
1016 5168 1098 5222 lex
1137 5184 1258 5222 esse
1303 5183 1399 5238 per
1450 5167 1673 5223 Paulum
1713 5170 1912 5223 dicitur
1940 5171 2005 5223 ³⁸.

421 5262 488 5316 Et
522 5278 716 5331 ponam
756 5278 914 5332 super
954 5271 1003 5315 te
1035 5275 1250 5313 manum
1294 5276 1486 5325 meam,
1522 5260 1692 5332 signis
1730 5260 2003 5324 videlicet,

421 5354 700 5409 miraculis
737 5368 858 5425 qua:
909 5368 1033 5408 eum
1079 5350 1159 5406 eis
1209 5350 1460 5416 faciebat,
1499 5354 1663 5406 donec
1712 5362 2003 5417 transeam,

424 5446 708 5518 sellamque
729 5463 946 5502 manum
973 5463 1165 5509 meam,
1192 5454 1238 5499 et
1262 5445 1452 5500 ridebis
1479 5448 1765 5515 posteriora
1798 5464 1910 5501 mea
1941 5449 2006 5506 ’⁸.

538 5604 581 5636 "
608 5605 768 5659 Hebr.
809 5606 976 5670 x,19,
1000 5605 1093 5661 20.

423 5677 515 5732 22.
626 5677 671 5708 "
698 5674 871 5731 αδδιδι.
899 5691 981 5733 ιιι.
1031 5674 1122 5727 Ἡ.

426 5744 655 5805 "lusu.
683 5763 720 5807 ι,
756 5745 818 5800 14
936 5744 981 5776 ⁸⁵
1011 5742 1251 5819 Philipp.
1272 5760 1335 5813 ιι,
1370 5748 1421 5811 6,
1449 5749 1502 5803 ⁸7.

1205 5606 1250 5638 ’³
1276 5605 1433 5673 ilum.
1468 5624 1548 5671 tu,
1578 5608 1668 5673 ‘25,
1700 5609 1790 5662 2i.

1233 5678 1280 5708 ”
1316 5668 1487 5730 Exod.
1522 5668 1714 5737 sunt.
1756 5680 1843 5733 '25.

1904 5610 1945 5640 ’ὀ
1971 5608 2143 5666 Exod.
2164 5624 2352 5670 sunt,
2381 5608 2468 5662 iii.

1958 5679 2002 5709 ³⁸
2026 5678 2163 5733 Ρειιι.
2204 5693 2383 5736 etut,
2419 5679 2472 5729 8.

1616 5751 1657 5780 ³⁸
1680 5751 1834 5805 Joan.
1859 5765 1917 5815 tt,
1957 5749 2043 5808 l9.

2113 4526 2345 4597 imponit
2374 4533 2429 4580 et
2455 4523 2735 4580 distribuit
2776 4519 3018 4577 nomina.
3060 4518 3373 4588 Aliquando
3412 4518 3555 4573 enim
3599 4531 3697 4570 ve-

2113 4621 2291 4674 lamen
2323 4635 2543 4677 carnem
2577 4618 2727 4684 dicit,
2760 4626 3135 4689 tegumentum
3167 4616 3312 4670 hanc
3343 4630 3463 4670 esse
3496 4612 3698 4668 divini-

2114 4715 2241 4768 tatis
2277 4713 2481 4768 Christi
2541 4711 2839 4782 significat;
2898 4709 3191 4780 aliquando
3251 4718 3435 4763 autem
3494 4721 3697 4767 arcam,

2113 4807 2389 4869 hominem
2430 4805 2684 4860 videlicet
2733 4820 2897 4873 quem
2947 4805 3061 4873 ipse
3113 4800 3379 4856 Dominus
3418 4811 3700 4869 exponens

2108 4899 2313 4954 Judmis
2371 4898 2506 4953 dixit
2554 4916 2568 4951 :
2620 4894 2816 4951 Solvite
2871 4896 3122 4965 templum
3173 4894 3291 4955 hoc,
3343 4903 3392 4946 et
3439 4893 3492 4944 in
3535 4890 3701 4944 tribus

2110 4992 2291 5045 diebus
2336 4991 2571 5045 excitabo
2592 4989 2725 5043 illud
2754 4989 2823 5043 ³⁵.
2864 4987 3042 5054 Quod,
3075 4986 3279 5042 Iudaeis
3302 4982 3700 5055 ignorantibus,

2109 5094 2164 5138 et
2198 5082 2511 5138 dicentibus
2545 5101 2558 5137 :
2594 5080 2963 5151 Quadraginta
2994 5090 3041 5132 et
3073 5095 3162 5132 sm:
3190 5078 3344 5130 annis
3377 5074 3701 5143 a'diﬁcatum

2110 5190 2184 5230 est
2223 5176 2476 5246 templum
2514 5176 2630 5236 hoc,
2662 5183 2711 5226 et
2740 5183 2797 5225 tu
2844 5175 2907 5227 in
2932 5172 3097 5229 tribus
3135 5171 3315 5224 diebus
3353 5169 3608 5223 excitabis
3638 5168 3702 5221 il-

2115 5270 2206 5323 lud
2237 5268 2319 5321 “‘t
2360 5267 2699 5338 Evangelista
2737 5265 3073 5334 explanavit,
3106 5263 3296 5317 dicens
3333 5281 3346 5316 :
3385 5260 3484 5317 Ille
3525 5272 3699 5314 autem

2115 5358 2315 5411 dicebat
2355 5357 2419 5410 de
2458 5356 2649 5424 templo
2687 5372 2779 5409 suo
2818 5356 2882 5409 δ’.
2933 5353 3240 5424 Aliquando
3290 5366 3422 5407 vero
3474 5352 3701 5411 nubem,

2116 5450 2241 5518 quia
2272 5449 2447 5503 nubes
2476 5464 2675 5518 corpus
2707 5457 2811 5511 est,
2852 5447 2947 5501 scd
2991 5446 3252 5500 mundum
3295 5455 3349 5499 et
3395 5444 3707 5498 subsisten-

3037 5607 3080 5638 ²⁶
3109 5605 3243 5664 ibid.
3272 5645 3285 5662 .
3311 5606 3406 5661 2|.
3500 5608 3544 5638 ”
3572 5607 3706 5659 ibid.

3179 5677 3224 5707 "
3252 5675 3274 5737 ι
3303 5674 3445 5733 Tim.
3488 5693 3552 5742 tt,
3598 5678 3713 5736 ϋ-ἷ.

2580 5610 2624 5639 ⁸⁵
2653 5609 2807 5672 ΗιίιΙ.,
2835 5608 2925 5665 ‘20.

2585 5679 2622 5709 "
2654 5678 2673 5730 1
2702 5678 2843 5731 Ἰ’ίιιι.
2873 5694 2945 5744 ιι,
2984 5676 3066 5733 15.

2157 5748 2201 5778 ³⁸
2248 5746 2409 5817 ibid,
2428 5748 2517 5801 eo.
2658 5749 2677 5780 τ
2708 5747 2847 5803 ibid.
