  <div class='ocr_page' id='page_1' title='image "/cluster/home/n/w/nwhite01/storage/ocr_20150623/93/hvd.32044054128533/506.png"; bbox 0 0 4038 6182; ppageno 0'>
   <div class='ocr_carea' id='block_1_1' title="bbox 403 255 508 321">
    <p class='ocr_par' dir='ltr' id='par_1_1' title="bbox 403 255 508 321">
     <span class='ocr_line' id='line_1_1' title="bbox 403 255 508 321; baseline 0 -1"><span class='ocrx_word' id='word_1_1' title='bbox 403 255 508 321; x_wconf 83' lang='lat'><strong>985</strong></span> 
     </span>
    </p>
   </div>
   <div class='ocr_carea' id='block_1_2' title="bbox 1569 225 2490 290">
    <p class='ocr_par' dir='ltr' id='par_1_2' title="bbox 1569 225 2490 290">
     <span class='ocr_line' id='line_1_2' title="bbox 1569 225 2490 290; baseline -0.003 0"><span class='ocrx_word' id='word_1_2' title='bbox 1569 230 1650 290; x_wconf 85' lang='lat' dir='ltr'><strong>IN</strong></span> <span class='ocrx_word' id='word_1_3' title='bbox 1681 227 2118 290; x_wconf 76' lang='lat' dir='ltr'><strong>LEVITICUM.</strong></span> <span class='ocrx_word' id='word_1_4' title='bbox 2149 252 2217 264; x_wconf 87' lang='grc'><strong><em>-</em></strong></span> <span class='ocrx_word' id='word_1_5' title='bbox 2245 227 2390 287; x_wconf 80' lang='lat' dir='ltr'><strong>LIB.</strong></span> <span class='ocrx_word' id='word_1_6' title='bbox 2423 225 2490 287; x_wconf 70' lang='grc' dir='ltr'><strong>γ.</strong></span> 
     </span>
    </p>
   </div>
   <div class='ocr_carea' id='block_1_3' title="bbox 3559 219 3664 278">
    <p class='ocr_par' dir='ltr' id='par_1_3' title="bbox 3559 219 3664 278">
     <span class='ocr_line' id='line_1_3' title="bbox 3559 219 3664 278; baseline 0 0"><span class='ocrx_word' id='word_1_7' title='bbox 3559 219 3664 278; x_wconf 63' lang='grc' dir='ltr'><strong>Ωἳδ</strong></span> 
     </span>
    </p>
   </div>
   <div class='ocr_carea' id='block_1_4' title="bbox 401 327 3663 426">
    <p class='ocr_par' dir='ltr' id='par_1_4' title="bbox 401 327 3663 426">
     <span class='ocr_line' id='line_1_4' title="bbox 401 327 3663 426; baseline -0.01 -14"><span class='ocrx_word' id='word_1_8' title='bbox 401 361 533 417; x_wconf 73' lang='lat' dir='ltr'><strong>tiam</strong></span> <span class='ocrx_word' id='word_1_9' title='bbox 551 371 622 412; x_wconf 79' lang='lat' dir='ltr'><strong>ex</strong></span> <span class='ocrx_word' id='word_1_10' title='bbox 643 353 846 426; x_wconf 81' lang='lat' dir='ltr'><strong>Spiritu</strong></span> <span class='ocrx_word' id='word_1_11' title='bbox 869 358 1058 408; x_wconf 76' lang='lat' dir='ltr'><strong>sancto</strong></span> <span class='ocrx_word' id='word_1_12' title='bbox 1075 350 1396 407; x_wconf 85' lang='lat' dir='ltr'><strong>habentem:</strong></span> <span class='ocrx_word' id='word_1_13' title='bbox 1423 361 1488 400; x_wconf 86' lang='lat' dir='ltr'><strong>ex</strong></span> <span class='ocrx_word' id='word_1_14' title='bbox 1509 342 1787 414; x_wconf 66' lang='lat' dir='ltr'><strong>spiritibus</strong></span> <span class='ocrx_word' id='word_1_15' title='bbox 1807 340 1978 403; x_wconf 80' lang='lat' dir='ltr'><strong>enim,</strong></span> <span class='ocrx_word' id='word_1_16' title='bbox 2012 346 2052 399; x_wconf 78' lang='grc' dir='ltr'><strong>Λ</strong></span> <span class='ocrx_word' id='word_1_17' title='bbox 2083 337 2359 408; x_wconf 89' lang='lat' dir='ltr'><strong>quomodo</strong></span> <span class='ocrx_word' id='word_1_18' title='bbox 2389 337 2542 406; x_wconf 77' lang='lat' dir='ltr'><strong>jubet</strong></span> <span class='ocrx_word' id='word_1_19' title='bbox 2593 335 2670 388; x_wconf 89' lang='lat' dir='ltr'><strong>uti</strong></span> <span class='ocrx_word' id='word_1_20' title='bbox 2714 332 2931 403; x_wconf 79' lang='lat' dir='ltr'><strong>quando</strong></span> <span class='ocrx_word' id='word_1_21' title='bbox 2976 330 3342 401; x_wconf 74' lang='lat' dir='ltr'><strong>nosmetipsos</strong></span> <span class='ocrx_word' id='word_1_22' title='bbox 3371 327 3663 397; x_wconf 76' lang='lat' dir='ltr'><strong>perfeceri-</strong></span> 
     </span>
    </p>
   </div>
   <div class='ocr_carea' id='block_1_5' title="bbox 397 431 1980 506">
    <p class='ocr_par' dir='ltr' id='par_1_5' title="bbox 397 431 1980 506">
     <span class='ocr_line' id='line_1_5' title="bbox 397 431 1980 506; baseline -0.013 -2"><span class='ocrx_word' id='word_1_23' title='bbox 397 449 455 506; x_wconf 90' lang='lat' dir='ltr'><strong>id</strong></span> <span class='ocrx_word' id='word_1_24' title='bbox 497 457 586 504; x_wconf 88' lang='lat' dir='ltr'><strong>est</strong></span> <span class='ocrx_word' id='word_1_25' title='bbox 625 445 802 502; x_wconf 88' lang='lat' dir='ltr'><strong>ventis</strong></span> <span class='ocrx_word' id='word_1_26' title='bbox 843 444 1020 500; x_wconf 91' lang='lat' dir='ltr'><strong>nubes</strong></span> <span class='ocrx_word' id='word_1_27' title='bbox 1060 442 1386 497; x_wconf 89' lang='lat' dir='ltr'><strong>subsistunt.</strong></span> <span class='ocrx_word' id='word_1_28' title='bbox 1424 439 1648 506; x_wconf 85' lang='lat' dir='ltr'><strong>Propter</strong></span> <span class='ocrx_word' id='word_1_29' title='bbox 1679 432 1820 502; x_wconf 90' lang='lat' dir='ltr'><strong>quod</strong></span> <span class='ocrx_word' id='word_1_30' title='bbox 1860 431 1980 498; x_wconf 56' lang='lat' dir='ltr'><strong>eius</strong></span> 
     </span>
    </p>
   </div>
   <div class='ocr_carea' id='block_1_6' title="bbox 399 525 1981 595">
    <p class='ocr_par' dir='ltr' id='par_1_6' title="bbox 399 525 1981 595">
     <span class='ocr_line' id='line_1_6' title="bbox 399 525 1981 595; baseline -0.013 0"><span class='ocrx_word' id='word_1_31' title='bbox 399 539 702 595; x_wconf 86' lang='lat' dir='ltr'><strong>subtilitate</strong></span> <span class='ocrx_word' id='word_1_32' title='bbox 727 537 890 593; x_wconf 89' lang='lat' dir='ltr'><strong>simul</strong></span> <span class='ocrx_word' id='word_1_33' title='bbox 918 545 974 592; x_wconf 90' lang='lat' dir='ltr'><strong>et</strong></span> <span class='ocrx_word' id='word_1_34' title='bbox 1003 534 1226 588; x_wconf 78' lang='lat' dir='ltr'><strong>levitate</strong></span> <span class='ocrx_word' id='word_1_35' title='bbox 1251 527 1571 585; x_wconf 86' lang='lat' dir='ltr'><strong>munditiam</strong></span> <span class='ocrx_word' id='word_1_36' title='bbox 1602 525 1772 582; x_wconf 85' lang='lat' dir='ltr'><strong>Isaias</strong></span> <span class='ocrx_word' id='word_1_37' title='bbox 1794 531 1981 576; x_wconf 86' lang='lat' dir='ltr'><strong>osten-</strong></span> 
     </span>
    </p>
   </div>
   <div class='ocr_carea' id='block_1_7' title="bbox 396 613 1980 686">
    <p class='ocr_par' dir='ltr' id='par_1_7' title="bbox 396 613 1980 686">
     <span class='ocr_line' id='line_1_7' title="bbox 396 613 1980 686; baseline -0.013 0"><span class='ocrx_word' id='word_1_38' title='bbox 396 632 533 686; x_wconf 85' lang='lat' dir='ltr'><strong>dens</strong></span> <span class='ocrx_word' id='word_1_39' title='bbox 548 629 762 686; x_wconf 83' lang='lat' dir='ltr'><strong>dicebat</strong></span> <span class='ocrx_word' id='word_1_40' title='bbox 785 649 798 683; x_wconf 93' lang='lat'><strong>:</strong></span> <span class='ocrx_word' id='word_1_41' title='bbox 825 628 956 682; x_wconf 86' lang='lat' dir='ltr'><strong><em>Ecce</em></strong></span> <span class='ocrx_word' id='word_1_42' title='bbox 985 625 1240 680; x_wconf 81' lang='lat' dir='ltr'><strong>Dominus</strong></span> <span class='ocrx_word' id='word_1_43' title='bbox 1268 621 1502 677; x_wconf 78' lang='lat' dir='ltr'><strong>ascendit</strong></span> <span class='ocrx_word' id='word_1_44' title='bbox 1524 635 1679 686; x_wconf 80' lang='lat' dir='ltr'><strong><em>super</em></strong></span> <span class='ocrx_word' id='word_1_45' title='bbox 1700 615 1885 669; x_wconf 81' lang='lat' dir='ltr'><strong>nubem</strong></span> <span class='ocrx_word' id='word_1_46' title='bbox 1903 613 1980 666; x_wconf 87' lang='lat' dir='ltr'><strong>lc-</strong></span> 
     </span>
    </p>
   </div>
   <div class='ocr_carea' id='block_1_8' title="bbox 397 705 1984 793">
    <p class='ocr_par' dir='ltr' id='par_1_8' title="bbox 397 705 1984 793">
     <span class='ocr_line' id='line_1_8' title="bbox 397 705 1984 793; baseline -0.013 -15"><span class='ocrx_word' id='word_1_47' title='bbox 397 740 530 787; x_wconf 80' lang='lat' dir='ltr'><strong>vem,</strong></span> <span class='ocrx_word' id='word_1_48' title='bbox 559 731 605 776; x_wconf 84' lang='lat' dir='ltr'><strong>et</strong></span> <span class='ocrx_word' id='word_1_49' title='bbox 639 721 962 793; x_wconf 80' lang='lat' dir='ltr'><strong>ingredietur</strong></span> <span class='ocrx_word' id='word_1_50' title='bbox 999 716 1307 787; x_wconf 61' lang='lat' dir='ltr'><strong>zEgyptum,</strong></span> <span class='ocrx_word' id='word_1_51' title='bbox 1340 723 1387 768; x_wconf 89' lang='lat' dir='ltr'><strong>et</strong></span> <span class='ocrx_word' id='word_1_52' title='bbox 1418 708 1874 766; x_wconf 78' lang='lat' dir='ltr'><strong>commovebuntur</strong></span> <span class='ocrx_word' id='word_1_53' title='bbox 1909 705 1984 758; x_wconf 80' lang='lat' dir='ltr'><strong>si-</strong></span> 
     </span>
    </p>
   </div>
   <div class='ocr_carea' id='block_1_9' title="bbox 401 803 1980 883">
    <p class='ocr_par' dir='ltr' id='par_1_9' title="bbox 401 803 1980 883">
     <span class='ocr_line' id='line_1_9' title="bbox 401 803 1980 883; baseline -0.011 -14"><span class='ocrx_word' id='word_1_54' title='bbox 401 814 644 869; x_wconf 82' lang='lat' dir='ltr'><strong>mulacra</strong></span> <span class='ocrx_word' id='word_1_55' title='bbox 688 811 992 883; x_wconf 64' lang='lat' dir='ltr'><strong>Egypti”,</strong></span> <span class='ocrx_word' id='word_1_56' title='bbox 1025 810 1171 866; x_wconf 91' lang='lat' dir='ltr'><strong>nube</strong></span> <span class='ocrx_word' id='word_1_57' title='bbox 1227 807 1478 861; x_wconf 84' lang='lat' dir='ltr'><strong>similiter</strong></span> <span class='ocrx_word' id='word_1_58' title='bbox 1515 818 1626 858; x_wconf 91' lang='lat' dir='ltr'><strong>non</strong></span> <span class='ocrx_word' id='word_1_59' title='bbox 1685 803 1980 870; x_wconf 81' lang='lat' dir='ltr'><strong>incongrue</strong></span> 
     </span>
    </p>
   </div>
   <div class='ocr_carea' id='block_1_10' title="bbox 396 890 1980 976">
    <p class='ocr_par' dir='ltr' id='par_1_10' title="bbox 396 890 1980 976">
     <span class='ocr_line' id='line_1_10' title="bbox 396 890 1980 976; baseline -0.011 -14"><span class='ocrx_word' id='word_1_60' title='bbox 396 904 769 976; x_wconf 76' lang='lat' dir='ltr'><strong>evangelicum</strong></span> <span class='ocrx_word' id='word_1_61' title='bbox 791 901 1123 972; x_wconf 79' lang='lat' dir='ltr'><strong>appellamus</strong></span> <span class='ocrx_word' id='word_1_62' title='bbox 1141 897 1388 960; x_wconf 84' lang='lat' dir='ltr'><strong>verbum,</strong></span> <span class='ocrx_word' id='word_1_63' title='bbox 1407 895 1535 965; x_wconf 85' lang='lat' dir='ltr'><strong>quia</strong></span> <span class='ocrx_word' id='word_1_64' title='bbox 1553 908 1668 947; x_wconf 84' lang='lat' dir='ltr'><strong>mos</strong></span> <span class='ocrx_word' id='word_1_65' title='bbox 1685 901 1768 946; x_wconf 90' lang='lat' dir='ltr'><strong>est</strong></span> <span class='ocrx_word' id='word_1_66' title='bbox 1783 890 1980 944; x_wconf 62' lang='lat' dir='ltr'><strong>divinae</strong></span> 
     </span>
    </p>
   </div>
   <div class='ocr_carea' id='block_1_11' title="bbox 401 979 1980 1065">
    <p class='ocr_par' dir='ltr' id='par_1_11' title="bbox 401 979 1980 1065">
     <span class='ocr_line' id='line_1_11' title="bbox 401 979 1980 1065; baseline -0.012 -14"><span class='ocrx_word' id='word_1_67' title='bbox 401 997 701 1065; x_wconf 79' lang='lat' dir='ltr'><strong>Seripturae</strong></span> <span class='ocrx_word' id='word_1_68' title='bbox 728 993 900 1048; x_wconf 83' lang='lat' dir='ltr'><strong>sancti</strong></span> <span class='ocrx_word' id='word_1_69' title='bbox 933 990 1168 1062; x_wconf 88' lang='lat' dir='ltr'><strong>Spiritus</strong></span> <span class='ocrx_word' id='word_1_70' title='bbox 1205 986 1530 1050; x_wconf 84' lang='lat' dir='ltr'><strong>doctrinam,</strong></span> <span class='ocrx_word' id='word_1_71' title='bbox 1561 983 1764 1038; x_wconf 90' lang='lat' dir='ltr'><strong>nubem</strong></span> <span class='ocrx_word' id='word_1_72' title='bbox 1794 979 1980 1050; x_wconf 84' lang='lat' dir='ltr'><strong>appel—</strong></span> 
     </span>
    </p>
   </div>
   <div class='ocr_carea' id='block_1_12' title="bbox 399 1075 1982 1143">
    <p class='ocr_par' dir='ltr' id='par_1_12' title="bbox 399 1075 1982 1143">
     <span class='ocr_line' id='line_1_12' title="bbox 399 1075 1982 1143; baseline -0.011 -1"><span class='ocrx_word' id='word_1_73' title='bbox 399 1088 531 1143; x_wconf 89' lang='lat' dir='ltr'><strong>lare.</strong></span> <span class='ocrx_word' id='word_1_74' title='bbox 576 1087 734 1142; x_wconf 86' lang='lat' dir='ltr'><strong>Unde</strong></span> <span class='ocrx_word' id='word_1_75' title='bbox 781 1093 835 1140; x_wconf 91' lang='lat' dir='ltr'><strong>et</strong></span> <span class='ocrx_word' id='word_1_76' title='bbox 886 1083 1102 1138; x_wconf 86' lang='lat' dir='ltr'><strong>vineam</strong></span> <span class='ocrx_word' id='word_1_77' title='bbox 1140 1081 1454 1136; x_wconf 72' lang='lat' dir='ltr'><strong>Judreorum</strong></span> <span class='ocrx_word' id='word_1_78' title='bbox 1497 1078 1638 1132; x_wconf 85' lang='lat' dir='ltr'><strong>sicut</strong></span> <span class='ocrx_word' id='word_1_79' title='bbox 1677 1075 1982 1128; x_wconf 80' lang='lat' dir='ltr'><strong>infructuo-</strong></span> 
     </span>
    </p>
   </div>
   <div class='ocr_carea' id='block_1_13' title="bbox 401 1165 1982 1243">
    <p class='ocr_par' dir='ltr' id='par_1_13' title="bbox 401 1165 1982 1243">
     <span class='ocr_line' id='line_1_13' title="bbox 401 1165 1982 1243; baseline -0.011 -11"><span class='ocrx_word' id='word_1_80' title='bbox 401 1193 540 1243; x_wconf 87' lang='lat' dir='ltr'><strong>sam,</strong></span> <span class='ocrx_word' id='word_1_81' title='bbox 567 1176 826 1232; x_wconf 83' lang='lat' dir='ltr'><strong>auferens</strong></span> <span class='ocrx_word' id='word_1_82' title='bbox 854 1175 1068 1230; x_wconf 89' lang='lat' dir='ltr'><strong>dicebat</strong></span> <span class='ocrx_word' id='word_1_83' title='bbox 1099 1191 1112 1228; x_wconf 89' lang='lat'>:</span> <span class='ocrx_word' id='word_1_84' title='bbox 1143 1170 1405 1228; x_wconf 79' lang='lat' dir='ltr'><strong>Man‘dabo</strong></span> <span class='ocrx_word' id='word_1_85' title='bbox 1436 1169 1678 1226; x_wconf 79' lang='lat' dir='ltr'><strong>nubibus.</strong></span> <span class='ocrx_word' id='word_1_86' title='bbox 1707 1182 1770 1219; x_wconf 88' lang='lat' dir='ltr'><strong>ne</strong></span> <span class='ocrx_word' id='word_1_87' title='bbox 1795 1165 1982 1235; x_wconf 82' lang='lat' dir='ltr'><strong>pluunt</strong></span> 
     </span>
    </p>
   </div>
   <div class='ocr_carea' id='block_1_14' title="bbox 401 1259 1981 1336">
    <p class='ocr_par' dir='ltr' id='par_1_14' title="bbox 401 1259 1981 1336">
     <span class='ocr_line' id='line_1_14' title="bbox 401 1259 1981 1336; baseline -0.007 -15"><span class='ocrx_word' id='word_1_88' title='bbox 401 1284 560 1336; x_wconf 75' lang='lat' dir='ltr'><strong>super</strong></span> <span class='ocrx_word' id='word_1_89' title='bbox 589 1283 705 1320; x_wconf 85' lang='lat' dir='ltr'><strong>eam</strong></span> <span class='ocrx_word' id='word_1_90' title='bbox 739 1266 957 1320; x_wconf 78' lang='lat' dir='ltr'><strong>imbrem</strong></span> <span class='ocrx_word' id='word_1_91' title='bbox 987 1266 1053 1319; x_wconf 68' lang='lat'><strong>&#39;9.</strong></span> <span class='ocrx_word' id='word_1_92' title='bbox 1085 1264 1292 1320; x_wconf 92' lang='lat' dir='ltr'><strong>Deinde</strong></span> <span class='ocrx_word' id='word_1_93' title='bbox 1321 1277 1442 1333; x_wconf 73' lang='lat' dir='ltr'><strong>qua:</strong></span> <span class='ocrx_word' id='word_1_94' title='bbox 1479 1262 1551 1316; x_wconf 89' lang='lat' dir='ltr'><strong>sit</strong></span> <span class='ocrx_word' id='word_1_95' title='bbox 1590 1259 1771 1323; x_wconf 88' lang='lat' dir='ltr'><strong>vinea,</strong></span> <span class='ocrx_word' id='word_1_96' title='bbox 1811 1271 1981 1326; x_wconf 80' lang='lat' dir='ltr'><strong>expo-</strong></span> 
     </span>
    </p>
   </div>
   <div class='ocr_carea' id='block_1_15' title="bbox 402 1349 1978 1418">
    <p class='ocr_par' dir='ltr' id='par_1_15' title="bbox 402 1349 1978 1418">
     <span class='ocr_line' id='line_1_15' title="bbox 402 1349 1978 1418; baseline -0.007 -6"><span class='ocrx_word' id='word_1_97' title='bbox 402 1373 542 1412; x_wconf 89' lang='lat' dir='ltr'><strong>nens</strong></span> <span class='ocrx_word' id='word_1_98' title='bbox 569 1357 754 1413; x_wconf 88' lang='lat' dir='ltr'><strong>subdit</strong></span> <span class='ocrx_word' id='word_1_99' title='bbox 787 1375 802 1411; x_wconf 90' lang='lat'><strong>:</strong></span> <span class='ocrx_word' id='word_1_100' title='bbox 837 1357 994 1412; x_wconf 72' lang='lat' dir='ltr'><strong>Vinea</strong></span> <span class='ocrx_word' id='word_1_101' title='bbox 1023 1356 1160 1410; x_wconf 84' lang='lat' dir='ltr'><strong>enim</strong></span> <span class='ocrx_word' id='word_1_102' title='bbox 1187 1353 1442 1418; x_wconf 85' lang='lat' dir='ltr'><strong>Sabaoth,</strong></span> <span class='ocrx_word' id='word_1_103' title='bbox 1470 1353 1653 1406; x_wconf 81' lang='lat' dir='ltr'><strong>domus</strong></span> <span class='ocrx_word' id='word_1_104' title='bbox 1687 1349 1856 1404; x_wconf 77' lang='lat' dir='ltr'><strong>Israel</strong></span> <span class='ocrx_word' id='word_1_105' title='bbox 1882 1357 1978 1414; x_wconf 77' lang='lat' dir='ltr'><strong>est,</strong></span> 
     </span>
    </p>
   </div>
   <div class='ocr_carea' id='block_1_16' title="bbox 397 1437 1982 1512">
    <p class='ocr_par' dir='ltr' id='par_1_16' title="bbox 397 1437 1982 1512">
     <span class='ocr_line' id='line_1_16' title="bbox 397 1437 1982 1512; baseline -0.006 -8"><span class='ocrx_word' id='word_1_106' title='bbox 397 1461 448 1504; x_wconf 84' lang='lat' dir='ltr'><strong>et</strong></span> <span class='ocrx_word' id='word_1_107' title='bbox 478 1451 662 1504; x_wconf 81' lang='lat' dir='ltr'><strong>domus</strong></span> <span class='ocrx_word' id='word_1_108' title='bbox 705 1449 868 1512; x_wconf 85' lang='lat' dir='ltr'><strong>Juda,</strong></span> <span class='ocrx_word' id='word_1_109' title='bbox 905 1447 1165 1502; x_wconf 79' lang='lat' dir='ltr'><strong>novellum</strong></span> <span class='ocrx_word' id='word_1_110' title='bbox 1213 1447 1462 1501; x_wconf 76' lang='lat' dir='ltr'><strong>deiictunt</strong></span> <span class='ocrx_word' id='word_1_111' title='bbox 1493 1444 1558 1496; x_wconf 80' lang='lat'><strong>&quot;°.</strong></span> <span class='ocrx_word' id='word_1_112' title='bbox 1603 1443 1662 1496; x_wconf 89' lang='lat' dir='ltr'><strong>In</strong></span> <span class='ocrx_word' id='word_1_113' title='bbox 1711 1437 1818 1496; x_wconf 66' lang='lat' dir='ltr'><strong>hac</strong></span> <span class='ocrx_word' id='word_1_114' title='bbox 1853 1456 1982 1511; x_wconf 79' lang='lat' dir='ltr'><strong>ergo</strong></span> 
     </span>
    </p>
   </div>
   <div class='ocr_carea' id='block_1_17' title="bbox 398 1533 1982 1605">
    <p class='ocr_par' dir='ltr' id='par_1_17' title="bbox 398 1533 1982 1605">
     <span class='ocr_line' id='line_1_17' title="bbox 398 1533 1982 1605; baseline -0.007 -11"><span class='ocrx_word' id='word_1_115' title='bbox 398 1541 565 1605; x_wconf 82' lang='lat' dir='ltr'><strong>nube,</strong></span> <span class='ocrx_word' id='word_1_116' title='bbox 601 1539 746 1594; x_wconf 87' lang='lat' dir='ltr'><strong>Deus</strong></span> <span class='ocrx_word' id='word_1_117' title='bbox 790 1548 897 1592; x_wconf 87' lang='lat' dir='ltr'><strong>tam</strong></span> <span class='ocrx_word' id='word_1_118' title='bbox 930 1537 984 1591; x_wconf 91' lang='lat' dir='ltr'><strong>in</strong></span> <span class='ocrx_word' id='word_1_119' title='bbox 1013 1537 1291 1592; x_wconf 88' lang='lat' dir='ltr'><strong>Dominica</strong></span> <span class='ocrx_word' id='word_1_120' title='bbox 1325 1551 1509 1601; x_wconf 84' lang='lat' dir='ltr'><strong>carne,</strong></span> <span class='ocrx_word' id='word_1_121' title='bbox 1538 1550 1696 1602; x_wconf 88' lang='lat' dir='ltr'><strong>quam</strong></span> <span class='ocrx_word' id='word_1_122' title='bbox 1731 1533 1785 1586; x_wconf 90' lang='lat' dir='ltr'><strong>in</strong></span> <span class='ocrx_word' id='word_1_123' title='bbox 1816 1547 1982 1586; x_wconf 89' lang='lat' dir='ltr'><strong>evan-</strong></span> 
     </span>
    </p>
   </div>
   <div class='ocr_carea' id='block_1_18' title="bbox 397 1623 1980 1702">
    <p class='ocr_par' dir='ltr' id='par_1_18' title="bbox 397 1623 1980 1702">
     <span class='ocr_line' id='line_1_18' title="bbox 397 1623 1980 1702; baseline -0.005 -18"><span class='ocrx_word' id='word_1_124' title='bbox 397 1631 571 1702; x_wconf 80' lang='lat' dir='ltr'><strong>gelica</strong></span> <span class='ocrx_word' id='word_1_125' title='bbox 627 1629 1017 1700; x_wconf 61' lang='lat' dir='ltr'><strong>praedicatione</strong></span> <span class='ocrx_word' id='word_1_126' title='bbox 1073 1629 1403 1692; x_wconf 78' lang='lat' dir='ltr'><strong>insinuatur,</strong></span> <span class='ocrx_word' id='word_1_127' title='bbox 1454 1635 1508 1681; x_wconf 91' lang='lat' dir='ltr'><strong>et</strong></span> <span class='ocrx_word' id='word_1_128' title='bbox 1555 1625 1693 1682; x_wconf 89' lang='lat' dir='ltr'><strong>nihil</strong></span> <span class='ocrx_word' id='word_1_129' title='bbox 1747 1623 1980 1693; x_wconf 84' lang='lat' dir='ltr'><strong>amplius</strong></span> 
     </span>
    </p>
   </div>
   <div class='ocr_carea' id='block_1_19' title="bbox 2019 767 2034 790">
    <p class='ocr_par' dir='ltr' id='par_1_19' title="bbox 2019 767 2034 790">
     <span class='ocr_line' id='line_1_19' title="bbox 2019 767 2034 790; baseline 0 0"><span class='ocrx_word' id='word_1_130' title='bbox 2019 767 2034 790; x_wconf 54' lang='grc' dir='ltr'><strong><em>ἲ</em></strong></span> 
     </span>
    </p>
   </div>
   <div class='ocr_carea' id='block_1_20' title="bbox 2083 416 3668 489">
    <p class='ocr_par' dir='ltr' id='par_1_20' title="bbox 2083 416 3668 489">
     <span class='ocr_line' id='line_1_20' title="bbox 2083 416 3668 489; baseline -0.009 -7"><span class='ocrx_word' id='word_1_131' title='bbox 2083 444 2208 482; x_wconf 89' lang='lat' dir='ltr'><strong>mus</strong></span> <span class='ocrx_word' id='word_1_132' title='bbox 2245 429 2361 482; x_wconf 88' lang='lat' dir='ltr'><strong>sive</strong></span> <span class='ocrx_word' id='word_1_133' title='bbox 2404 424 2990 489; x_wconf 82' lang='lat' dir='ltr'><strong>consummaverimus,</strong></span> <span class='ocrx_word' id='word_1_134' title='bbox 3026 437 3174 476; x_wconf 91' lang='lat' dir='ltr'><strong>nunc</strong></span> <span class='ocrx_word' id='word_1_135' title='bbox 3211 419 3456 480; x_wconf 86' lang='lat' dir='ltr'><strong>tradidit,</strong></span> <span class='ocrx_word' id='word_1_136' title='bbox 3491 416 3543 470; x_wconf 90' lang='lat' dir='ltr'><strong>id</strong></span> <span class='ocrx_word' id='word_1_137' title='bbox 3584 422 3668 470; x_wconf 89' lang='lat' dir='ltr'><strong>est</strong></span> 
     </span>
    </p>
   </div>
   <div class='ocr_carea' id='block_1_21' title="bbox 2085 509 3662 589">
    <p class='ocr_par' dir='ltr' id='par_1_21' title="bbox 2085 509 3662 589">
     <span class='ocr_line' id='line_1_21' title="bbox 2085 509 3662 589; baseline -0.01 -15"><span class='ocrx_word' id='word_1_138' title='bbox 2085 536 2194 574; x_wconf 92' lang='lat' dir='ltr'><strong>non</strong></span> <span class='ocrx_word' id='word_1_139' title='bbox 2225 519 2562 589; x_wconf 77' lang='lat' dir='ltr'><strong>ingrediatur</strong></span> <span class='ocrx_word' id='word_1_140' title='bbox 2597 517 2778 570; x_wconf 80' lang='lat' dir='ltr'><strong>Aaron</strong></span> <span class='ocrx_word' id='word_1_141' title='bbox 2819 515 2871 569; x_wconf 91' lang='lat' dir='ltr'><strong>in</strong></span> <span class='ocrx_word' id='word_1_142' title='bbox 2913 523 3121 573; x_wconf 84' lang='lat' dir='ltr'><strong>sancta,</strong></span> <span class='ocrx_word' id='word_1_143' title='bbox 3157 512 3262 566; x_wconf 87' lang='lat' dir='ltr'><strong>nisi</strong></span> <span class='ocrx_word' id='word_1_144' title='bbox 3302 511 3420 565; x_wconf 85' lang='lat' dir='ltr'><strong>haec</strong></span> <span class='ocrx_word' id='word_1_145' title='bbox 3451 509 3662 563; x_wconf 79' lang='lat' dir='ltr'><strong>iecerit.</strong></span> 
     </span>
    </p>
   </div>
   <div class='ocr_carea' id='block_1_22' title="bbox 2085 595 3664 677">
    <p class='ocr_par' dir='ltr' id='par_1_22' title="bbox 2085 595 3664 677">
     <span class='ocr_line' id='line_1_22' title="bbox 2085 595 3664 677; baseline -0.009 -12"><span class='ocrx_word' id='word_1_146' title='bbox 2085 611 2187 666; x_wconf 84' lang='lat' dir='ltr'><strong>Hic</strong></span> <span class='ocrx_word' id='word_1_147' title='bbox 2229 609 2491 670; x_wconf 75' lang='lat' dir='ltr'><strong>ostendit,</strong></span> <span class='ocrx_word' id='word_1_148' title='bbox 2525 607 2652 677; x_wconf 86' lang='lat' dir='ltr'><strong>quia</strong></span> <span class='ocrx_word' id='word_1_149' title='bbox 2683 621 2797 659; x_wconf 90' lang='lat' dir='ltr'><strong>non</strong></span> <span class='ocrx_word' id='word_1_150' title='bbox 2840 605 3014 658; x_wconf 80' lang='lat' dir='ltr'><strong>solum</strong></span> <span class='ocrx_word' id='word_1_151' title='bbox 3051 617 3158 656; x_wconf 91' lang='lat' dir='ltr'><strong>non</strong></span> <span class='ocrx_word' id='word_1_152' title='bbox 3201 599 3533 666; x_wconf 82' lang='lat' dir='ltr'><strong>frequenter.</strong></span> <span class='ocrx_word' id='word_1_153' title='bbox 3569 595 3664 651; x_wconf 74' lang='lat' dir='ltr'><strong>sed</strong></span> 
     </span>
    </p>
   </div>
   <div class='ocr_carea' id='block_1_23' title="bbox 2083 689 3664 766">
    <p class='ocr_par' dir='ltr' id='par_1_23' title="bbox 2083 689 3664 766">
     <span class='ocr_line' id='line_1_23' title="bbox 2083 689 3664 766; baseline -0.01 -10"><span class='ocrx_word' id='word_1_154' title='bbox 2083 717 2186 756; x_wconf 89' lang='lat' dir='ltr'><strong>nec</strong></span> <span class='ocrx_word' id='word_1_155' title='bbox 2229 700 2455 755; x_wconf 90' lang='lat' dir='ltr'><strong>omnino</strong></span> <span class='ocrx_word' id='word_1_156' title='bbox 2503 714 2614 752; x_wconf 92' lang='lat' dir='ltr'><strong>non</strong></span> <span class='ocrx_word' id='word_1_157' title='bbox 2657 695 2868 766; x_wconf 81' lang='lat' dir='ltr'><strong>ingredi</strong></span> <span class='ocrx_word' id='word_1_158' title='bbox 2910 695 2965 748; x_wconf 90' lang='lat' dir='ltr'><strong>in</strong></span> <span class='ocrx_word' id='word_1_159' title='bbox 3015 691 3389 747; x_wconf 83' lang='lat' dir='ltr'><strong>sublimiorem</strong></span> <span class='ocrx_word' id='word_1_160' title='bbox 3429 689 3664 741; x_wconf 85' lang='lat' dir='ltr'><strong>divinam</strong></span> 
     </span>
    </p>
   </div>
   <div class='ocr_carea' id='block_1_24' title="bbox 2084 783 3660 862">
    <p class='ocr_par' dir='ltr' id='par_1_24' title="bbox 2084 783 3660 862">
     <span class='ocr_line' id='line_1_24' title="bbox 2084 783 3660 862; baseline -0.009 -14"><span class='ocrx_word' id='word_1_161' title='bbox 2084 793 2606 862; x_wconf 81' lang='lat' dir='ltr'><strong>contemplationem</strong></span> <span class='ocrx_word' id='word_1_162' title='bbox 2635 789 2916 859; x_wconf 72' lang='lat' dir='ltr'><strong>prmcepit,</strong></span> <span class='ocrx_word' id='word_1_163' title='bbox 2949 802 3110 856; x_wconf 89' lang='lat' dir='ltr'><strong>quam</strong></span> <span class='ocrx_word' id='word_1_164' title='bbox 3137 794 3192 838; x_wconf 87' lang='lat' dir='ltr'><strong>et</strong></span> <span class='ocrx_word' id='word_1_165' title='bbox 3215 783 3511 862; x_wconf 73' lang='lat' dir='ltr'><strong>appellavit</strong></span> <span class='ocrx_word' id='word_1_166' title='bbox 3541 797 3660 834; x_wconf 88' lang='lat' dir='ltr'><strong>san-</strong></span> 
     </span>
    </p>
   </div>
   <div class='ocr_carea' id='block_1_25' title="bbox 2083 856 3662 950">
    <p class='ocr_par' dir='ltr' id='par_1_25' title="bbox 2083 856 3662 950">
     <span class='ocr_line' id='line_1_25' title="bbox 2083 856 3662 950; baseline -0.006 -14"><span class='ocrx_word' id='word_1_167' title='bbox 2083 883 2378 942; x_wconf 88' lang='lat' dir='ltr'><strong>ctuarium.</strong></span> <span class='ocrx_word' id='word_1_168' title='bbox 2409 890 2595 950; x_wconf 84' lang='lat' dir='ltr'><strong>utpote</strong></span> <span class='ocrx_word' id='word_1_169' title='bbox 2623 895 2744 948; x_wconf 71' lang='lat' dir='ltr'><strong>qua:</strong></span> <span class='ocrx_word' id='word_1_170' title='bbox 2775 879 2844 932; x_wconf 89' lang='lat' dir='ltr'><strong>de</strong></span> <span class='ocrx_word' id='word_1_171' title='bbox 2875 879 2984 932; x_wconf 91' lang='lat' dir='ltr'><strong>Deo</strong></span> <span class='ocrx_word' id='word_1_172' title='bbox 3014 885 3118 938; x_wconf 87' lang='lat' dir='ltr'><strong>est,</strong></span> <span class='ocrx_word' id='word_1_173' title='bbox 3149 874 3242 944; x_wconf 89' lang='lat' dir='ltr'><strong>qui</strong></span> <span class='ocrx_word' id='word_1_174' title='bbox 3274 856 3506 926; x_wconf 70' lang='lat' dir='ltr'><strong>Sanctus</strong></span> <span class='ocrx_word' id='word_1_175' title='bbox 3535 888 3662 926; x_wconf 82' lang='lat' dir='ltr'><strong>san-</strong></span> 
     </span>
    </p>
   </div>
   <div class='ocr_carea' id='block_1_26' title="bbox 2081 963 3664 1038">
    <p class='ocr_par' dir='ltr' id='par_1_26' title="bbox 2081 963 3664 1038">
     <span class='ocr_line' id='line_1_26' title="bbox 2081 963 3664 1038; baseline -0.007 -11"><span class='ocrx_word' id='word_1_176' title='bbox 2081 985 2294 1027; x_wconf 89' lang='lat' dir='ltr'><strong>ctorum</strong></span> <span class='ocrx_word' id='word_1_177' title='bbox 2325 980 2426 1033; x_wconf 88' lang='lat' dir='ltr'><strong>est,</strong></span> <span class='ocrx_word' id='word_1_178' title='bbox 2463 981 2519 1025; x_wconf 89' lang='lat' dir='ltr'><strong>et</strong></span> <span class='ocrx_word' id='word_1_179' title='bbox 2550 985 2674 1024; x_wconf 89' lang='lat' dir='ltr'><strong>eum</strong></span> <span class='ocrx_word' id='word_1_180' title='bbox 2714 969 2805 1038; x_wconf 91' lang='lat' dir='ltr'><strong>qui</strong></span> <span class='ocrx_word' id='word_1_181' title='bbox 2852 969 2994 1022; x_wconf 86' lang='lat' dir='ltr'><strong>bene</strong></span> <span class='ocrx_word' id='word_1_182' title='bbox 3024 983 3086 1020; x_wconf 78' lang='lat' dir='ltr'><strong>ea</strong></span> <span class='ocrx_word' id='word_1_183' title='bbox 3122 967 3312 1029; x_wconf 78' lang='lat' dir='ltr'><strong>utitur,</strong></span> <span class='ocrx_word' id='word_1_184' title='bbox 3345 963 3664 1022; x_wconf 79' lang='lat' dir='ltr'><strong>sanctiﬁcat.</strong></span> 
     </span>
    </p>
   </div>
   <div class='ocr_carea' id='block_1_27' title="bbox 2084 1058 3708 1134">
    <p class='ocr_par' dir='ltr' id='par_1_27' title="bbox 2084 1058 3708 1134">
     <span class='ocr_line' id='line_1_27' title="bbox 2084 1058 3708 1134; baseline -0.009 -13"><span class='ocrx_word' id='word_1_185' title='bbox 2084 1067 2178 1121; x_wconf 91' lang='lat' dir='ltr'><strong>sed</strong></span> <span class='ocrx_word' id='word_1_186' title='bbox 2227 1065 2319 1134; x_wconf 88' lang='lat' dir='ltr'><strong>qui</strong></span> <span class='ocrx_word' id='word_1_187' title='bbox 2367 1063 2554 1132; x_wconf 88' lang='lat' dir='ltr'><strong>utique</strong></span> <span class='ocrx_word' id='word_1_188' title='bbox 2593 1065 2773 1115; x_wconf 85' lang='lat' dir='ltr'><strong>Aaron</strong></span> <span class='ocrx_word' id='word_1_189' title='bbox 2824 1068 2926 1123; x_wconf 89' lang='lat' dir='ltr'><strong>est,</strong></span> <span class='ocrx_word' id='word_1_190' title='bbox 2959 1059 3011 1112; x_wconf 91' lang='lat' dir='ltr'><strong>id</strong></span> <span class='ocrx_word' id='word_1_191' title='bbox 3047 1069 3148 1121; x_wconf 90' lang='lat' dir='ltr'><strong>est,</strong></span> <span class='ocrx_word' id='word_1_192' title='bbox 3180 1058 3343 1110; x_wconf 82' lang='lat' dir='ltr'><strong>altam</strong></span> <span class='ocrx_word' id='word_1_193' title='bbox 3377 1070 3664 1108; x_wconf 85' lang='lat' dir='ltr'><strong>conscrva-</strong></span> <span class='ocrx_word' id='word_1_194' title='bbox 3703 1066 3708 1073; x_wconf 86' lang='lat'>&#39;</span> 
     </span>
    </p>
   </div>
   <div class='ocr_carea' id='block_1_28' title="bbox 2083 1152 3666 1222">
    <p class='ocr_par' dir='ltr' id='par_1_28' title="bbox 2083 1152 3666 1222">
     <span class='ocr_line' id='line_1_28' title="bbox 2083 1152 3666 1222; baseline -0.009 -9"><span class='ocrx_word' id='word_1_195' title='bbox 2083 1159 2288 1214; x_wconf 89' lang='lat' dir='ltr'><strong>tionem</strong></span> <span class='ocrx_word' id='word_1_196' title='bbox 2341 1157 2574 1218; x_wconf 82' lang='lat' dir='ltr'><strong>habens,</strong></span> <span class='ocrx_word' id='word_1_197' title='bbox 2607 1162 2664 1208; x_wconf 88' lang='lat' dir='ltr'><strong>et</strong></span> <span class='ocrx_word' id='word_1_198' title='bbox 2717 1153 2808 1222; x_wconf 87' lang='lat' dir='ltr'><strong>qui</strong></span> <span class='ocrx_word' id='word_1_199' title='bbox 2859 1152 2916 1204; x_wconf 92' lang='lat' dir='ltr'><strong>in</strong></span> <span class='ocrx_word' id='word_1_200' title='bbox 2964 1159 3176 1204; x_wconf 87' lang='lat' dir='ltr'><strong>tantum</strong></span> <span class='ocrx_word' id='word_1_201' title='bbox 3227 1156 3519 1218; x_wconf 78' lang='lat' dir='ltr'><strong>provectus</strong></span> <span class='ocrx_word' id='word_1_202' title='bbox 3561 1155 3666 1210; x_wconf 88' lang='lat' dir='ltr'><strong>est,</strong></span> 
     </span>
    </p>
   </div>
   <div class='ocr_carea' id='block_1_29' title="bbox 2083 1236 3664 1304">
    <p class='ocr_par' dir='ltr' id='par_1_29' title="bbox 2083 1236 3664 1304">
     <span class='ocr_line' id='line_1_29' title="bbox 2083 1236 3664 1304; baseline -0.009 0"><span class='ocrx_word' id='word_1_203' title='bbox 2083 1249 2388 1304; x_wconf 89' lang='lat' dir='ltr'><strong>ascendens</strong></span> <span class='ocrx_word' id='word_1_204' title='bbox 2419 1247 2487 1300; x_wconf 89' lang='lat' dir='ltr'><strong>ad</strong></span> <span class='ocrx_word' id='word_1_205' title='bbox 2529 1245 2623 1299; x_wconf 88' lang='lat' dir='ltr'><strong>Dei</strong></span> <span class='ocrx_word' id='word_1_206' title='bbox 2670 1243 3181 1302; x_wconf 84' lang='lat' dir='ltr'><strong>sanctiﬁcationem,</strong></span> <span class='ocrx_word' id='word_1_207' title='bbox 3217 1249 3276 1293; x_wconf 92' lang='lat' dir='ltr'><strong>ut</strong></span> <span class='ocrx_word' id='word_1_208' title='bbox 3311 1238 3452 1292; x_wconf 88' lang='lat' dir='ltr'><strong>sicut</strong></span> <span class='ocrx_word' id='word_1_209' title='bbox 3482 1236 3664 1290; x_wconf 84' lang='lat' dir='ltr'><strong>divina</strong></span> 
     </span>
    </p>
   </div>
   <div class='ocr_carea' id='block_1_30' title="bbox 2083 1328 3666 1408">
    <p class='ocr_par' dir='ltr' id='par_1_30' title="bbox 2083 1328 3666 1408">
     <span class='ocr_line' id='line_1_30' title="bbox 2083 1328 3666 1408; baseline -0.009 -14"><span class='ocrx_word' id='word_1_210' title='bbox 2083 1355 2208 1394; x_wconf 88' lang='lat' dir='ltr'><strong>arca</strong></span> <span class='ocrx_word' id='word_1_211' title='bbox 2251 1337 2587 1408; x_wconf 87' lang='lat' dir='ltr'><strong>respondere</strong></span> <span class='ocrx_word' id='word_1_212' title='bbox 2621 1336 2815 1406; x_wconf 78' lang='lat' dir='ltr'><strong>possit,</strong></span> <span class='ocrx_word' id='word_1_213' title='bbox 2847 1335 2951 1388; x_wconf 89' lang='lat' dir='ltr'><strong>hoc</strong></span> <span class='ocrx_word' id='word_1_214' title='bbox 2991 1333 3136 1386; x_wconf 91' lang='lat' dir='ltr'><strong>enim</strong></span> <span class='ocrx_word' id='word_1_215' title='bbox 3176 1333 3354 1384; x_wconf 87' lang='lat' dir='ltr'><strong>Aaron</strong></span> <span class='ocrx_word' id='word_1_216' title='bbox 3395 1328 3666 1392; x_wconf 78' lang='lat' dir='ltr'><strong>interpre-</strong></span> 
     </span>
    </p>
   </div>
   <div class='ocr_carea' id='block_1_31' title="bbox 2085 1426 3664 1502">
    <p class='ocr_par' dir='ltr' id='par_1_31' title="bbox 2085 1426 3664 1502">
     <span class='ocr_line' id='line_1_31' title="bbox 2085 1426 3664 1502; baseline -0.011 -13"><span class='ocrx_word' id='word_1_217' title='bbox 2085 1442 2247 1495; x_wconf 86' lang='lat' dir='ltr'><strong>tatur,</strong></span> <span class='ocrx_word' id='word_1_218' title='bbox 2279 1432 2369 1486; x_wconf 87' lang='lat' dir='ltr'><strong>hic</strong></span> <span class='ocrx_word' id='word_1_219' title='bbox 2405 1430 2742 1502; x_wconf 75' lang='lat' dir='ltr'><strong>irgrcdiens,</strong></span> <span class='ocrx_word' id='word_1_220' title='bbox 2775 1427 3004 1482; x_wconf 84' lang='lat' dir='ltr'><strong>vitulum</strong></span> <span class='ocrx_word' id='word_1_221' title='bbox 3040 1426 3231 1478; x_wconf 79' lang='lat' dir='ltr'><strong>offeret</strong></span> <span class='ocrx_word' id='word_1_222' title='bbox 3279 1437 3378 1490; x_wconf 91' lang='lat' dir='ltr'><strong>pro</strong></span> <span class='ocrx_word' id='word_1_223' title='bbox 3420 1430 3664 1488; x_wconf 73' lang='lat' dir='ltr'><strong>peccato,</strong></span> 
     </span>
    </p>
   </div>
   <div class='ocr_carea' id='block_1_32' title="bbox 2084 1511 3666 1589">
    <p class='ocr_par' dir='ltr' id='par_1_32' title="bbox 2084 1511 3666 1589">
     <span class='ocr_line' id='line_1_32' title="bbox 2084 1511 3666 1589; baseline -0.011 -8"><span class='ocrx_word' id='word_1_224' title='bbox 2084 1526 2339 1581; x_wconf 87' lang='lat' dir='ltr'><strong>videlicet</strong></span> <span class='ocrx_word' id='word_1_225' title='bbox 2384 1525 2439 1578; x_wconf 92' lang='lat' dir='ltr'><strong>in</strong></span> <span class='ocrx_word' id='word_1_226' title='bbox 2488 1522 2759 1578; x_wconf 86' lang='lat' dir='ltr'><strong>sacriﬁcio</strong></span> <span class='ocrx_word' id='word_1_227' title='bbox 2807 1519 3106 1589; x_wconf 79' lang='lat' dir='ltr'><strong>ingreditur</strong></span> <span class='ocrx_word' id='word_1_228' title='bbox 3139 1514 3362 1571; x_wconf 86' lang='lat' dir='ltr'><strong>Christi.</strong></span> <span class='ocrx_word' id='word_1_229' title='bbox 3397 1513 3498 1578; x_wconf 83' lang='lat' dir='ltr'><strong>Qui</strong></span> <span class='ocrx_word' id='word_1_230' title='bbox 3538 1511 3666 1580; x_wconf 83' lang='lat' dir='ltr'><strong>quia</strong></span> 
     </span>
    </p>
   </div>
   <div class='ocr_carea' id='block_1_33' title="bbox 2085 1602 3667 1686">
    <p class='ocr_par' dir='ltr' id='par_1_33' title="bbox 2085 1602 3667 1686">
     <span class='ocr_line' id='line_1_33' title="bbox 2085 1602 3667 1686; baseline -0.011 -11"><span class='ocrx_word' id='word_1_231' title='bbox 2085 1636 2196 1676; x_wconf 90' lang='lat' dir='ltr'><strong>non</strong></span> <span class='ocrx_word' id='word_1_232' title='bbox 2226 1618 2402 1673; x_wconf 90' lang='lat' dir='ltr'><strong>solum</strong></span> <span class='ocrx_word' id='word_1_233' title='bbox 2447 1631 2548 1686; x_wconf 92' lang='lat' dir='ltr'><strong>pro</strong></span> <span class='ocrx_word' id='word_1_234' title='bbox 2587 1613 2828 1684; x_wconf 81' lang='lat' dir='ltr'><strong>peccatis</strong></span> <span class='ocrx_word' id='word_1_235' title='bbox 2855 1611 3059 1666; x_wconf 87' lang='lat' dir='ltr'><strong>nostris</strong></span> <span class='ocrx_word' id='word_1_236' title='bbox 3092 1609 3402 1669; x_wconf 80' lang='lat' dir='ltr'><strong>immolatus</strong></span> <span class='ocrx_word' id='word_1_237' title='bbox 3432 1613 3537 1667; x_wconf 90' lang='lat' dir='ltr'><strong>est,</strong></span> <span class='ocrx_word' id='word_1_238' title='bbox 3569 1602 3667 1658; x_wconf 89' lang='lat' dir='ltr'><strong>sed</strong></span> 
     </span>
    </p>
   </div>
   <div class='ocr_carea' id='block_1_34' title="bbox 396 1692 3666 1790">
    <p class='ocr_par' dir='ltr' id='par_1_34' title="bbox 396 1692 3666 1790">
     <span class='ocr_line' id='line_1_34' title="bbox 396 1692 3666 1790; baseline -0.008 -16"><span class='ocrx_word' id='word_1_239' title='bbox 396 1692 706 1790; x_wconf 66' lang='lat' dir='ltr'><strong>qua-ramus</strong></span> <span class='ocrx_word' id='word_1_240' title='bbox 732 1735 834 1774; x_wconf 89' lang='lat' dir='ltr'><strong>nos</strong></span> <span class='ocrx_word' id='word_1_241' title='bbox 859 1719 950 1789; x_wconf 89' lang='lat' dir='ltr'><strong>qui</strong></span> <span class='ocrx_word' id='word_1_242' title='bbox 973 1718 1180 1788; x_wconf 87' lang='lat' dir='ltr'><strong>aliquid</strong></span> <span class='ocrx_word' id='word_1_243' title='bbox 1206 1720 1274 1774; x_wconf 88' lang='lat' dir='ltr'><strong>de</strong></span> <span class='ocrx_word' id='word_1_244' title='bbox 1302 1719 1412 1772; x_wconf 89' lang='lat' dir='ltr'><strong>Deo</strong></span> <span class='ocrx_word' id='word_1_245' title='bbox 1439 1717 1670 1772; x_wconf 88' lang='lat' dir='ltr'><strong>scrutari</strong></span> <span class='ocrx_word' id='word_1_246' title='bbox 1700 1692 1974 1778; x_wconf 87' lang='lat' dir='ltr'><strong>volumus,</strong></span> <span class='ocrx_word' id='word_1_247' title='bbox 2015 1692 2052 1744; x_wconf 69' lang='grc' dir='ltr'><strong><em>Β</em></strong></span> <span class='ocrx_word' id='word_1_248' title='bbox 2082 1722 2139 1769; x_wconf 87' lang='lat' dir='ltr'><strong>et</strong></span> <span class='ocrx_word' id='word_1_249' title='bbox 2171 1714 2335 1768; x_wconf 85' lang='lat' dir='ltr'><strong>vitam</strong></span> <span class='ocrx_word' id='word_1_250' title='bbox 2377 1709 2538 1764; x_wconf 85' lang='lat' dir='ltr'><strong>nobis</strong></span> <span class='ocrx_word' id='word_1_251' title='bbox 2570 1714 2791 1778; x_wconf 72' lang='lat' dir='ltr'><strong>praestat</strong></span> <span class='ocrx_word' id='word_1_252' title='bbox 2825 1703 3147 1776; x_wconf 74' lang='lat' dir='ltr'><strong>perfectam,</strong></span> <span class='ocrx_word' id='word_1_253' title='bbox 3182 1709 3365 1754; x_wconf 88' lang='lat' dir='ltr'><strong>tamen</strong></span> <span class='ocrx_word' id='word_1_254' title='bbox 3409 1704 3666 1768; x_wconf 84' lang='lat' dir='ltr'><strong>peccato-</strong></span> 
     </span>
    </p>
   </div>
   <div class='ocr_carea' id='block_1_35' title="bbox 396 1805 1976 1880">
    <p class='ocr_par' dir='ltr' id='par_1_35' title="bbox 396 1805 1976 1880">
     <span class='ocr_line' id='line_1_35' title="bbox 396 1805 1976 1880; baseline -0.006 -15"><span class='ocrx_word' id='word_1_255' title='bbox 396 1810 494 1865; x_wconf 88' lang='lat' dir='ltr'><strong>sed</strong></span> <span class='ocrx_word' id='word_1_256' title='bbox 519 1819 783 1880; x_wconf 89' lang='lat' dir='ltr'><strong>quantum</strong></span> <span class='ocrx_word' id='word_1_257' title='bbox 808 1808 968 1863; x_wconf 90' lang='lat' dir='ltr'><strong>nobis</strong></span> <span class='ocrx_word' id='word_1_258' title='bbox 993 1808 1340 1879; x_wconf 85' lang='lat' dir='ltr'><strong>evangelieus</strong></span> <span class='ocrx_word' id='word_1_259' title='bbox 1363 1822 1544 1862; x_wconf 90' lang='lat' dir='ltr'><strong>sermo</strong></span> <span class='ocrx_word' id='word_1_260' title='bbox 1566 1805 1749 1868; x_wconf 90' lang='lat' dir='ltr'><strong>tradit,</strong></span> <span class='ocrx_word' id='word_1_261' title='bbox 1773 1812 1976 1874; x_wconf 90' lang='lat' dir='ltr'><strong>quanta</strong></span> 
     </span>
    </p>
   </div>
   <div class='ocr_carea' id='block_1_36' title="bbox 395 1897 1978 1971">
    <p class='ocr_par' dir='ltr' id='par_1_36' title="bbox 395 1897 1978 1971">
     <span class='ocr_line' id='line_1_36' title="bbox 395 1897 1978 1971; baseline -0.003 -15"><span class='ocrx_word' id='word_1_262' title='bbox 395 1917 462 1956; x_wconf 84' lang='lat' dir='ltr'><strong>ex</strong></span> <span class='ocrx_word' id='word_1_263' title='bbox 492 1901 770 1956; x_wconf 83' lang='lat' dir='ltr'><strong>Dominiea</strong></span> <span class='ocrx_word' id='word_1_264' title='bbox 797 1915 962 1955; x_wconf 88' lang='lat' dir='ltr'><strong>carne</strong></span> <span class='ocrx_word' id='word_1_265' title='bbox 987 1900 1322 1971; x_wconf 89' lang='lat' dir='ltr'><strong>percipimus</strong></span> <span class='ocrx_word' id='word_1_266' title='bbox 1351 1919 1364 1954; x_wconf 88' lang='lat'>:</span> <span class='ocrx_word' id='word_1_267' title='bbox 1390 1914 1569 1970; x_wconf 89' lang='lat' dir='ltr'><strong>neque</strong></span> <span class='ocrx_word' id='word_1_268' title='bbox 1598 1899 1744 1952; x_wconf 89' lang='lat' dir='ltr'><strong>enim</strong></span> <span class='ocrx_word' id='word_1_269' title='bbox 1777 1897 1978 1951; x_wconf 80' lang='lat' dir='ltr'><strong>frustra</strong></span> 
     </span>
    </p>
   </div>
   <div class='ocr_carea' id='block_1_37' title="bbox 395 1985 1979 2060">
    <p class='ocr_par' dir='ltr' id='par_1_37' title="bbox 395 1985 1979 2060">
     <span class='ocr_line' id='line_1_37' title="bbox 395 1985 1979 2060; baseline -0.006 -13"><span class='ocrx_word' id='word_1_270' title='bbox 395 2007 510 2047; x_wconf 90' lang='lat' dir='ltr'><strong>uno</strong></span> <span class='ocrx_word' id='word_1_271' title='bbox 539 1991 761 2046; x_wconf 87' lang='lat' dir='ltr'><strong>nomine</strong></span> <span class='ocrx_word' id='word_1_272' title='bbox 788 2006 1008 2046; x_wconf 89' lang='lat' dir='ltr'><strong>carnem</strong></span> <span class='ocrx_word' id='word_1_273' title='bbox 1039 1989 1276 2056; x_wconf 88' lang='lat' dir='ltr'><strong>Domini,</strong></span> <span class='ocrx_word' id='word_1_274' title='bbox 1300 1997 1357 2044; x_wconf 88' lang='lat' dir='ltr'><strong>et</strong></span> <span class='ocrx_word' id='word_1_275' title='bbox 1383 1987 1734 2060; x_wconf 81' lang='lat' dir='ltr'><strong>Evangelium</strong></span> <span class='ocrx_word' id='word_1_276' title='bbox 1763 1985 1979 2056; x_wconf 85' lang='lat' dir='ltr'><strong>legisla-</strong></span> 
     </span>
    </p>
   </div>
   <div class='ocr_carea' id='block_1_38' title="bbox 399 2079 1979 2154">
    <p class='ocr_par' dir='ltr' id='par_1_38' title="bbox 399 2079 1979 2154">
     <span class='ocr_line' id='line_1_38' title="bbox 399 2079 1979 2154; baseline -0.004 -16"><span class='ocrx_word' id='word_1_277' title='bbox 399 2094 488 2138; x_wconf 89' lang='lat' dir='ltr'><strong>tor</strong></span> <span class='ocrx_word' id='word_1_278' title='bbox 518 2081 864 2154; x_wconf 83' lang='lat' dir='ltr'><strong>signiﬁcavit,</strong></span> <span class='ocrx_word' id='word_1_279' title='bbox 895 2081 992 2137; x_wconf 91' lang='lat' dir='ltr'><strong>sed</strong></span> <span class='ocrx_word' id='word_1_280' title='bbox 1038 2083 1166 2152; x_wconf 87' lang='lat' dir='ltr'><strong>quia</strong></span> <span class='ocrx_word' id='word_1_281' title='bbox 1215 2081 1529 2153; x_wconf 82' lang='lat' dir='ltr'><strong>Evangelio,</strong></span> <span class='ocrx_word' id='word_1_282' title='bbox 1560 2090 1616 2136; x_wconf 91' lang='lat' dir='ltr'><strong>et</strong></span> <span class='ocrx_word' id='word_1_283' title='bbox 1661 2095 1825 2135; x_wconf 88' lang='lat' dir='ltr'><strong>carne</strong></span> <span class='ocrx_word' id='word_1_284' title='bbox 1871 2079 1979 2132; x_wconf 85' lang='lat' dir='ltr'><strong>Do-</strong></span> 
     </span>
    </p>
   </div>
   <div class='ocr_carea' id='block_1_39' title="bbox 401 2169 1975 2242">
    <p class='ocr_par' dir='ltr' id='par_1_39' title="bbox 401 2169 1975 2242">
     <span class='ocr_line' id='line_1_39' title="bbox 401 2169 1975 2242; baseline -0.003 -16"><span class='ocrx_word' id='word_1_285' title='bbox 401 2173 624 2238; x_wconf 91' lang='lat' dir='ltr'><strong>minica,</strong></span> <span class='ocrx_word' id='word_1_286' title='bbox 651 2173 866 2226; x_wconf 84' lang='lat' dir='ltr'><strong>occasio</strong></span> <span class='ocrx_word' id='word_1_287' title='bbox 890 2180 1052 2242; x_wconf 90' lang='lat' dir='ltr'><strong>atque</strong></span> <span class='ocrx_word' id='word_1_288' title='bbox 1076 2172 1432 2226; x_wconf 84' lang='lat' dir='ltr'><strong>subsistentia</strong></span> <span class='ocrx_word' id='word_1_289' title='bbox 1461 2181 1566 2225; x_wconf 89' lang='lat' dir='ltr'><strong>est.</strong></span> <span class='ocrx_word' id='word_1_290' title='bbox 1593 2169 1975 2225; x_wconf 81' lang='lat' dir='ltr'><strong>Verumtamen</strong></span> 
     </span>
    </p>
   </div>
   <div class='ocr_carea' id='block_1_40' title="bbox 397 2259 1980 2330">
    <p class='ocr_par' dir='ltr' id='par_1_40' title="bbox 397 2259 1980 2330">
     <span class='ocr_line' id='line_1_40' title="bbox 397 2259 1980 2330; baseline -0.003 -12"><span class='ocrx_word' id='word_1_291' title='bbox 397 2272 453 2318; x_wconf 88' lang='lat' dir='ltr'><strong>et</strong></span> <span class='ocrx_word' id='word_1_292' title='bbox 485 2263 570 2316; x_wconf 91' lang='lat' dir='ltr'><strong>illa</strong></span> <span class='ocrx_word' id='word_1_293' title='bbox 609 2277 758 2318; x_wconf 89' lang='lat' dir='ltr'><strong>nunc</strong></span> <span class='ocrx_word' id='word_1_294' title='bbox 784 2262 1003 2318; x_wconf 76' lang='lat' dir='ltr'><strong>iteratio</strong></span> <span class='ocrx_word' id='word_1_295' title='bbox 1031 2261 1340 2326; x_wconf 89' lang='lat' dir='ltr'><strong>conﬁrmat,</strong></span> <span class='ocrx_word' id='word_1_296' title='bbox 1375 2261 1501 2330; x_wconf 88' lang='lat' dir='ltr'><strong>quia</strong></span> <span class='ocrx_word' id='word_1_297' title='bbox 1530 2275 1639 2314; x_wconf 90' lang='lat' dir='ltr'><strong>non</strong></span> <span class='ocrx_word' id='word_1_298' title='bbox 1670 2259 1844 2314; x_wconf 91' lang='lat' dir='ltr'><strong>solum</strong></span> <span class='ocrx_word' id='word_1_299' title='bbox 1875 2259 1980 2314; x_wconf 88' lang='lat' dir='ltr'><strong>hoc</strong></span> 
     </span>
    </p>
   </div>
   <div class='ocr_carea' id='block_1_41' title="bbox 398 2347 1980 2426">
    <p class='ocr_par' dir='ltr' id='par_1_41' title="bbox 398 2347 1980 2426">
     <span class='ocr_line' id='line_1_41' title="bbox 398 2347 1980 2426; baseline -0.003 -16"><span class='ocrx_word' id='word_1_300' title='bbox 398 2357 580 2426; x_wconf 88' lang='lat' dir='ltr'><strong>ipsum</strong></span> <span class='ocrx_word' id='word_1_301' title='bbox 611 2355 992 2421; x_wconf 62' lang='lat' dir='ltr'><strong>diderentibus</strong></span> <span class='ocrx_word' id='word_1_302' title='bbox 1019 2347 1334 2410; x_wconf 87' lang='lat' dir='ltr'><strong>nominibus</strong></span> <span class='ocrx_word' id='word_1_303' title='bbox 1363 2353 1550 2408; x_wconf 91' lang='lat' dir='ltr'><strong>divina</strong></span> <span class='ocrx_word' id='word_1_304' title='bbox 1578 2352 1800 2410; x_wconf 88' lang='lat' dir='ltr'><strong>nomina</strong></span> <span class='ocrx_word' id='word_1_305' title='bbox 1833 2351 1980 2406; x_wconf 87' lang='lat' dir='ltr'><strong>Scri-</strong></span> 
     </span>
    </p>
   </div>
   <div class='ocr_carea' id='block_1_42' title="bbox 396 2442 1978 2519">
    <p class='ocr_par' dir='ltr' id='par_1_42' title="bbox 396 2442 1978 2519">
     <span class='ocr_line' id='line_1_42' title="bbox 396 2442 1978 2519; baseline -0.004 -17"><span class='ocrx_word' id='word_1_306' title='bbox 396 2458 562 2519; x_wconf 80' lang='lat' dir='ltr'><strong>ptura</strong></span> <span class='ocrx_word' id='word_1_307' title='bbox 601 2454 660 2500; x_wconf 84' lang='lat' dir='ltr'><strong>ut</strong></span> <span class='ocrx_word' id='word_1_308' title='bbox 691 2446 1012 2502; x_wconf 81' lang='lat' dir='ltr'><strong>diﬂ‘erentes</strong></span> <span class='ocrx_word' id='word_1_309' title='bbox 1045 2444 1396 2514; x_wconf 89' lang='lat' dir='ltr'><strong>operationes</strong></span> <span class='ocrx_word' id='word_1_310' title='bbox 1425 2442 1624 2513; x_wconf 80' lang='lat' dir='ltr'><strong>signet,</strong></span> <span class='ocrx_word' id='word_1_311' title='bbox 1664 2443 1758 2497; x_wconf 86' lang='lat' dir='ltr'><strong>sed</strong></span> <span class='ocrx_word' id='word_1_312' title='bbox 1791 2442 1844 2496; x_wconf 93' lang='lat' dir='ltr'><strong>in</strong></span> <span class='ocrx_word' id='word_1_313' title='bbox 1876 2457 1978 2496; x_wconf 85' lang='lat' dir='ltr'><strong>no-</strong></span> 
     </span>
    </p>
   </div>
   <div class='ocr_carea' id='block_1_43' title="bbox 395 2536 1980 2606">
    <p class='ocr_par' dir='ltr' id='par_1_43' title="bbox 395 2536 1980 2606">
     <span class='ocr_line' id='line_1_43' title="bbox 395 2536 1980 2606; baseline -0.004 -12"><span class='ocrx_word' id='word_1_314' title='bbox 395 2539 638 2594; x_wconf 89' lang='lat' dir='ltr'><strong>minibus</strong></span> <span class='ocrx_word' id='word_1_315' title='bbox 657 2537 1022 2594; x_wconf 81' lang='lat' dir='ltr'><strong>dit&#39;lerentiam</strong></span> <span class='ocrx_word' id='word_1_316' title='bbox 1039 2537 1298 2600; x_wconf 88' lang='lat' dir='ltr'><strong>ostendit,</strong></span> <span class='ocrx_word' id='word_1_317' title='bbox 1323 2537 1645 2606; x_wconf 85' lang='lat' dir='ltr'><strong>plerumque</strong></span> <span class='ocrx_word' id='word_1_318' title='bbox 1671 2536 1836 2590; x_wconf 89' lang='lat' dir='ltr'><strong>etiam</strong></span> <span class='ocrx_word' id='word_1_319' title='bbox 1854 2547 1980 2590; x_wconf 88' lang='lat' dir='ltr'><strong>con-</strong></span> 
     </span>
    </p>
   </div>
   <div class='ocr_carea' id='block_1_44' title="bbox 395 2627 1980 2700">
    <p class='ocr_par' dir='ltr' id='par_1_44' title="bbox 395 2627 1980 2700">
     <span class='ocr_line' id='line_1_44' title="bbox 395 2627 1980 2700; baseline -0.003 -14"><span class='ocrx_word' id='word_1_320' title='bbox 395 2631 620 2686; x_wconf 90' lang='lat' dir='ltr'><strong>trariam</strong></span> <span class='ocrx_word' id='word_1_321' title='bbox 651 2651 663 2686; x_wconf 94' lang='lat'>:</span> <span class='ocrx_word' id='word_1_322' title='bbox 697 2647 822 2686; x_wconf 83' lang='lat' dir='ltr'><strong>nam</strong></span> <span class='ocrx_word' id='word_1_323' title='bbox 867 2631 1160 2700; x_wconf 89' lang='lat' dir='ltr'><strong>aliquando</strong></span> <span class='ocrx_word' id='word_1_324' title='bbox 1201 2629 1422 2700; x_wconf 88' lang='lat' dir='ltr'><strong>quidem</strong></span> <span class='ocrx_word' id='word_1_325' title='bbox 1457 2629 1682 2698; x_wconf 78' lang='lat' dir='ltr'><strong>sagittas</strong></span> <span class='ocrx_word' id='word_1_326' title='bbox 1705 2627 1894 2690; x_wconf 89' lang='lat' dir='ltr'><strong>malas,</strong></span> <span class='ocrx_word' id='word_1_327' title='bbox 1926 2635 1980 2682; x_wconf 90' lang='lat' dir='ltr'><strong>et</strong></span> 
     </span>
    </p>
   </div>
   <div class='ocr_carea' id='block_1_45' title="bbox 392 2718 1978 2796">
    <p class='ocr_par' dir='ltr' id='par_1_45' title="bbox 392 2718 1978 2796">
     <span class='ocr_line' id='line_1_45' title="bbox 392 2718 1978 2796; baseline -0.002 -21"><span class='ocrx_word' id='word_1_328' title='bbox 392 2721 603 2796; x_wconf 78' lang='lat' dir='ltr'><strong>igneas,</strong></span> <span class='ocrx_word' id='word_1_329' title='bbox 621 2721 740 2776; x_wconf 86' lang='lat' dir='ltr'><strong>illas</strong></span> <span class='ocrx_word' id='word_1_330' title='bbox 757 2737 878 2791; x_wconf 77' lang='lat' dir='ltr'><strong>quae</strong></span> <span class='ocrx_word' id='word_1_331' title='bbox 899 2729 1027 2776; x_wconf 89' lang='lat' dir='ltr'><strong>sunt</strong></span> <span class='ocrx_word' id='word_1_332' title='bbox 1043 2719 1628 2790; x_wconf 88' lang='lat' dir='ltr'><strong>concupiscentiarum,</strong></span> <span class='ocrx_word' id='word_1_333' title='bbox 1645 2728 1736 2773; x_wconf 89' lang='lat' dir='ltr'><strong>aut</strong></span> <span class='ocrx_word' id='word_1_334' title='bbox 1753 2718 1978 2772; x_wconf 89' lang='lat' dir='ltr'><strong>alterius</strong></span> 
     </span>
    </p>
   </div>
   <div class='ocr_carea' id='block_1_46' title="bbox 391 2811 1977 2883">
    <p class='ocr_par' dir='ltr' id='par_1_46' title="bbox 391 2811 1977 2883">
     <span class='ocr_line' id='line_1_46' title="bbox 391 2811 1977 2883; baseline -0.001 -17"><span class='ocrx_word' id='word_1_335' title='bbox 391 2811 652 2881; x_wconf 67' lang='lat' dir='ltr'><strong>nequitiae</strong></span> <span class='ocrx_word' id='word_1_336' title='bbox 683 2827 908 2882; x_wconf 82' lang='lat' dir='ltr'><strong>organa,</strong></span> <span class='ocrx_word' id='word_1_337' title='bbox 931 2820 986 2866; x_wconf 90' lang='lat' dir='ltr'><strong>et</strong></span> <span class='ocrx_word' id='word_1_338' title='bbox 1006 2814 1356 2883; x_wconf 87' lang='lat' dir='ltr'><strong>operationes</strong></span> <span class='ocrx_word' id='word_1_339' title='bbox 1384 2820 1543 2866; x_wconf 85' lang='lat' dir='ltr'><strong>vocat</strong></span> <span class='ocrx_word' id='word_1_340' title='bbox 1565 2811 1674 2882; x_wconf 83' lang='lat' dir='ltr'><strong>igni</strong></span> <span class='ocrx_word' id='word_1_341' title='bbox 1704 2811 1977 2866; x_wconf 88' lang='lat' dir='ltr'><strong>diabolum</strong></span> 
     </span>
    </p>
   </div>
   <div class='ocr_carea' id='block_1_47' title="bbox 391 2901 1981 2973">
    <p class='ocr_par' dir='ltr' id='par_1_47' title="bbox 391 2901 1981 2973">
     <span class='ocr_line' id='line_1_47' title="bbox 391 2901 1981 2973; baseline 0 -17"><span class='ocrx_word' id='word_1_342' title='bbox 391 2902 722 2964; x_wconf 83' lang='lat' dir='ltr'><strong>assiinilans,</strong></span> <span class='ocrx_word' id='word_1_343' title='bbox 741 2903 868 2972; x_wconf 88' lang='lat' dir='ltr'><strong>quia</strong></span> <span class='ocrx_word' id='word_1_344' title='bbox 883 2903 1183 2972; x_wconf 89' lang='lat' dir='ltr'><strong>corrumpit</strong></span> <span class='ocrx_word' id='word_1_345' title='bbox 1197 2917 1292 2958; x_wconf 92' lang='lat' dir='ltr'><strong>eos</strong></span> <span class='ocrx_word' id='word_1_346' title='bbox 1307 2901 1398 2973; x_wconf 89' lang='lat' dir='ltr'><strong>qui</strong></span> <span class='ocrx_word' id='word_1_347' title='bbox 1413 2901 1460 2956; x_wconf 90' lang='lat' dir='ltr'><strong>ei</strong></span> <span class='ocrx_word' id='word_1_348' title='bbox 1476 2917 1534 2956; x_wconf 89' lang='lat' dir='ltr'><strong>se</strong></span> <span class='ocrx_word' id='word_1_349' title='bbox 1551 2901 1910 2973; x_wconf 74' lang='lat' dir='ltr'><strong>coniungunt,</strong></span> <span class='ocrx_word' id='word_1_350' title='bbox 1924 2909 1981 2956; x_wconf 90' lang='lat' dir='ltr'><strong>et</strong></span> 
     </span>
    </p>
   </div>
   <div class='ocr_carea' id='block_1_48' title="bbox 2079 1787 3668 1866">
    <p class='ocr_par' dir='ltr' id='par_1_48' title="bbox 2079 1787 3668 1866">
     <span class='ocr_line' id='line_1_48' title="bbox 2079 1787 3668 1866; baseline -0.013 -5"><span class='ocrx_word' id='word_1_351' title='bbox 2079 1821 2199 1860; x_wconf 91' lang='lat' dir='ltr'><strong>rum</strong></span> <span class='ocrx_word' id='word_1_352' title='bbox 2233 1804 2396 1859; x_wconf 90' lang='lat' dir='ltr'><strong>nobis</strong></span> <span class='ocrx_word' id='word_1_353' title='bbox 2425 1801 2850 1863; x_wconf 80' lang='lat' dir='ltr'><strong>absolutionem,</strong></span> <span class='ocrx_word' id='word_1_354' title='bbox 2876 1812 3040 1866; x_wconf 89' lang='lat' dir='ltr'><strong>quam</strong></span> <span class='ocrx_word' id='word_1_355' title='bbox 3079 1795 3342 1848; x_wconf 87' lang='lat' dir='ltr'><strong>virtutum</strong></span> <span class='ocrx_word' id='word_1_356' title='bbox 3375 1787 3668 1859; x_wconf 80' lang='lat' dir='ltr'><strong>perfectio-</strong></span> 
     </span>
    </p>
   </div>
   <div class='ocr_carea' id='block_1_49' title="bbox 2080 1875 3667 1957">
    <p class='ocr_par' dir='ltr' id='par_1_49' title="bbox 2080 1875 3667 1957">
     <span class='ocr_line' id='line_1_49' title="bbox 2080 1875 3667 1957; baseline -0.011 -8"><span class='ocrx_word' id='word_1_357' title='bbox 2080 1911 2206 1948; x_wconf 86' lang='lat' dir='ltr'><strong>nem</strong></span> <span class='ocrx_word' id='word_1_358' title='bbox 2253 1894 2346 1948; x_wconf 90' lang='lat' dir='ltr'><strong>Dei</strong></span> <span class='ocrx_word' id='word_1_359' title='bbox 2394 1890 2726 1947; x_wconf 86' lang='lat' dir='ltr'><strong>saeriﬁcium</strong></span> <span class='ocrx_word' id='word_1_360' title='bbox 2758 1886 3054 1957; x_wconf 90' lang='lat' dir='ltr'><strong>conquirit,</strong></span> <span class='ocrx_word' id='word_1_361' title='bbox 3089 1894 3147 1938; x_wconf 89' lang='lat' dir='ltr'><strong>et</strong></span> <span class='ocrx_word' id='word_1_362' title='bbox 3178 1881 3425 1954; x_wconf 87' lang='lat' dir='ltr'><strong>apponit,</strong></span> <span class='ocrx_word' id='word_1_363' title='bbox 3460 1875 3667 1933; x_wconf 81' lang='lat' dir='ltr'><strong>addidit</strong></span> 
     </span>
    </p>
   </div>
   <div class='ocr_carea' id='block_1_50' title="bbox 2079 1987 2376 2056">
    <p class='ocr_par' dir='ltr' id='par_1_50' title="bbox 2079 1987 2376 2056">
     <span class='ocr_line' id='line_1_50' title="bbox 2079 1987 2376 2056; baseline 0 -16"><span class='ocrx_word' id='word_1_364' title='bbox 2079 1987 2376 2056; x_wconf 80' lang='lat' dir='ltr'><strong>legislalor.</strong></span> 
     </span>
    </p>
   </div>
   <div class='ocr_carea' id='block_1_51' title="bbox 2154 2065 3665 2133">
    <p class='ocr_par' dir='ltr' id='par_1_51' title="bbox 2154 2065 3665 2133">
     <span class='ocr_line' id='line_1_51' title="bbox 2154 2065 3665 2133; baseline -0.009 0"><span class='ocrx_word' id='word_1_365' title='bbox 2154 2079 2220 2133; x_wconf 81' lang='lat' dir='ltr'><strong>Et</strong></span> <span class='ocrx_word' id='word_1_366' title='bbox 2273 2079 2493 2132; x_wconf 83' lang='lat' dir='ltr'><strong>arietem</strong></span> <span class='ocrx_word' id='word_1_367' title='bbox 2547 2077 2602 2129; x_wconf 87' lang='lat' dir='ltr'><strong>iu</strong></span> <span class='ocrx_word' id='word_1_368' title='bbox 2642 2074 3022 2128; x_wconf 77' lang='lat' dir='ltr'><strong>holocaustum.</strong></span> <span class='ocrx_word' id='word_1_369' title='bbox 3068 2068 3212 2125; x_wconf 75' lang='lat' dir='ltr'><strong>LXX</strong></span> <span class='ocrx_word' id='word_1_370' title='bbox 3257 2075 3438 2122; x_wconf 87' lang='lat' dir='ltr'><strong>autem</strong></span> <span class='ocrx_word' id='word_1_371' title='bbox 3480 2065 3665 2120; x_wconf 89' lang='lat' dir='ltr'><strong>edide-</strong></span> 
     </span>
    </p>
   </div>
   <div class='ocr_carea' id='block_1_52' title="bbox 2080 2157 3663 2234">
    <p class='ocr_par' dir='ltr' id='par_1_52' title="bbox 2080 2157 3663 2234">
     <span class='ocr_line' id='line_1_52' title="bbox 2080 2157 3663 2234; baseline -0.009 -8"><span class='ocrx_word' id='word_1_372' title='bbox 2080 2181 2229 2234; x_wconf 89' lang='lat' dir='ltr'><strong>runt,</strong></span> <span class='ocrx_word' id='word_1_373' title='bbox 2263 2173 2326 2225; x_wconf 84' lang='lat' dir='ltr'><strong>de</strong></span> <span class='ocrx_word' id='word_1_374' title='bbox 2350 2169 2534 2225; x_wconf 84' lang='lat' dir='ltr'><strong>vitulo.</strong></span> <span class='ocrx_word' id='word_1_375' title='bbox 2568 2170 2643 2222; x_wconf 81' lang='lat' dir='ltr'><strong>Ex</strong></span> <span class='ocrx_word' id='word_1_376' title='bbox 2674 2167 2851 2221; x_wconf 75' lang='lat' dir='ltr'><strong>bobus</strong></span> <span class='ocrx_word' id='word_1_377' title='bbox 2882 2164 2988 2218; x_wconf 88' lang='lat' dir='ltr'><strong>illis</strong></span> <span class='ocrx_word' id='word_1_378' title='bbox 3013 2161 3392 2232; x_wconf 85' lang='lat' dir='ltr'><strong>Operatoribus</strong></span> <span class='ocrx_word' id='word_1_379' title='bbox 3417 2157 3663 2228; x_wconf 61' lang='lat' dir='ltr'><strong>iustitia}.</strong></span> 
     </span>
    </p>
   </div>
   <div class='ocr_carea' id='block_1_53' title="bbox 2079 2251 3664 2322">
    <p class='ocr_par' dir='ltr' id='par_1_53' title="bbox 2079 2251 3664 2322">
     <span class='ocr_line' id='line_1_53' title="bbox 2079 2251 3664 2322; baseline -0.011 -1"><span class='ocrx_word' id='word_1_380' title='bbox 2079 2264 2383 2322; x_wconf 85' lang='lat' dir='ltr'><strong>secundum</strong></span> <span class='ocrx_word' id='word_1_381' title='bbox 2431 2276 2654 2316; x_wconf 84' lang='lat' dir='ltr'><strong>carnem</strong></span> <span class='ocrx_word' id='word_1_382' title='bbox 2702 2259 2882 2313; x_wconf 79' lang='lat' dir='ltr'><strong>factus</strong></span> <span class='ocrx_word' id='word_1_383' title='bbox 2931 2264 3034 2318; x_wconf 90' lang='lat' dir='ltr'><strong>est,</strong></span> <span class='ocrx_word' id='word_1_384' title='bbox 3072 2254 3220 2308; x_wconf 81' lang='lat' dir='ltr'><strong>verbi</strong></span> <span class='ocrx_word' id='word_1_385' title='bbox 3256 2253 3446 2321; x_wconf 77' lang='lat' dir='ltr'><strong>gratia,</strong></span> <span class='ocrx_word' id='word_1_386' title='bbox 3490 2251 3664 2306; x_wconf 81' lang='lat' dir='ltr'><strong>Abra-</strong></span> 
     </span>
    </p>
   </div>
   <div class='ocr_carea' id='block_1_54' title="bbox 2079 2341 3666 2423">
    <p class='ocr_par' dir='ltr' id='par_1_54' title="bbox 2079 2341 3666 2423">
     <span class='ocr_line' id='line_1_54' title="bbox 2079 2341 3666 2423; baseline -0.011 -10"><span class='ocrx_word' id='word_1_387' title='bbox 2079 2359 2227 2423; x_wconf 88' lang='lat' dir='ltr'><strong>ham,</strong></span> <span class='ocrx_word' id='word_1_388' title='bbox 2269 2357 2439 2420; x_wconf 88' lang='lat' dir='ltr'><strong>Isaac,</strong></span> <span class='ocrx_word' id='word_1_389' title='bbox 2472 2354 2662 2414; x_wconf 79' lang='lat' dir='ltr'><strong>Jacob,</strong></span> <span class='ocrx_word' id='word_1_390' title='bbox 2695 2351 2865 2406; x_wconf 90' lang='lat' dir='ltr'><strong>David</strong></span> <span class='ocrx_word' id='word_1_391' title='bbox 2900 2367 2916 2411; x_wconf 84' lang='grc'>;</span> <span class='ocrx_word' id='word_1_392' title='bbox 2947 2364 3072 2402; x_wconf 91' lang='lat' dir='ltr'><strong>nam</strong></span> <span class='ocrx_word' id='word_1_393' title='bbox 3109 2347 3280 2400; x_wconf 87' lang='lat' dir='ltr'><strong>boves</strong></span> <span class='ocrx_word' id='word_1_394' title='bbox 3323 2346 3428 2409; x_wconf 87' lang='lat' dir='ltr'><strong>lex,</strong></span> <span class='ocrx_word' id='word_1_395' title='bbox 3449 2360 3544 2398; x_wconf 80' lang='lat' dir='ltr'><strong>eos</strong></span> <span class='ocrx_word' id='word_1_396' title='bbox 3573 2341 3666 2412; x_wconf 87' lang='lat' dir='ltr'><strong>qui</strong></span> 
     </span>
    </p>
   </div>
   <div class='ocr_carea' id='block_1_55' title="bbox 2076 2435 3666 2522">
    <p class='ocr_par' dir='ltr' id='par_1_55' title="bbox 2076 2435 3666 2522">
     <span class='ocr_line' id='line_1_55' title="bbox 2076 2435 3666 2522; baseline -0.012 -16"><span class='ocrx_word' id='word_1_397' title='bbox 2076 2451 2346 2522; x_wconf 86' lang='lat' dir='ltr'><strong>justitiam</strong></span> <span class='ocrx_word' id='word_1_398' title='bbox 2388 2455 2671 2519; x_wconf 88' lang='lat' dir='ltr'><strong>operatur,</strong></span> <span class='ocrx_word' id='word_1_399' title='bbox 2703 2444 2858 2498; x_wconf 90' lang='lat' dir='ltr'><strong>novit</strong></span> <span class='ocrx_word' id='word_1_400' title='bbox 2889 2442 3029 2496; x_wconf 90' lang='lat' dir='ltr'><strong>sicut</strong></span> <span class='ocrx_word' id='word_1_401' title='bbox 3061 2439 3222 2494; x_wconf 85' lang='lat' dir='ltr'><strong>nobis</strong></span> <span class='ocrx_word' id='word_1_402' title='bbox 3255 2438 3453 2492; x_wconf 85' lang='lat' dir='ltr'><strong>Paulus</strong></span> <span class='ocrx_word' id='word_1_403' title='bbox 3497 2435 3666 2489; x_wconf 86' lang='lat' dir='ltr'><strong>tradi-</strong></span> 
     </span>
    </p>
   </div>
   <div class='ocr_carea' id='block_1_56' title="bbox 2081 2530 3667 2610">
    <p class='ocr_par' dir='ltr' id='par_1_56' title="bbox 2081 2530 3667 2610">
     <span class='ocr_line' id='line_1_56' title="bbox 2081 2530 3667 2610; baseline -0.011 -11"><span class='ocrx_word' id='word_1_404' title='bbox 2081 2545 2178 2608; x_wconf 89' lang='lat' dir='ltr'><strong>dit,</strong></span> <span class='ocrx_word' id='word_1_405' title='bbox 2215 2542 2346 2597; x_wconf 90' lang='lat' dir='ltr'><strong>illud</strong></span> <span class='ocrx_word' id='word_1_406' title='bbox 2393 2541 2763 2610; x_wconf 84' lang='lat' dir='ltr'><strong>interpretans</strong></span> <span class='ocrx_word' id='word_1_407' title='bbox 2791 2535 3108 2589; x_wconf 87' lang='lat' dir='ltr'><strong>mandatum</strong></span> <span class='ocrx_word' id='word_1_408' title='bbox 3147 2552 3159 2586; x_wconf 89' lang='lat'><strong>:</strong></span> <span class='ocrx_word' id='word_1_409' title='bbox 3197 2531 3314 2586; x_wconf 78' lang='lat' dir='ltr'><strong>Non</strong></span> <span class='ocrx_word' id='word_1_410' title='bbox 3341 2530 3584 2600; x_wconf 84' lang='lat' dir='ltr'><strong>alligabis</strong></span> <span class='ocrx_word' id='word_1_411' title='bbox 3611 2544 3667 2582; x_wconf 76' lang='lat' dir='ltr'><strong>os</strong></span> 
     </span>
    </p>
   </div>
   <div class='ocr_carea' id='block_1_57' title="bbox 2079 2617 3668 2693">
    <p class='ocr_par' dir='ltr' id='par_1_57' title="bbox 2079 2617 3668 2693">
     <span class='ocr_line' id='line_1_57' title="bbox 2079 2617 3668 2693; baseline -0.011 -5"><span class='ocrx_word' id='word_1_412' title='bbox 2079 2633 2194 2688; x_wconf 81' lang='lat' dir='ltr'><strong>bovi</strong></span> <span class='ocrx_word' id='word_1_413' title='bbox 2225 2630 2500 2686; x_wconf 81' lang='lat' dir='ltr'><strong>trituranti</strong></span> <span class='ocrx_word' id='word_1_414' title='bbox 2531 2629 2615 2693; x_wconf 73' lang='lat'><strong>“;</strong></span> <span class='ocrx_word' id='word_1_415' title='bbox 2651 2625 2849 2680; x_wconf 88' lang='lat' dir='ltr'><strong>deinde</strong></span> <span class='ocrx_word' id='word_1_416' title='bbox 2890 2623 3124 2690; x_wconf 81' lang='lat' dir='ltr'><strong>subjecit.</strong></span> <span class='ocrx_word' id='word_1_417' title='bbox 3159 2639 3173 2675; x_wconf 90' lang='lat'><strong>:</strong></span> <span class='ocrx_word' id='word_1_418' title='bbox 3205 2620 3458 2690; x_wconf 78' lang='lat' dir='ltr'><strong>Nunquid</strong></span> <span class='ocrx_word' id='word_1_419' title='bbox 3483 2620 3546 2672; x_wconf 85' lang='lat' dir='ltr'><strong>de</strong></span> <span class='ocrx_word' id='word_1_420' title='bbox 3573 2617 3668 2671; x_wconf 86' lang='lat' dir='ltr'><strong>bo-</strong></span> 
     </span>
    </p>
   </div>
   <div class='ocr_carea' id='block_1_58' title="bbox 2081 2711 3664 2787">
    <p class='ocr_par' dir='ltr' id='par_1_58' title="bbox 2081 2711 3664 2787">
     <span class='ocr_line' id='line_1_58' title="bbox 2081 2711 3664 2787; baseline -0.011 -5"><span class='ocrx_word' id='word_1_421' title='bbox 2081 2727 2174 2782; x_wconf 77' lang='lat' dir='ltr'><strong>bus</strong></span> <span class='ocrx_word' id='word_1_422' title='bbox 2201 2742 2326 2780; x_wconf 86' lang='lat' dir='ltr'><strong>cura</strong></span> <span class='ocrx_word' id='word_1_423' title='bbox 2360 2733 2438 2778; x_wconf 85' lang='lat' dir='ltr'><strong>est</strong></span> <span class='ocrx_word' id='word_1_424' title='bbox 2478 2720 2588 2775; x_wconf 87' lang='lat' dir='ltr'><strong>Deo</strong></span> <span class='ocrx_word' id='word_1_425' title='bbox 2621 2719 2702 2773; x_wconf 65' lang='grc' dir='ltr'><strong>ιιι</strong></span> <span class='ocrx_word' id='word_1_426' title='bbox 2741 2735 2810 2774; x_wconf 89' lang='lat' dir='ltr'><strong>an</strong></span> <span class='ocrx_word' id='word_1_427' title='bbox 2864 2728 3086 2787; x_wconf 86' lang='lat' dir='ltr'><strong>propter</strong></span> <span class='ocrx_word' id='word_1_428' title='bbox 3129 2730 3230 2770; x_wconf 91' lang='lat' dir='ltr'><strong>nos</strong></span> <span class='ocrx_word' id='word_1_429' title='bbox 3274 2713 3456 2782; x_wconf 87' lang='lat' dir='ltr'><strong>utique</strong></span> <span class='ocrx_word' id='word_1_430' title='bbox 3487 2711 3618 2765; x_wconf 87' lang='lat' dir='ltr'><strong>dicit</strong></span> <span class='ocrx_word' id='word_1_431' title='bbox 3650 2729 3664 2764; x_wconf 89' lang='lat'><strong>:</strong></span> 
     </span>
    </p>
   </div>
   <div class='ocr_carea' id='block_1_59' title="bbox 2083 2804 3666 2885">
    <p class='ocr_par' dir='ltr' id='par_1_59' title="bbox 2083 2804 3666 2885">
     <span class='ocr_line' id='line_1_59' title="bbox 2083 2804 3666 2885; baseline -0.009 -15"><span class='ocrx_word' id='word_1_432' title='bbox 2083 2818 2218 2885; x_wconf 82' lang='lat' dir='ltr'><strong>Quia</strong></span> <span class='ocrx_word' id='word_1_433' title='bbox 2250 2817 2395 2882; x_wconf 82' lang='lat' dir='ltr'><strong>debet</strong></span> <span class='ocrx_word' id='word_1_434' title='bbox 2438 2816 2494 2868; x_wconf 85' lang='lat' dir='ltr'><strong>in</strong></span> <span class='ocrx_word' id='word_1_435' title='bbox 2534 2830 2624 2880; x_wconf 86' lang='lat' dir='ltr'><strong>spe</strong></span> <span class='ocrx_word' id='word_1_436' title='bbox 2659 2813 2749 2881; x_wconf 86' lang='lat' dir='ltr'><strong>qui</strong></span> <span class='ocrx_word' id='word_1_437' title='bbox 2776 2820 2860 2864; x_wconf 86' lang='lat' dir='ltr'><strong>rat</strong></span> <span class='ocrx_word' id='word_1_438' title='bbox 2889 2826 3106 2873; x_wconf 88' lang='lat' dir='ltr'><strong>aarare,</strong></span> <span class='ocrx_word' id='word_1_439' title='bbox 3135 2819 3183 2863; x_wconf 91' lang='lat' dir='ltr'><strong>et</strong></span> <span class='ocrx_word' id='word_1_440' title='bbox 3221 2807 3311 2878; x_wconf 83' lang='lat' dir='ltr'><strong>qui</strong></span> <span class='ocrx_word' id='word_1_441' title='bbox 3343 2806 3580 2868; x_wconf 85' lang='lat' dir='ltr'><strong>triturat,</strong></span> <span class='ocrx_word' id='word_1_442' title='bbox 3611 2804 3666 2856; x_wconf 82' lang='lat' dir='ltr'><strong>in</strong></span> 
     </span>
    </p>
   </div>
   <div class='ocr_carea' id='block_1_60' title="bbox 2081 2895 3664 2981">
    <p class='ocr_par' dir='ltr' id='par_1_60' title="bbox 2081 2895 3664 2981">
     <span class='ocr_line' id='line_1_60' title="bbox 2081 2895 3664 2981; baseline -0.01 -16"><span class='ocrx_word' id='word_1_443' title='bbox 2081 2928 2171 2981; x_wconf 79' lang='lat' dir='ltr'><strong>spe</strong></span> <span class='ocrx_word' id='word_1_444' title='bbox 2206 2911 2406 2979; x_wconf 78' lang='lat' dir='ltr'><strong>{ructus</strong></span> <span class='ocrx_word' id='word_1_445' title='bbox 2461 2904 2782 2976; x_wconf 81' lang='lat' dir='ltr'><strong>percipiendi</strong></span> <span class='ocrx_word' id='word_1_446' title='bbox 2809 2902 2892 2956; x_wconf 63' lang='lat'><strong>‘3?</strong></span> <span class='ocrx_word' id='word_1_447' title='bbox 2941 2900 3076 2968; x_wconf 84' lang='lat' dir='ltr'><strong>Quia</strong></span> <span class='ocrx_word' id='word_1_448' title='bbox 3121 2907 3302 2954; x_wconf 80' lang='lat' dir='ltr'><strong>autem</strong></span> <span class='ocrx_word' id='word_1_449' title='bbox 3339 2905 3392 2952; x_wconf 87' lang='lat' dir='ltr'><strong>et</strong></span> <span class='ocrx_word' id='word_1_450' title='bbox 3442 2895 3664 2962; x_wconf 89' lang='lat' dir='ltr'><strong>vitulus,</strong></span> 
     </span>
    </p>
   </div>
   <div class='ocr_carea' id='block_1_61' title="bbox 392 2989 3663 3094">
    <p class='ocr_par' dir='ltr' id='par_1_61' title="bbox 392 2989 3663 3094">
     <span class='ocr_line' id='line_1_61' title="bbox 392 2989 3663 3094; baseline -0.006 -34"><span class='ocrx_word' id='word_1_451' title='bbox 392 2995 449 3050; x_wconf 76' lang='grc' dir='ltr'><strong>ῖη</strong></span> <span class='ocrx_word' id='word_1_452' title='bbox 477 3011 542 3048; x_wconf 77' lang='grc' dir='ltr'><strong>εο</strong></span> <span class='ocrx_word' id='word_1_453' title='bbox 569 3010 628 3050; x_wconf 79' lang='lat' dir='ltr'><strong>Se</strong></span> <span class='ocrx_word' id='word_1_454' title='bbox 655 2994 1059 3064; x_wconf 76' lang='lat' dir='ltr'><strong>quodammodo</strong></span> <span class='ocrx_word' id='word_1_455' title='bbox 1089 2994 1335 3049; x_wconf 77' lang='lat' dir='ltr'><strong>millllm-</strong></span> <span class='ocrx_word' id='word_1_456' title='bbox 1375 2993 1682 3064; x_wconf 86' lang='lat' dir='ltr'><strong>Aliquando</strong></span> <span class='ocrx_word' id='word_1_457' title='bbox 1707 3002 1890 3048; x_wconf 73' lang='lat' dir='ltr'><strong>amem</strong></span> <span class='ocrx_word' id='word_1_458' title='bbox 1921 2993 1976 3048; x_wconf 78' lang='lat' dir='ltr'><strong>in</strong></span> <span class='ocrx_word' id='word_1_459' title='bbox 2009 3036 2051 3094; x_wconf 64' lang='grc' dir='ltr'><strong><em>ε</em></strong></span> <span class='ocrx_word' id='word_1_460' title='bbox 2085 3010 2232 3057; x_wconf 89' lang='lat' dir='ltr'><strong>recte</strong></span> <span class='ocrx_word' id='word_1_461' title='bbox 2280 3007 2506 3070; x_wconf 88' lang='lat' dir='ltr'><strong>propter</strong></span> <span class='ocrx_word' id='word_1_462' title='bbox 2553 2995 2905 3058; x_wconf 83' lang='lat' dir='ltr'><strong>sacriﬁcium,</strong></span> <span class='ocrx_word' id='word_1_463' title='bbox 2938 3003 2992 3048; x_wconf 90' lang='lat' dir='ltr'><strong>et</strong></span> <span class='ocrx_word' id='word_1_464' title='bbox 3029 2993 3286 3048; x_wconf 88' lang='lat' dir='ltr'><strong>virtutem</strong></span> <span class='ocrx_word' id='word_1_465' title='bbox 3336 2989 3663 3059; x_wconf 85' lang='lat' dir='ltr'><strong>appellatur,</strong></span> 
     </span>
    </p>
   </div>
   <div class='ocr_carea' id='block_1_62' title="bbox 389 3085 1980 3158">
    <p class='ocr_par' dir='ltr' id='par_1_62' title="bbox 389 3085 1980 3158">
     <span class='ocr_line' id='line_1_62' title="bbox 389 3085 1980 3158; baseline -0.001 -17"><span class='ocrx_word' id='word_1_466' title='bbox 389 3086 576 3158; x_wconf 87' lang='lat' dir='ltr'><strong>specie</strong></span> <span class='ocrx_word' id='word_1_467' title='bbox 601 3085 760 3156; x_wconf 85' lang='lat' dir='ltr'><strong>ignis,</strong></span> <span class='ocrx_word' id='word_1_468' title='bbox 792 3094 902 3140; x_wconf 91' lang='lat' dir='ltr'><strong>tam</strong></span> <span class='ocrx_word' id='word_1_469' title='bbox 932 3086 1266 3157; x_wconf 89' lang='lat' dir='ltr'><strong>alibi,quam</strong></span> <span class='ocrx_word' id='word_1_470' title='bbox 1293 3087 1347 3140; x_wconf 90' lang='lat' dir='ltr'><strong>in</strong></span> <span class='ocrx_word' id='word_1_471' title='bbox 1371 3087 1510 3142; x_wconf 90' lang='lat' dir='ltr'><strong>rubo</strong></span> <span class='ocrx_word' id='word_1_472' title='bbox 1525 3087 1694 3141; x_wconf 91' lang='lat' dir='ltr'><strong>Deum</strong></span> <span class='ocrx_word' id='word_1_473' title='bbox 1717 3086 1980 3150; x_wconf 89' lang='lat' dir='ltr'><strong>insinuat,</strong></span> 
     </span>
    </p>
   </div>
   <div class='ocr_carea' id='block_1_63' title="bbox 389 3178 1984 3250">
    <p class='ocr_par' dir='ltr' id='par_1_63' title="bbox 389 3178 1984 3250">
     <span class='ocr_line' id='line_1_63' title="bbox 389 3178 1984 3250; baseline -0.001 -17"><span class='ocrx_word' id='word_1_474' title='bbox 389 3179 517 3250; x_wconf 88' lang='lat' dir='ltr'><strong>quia</strong></span> <span class='ocrx_word' id='word_1_475' title='bbox 551 3179 639 3232; x_wconf 89' lang='lat' dir='ltr'><strong>lux</strong></span> <span class='ocrx_word' id='word_1_476' title='bbox 661 3187 745 3234; x_wconf 90' lang='lat' dir='ltr'><strong>est</strong></span> <span class='ocrx_word' id='word_1_477' title='bbox 763 3194 954 3234; x_wconf 91' lang='lat' dir='ltr'><strong>eorum</strong></span> <span class='ocrx_word' id='word_1_478' title='bbox 976 3179 1068 3249; x_wconf 92' lang='lat' dir='ltr'><strong>qui</strong></span> <span class='ocrx_word' id='word_1_479' title='bbox 1109 3179 1177 3234; x_wconf 90' lang='lat' dir='ltr'><strong>ad</strong></span> <span class='ocrx_word' id='word_1_480' title='bbox 1209 3194 1332 3234; x_wconf 89' lang='lat' dir='ltr'><strong>eum</strong></span> <span class='ocrx_word' id='word_1_481' title='bbox 1353 3193 1452 3250; x_wconf 89' lang='lat' dir='ltr'><strong>per</strong></span> <span class='ocrx_word' id='word_1_482' title='bbox 1481 3179 1690 3250; x_wconf 85' lang='lat' dir='ltr'><strong>singula</strong></span> <span class='ocrx_word' id='word_1_483' title='bbox 1715 3178 1984 3234; x_wconf 85' lang='lat' dir='ltr'><strong>accedunt</strong></span> 
     </span>
    </p>
   </div>
   <div class='ocr_carea' id='block_1_64' title="bbox 391 3269 1984 3342">
    <p class='ocr_par' dir='ltr' id='par_1_64' title="bbox 391 3269 1984 3342">
     <span class='ocr_line' id='line_1_64' title="bbox 391 3269 1984 3342; baseline 0 -16"><span class='ocrx_word' id='word_1_484' title='bbox 391 3279 658 3342; x_wconf 86' lang='lat' dir='ltr'><strong>tempora.</strong></span> <span class='ocrx_word' id='word_1_485' title='bbox 687 3271 945 3342; x_wconf 90' lang='lat' dir='ltr'><strong>calorque</strong></span> <span class='ocrx_word' id='word_1_486' title='bbox 989 3271 1178 3327; x_wconf 89' lang='lat' dir='ltr'><strong>vitalis</strong></span> <span class='ocrx_word' id='word_1_487' title='bbox 1207 3281 1372 3342; x_wconf 86' lang='lat' dir='ltr'><strong>atque</strong></span> <span class='ocrx_word' id='word_1_488' title='bbox 1401 3272 1670 3342; x_wconf 80' lang='lat' dir='ltr'><strong>purgatio.</strong></span> <span class='ocrx_word' id='word_1_489' title='bbox 1703 3269 1822 3326; x_wconf 84' lang='lat' dir='ltr'><strong>Non</strong></span> <span class='ocrx_word' id='word_1_490' title='bbox 1853 3285 1984 3342; x_wconf 82' lang='lat' dir='ltr'><strong>ergo</strong></span> 
     </span>
    </p>
   </div>
   <div class='ocr_carea' id='block_1_65' title="bbox 389 3359 1979 3430">
    <p class='ocr_par' dir='ltr' id='par_1_65' title="bbox 389 3359 1979 3430">
     <span class='ocr_line' id='line_1_65' title="bbox 389 3359 1979 3430; baseline -0.001 -16"><span class='ocrx_word' id='word_1_491' title='bbox 389 3361 626 3414; x_wconf 64' lang='lat' dir='ltr'><strong>aestimes</strong></span> <span class='ocrx_word' id='word_1_492' title='bbox 672 3359 946 3429; x_wconf 80' lang='lat' dir='ltr'><strong>superﬂua</strong></span> <span class='ocrx_word' id='word_1_493' title='bbox 979 3359 1094 3415; x_wconf 85' lang='lat' dir='ltr'><strong>sive</strong></span> <span class='ocrx_word' id='word_1_494' title='bbox 1139 3375 1282 3414; x_wconf 86' lang='lat' dir='ltr'><strong>nova</strong></span> <span class='ocrx_word' id='word_1_495' title='bbox 1333 3360 1518 3415; x_wconf 89' lang='lat' dir='ltr'><strong>induci</strong></span> <span class='ocrx_word' id='word_1_496' title='bbox 1552 3375 1650 3430; x_wconf 89' lang='lat' dir='ltr'><strong>per</strong></span> <span class='ocrx_word' id='word_1_497' title='bbox 1680 3360 1979 3430; x_wconf 80' lang='lat' dir='ltr'><strong>expositio-</strong></span> 
     </span>
    </p>
   </div>
   <div class='ocr_carea' id='block_1_66' title="bbox 391 3451 1981 3519">
    <p class='ocr_par' dir='ltr' id='par_1_66' title="bbox 391 3451 1981 3519">
     <span class='ocr_line' id='line_1_66' title="bbox 391 3451 1981 3519; baseline 0.002 -15"><span class='ocrx_word' id='word_1_498' title='bbox 391 3465 541 3514; x_wconf 76' lang='lat' dir='ltr'><strong>nem,</strong></span> <span class='ocrx_word' id='word_1_499' title='bbox 582 3451 802 3519; x_wconf 88' lang='lat' dir='ltr'><strong>quando</strong></span> <span class='ocrx_word' id='word_1_500' title='bbox 857 3451 1064 3505; x_wconf 86' lang='lat' dir='ltr'><strong>eisdem</strong></span> <span class='ocrx_word' id='word_1_501' title='bbox 1116 3451 1434 3506; x_wconf 88' lang='lat' dir='ltr'><strong>nominibus</strong></span> <span class='ocrx_word' id='word_1_502' title='bbox 1484 3451 1540 3505; x_wconf 92' lang='lat' dir='ltr'><strong>in</strong></span> <span class='ocrx_word' id='word_1_503' title='bbox 1597 3451 1981 3507; x_wconf 82' lang='lat' dir='ltr'><strong>dili&#39;erentibus</strong></span> 
     </span>
    </p>
   </div>
   <div class='ocr_carea' id='block_1_67' title="bbox 395 3540 1976 3606">
    <p class='ocr_par' dir='ltr' id='par_1_67' title="bbox 395 3540 1976 3606">
     <span class='ocr_line' id='line_1_67' title="bbox 395 3540 1976 3606; baseline 0.003 -12"><span class='ocrx_word' id='word_1_504' title='bbox 395 3541 566 3594; x_wconf 67' lang='lat' dir='ltr'><strong>utitur</strong></span> <span class='ocrx_word' id='word_1_505' title='bbox 617 3540 820 3606; x_wconf 86' lang='lat' dir='ltr'><strong>causis,</strong></span> <span class='ocrx_word' id='word_1_506' title='bbox 876 3550 972 3594; x_wconf 92' lang='lat' dir='ltr'><strong>aut</strong></span> <span class='ocrx_word' id='word_1_507' title='bbox 1017 3541 1242 3595; x_wconf 90' lang='lat' dir='ltr'><strong>nomina</strong></span> <span class='ocrx_word' id='word_1_508' title='bbox 1298 3541 1608 3597; x_wconf 74' lang='lat' dir='ltr'><strong>diﬂ‘erentia</strong></span> <span class='ocrx_word' id='word_1_509' title='bbox 1665 3543 1720 3596; x_wconf 90' lang='lat' dir='ltr'><strong>in</strong></span> <span class='ocrx_word' id='word_1_510' title='bbox 1769 3543 1976 3600; x_wconf 90' lang='lat' dir='ltr'><strong>eisdem</strong></span> 
     </span>
    </p>
   </div>
   <div class='ocr_carea' id='block_1_68' title="bbox 392 3631 1977 3706">
    <p class='ocr_par' dir='ltr' id='par_1_68' title="bbox 392 3631 1977 3706">
     <span class='ocr_line' id='line_1_68' title="bbox 392 3631 1977 3706; baseline 0.001 -17"><span class='ocrx_word' id='word_1_511' title='bbox 392 3631 593 3702; x_wconf 83' lang='lat' dir='ltr'><strong>accipit</strong></span> <span class='ocrx_word' id='word_1_512' title='bbox 619 3633 802 3688; x_wconf 88' lang='lat' dir='ltr'><strong>rebus.</strong></span> <span class='ocrx_word' id='word_1_513' title='bbox 833 3631 940 3688; x_wconf 90' lang='lat' dir='ltr'><strong>Sed</strong></span> <span class='ocrx_word' id='word_1_514' title='bbox 967 3633 1100 3687; x_wconf 92' lang='lat' dir='ltr'><strong>illud</strong></span> <span class='ocrx_word' id='word_1_515' title='bbox 1131 3633 1356 3688; x_wconf 91' lang='lat' dir='ltr'><strong>intende</strong></span> <span class='ocrx_word' id='word_1_516' title='bbox 1385 3645 1593 3688; x_wconf 89' lang='lat' dir='ltr'><strong>tantum</strong></span> <span class='ocrx_word' id='word_1_517' title='bbox 1622 3636 1666 3690; x_wconf 86' lang='lat' dir='ltr'><strong>si</strong></span> <span class='ocrx_word' id='word_1_518' title='bbox 1703 3652 1814 3690; x_wconf 89' lang='lat' dir='ltr'><strong>non</strong></span> <span class='ocrx_word' id='word_1_519' title='bbox 1849 3653 1977 3706; x_wconf 83' lang='lat' dir='ltr'><strong>pro—</strong></span> 
     </span>
    </p>
   </div>
   <div class='ocr_carea' id='block_1_69' title="bbox 392 3723 1978 3798">
    <p class='ocr_par' dir='ltr' id='par_1_69' title="bbox 392 3723 1978 3798">
     <span class='ocr_line' id='line_1_69' title="bbox 392 3723 1978 3798; baseline 0.004 -20"><span class='ocrx_word' id='word_1_520' title='bbox 392 3723 532 3794; x_wconf 89' lang='lat' dir='ltr'><strong>prie,</strong></span> <span class='ocrx_word' id='word_1_521' title='bbox 582 3732 638 3779; x_wconf 91' lang='lat' dir='ltr'><strong>et</strong></span> <span class='ocrx_word' id='word_1_522' title='bbox 687 3725 988 3780; x_wconf 89' lang='lat' dir='ltr'><strong>secundum</strong></span> <span class='ocrx_word' id='word_1_523' title='bbox 1041 3734 1284 3796; x_wconf 80' lang='lat' dir='ltr'><strong>tempus,</strong></span> <span class='ocrx_word' id='word_1_524' title='bbox 1331 3725 1758 3798; x_wconf 80' lang='lat' dir='ltr'><strong>signiﬁcationes</strong></span> <span class='ocrx_word' id='word_1_525' title='bbox 1800 3731 1978 3785; x_wconf 89' lang='lat' dir='ltr'><strong>nomi-</strong></span> 
     </span>
    </p>
   </div>
   <div class='ocr_carea' id='block_1_70' title="bbox 388 3817 1976 3894">
    <p class='ocr_par' dir='ltr' id='par_1_70' title="bbox 388 3817 1976 3894">
     <span class='ocr_line' id='line_1_70' title="bbox 388 3817 1976 3894; baseline 0.006 -24"><span class='ocrx_word' id='word_1_526' title='bbox 388 3833 522 3871; x_wconf 87' lang='lat' dir='ltr'><strong>num</strong></span> <span class='ocrx_word' id='word_1_527' title='bbox 581 3817 635 3870; x_wconf 92' lang='lat' dir='ltr'><strong>in</strong></span> <span class='ocrx_word' id='word_1_528' title='bbox 694 3817 1073 3886; x_wconf 72' lang='lat' dir='ltr'><strong>adiacentibus</strong></span> <span class='ocrx_word' id='word_1_529' title='bbox 1109 3819 1440 3890; x_wconf 81' lang='lat' dir='ltr'><strong>expositioni</strong></span> <span class='ocrx_word' id='word_1_530' title='bbox 1491 3821 1656 3876; x_wconf 89' lang='lat' dir='ltr'><strong>rebus</strong></span> <span class='ocrx_word' id='word_1_531' title='bbox 1703 3822 1976 3894; x_wconf 85' lang='lat' dir='ltr'><strong>interpres</strong></span> 
     </span>
    </p>
   </div>
   <div class='ocr_carea' id='block_1_71' title="bbox 390 3903 1976 3978">
    <p class='ocr_par' dir='ltr' id='par_1_71' title="bbox 390 3903 1976 3978">
     <span class='ocr_line' id='line_1_71' title="bbox 390 3903 1976 3978; baseline 0.007 -20"><span class='ocrx_word' id='word_1_532' title='bbox 390 3905 624 3974; x_wconf 84' lang='lat' dir='ltr'><strong>accepit.</strong></span> <span class='ocrx_word' id='word_1_533' title='bbox 659 3903 766 3960; x_wconf 86' lang='lat' dir='ltr'><strong>Sed</strong></span> <span class='ocrx_word' id='word_1_534' title='bbox 792 3905 904 3975; x_wconf 86' lang='lat' dir='ltr'><strong>jam</strong></span> <span class='ocrx_word' id='word_1_535' title='bbox 933 3922 1054 3978; x_wconf 82' lang='lat' dir='ltr'><strong>quae</strong></span> <span class='ocrx_word' id='word_1_536' title='bbox 1087 3917 1390 3978; x_wconf 81' lang='lat' dir='ltr'><strong>sequentur</strong></span> <span class='ocrx_word' id='word_1_537' title='bbox 1416 3909 1718 3966; x_wconf 86' lang='lat' dir='ltr'><strong>videamus.</strong></span> <span class='ocrx_word' id='word_1_538' title='bbox 1751 3911 1859 3968; x_wconf 85' lang='lat' dir='ltr'><strong>Sed</strong></span> <span class='ocrx_word' id='word_1_539' title='bbox 1898 3915 1976 3970; x_wconf 88' lang='lat' dir='ltr'><strong>sic</strong></span> 
     </span>
    </p>
   </div>
   <div class='ocr_carea' id='block_1_72' title="bbox 390 3997 1374 4066">
    <p class='ocr_par' dir='ltr' id='par_1_72' title="bbox 390 3997 1374 4066">
     <span class='ocr_line' id='line_1_72' title="bbox 390 3997 1374 4066; baseline 0.004 -14"><span class='ocrx_word' id='word_1_540' title='bbox 390 3997 734 4066; x_wconf 76' lang='lat' dir='ltr'><strong>ingrediatur</strong></span> <span class='ocrx_word' id='word_1_541' title='bbox 765 3999 946 4054; x_wconf 83' lang='lat' dir='ltr'><strong>Aaron</strong></span> <span class='ocrx_word' id='word_1_542' title='bbox 981 4001 1374 4056; x_wconf 89' lang='lat' dir='ltr'><strong>sanctuarium.</strong></span> 
     </span>
    </p>
   </div>
   <div class='ocr_carea' id='block_1_73' title="bbox 458 4087 1974 4166">
    <p class='ocr_par' dir='ltr' id='par_1_73' title="bbox 458 4087 1974 4166">
     <span class='ocr_line' id='line_1_73' title="bbox 458 4087 1974 4166; baseline 0.007 -24"><span class='ocrx_word' id='word_1_543' title='bbox 458 4087 626 4144; x_wconf 71' lang='lat' dir='ltr'><strong>Vens.</strong></span> <span class='ocrx_word' id='word_1_544' title='bbox 663 4091 716 4154; x_wconf 78' lang='lat'><strong>5,</strong></span> <span class='ocrx_word' id='word_1_545' title='bbox 763 4089 820 4144; x_wconf 69' lang='grc'><strong>4.</strong></span> <span class='ocrx_word' id='word_1_546' title='bbox 867 4108 886 4142; x_wconf 74' lang='grc' dir='ltr'><strong>ι</strong></span> <span class='ocrx_word' id='word_1_547' title='bbox 927 4089 1169 4146; x_wconf 81' lang='lat' dir='ltr'><strong>Vitulum</strong></span> <span class='ocrx_word' id='word_1_548' title='bbox 1223 4093 1418 4147; x_wconf 85' lang='lat' dir='ltr'><strong>otl‘eret</strong></span> <span class='ocrx_word' id='word_1_549' title='bbox 1471 4099 1570 4164; x_wconf 90' lang='lat' dir='ltr'><strong>pro</strong></span> <span class='ocrx_word' id='word_1_550' title='bbox 1620 4103 1868 4166; x_wconf 88' lang='lat' dir='ltr'><strong>peccato,</strong></span> <span class='ocrx_word' id='word_1_551' title='bbox 1920 4105 1974 4152; x_wconf 91' lang='lat' dir='ltr'><strong>et</strong></span> 
     </span>
    </p>
   </div>
   <div class='ocr_carea' id='block_1_74' title="bbox 388 4177 1974 4254">
    <p class='ocr_par' dir='ltr' id='par_1_74' title="bbox 388 4177 1974 4254">
     <span class='ocr_line' id='line_1_74' title="bbox 388 4177 1974 4254; baseline 0.005 -22"><span class='ocrx_word' id='word_1_552' title='bbox 388 4177 615 4233; x_wconf 82' lang='lat' dir='ltr'><strong>arietem</strong></span> <span class='ocrx_word' id='word_1_553' title='bbox 654 4179 711 4234; x_wconf 91' lang='lat' dir='ltr'><strong>in</strong></span> <span class='ocrx_word' id='word_1_554' title='bbox 746 4180 1149 4236; x_wconf 89' lang='lat' dir='ltr'><strong>holocaustum.</strong></span> <span class='ocrx_word' id='word_1_555' title='bbox 1179 4181 1384 4238; x_wconf 86' lang='lat' dir='ltr'><strong>Tunica</strong></span> <span class='ocrx_word' id='word_1_556' title='bbox 1420 4183 1562 4240; x_wconf 88' lang='lat' dir='ltr'><strong>linea</strong></span> <span class='ocrx_word' id='word_1_557' title='bbox 1601 4187 1884 4254; x_wconf 88' lang='lat' dir='ltr'><strong>vestietur,</strong></span> <span class='ocrx_word' id='word_1_558' title='bbox 1918 4195 1974 4240; x_wconf 84' lang='lat' dir='ltr'><strong>et</strong></span> 
     </span>
    </p>
   </div>
   <div class='ocr_carea' id='block_1_75' title="bbox 387 4271 1973 4351">
    <p class='ocr_par' dir='ltr' id='par_1_75' title="bbox 387 4271 1973 4351">
     <span class='ocr_line' id='line_1_75' title="bbox 387 4271 1973 4351; baseline 0.006 -25"><span class='ocrx_word' id='word_1_559' title='bbox 387 4271 740 4328; x_wconf 79' lang='lat' dir='ltr'><strong>feminalibus</strong></span> <span class='ocrx_word' id='word_1_560' title='bbox 795 4273 956 4330; x_wconf 92' lang='lat' dir='ltr'><strong>lineis</strong></span> <span class='ocrx_word' id='word_1_561' title='bbox 1002 4277 1308 4331; x_wconf 85' lang='lat' dir='ltr'><strong>verecunda</strong></span> <span class='ocrx_word' id='word_1_562' title='bbox 1367 4277 1587 4332; x_wconf 88' lang='lat' dir='ltr'><strong>celabit.</strong></span> <span class='ocrx_word' id='word_1_563' title='bbox 1640 4279 1973 4351; x_wconf 80' lang='lat' dir='ltr'><strong>Accingetur</strong></span> 
     </span>
    </p>
   </div>
   <div class='ocr_carea' id='block_1_76' title="bbox 2083 3080 3666 3164">
    <p class='ocr_par' dir='ltr' id='par_1_76' title="bbox 2083 3080 3666 3164">
     <span class='ocr_line' id='line_1_76' title="bbox 2083 3080 3666 3164; baseline -0.009 -13"><span class='ocrx_word' id='word_1_564' title='bbox 2083 3092 2397 3164; x_wconf 84' lang='lat' dir='ltr'><strong>evangelica</strong></span> <span class='ocrx_word' id='word_1_565' title='bbox 2425 3091 2684 3162; x_wconf 77' lang='lat' dir='ltr'><strong>explanat</strong></span> <span class='ocrx_word' id='word_1_566' title='bbox 2714 3089 2968 3158; x_wconf 88' lang='lat' dir='ltr'><strong>parabola</strong></span> <span class='ocrx_word' id='word_1_567' title='bbox 2991 3087 3058 3147; x_wconf 68' lang='grc'><strong>⁸⁸.</strong></span> <span class='ocrx_word' id='word_1_568' title='bbox 3090 3087 3142 3140; x_wconf 90' lang='lat' dir='ltr'><strong>in</strong></span> <span class='ocrx_word' id='word_1_569' title='bbox 3167 3102 3272 3156; x_wconf 88' lang='lat' dir='ltr'><strong>qua</strong></span> <span class='ocrx_word' id='word_1_570' title='bbox 3304 3083 3530 3154; x_wconf 79' lang='lat' dir='ltr'><strong>prodigo</strong></span> <span class='ocrx_word' id='word_1_571' title='bbox 3557 3080 3666 3136; x_wconf 87' lang='lat' dir='ltr'><strong>ﬁlio</strong></span> 
     </span>
    </p>
   </div>
   <div class='ocr_carea' id='block_1_77' title="bbox 2084 3167 3666 3250">
    <p class='ocr_par' dir='ltr' id='par_1_77' title="bbox 2084 3167 3666 3250">
     <span class='ocr_line' id='line_1_77' title="bbox 2084 3167 3666 3250; baseline -0.007 -17"><span class='ocrx_word' id='word_1_572' title='bbox 2084 3189 2238 3250; x_wconf 83' lang='lat' dir='ltr'><strong>pater</strong></span> <span class='ocrx_word' id='word_1_573' title='bbox 2277 3177 2597 3239; x_wconf 87' lang='lat' dir='ltr'><strong>revertenti,</strong></span> <span class='ocrx_word' id='word_1_574' title='bbox 2630 3175 2863 3246; x_wconf 87' lang='lat' dir='ltr'><strong>primam</strong></span> <span class='ocrx_word' id='word_1_575' title='bbox 2912 3173 3106 3227; x_wconf 83' lang='lat' dir='ltr'><strong>stolam</strong></span> <span class='ocrx_word' id='word_1_576' title='bbox 3146 3171 3282 3226; x_wconf 86' lang='lat' dir='ltr'><strong>dans</strong></span> <span class='ocrx_word' id='word_1_577' title='bbox 3325 3167 3666 3238; x_wconf 82' lang='lat' dir='ltr'><strong>baptismatis</strong></span> 
     </span>
    </p>
   </div>
   <div class='ocr_carea' id='block_1_78' title="bbox 2083 3258 3664 3336">
    <p class='ocr_par' dir='ltr' id='par_1_78' title="bbox 2083 3258 3664 3336">
     <span class='ocr_line' id='line_1_78' title="bbox 2083 3258 3664 3336; baseline -0.009 -10"><span class='ocrx_word' id='word_1_578' title='bbox 2083 3280 2138 3326; x_wconf 93' lang='lat' dir='ltr'><strong>et</strong></span> <span class='ocrx_word' id='word_1_579' title='bbox 2171 3271 2457 3334; x_wconf 88' lang='lat' dir='ltr'><strong>annulum,</strong></span> <span class='ocrx_word' id='word_1_580' title='bbox 2498 3269 2552 3323; x_wconf 90' lang='lat' dir='ltr'><strong>id</strong></span> <span class='ocrx_word' id='word_1_581' title='bbox 2584 3277 2668 3322; x_wconf 85' lang='lat' dir='ltr'><strong>est</strong></span> <span class='ocrx_word' id='word_1_582' title='bbox 2701 3266 3038 3336; x_wconf 81' lang='lat' dir='ltr'><strong>signaculum</strong></span> <span class='ocrx_word' id='word_1_583' title='bbox 3071 3263 3316 3334; x_wconf 89' lang='lat' dir='ltr'><strong>spiritus,</strong></span> <span class='ocrx_word' id='word_1_584' title='bbox 3347 3261 3577 3316; x_wconf 81' lang='lat' dir='ltr'><strong>vitulum</strong></span> <span class='ocrx_word' id='word_1_585' title='bbox 3614 3258 3664 3312; x_wconf 84' lang='lat' dir='ltr'><strong>ei</strong></span> 
     </span>
    </p>
   </div>
   <div class='ocr_carea' id='block_1_79' title="bbox 2083 3353 3665 3430">
    <p class='ocr_par' dir='ltr' id='par_1_79' title="bbox 2083 3353 3665 3430">
     <span class='ocr_line' id='line_1_79' title="bbox 2083 3353 3665 3430; baseline -0.008 -14"><span class='ocrx_word' id='word_1_586' title='bbox 2083 3361 2412 3417; x_wconf 81' lang='lat' dir='ltr'><strong>sacriﬁcium</strong></span> <span class='ocrx_word' id='word_1_587' title='bbox 2473 3359 2736 3430; x_wconf 87' lang='lat' dir='ltr'><strong>unigeniti</strong></span> <span class='ocrx_word' id='word_1_588' title='bbox 2785 3357 3104 3419; x_wconf 87' lang='lat' dir='ltr'><strong>immolavit,</strong></span> <span class='ocrx_word' id='word_1_589' title='bbox 3155 3356 3270 3424; x_wconf 88' lang='lat' dir='ltr'><strong>ipse</strong></span> <span class='ocrx_word' id='word_1_590' title='bbox 3325 3363 3380 3408; x_wconf 88' lang='lat' dir='ltr'><strong>et</strong></span> <span class='ocrx_word' id='word_1_591' title='bbox 3422 3353 3566 3406; x_wconf 81' lang='lat' dir='ltr'><strong>aries</strong></span> <span class='ocrx_word' id='word_1_592' title='bbox 3609 3353 3665 3405; x_wconf 88' lang='lat' dir='ltr'><strong>in</strong></span> 
     </span>
    </p>
   </div>
   <div class='ocr_carea' id='block_1_80' title="bbox 2083 3440 3665 3513">
    <p class='ocr_par' dir='ltr' id='par_1_80' title="bbox 2083 3440 3665 3513">
     <span class='ocr_line' id='line_1_80' title="bbox 2083 3440 3665 3513; baseline -0.008 -6"><span class='ocrx_word' id='word_1_593' title='bbox 2083 3451 2464 3507; x_wconf 89' lang='lat' dir='ltr'><strong>holocaustum</strong></span> <span class='ocrx_word' id='word_1_594' title='bbox 2517 3455 2618 3504; x_wconf 87' lang='lat' dir='ltr'><strong>est.</strong></span> <span class='ocrx_word' id='word_1_595' title='bbox 2677 3445 2790 3500; x_wconf 89' lang='lat' dir='ltr'><strong>lloe</strong></span> <span class='ocrx_word' id='word_1_596' title='bbox 2831 3447 2980 3500; x_wconf 88' lang='lat' dir='ltr'><strong>enim</strong></span> <span class='ocrx_word' id='word_1_597' title='bbox 3027 3460 3091 3500; x_wconf 87' lang='lat' dir='ltr'><strong>ea</strong></span> <span class='ocrx_word' id='word_1_598' title='bbox 3133 3460 3254 3513; x_wconf 79' lang='lat' dir='ltr'><strong>quae</strong></span> <span class='ocrx_word' id='word_1_599' title='bbox 3293 3451 3380 3497; x_wconf 90' lang='lat' dir='ltr'><strong>est</strong></span> <span class='ocrx_word' id='word_1_600' title='bbox 3417 3443 3484 3497; x_wconf 85' lang='lat' dir='ltr'><strong>de</strong></span> <span class='ocrx_word' id='word_1_601' title='bbox 3518 3440 3665 3495; x_wconf 85' lang='lat' dir='ltr'><strong>Isaac</strong></span> 
     </span>
    </p>
   </div>
   <div class='ocr_carea' id='block_1_81' title="bbox 2083 3537 3662 3617">
    <p class='ocr_par' dir='ltr' id='par_1_81' title="bbox 2083 3537 3662 3617">
     <span class='ocr_line' id='line_1_81' title="bbox 2083 3537 3662 3617; baseline -0.009 -13"><span class='ocrx_word' id='word_1_602' title='bbox 2083 3549 2310 3604; x_wconf 87' lang='lat' dir='ltr'><strong>historia</strong></span> <span class='ocrx_word' id='word_1_603' title='bbox 2343 3545 2676 3617; x_wconf 85' lang='lat' dir='ltr'><strong>explanavit,</strong></span> <span class='ocrx_word' id='word_1_604' title='bbox 2699 3543 2920 3613; x_wconf 88' lang='lat' dir='ltr'><strong>quando</strong></span> <span class='ocrx_word' id='word_1_605' title='bbox 2954 3557 3055 3612; x_wconf 90' lang='lat' dir='ltr'><strong>pro</strong></span> <span class='ocrx_word' id='word_1_606' title='bbox 3097 3541 3322 3595; x_wconf 80' lang='lat' dir='ltr'><strong>arietem</strong></span> <span class='ocrx_word' id='word_1_607' title='bbox 3360 3537 3662 3594; x_wconf 87' lang='lat' dir='ltr'><strong>secundum</strong></span> 
     </span>
    </p>
   </div>
   <div class='ocr_carea' id='block_1_82' title="bbox 2081 3628 3661 3708">
    <p class='ocr_par' dir='ltr' id='par_1_82' title="bbox 2081 3628 3661 3708">
     <span class='ocr_line' id='line_1_82' title="bbox 2081 3628 3661 3708; baseline -0.008 -14"><span class='ocrx_word' id='word_1_608' title='bbox 2081 3641 2244 3704; x_wconf 72' lang='lat' dir='ltr'><strong>LXX,</strong></span> <span class='ocrx_word' id='word_1_609' title='bbox 2287 3641 2343 3693; x_wconf 87' lang='lat' dir='ltr'><strong>in</strong></span> <span class='ocrx_word' id='word_1_610' title='bbox 2373 3637 2602 3708; x_wconf 76' lang='lat' dir='ltr'><strong>virgulto</strong></span> <span class='ocrx_word' id='word_1_611' title='bbox 2647 3634 2864 3698; x_wconf 82' lang='lat' dir='ltr'><strong>Sabech,</strong></span> <span class='ocrx_word' id='word_1_612' title='bbox 2899 3635 2951 3688; x_wconf 89' lang='lat' dir='ltr'><strong>id</strong></span> <span class='ocrx_word' id='word_1_613' title='bbox 2989 3642 3072 3688; x_wconf 90' lang='lat' dir='ltr'><strong>est</strong></span> <span class='ocrx_word' id='word_1_614' title='bbox 3113 3633 3164 3686; x_wconf 92' lang='lat' dir='ltr'><strong>in</strong></span> <span class='ocrx_word' id='word_1_615' title='bbox 3203 3631 3436 3700; x_wconf 82' lang='lat' dir='ltr'><strong>virgulto</strong></span> <span class='ocrx_word' id='word_1_616' title='bbox 3462 3628 3661 3692; x_wconf 72' lang='lat' dir='ltr'><strong>veniae,</strong></span> 
     </span>
    </p>
   </div>
   <div class='ocr_carea' id='block_1_83' title="bbox 2081 3721 3662 3801">
    <p class='ocr_par' dir='ltr' id='par_1_83' title="bbox 2081 3721 3662 3801">
     <span class='ocr_line' id='line_1_83' title="bbox 2081 3721 3662 3801; baseline -0.008 -17"><span class='ocrx_word' id='word_1_617' title='bbox 2081 3745 2180 3800; x_wconf 86' lang='lat' dir='ltr'><strong>per</strong></span> <span class='ocrx_word' id='word_1_618' title='bbox 2208 3727 2634 3801; x_wconf 74' lang='lat' dir='ltr'><strong>quod&#39;absolute</strong></span> <span class='ocrx_word' id='word_1_619' title='bbox 2663 3741 2888 3781; x_wconf 88' lang='lat' dir='ltr'><strong>crucem</strong></span> <span class='ocrx_word' id='word_1_620' title='bbox 2921 3722 3300 3793; x_wconf 80' lang='lat' dir='ltr'><strong>intelligimus,</strong></span> <span class='ocrx_word' id='word_1_621' title='bbox 3339 3721 3392 3774; x_wconf 93' lang='lat' dir='ltr'><strong>in</strong></span> <span class='ocrx_word' id='word_1_622' title='bbox 3423 3737 3528 3790; x_wconf 88' lang='lat' dir='ltr'><strong>qua</strong></span> <span class='ocrx_word' id='word_1_623' title='bbox 3559 3734 3662 3772; x_wconf 91' lang='lat' dir='ltr'><strong>no-</strong></span> 
     </span>
    </p>
   </div>
   <div class='ocr_carea' id='block_1_84' title="bbox 2079 3812 3662 3890">
    <p class='ocr_par' dir='ltr' id='par_1_84' title="bbox 2079 3812 3662 3890">
     <span class='ocr_line' id='line_1_84' title="bbox 2079 3812 3662 3890; baseline -0.006 -14"><span class='ocrx_word' id='word_1_624' title='bbox 2079 3831 2320 3876; x_wconf 89' lang='lat' dir='ltr'><strong>strorum</strong></span> <span class='ocrx_word' id='word_1_625' title='bbox 2355 3830 2704 3890; x_wconf 83' lang='lat' dir='ltr'><strong>peccatorum</strong></span> <span class='ocrx_word' id='word_1_626' title='bbox 2737 3825 2955 3888; x_wconf 69' lang='lat' dir='ltr'><strong>perat-ta</strong></span> <span class='ocrx_word' id='word_1_627' title='bbox 2989 3825 3072 3870; x_wconf 86' lang='lat' dir='ltr'><strong>est</strong></span> <span class='ocrx_word' id='word_1_628' title='bbox 3099 3814 3278 3878; x_wconf 78' lang='lat' dir='ltr'><strong>venia,</strong></span> <span class='ocrx_word' id='word_1_629' title='bbox 3307 3829 3370 3866; x_wconf 86' lang='lat' dir='ltr'><strong>ex</strong></span> <span class='ocrx_word' id='word_1_630' title='bbox 3401 3812 3662 3867; x_wconf 87' lang='lat' dir='ltr'><strong>cornibus</strong></span> 
     </span>
    </p>
   </div>
   <div class='ocr_carea' id='block_1_85' title="bbox 2077 3907 3660 3985">
    <p class='ocr_par' dir='ltr' id='par_1_85' title="bbox 2077 3907 3660 3985">
     <span class='ocr_line' id='line_1_85' title="bbox 2077 3907 3660 3985; baseline -0.007 -15"><span class='ocrx_word' id='word_1_631' title='bbox 2077 3915 2392 3985; x_wconf 80' lang='lat' dir='ltr'><strong>colligatum</strong></span> <span class='ocrx_word' id='word_1_632' title='bbox 2439 3913 2632 3969; x_wconf 85' lang='lat' dir='ltr'><strong>videns</strong></span> <span class='ocrx_word' id='word_1_633' title='bbox 2664 3912 2934 3966; x_wconf 82' lang='lat' dir='ltr'><strong>Abraham</strong></span> <span class='ocrx_word' id='word_1_634' title='bbox 2971 3907 3272 3963; x_wconf 82' lang='lat' dir='ltr'><strong>immolavit</strong></span> <span class='ocrx_word' id='word_1_635' title='bbox 3304 3922 3452 3970; x_wconf 91' lang='lat' dir='ltr'><strong>eum,</strong></span> <span class='ocrx_word' id='word_1_636' title='bbox 3482 3914 3538 3960; x_wconf 88' lang='lat' dir='ltr'><strong>et</strong></span> <span class='ocrx_word' id='word_1_637' title='bbox 3571 3921 3660 3959; x_wconf 88' lang='lat' dir='ltr'><strong>sa-</strong></span> 
     </span>
    </p>
   </div>
   <div class='ocr_carea' id='block_1_86' title="bbox 2077 3999 3662 4074">
    <p class='ocr_par' dir='ltr' id='par_1_86' title="bbox 2077 3999 3662 4074">
     <span class='ocr_line' id='line_1_86' title="bbox 2077 3999 3662 4074; baseline -0.008 -10"><span class='ocrx_word' id='word_1_638' title='bbox 2077 4006 2268 4064; x_wconf 85' lang='lat' dir='ltr'><strong>criﬁcii</strong></span> <span class='ocrx_word' id='word_1_639' title='bbox 2295 4005 2500 4062; x_wconf 87' lang='lat' dir='ltr'><strong>Christi</strong></span> <span class='ocrx_word' id='word_1_640' title='bbox 2543 4003 2838 4074; x_wconf 90' lang='lat' dir='ltr'><strong>complevit</strong></span> <span class='ocrx_word' id='word_1_641' title='bbox 2884 4002 3196 4074; x_wconf 76' lang='lat' dir='ltr'><strong>imaginem.</strong></span> <span class='ocrx_word' id='word_1_642' title='bbox 3231 4000 3386 4056; x_wconf 86' lang='lat' dir='ltr'><strong>Unde</strong></span> <span class='ocrx_word' id='word_1_643' title='bbox 3415 4007 3470 4052; x_wconf 90' lang='lat' dir='ltr'><strong>et</strong></span> <span class='ocrx_word' id='word_1_644' title='bbox 3498 3999 3566 4052; x_wconf 83' lang='lat' dir='ltr'><strong>de</strong></span> <span class='ocrx_word' id='word_1_645' title='bbox 3595 4013 3662 4052; x_wconf 92' lang='lat' dir='ltr'><strong>eo</strong></span> 
     </span>
    </p>
   </div>
   <div class='ocr_carea' id='block_1_87' title="bbox 2080 4091 3662 4158">
    <p class='ocr_par' dir='ltr' id='par_1_87' title="bbox 2080 4091 3662 4158">
     <span class='ocr_line' id='line_1_87' title="bbox 2080 4091 3662 4158; baseline -0.007 -3"><span class='ocrx_word' id='word_1_646' title='bbox 2080 4099 2340 4155; x_wconf 90' lang='lat' dir='ltr'><strong>Dominus</strong></span> <span class='ocrx_word' id='word_1_647' title='bbox 2377 4099 2638 4158; x_wconf 84' lang='lat' dir='ltr'><strong>dicebat:</strong></span> <span class='ocrx_word' id='word_1_648' title='bbox 2679 4096 2948 4151; x_wconf 79' lang='lat' dir='ltr'><strong>Abraham</strong></span> <span class='ocrx_word' id='word_1_649' title='bbox 3002 4095 3306 4157; x_wconf 73' lang='lat' dir='ltr'><strong>exsultavit,</strong></span> <span class='ocrx_word' id='word_1_650' title='bbox 3358 4101 3415 4146; x_wconf 87' lang='lat' dir='ltr'><strong>ut</strong></span> <span class='ocrx_word' id='word_1_651' title='bbox 3468 4091 3662 4146; x_wconf 78' lang='lat' dir='ltr'><strong>videret</strong></span> 
     </span>
    </p>
   </div>
   <div class='ocr_carea' id='block_1_88' title="bbox 2075 4182 3663 4258">
    <p class='ocr_par' dir='ltr' id='par_1_88' title="bbox 2075 4182 3663 4258">
     <span class='ocr_line' id='line_1_88' title="bbox 2075 4182 3663 4258; baseline -0.007 -13"><span class='ocrx_word' id='word_1_652' title='bbox 2075 4191 2213 4246; x_wconf 83' lang='lat' dir='ltr'><strong>diem</strong></span> <span class='ocrx_word' id='word_1_653' title='bbox 2237 4207 2432 4257; x_wconf 86' lang='lat' dir='ltr'><strong>meum,</strong></span> <span class='ocrx_word' id='word_1_654' title='bbox 2459 4199 2508 4244; x_wconf 89' lang='lat' dir='ltr'><strong>et</strong></span> <span class='ocrx_word' id='word_1_655' title='bbox 2527 4189 2676 4252; x_wconf 79' lang='lat' dir='ltr'><strong>vidit,</strong></span> <span class='ocrx_word' id='word_1_656' title='bbox 2705 4197 2752 4242; x_wconf 89' lang='lat' dir='ltr'><strong>et</strong></span> <span class='ocrx_word' id='word_1_657' title='bbox 2782 4187 2992 4258; x_wconf 76' lang='lat' dir='ltr'><strong>gavisus</strong></span> <span class='ocrx_word' id='word_1_658' title='bbox 3018 4195 3092 4239; x_wconf 82' lang='lat' dir='ltr'><strong>est</strong></span> <span class='ocrx_word' id='word_1_659' title='bbox 3115 4186 3181 4238; x_wconf 69' lang='grc'><strong>⁸³.</strong></span> <span class='ocrx_word' id='word_1_660' title='bbox 3211 4185 3348 4250; x_wconf 79' lang='lat' dir='ltr'><strong>Quia</strong></span> <span class='ocrx_word' id='word_1_661' title='bbox 3363 4197 3492 4252; x_wconf 80' lang='lat' dir='ltr'><strong>ergo</strong></span> <span class='ocrx_word' id='word_1_662' title='bbox 3521 4182 3663 4236; x_wconf 79' lang='lat' dir='ltr'><strong>aries</strong></span> 
     </span>
    </p>
   </div>
   <div class='ocr_carea' id='block_1_89' title="bbox 2075 4279 3658 4354">
    <p class='ocr_par' dir='ltr' id='par_1_89' title="bbox 2075 4279 3658 4354">
     <span class='ocr_line' id='line_1_89' title="bbox 2075 4279 3658 4354; baseline -0.006 -14"><span class='ocrx_word' id='word_1_663' title='bbox 2075 4300 2142 4340; x_wconf 82' lang='lat' dir='ltr'><strong>ex</strong></span> <span class='ocrx_word' id='word_1_664' title='bbox 2177 4298 2374 4354; x_wconf 76' lang='lat' dir='ltr'><strong>genere</strong></span> <span class='ocrx_word' id='word_1_665' title='bbox 2403 4284 2585 4338; x_wconf 88' lang='lat' dir='ltr'><strong>ovium</strong></span> <span class='ocrx_word' id='word_1_666' title='bbox 2635 4291 2737 4347; x_wconf 88' lang='lat' dir='ltr'><strong>est,</strong></span> <span class='ocrx_word' id='word_1_667' title='bbox 2776 4289 3151 4336; x_wconf 88' lang='lat' dir='ltr'><strong>verumtamen</strong></span> <span class='ocrx_word' id='word_1_668' title='bbox 3199 4288 3284 4333; x_wconf 82' lang='lat' dir='ltr'><strong>est</strong></span> <span class='ocrx_word' id='word_1_669' title='bbox 3327 4279 3658 4347; x_wconf 69' lang='lat' dir='ltr'><strong>praecipuus,</strong></span> 
     </span>
    </p>
   </div>
   <div class='ocr_carea' id='block_1_90' title="bbox 388 4363 3662 4450">
    <p class='ocr_par' dir='ltr' id='par_1_90' title="bbox 388 4363 3662 4450">
     <span class='ocr_line' id='line_1_90' title="bbox 388 4363 3662 4450; baseline 0.002 -34"><span class='ocrx_word' id='word_1_670' title='bbox 388 4378 525 4417; x_wconf 88' lang='lat' dir='ltr'><strong>zona</strong></span> <span class='ocrx_word' id='word_1_671' title='bbox 565 4363 734 4429; x_wconf 87' lang='lat' dir='ltr'><strong>linea,</strong></span> <span class='ocrx_word' id='word_1_672' title='bbox 770 4364 1006 4436; x_wconf 71' lang='lat' dir='ltr'><strong>cydarim</strong></span> <span class='ocrx_word' id='word_1_673' title='bbox 1062 4366 1260 4421; x_wconf 88' lang='lat' dir='ltr'><strong>lineam</strong></span> <span class='ocrx_word' id='word_1_674' title='bbox 1313 4367 1561 4438; x_wconf 90' lang='lat' dir='ltr'><strong>imponet</strong></span> <span class='ocrx_word' id='word_1_675' title='bbox 1610 4370 1796 4440; x_wconf 89' lang='lat' dir='ltr'><strong>capiti.</strong></span> <span class='ocrx_word' id='word_1_676' title='bbox 1843 4371 1968 4428; x_wconf 71' lang='lat' dir='ltr'><strong>llmc</strong></span> <span class='ocrx_word' id='word_1_677' title='bbox 2004 4374 2125 4434; x_wconf 91' lang='lat' dir='ltr'><strong>Det</strong></span> <span class='ocrx_word' id='word_1_678' title='bbox 2173 4377 2352 4448; x_wconf 79' lang='lat' dir='ltr'><strong>gregis</strong></span> <span class='ocrx_word' id='word_1_679' title='bbox 2404 4375 2536 4450; x_wconf 78' lang='lat' dir='ltr'><strong>dux,</strong></span> <span class='ocrx_word' id='word_1_680' title='bbox 2570 4385 2719 4430; x_wconf 88' lang='lat' dir='ltr'><strong>recte</strong></span> <span class='ocrx_word' id='word_1_681' title='bbox 2765 4374 3036 4445; x_wconf 82' lang='lat' dir='ltr'><strong>signiﬁcat</strong></span> <span class='ocrx_word' id='word_1_682' title='bbox 3083 4372 3389 4437; x_wconf 85' lang='lat' dir='ltr'><strong>Christum,</strong></span> <span class='ocrx_word' id='word_1_683' title='bbox 3429 4370 3518 4441; x_wconf 89' lang='lat' dir='ltr'><strong>qui</strong></span> <span class='ocrx_word' id='word_1_684' title='bbox 3577 4377 3662 4424; x_wconf 87' lang='lat' dir='ltr'><strong>est</strong></span> 
     </span>
    </p>
   </div>
   <div class='ocr_carea' id='block_1_91' title="bbox 388 4455 1962 4532">
    <p class='ocr_par' dir='ltr' id='par_1_91' title="bbox 388 4455 1962 4532">
     <span class='ocr_line' id='line_1_91' title="bbox 388 4455 1962 4532; baseline 0.009 -24"><span class='ocrx_word' id='word_1_685' title='bbox 388 4455 534 4509; x_wconf 86' lang='lat' dir='ltr'><strong>enim</strong></span> <span class='ocrx_word' id='word_1_686' title='bbox 567 4457 893 4512; x_wconf 88' lang='lat' dir='ltr'><strong>vestimenta</strong></span> <span class='ocrx_word' id='word_1_687' title='bbox 928 4467 1055 4514; x_wconf 89' lang='lat' dir='ltr'><strong>sunt</strong></span> <span class='ocrx_word' id='word_1_688' title='bbox 1095 4467 1302 4526; x_wconf 87' lang='lat' dir='ltr'><strong>sancta,</strong></span> <span class='ocrx_word' id='word_1_689' title='bbox 1341 4461 1542 4532; x_wconf 74' lang='lat' dir='ltr'><strong>quibus</strong></span> <span class='ocrx_word' id='word_1_690' title='bbox 1575 4464 1807 4532; x_wconf 88' lang='lat' dir='ltr'><strong>eunetis,</strong></span> <span class='ocrx_word' id='word_1_691' title='bbox 1839 4483 1962 4522; x_wconf 81' lang='lat' dir='ltr'><strong>cum</strong></span> 
     </span>
    </p>
   </div>
   <div class='ocr_carea' id='block_1_92' title="bbox 387 4543 1836 4610">
    <p class='ocr_par' dir='ltr' id='par_1_92' title="bbox 387 4543 1836 4610">
     <span class='ocr_line' id='line_1_92' title="bbox 387 4543 1836 4610; baseline 0.006 -12"><span class='ocrx_word' id='word_1_692' title='bbox 387 4543 534 4600; x_wconf 85' lang='lat' dir='ltr'><strong>lotus</strong></span> <span class='ocrx_word' id='word_1_693' title='bbox 565 4545 748 4610; x_wconf 77' lang='lat' dir='ltr'><strong>fuerit,</strong></span> <span class='ocrx_word' id='word_1_694' title='bbox 783 4549 1056 4605; x_wconf 91' lang='lat' dir='ltr'><strong>induetur.</strong></span> <span class='ocrx_word' id='word_1_695' title='bbox 1084 4569 1104 4602; x_wconf 77' lang='grc' dir='ltr'><strong>ι</strong></span> <span class='ocrx_word' id='word_1_696' title='bbox 1826 4543 1836 4552; x_wconf 78' lang='grc'><em>’</em></span> 
     </span>
    </p>
   </div>
   <div class='ocr_carea' id='block_1_93' title="bbox 460 4639 1963 4718">
    <p class='ocr_par' dir='ltr' id='par_1_93' title="bbox 460 4639 1963 4718">
     <span class='ocr_line' id='line_1_93' title="bbox 460 4639 1963 4718; baseline 0.011 -27"><span class='ocrx_word' id='word_1_697' title='bbox 460 4639 778 4694; x_wconf 85' lang='lat' dir='ltr'><strong>Admirabili</strong></span> <span class='ocrx_word' id='word_1_698' title='bbox 827 4643 1018 4698; x_wconf 78' lang='lat' dir='ltr'><strong>ordine</strong></span> <span class='ocrx_word' id='word_1_699' title='bbox 1065 4646 1230 4700; x_wconf 87' lang='lat' dir='ltr'><strong>etiam</strong></span> <span class='ocrx_word' id='word_1_700' title='bbox 1284 4661 1431 4702; x_wconf 89' lang='lat' dir='ltr'><strong>nunc</strong></span> <span class='ocrx_word' id='word_1_701' title='bbox 1481 4649 1756 4718; x_wconf 84' lang='lat' dir='ltr'><strong>legislator</strong></span> <span class='ocrx_word' id='word_1_702' title='bbox 1791 4657 1860 4705; x_wconf 90' lang='lat' dir='ltr'><strong>ad</strong></span> <span class='ocrx_word' id='word_1_703' title='bbox 1902 4669 1963 4708; x_wconf 86' lang='lat' dir='ltr'><strong>ea</strong></span> 
     </span>
    </p>
   </div>
   <div class='ocr_carea' id='block_1_94' title="bbox 385 4731 1966 4810">
    <p class='ocr_par' dir='ltr' id='par_1_94' title="bbox 385 4731 1966 4810">
     <span class='ocr_line' id='line_1_94' title="bbox 385 4731 1966 4810; baseline 0.01 -27"><span class='ocrx_word' id='word_1_704' title='bbox 385 4747 507 4800; x_wconf 64' lang='lat' dir='ltr'><strong>qua:</strong></span> <span class='ocrx_word' id='word_1_705' title='bbox 532 4731 725 4800; x_wconf 87' lang='lat' dir='ltr'><strong>juvare</strong></span> <span class='ocrx_word' id='word_1_706' title='bbox 763 4743 1012 4802; x_wconf 87' lang='lat' dir='ltr'><strong>possunt,</strong></span> <span class='ocrx_word' id='word_1_707' title='bbox 1050 4743 1104 4790; x_wconf 91' lang='lat' dir='ltr'><strong>et</strong></span> <span class='ocrx_word' id='word_1_708' title='bbox 1141 4736 1292 4790; x_wconf 89' lang='lat' dir='ltr'><strong>utilia</strong></span> <span class='ocrx_word' id='word_1_709' title='bbox 1346 4753 1470 4792; x_wconf 87' lang='lat' dir='ltr'><strong>esse</strong></span> <span class='ocrx_word' id='word_1_710' title='bbox 1525 4739 1830 4810; x_wconf 77' lang='lat' dir='ltr'><strong>legentibus</strong></span> <span class='ocrx_word' id='word_1_711' title='bbox 1885 4744 1966 4797; x_wconf 86' lang='lat' dir='ltr'><strong>le-</strong></span> 
     </span>
    </p>
   </div>
   <div class='ocr_carea' id='block_1_95' title="bbox 383 4823 1966 4902">
    <p class='ocr_par' dir='ltr' id='par_1_95' title="bbox 383 4823 1966 4902">
     <span class='ocr_line' id='line_1_95' title="bbox 383 4823 1966 4902; baseline 0.008 -28"><span class='ocrx_word' id='word_1_712' title='bbox 383 4837 528 4892; x_wconf 87' lang='lat' dir='ltr'><strong>gem,</strong></span> <span class='ocrx_word' id='word_1_713' title='bbox 555 4829 611 4876; x_wconf 92' lang='lat' dir='ltr'><strong>et</strong></span> <span class='ocrx_word' id='word_1_714' title='bbox 659 4823 750 4892; x_wconf 88' lang='lat' dir='ltr'><strong>qui</strong></span> <span class='ocrx_word' id='word_1_715' title='bbox 785 4823 1100 4880; x_wconf 87' lang='lat' dir='ltr'><strong>thesaurum</strong></span> <span class='ocrx_word' id='word_1_716' title='bbox 1153 4829 1491 4884; x_wconf 69' lang='lat' dir='ltr'><strong>recandituin</strong></span> <span class='ocrx_word' id='word_1_717' title='bbox 1524 4831 1577 4884; x_wconf 92' lang='lat' dir='ltr'><strong>in</strong></span> <span class='ocrx_word' id='word_1_718' title='bbox 1614 4847 1678 4886; x_wconf 88' lang='lat' dir='ltr'><strong>ea</strong></span> <span class='ocrx_word' id='word_1_719' title='bbox 1709 4849 1966 4902; x_wconf 84' lang='lat' dir='ltr'><strong>perscru-</strong></span> 
     </span>
    </p>
   </div>
   <div class='ocr_carea' id='block_1_96' title="bbox 385 4915 1964 4980">
    <p class='ocr_par' dir='ltr' id='par_1_96' title="bbox 385 4915 1964 4980">
     <span class='ocr_line' id='line_1_96' title="bbox 385 4915 1964 4980; baseline 0.009 -14"><span class='ocrx_word' id='word_1_720' title='bbox 385 4923 590 4980; x_wconf 88' lang='lat' dir='ltr'><strong>tantur,</strong></span> <span class='ocrx_word' id='word_1_721' title='bbox 621 4915 810 4970; x_wconf 88' lang='lat' dir='ltr'><strong>utitur.</strong></span> <span class='ocrx_word' id='word_1_722' title='bbox 848 4917 984 4972; x_wconf 90' lang='lat' dir='ltr'><strong>Cum</strong></span> <span class='ocrx_word' id='word_1_723' title='bbox 1013 4919 1158 4973; x_wconf 90' lang='lat' dir='ltr'><strong>enim</strong></span> <span class='ocrx_word' id='word_1_724' title='bbox 1191 4920 1417 4978; x_wconf 81' lang='lat' dir='ltr'><strong>dixisset</strong></span> <span class='ocrx_word' id='word_1_725' title='bbox 1457 4937 1566 4977; x_wconf 93' lang='lat' dir='ltr'><strong>non</strong></span> <span class='ocrx_word' id='word_1_726' title='bbox 1612 4924 1778 4979; x_wconf 88' lang='lat' dir='ltr'><strong>licere</strong></span> <span class='ocrx_word' id='word_1_727' title='bbox 1815 4928 1964 4980; x_wconf 89' lang='lat' dir='ltr'><strong>omni</strong></span> 
     </span>
    </p>
   </div>
   <div class='ocr_carea' id='block_1_97' title="bbox 387 5005 1966 5079">
    <p class='ocr_par' dir='ltr' id='par_1_97' title="bbox 387 5005 1966 5079">
     <span class='ocr_line' id='line_1_97' title="bbox 387 5005 1966 5079; baseline 0.01 -21"><span class='ocrx_word' id='word_1_728' title='bbox 387 5005 542 5067; x_wconf 82' lang='lat' dir='ltr'><strong>hora,</strong></span> <span class='ocrx_word' id='word_1_729' title='bbox 568 5005 619 5061; x_wconf 94' lang='lat' dir='ltr'><strong>id</strong></span> <span class='ocrx_word' id='word_1_730' title='bbox 646 5019 858 5062; x_wconf 91' lang='lat' dir='ltr'><strong>estnon</strong></span> <span class='ocrx_word' id='word_1_731' title='bbox 889 5011 1168 5078; x_wconf 85' lang='lat' dir='ltr'><strong>continue,</strong></span> <span class='ocrx_word' id='word_1_732' title='bbox 1196 5013 1246 5066; x_wconf 92' lang='lat' dir='ltr'><strong>id</strong></span> <span class='ocrx_word' id='word_1_733' title='bbox 1273 5022 1374 5079; x_wconf 89' lang='lat' dir='ltr'><strong>est,</strong></span> <span class='ocrx_word' id='word_1_734' title='bbox 1411 5015 1529 5069; x_wconf 84' lang='lat' dir='ltr'><strong>sine</strong></span> <span class='ocrx_word' id='word_1_735' title='bbox 1557 5017 1966 5074; x_wconf 84' lang='lat' dir='ltr'><strong>intermissione</strong></span> 
     </span>
    </p>
   </div>
   <div class='ocr_carea' id='block_1_98' title="bbox 389 5096 1964 5174">
    <p class='ocr_par' dir='ltr' id='par_1_98' title="bbox 389 5096 1964 5174">
     <span class='ocr_line' id='line_1_98' title="bbox 389 5096 1964 5174; baseline 0.009 -24"><span class='ocrx_word' id='word_1_736' title='bbox 389 5096 595 5166; x_wconf 77' lang='lat' dir='ltr'><strong>ingredi</strong></span> <span class='ocrx_word' id='word_1_737' title='bbox 633 5101 688 5152; x_wconf 89' lang='lat' dir='ltr'><strong>in</strong></span> <span class='ocrx_word' id='word_1_738' title='bbox 716 5099 915 5169; x_wconf 65' lang='lat' dir='ltr'><strong>Sancta</strong></span> <span class='ocrx_word' id='word_1_739' title='bbox 959 5115 1295 5172; x_wconf 83' lang='lat' dir='ltr'><strong>sanctorum,</strong></span> <span class='ocrx_word' id='word_1_740' title='bbox 1335 5122 1404 5160; x_wconf 86' lang='lat' dir='ltr'><strong>ne</strong></span> <span class='ocrx_word' id='word_1_741' title='bbox 1447 5107 1588 5162; x_wconf 79' lang='lat' dir='ltr'><strong>forte</strong></span> <span class='ocrx_word' id='word_1_742' title='bbox 1632 5110 1753 5163; x_wconf 89' lang='lat' dir='ltr'><strong>sine</strong></span> <span class='ocrx_word' id='word_1_743' title='bbox 1795 5121 1964 5174; x_wconf 86' lang='lat' dir='ltr'><strong>metu,</strong></span> 
     </span>
    </p>
   </div>
   <div class='ocr_carea' id='block_1_99' title="bbox 387 5188 1967 5272">
    <p class='ocr_par' dir='ltr' id='par_1_99' title="bbox 387 5188 1967 5272">
     <span class='ocr_line' id='line_1_99' title="bbox 387 5188 1967 5272; baseline 0.009 -30"><span class='ocrx_word' id='word_1_744' title='bbox 387 5198 440 5242; x_wconf 92' lang='lat' dir='ltr'><strong>et</strong></span> <span class='ocrx_word' id='word_1_745' title='bbox 469 5188 956 5261; x_wconf 78' lang='lat' dir='ltr'><strong>circumSpectione</strong></span> <span class='ocrx_word' id='word_1_746' title='bbox 996 5197 1062 5250; x_wconf 89' lang='lat' dir='ltr'><strong>ad</strong></span> <span class='ocrx_word' id='word_1_747' title='bbox 1098 5213 1161 5252; x_wconf 89' lang='lat' dir='ltr'><strong>ea</strong></span> <span class='ocrx_word' id='word_1_748' title='bbox 1193 5213 1315 5265; x_wconf 78' lang='lat' dir='ltr'><strong>quze</strong></span> <span class='ocrx_word' id='word_1_749' title='bbox 1350 5199 1530 5252; x_wconf 80' lang='lat' dir='ltr'><strong>divina</strong></span> <span class='ocrx_word' id='word_1_750' title='bbox 1575 5210 1724 5263; x_wconf 88' lang='lat' dir='ltr'><strong>sunt,</strong></span> <span class='ocrx_word' id='word_1_751' title='bbox 1759 5219 1967 5272; x_wconf 71' lang='lat' dir='ltr'><strong>praesu-</strong></span> 
     </span>
    </p>
   </div>
   <div class='ocr_carea' id='block_1_100' title="bbox 387 5286 1968 5364">
    <p class='ocr_par' dir='ltr' id='par_1_100' title="bbox 387 5286 1968 5364">
     <span class='ocr_line' id='line_1_100' title="bbox 387 5286 1968 5364; baseline 0.01 -30"><span class='ocrx_word' id='word_1_752' title='bbox 387 5296 598 5336; x_wconf 76' lang='lat' dir='ltr'><strong>mamus</strong></span> <span class='ocrx_word' id='word_1_753' title='bbox 640 5291 733 5338; x_wconf 86' lang='lat' dir='ltr'><strong>aut</strong></span> <span class='ocrx_word' id='word_1_754' title='bbox 779 5286 1121 5354; x_wconf 87' lang='lat' dir='ltr'><strong>accedamus,</strong></span> <span class='ocrx_word' id='word_1_755' title='bbox 1155 5304 1224 5344; x_wconf 89' lang='lat' dir='ltr'><strong>ne</strong></span> <span class='ocrx_word' id='word_1_756' title='bbox 1265 5292 1527 5362; x_wconf 82' lang='lat' dir='ltr'><strong>maiorem</strong></span> <span class='ocrx_word' id='word_1_757' title='bbox 1576 5297 1968 5364; x_wconf 88' lang='lat' dir='ltr'><strong>perscrutatio-</strong></span> 
     </span>
    </p>
   </div>
   <div class='ocr_carea' id='block_1_101' title="bbox 387 5375 1969 5454">
    <p class='ocr_par' dir='ltr' id='par_1_101' title="bbox 387 5375 1969 5454">
     <span class='ocr_line' id='line_1_101' title="bbox 387 5375 1969 5454; baseline 0.008 -24"><span class='ocrx_word' id='word_1_758' title='bbox 387 5389 509 5430; x_wconf 83' lang='lat' dir='ltr'><strong>ncm</strong></span> <span class='ocrx_word' id='word_1_759' title='bbox 552 5375 776 5428; x_wconf 89' lang='lat' dir='ltr'><strong>omnino</strong></span> <span class='ocrx_word' id='word_1_760' title='bbox 819 5381 1118 5448; x_wconf 85' lang='lat' dir='ltr'><strong>prohibuit,</strong></span> <span class='ocrx_word' id='word_1_761' title='bbox 1163 5386 1256 5437; x_wconf 87' lang='lat' dir='ltr'><strong>sed</strong></span> <span class='ocrx_word' id='word_1_762' title='bbox 1307 5385 1526 5454; x_wconf 85' lang='lat' dir='ltr'><strong>quando</strong></span> <span class='ocrx_word' id='word_1_763' title='bbox 1572 5402 1671 5441; x_wconf 89' lang='lat' dir='ltr'><strong>nos</strong></span> <span class='ocrx_word' id='word_1_764' title='bbox 1720 5388 1840 5452; x_wconf 85' lang='lat' dir='ltr'><strong>hac,</strong></span> <span class='ocrx_word' id='word_1_765' title='bbox 1876 5398 1969 5443; x_wconf 88' lang='lat' dir='ltr'><strong>aut</strong></span> 
     </span>
    </p>
   </div>
   <div class='ocr_carea' id='block_1_102' title="bbox 492 5581 1324 5640">
    <p class='ocr_par' dir='ltr' id='par_1_102' title="bbox 492 5581 1324 5640">
     <span class='ocr_line' id='line_1_102' title="bbox 492 5581 1324 5640; baseline -0.001 -4"><span class='ocrx_word' id='word_1_766' title='bbox 492 5581 535 5614; x_wconf 78' lang='grc'><em>³³</em></span> <span class='ocrx_word' id='word_1_767' title='bbox 563 5582 662 5636; x_wconf 77' lang='lat' dir='ltr'><strong>lsa.</strong></span> <span class='ocrx_word' id='word_1_768' title='bbox 695 5599 806 5640; x_wconf 70' lang='lat' dir='ltr'><strong>xix.</strong></span> <span class='ocrx_word' id='word_1_769' title='bbox 845 5584 892 5636; x_wconf 83' lang='lat' dir='ltr'><strong>l.</strong></span> <span class='ocrx_word' id='word_1_770' title='bbox 1009 5587 1050 5618; x_wconf 65' lang='lat'><strong>39</strong></span> <span class='ocrx_word' id='word_1_771' title='bbox 1075 5587 1177 5640; x_wconf 81' lang='lat' dir='ltr'><strong>lsa.</strong></span> <span class='ocrx_word' id='word_1_772' title='bbox 1203 5605 1216 5623; x_wconf 69' lang='grc' dir='ltr'><strong>ι</strong></span> <span class='ocrx_word' id='word_1_773' title='bbox 1241 5589 1324 5638; x_wconf 65' lang='lat' dir='ltr'><strong>o’l.</strong></span> 
     </span>
    </p>
   </div>
   <div class='ocr_carea' id='block_1_103' title="bbox 387 5649 1291 5724">
    <p class='ocr_par' dir='ltr' id='par_1_103' title="bbox 387 5649 1291 5724">
     <span class='ocr_line' id='line_1_103' title="bbox 387 5649 1291 5724; baseline 0.004 -18"><span class='ocrx_word' id='word_1_774' title='bbox 387 5649 430 5684; x_wconf 71' lang='grc'><strong>⁵⁵</strong></span> <span class='ocrx_word' id='word_1_775' title='bbox 460 5651 616 5707; x_wconf 81' lang='lat' dir='ltr'><strong>Joan.</strong></span> <span class='ocrx_word' id='word_1_776' title='bbox 659 5670 771 5714; x_wconf 82' lang='lat' dir='ltr'><strong>vni,</strong></span> <span class='ocrx_word' id='word_1_777' title='bbox 799 5654 942 5711; x_wconf 78' lang='lat'><strong>56.“</strong></span> <span class='ocrx_word' id='word_1_778' title='bbox 966 5655 1096 5712; x_wconf 91' lang='lat' dir='ltr'><strong>Luc.</strong></span> <span class='ocrx_word' id='word_1_779' title='bbox 1137 5675 1187 5724; x_wconf 65' lang='grc' dir='ltr'><strong>χ,</strong></span> <span class='ocrx_word' id='word_1_780' title='bbox 1225 5660 1291 5710; x_wconf 65' lang='lat'><strong>22’</strong></span> 
     </span>
    </p>
   </div>
   <div class='ocr_carea' id='block_1_104' title="bbox 1441 5591 1716 5645">
    <p class='ocr_par' dir='ltr' id='par_1_104' title="bbox 1441 5591 1716 5645">
     <span class='ocr_line' id='line_1_104' title="bbox 1441 5591 1716 5645; baseline 0.004 -1"><span class='ocrx_word' id='word_1_781' title='bbox 1441 5591 1480 5621; x_wconf 69' lang='lat'><strong>‘&quot;’</strong></span> <span class='ocrx_word' id='word_1_782' title='bbox 1506 5591 1638 5645; x_wconf 79' lang='lat' dir='ltr'><strong>ibid.</strong></span> <span class='ocrx_word' id='word_1_783' title='bbox 1667 5593 1716 5645; x_wconf 71' lang='grc' dir='ltr'><strong>ἴ.</strong></span> 
     </span>
    </p>
   </div>
   <div class='ocr_carea' id='block_1_105' title="bbox 1797 5593 2243 5661">
    <p class='ocr_par' dir='ltr' id='par_1_105' title="bbox 1797 5593 2243 5661">
     <span class='ocr_line' id='line_1_105' title="bbox 1797 5593 2243 5661; baseline -0.002 -12"><span class='ocrx_word' id='word_1_784' title='bbox 1797 5593 1834 5622; x_wconf 57' lang='grc'><strong>³¹</strong></span> <span class='ocrx_word' id='word_1_785' title='bbox 1874 5593 2048 5648; x_wconf 70' lang='lat' dir='ltr'><strong>Hier.</strong></span> <span class='ocrx_word' id='word_1_786' title='bbox 2085 5611 2158 5661; x_wconf 81' lang='lat' dir='ltr'><strong>ix,</strong></span> <span class='ocrx_word' id='word_1_787' title='bbox 2191 5598 2243 5651; x_wconf 81' lang='lat'><strong>9.</strong></span> 
     </span>
    </p>
   </div>
   <div class='ocr_carea' id='block_1_106' title="bbox 2073 4469 3660 4542">
    <p class='ocr_par' dir='ltr' id='par_1_106' title="bbox 2073 4469 3660 4542">
     <span class='ocr_line' id='line_1_106' title="bbox 2073 4469 3660 4542; baseline -0.004 -14"><span class='ocrx_word' id='word_1_788' title='bbox 2073 4489 2139 4528; x_wconf 86' lang='lat' dir='ltr'><strong>ex</strong></span> <span class='ocrx_word' id='word_1_789' title='bbox 2171 4489 2350 4529; x_wconf 88' lang='lat' dir='ltr'><strong>massa</strong></span> <span class='ocrx_word' id='word_1_790' title='bbox 2393 4483 2602 4536; x_wconf 84' lang='lat' dir='ltr'><strong>nostra,</strong></span> <span class='ocrx_word' id='word_1_791' title='bbox 2631 4473 2724 4528; x_wconf 87' lang='lat' dir='ltr'><strong>sed</strong></span> <span class='ocrx_word' id='word_1_792' title='bbox 2768 4474 3095 4542; x_wconf 60' lang='lat' dir='ltr'><strong>praecipuus,</strong></span> <span class='ocrx_word' id='word_1_793' title='bbox 3132 4479 3188 4526; x_wconf 87' lang='lat' dir='ltr'><strong>et</strong></span> <span class='ocrx_word' id='word_1_794' title='bbox 3227 4469 3506 4524; x_wconf 78' lang='lat' dir='ltr'><strong>excellens</strong></span> <span class='ocrx_word' id='word_1_795' title='bbox 3538 4483 3660 4531; x_wconf 92' lang='lat' dir='ltr'><strong>nos,</strong></span> 
     </span>
    </p>
   </div>
   <div class='ocr_carea' id='block_1_107' title="bbox 2073 4560 3661 4636">
    <p class='ocr_par' dir='ltr' id='par_1_107' title="bbox 2073 4560 3661 4636">
     <span class='ocr_line' id='line_1_107' title="bbox 2073 4560 3661 4636; baseline -0.005 -18"><span class='ocrx_word' id='word_1_796' title='bbox 2073 4573 2129 4618; x_wconf 90' lang='lat' dir='ltr'><strong>et</strong></span> <span class='ocrx_word' id='word_1_797' title='bbox 2157 4565 2265 4619; x_wconf 82' lang='lat' dir='ltr'><strong>dux</strong></span> <span class='ocrx_word' id='word_1_798' title='bbox 2293 4565 2509 4636; x_wconf 83' lang='lat' dir='ltr'><strong>generis</strong></span> <span class='ocrx_word' id='word_1_799' title='bbox 2548 4565 2770 4619; x_wconf 87' lang='lat' dir='ltr'><strong>humani</strong></span> <span class='ocrx_word' id='word_1_800' title='bbox 2799 4574 2959 4635; x_wconf 89' lang='lat' dir='ltr'><strong>atque</strong></span> <span class='ocrx_word' id='word_1_801' title='bbox 2988 4579 3080 4618; x_wconf 90' lang='lat' dir='ltr'><strong>rex</strong></span> <span class='ocrx_word' id='word_1_802' title='bbox 3109 4570 3215 4618; x_wconf 90' lang='lat' dir='ltr'><strong>est.</strong></span> <span class='ocrx_word' id='word_1_803' title='bbox 3248 4563 3308 4616; x_wconf 93' lang='lat' dir='ltr'><strong>ln</strong></span> <span class='ocrx_word' id='word_1_804' title='bbox 3339 4561 3464 4625; x_wconf 86' lang='lat' dir='ltr'><strong>hoc,</strong></span> <span class='ocrx_word' id='word_1_805' title='bbox 3494 4560 3546 4614; x_wconf 92' lang='lat' dir='ltr'><strong>id</strong></span> <span class='ocrx_word' id='word_1_806' title='bbox 3578 4567 3661 4611; x_wconf 91' lang='lat' dir='ltr'><strong>est</strong></span> 
     </span>
    </p>
   </div>
   <div class='ocr_carea' id='block_1_108' title="bbox 2075 4649 3656 4727">
    <p class='ocr_par' dir='ltr' id='par_1_108' title="bbox 2075 4649 3656 4727">
     <span class='ocr_line' id='line_1_108' title="bbox 2075 4649 3656 4727; baseline -0.006 -17"><span class='ocrx_word' id='word_1_807' title='bbox 2075 4658 2130 4710; x_wconf 91' lang='lat' dir='ltr'><strong>in</strong></span> <span class='ocrx_word' id='word_1_808' title='bbox 2157 4657 2394 4720; x_wconf 73' lang='lat' dir='ltr'><strong>Christo,</strong></span> <span class='ocrx_word' id='word_1_809' title='bbox 2420 4657 2535 4712; x_wconf 84' lang='lat' dir='ltr'><strong>vult</strong></span> <span class='ocrx_word' id='word_1_810' title='bbox 2560 4673 2662 4711; x_wconf 86' lang='lat' dir='ltr'><strong>nos</strong></span> <span class='ocrx_word' id='word_1_811' title='bbox 2684 4657 2893 4727; x_wconf 81' lang='lat' dir='ltr'><strong>ingredi</strong></span> <span class='ocrx_word' id='word_1_812' title='bbox 2923 4657 2976 4710; x_wconf 93' lang='lat' dir='ltr'><strong>in</strong></span> <span class='ocrx_word' id='word_1_813' title='bbox 3005 4663 3194 4709; x_wconf 88' lang='lat' dir='ltr'><strong>sancta</strong></span> <span class='ocrx_word' id='word_1_814' title='bbox 3225 4672 3238 4708; x_wconf 89' lang='lat'><strong>:</strong></span> <span class='ocrx_word' id='word_1_815' title='bbox 3265 4653 3480 4707; x_wconf 87' lang='lat' dir='ltr'><strong>initium</strong></span> <span class='ocrx_word' id='word_1_816' title='bbox 3510 4649 3656 4703; x_wconf 90' lang='lat' dir='ltr'><strong>enim</strong></span> 
     </span>
    </p>
   </div>
   <div class='ocr_carea' id='block_1_109' title="bbox 2074 4738 3657 4819">
    <p class='ocr_par' dir='ltr' id='par_1_109' title="bbox 2074 4738 3657 4819">
     <span class='ocr_line' id='line_1_109' title="bbox 2074 4738 3657 4819; baseline -0.008 -15"><span class='ocrx_word' id='word_1_817' title='bbox 2074 4750 2142 4804; x_wconf 87' lang='lat' dir='ltr'><strong>de</strong></span> <span class='ocrx_word' id='word_1_818' title='bbox 2173 4751 2282 4804; x_wconf 89' lang='lat' dir='ltr'><strong>Deo</strong></span> <span class='ocrx_word' id='word_1_819' title='bbox 2306 4751 2586 4819; x_wconf 89' lang='lat' dir='ltr'><strong>loquendi,</strong></span> <span class='ocrx_word' id='word_1_820' title='bbox 2611 4749 2863 4805; x_wconf 88' lang='lat' dir='ltr'><strong>Christus</strong></span> <span class='ocrx_word' id='word_1_821' title='bbox 2901 4759 3005 4812; x_wconf 90' lang='lat' dir='ltr'><strong>est,</strong></span> <span class='ocrx_word' id='word_1_822' title='bbox 3047 4757 3104 4802; x_wconf 88' lang='lat' dir='ltr'><strong>et</strong></span> <span class='ocrx_word' id='word_1_823' title='bbox 3140 4746 3260 4815; x_wconf 86' lang='lat' dir='ltr'><strong>ejus</strong></span> <span class='ocrx_word' id='word_1_824' title='bbox 3291 4741 3492 4814; x_wconf 84' lang='lat' dir='ltr'><strong>passio.</strong></span> <span class='ocrx_word' id='word_1_825' title='bbox 3525 4738 3657 4804; x_wconf 64' lang='lat' dir='ltr'><strong>Quae</strong></span> 
     </span>
    </p>
   </div>
   <div class='ocr_carea' id='block_1_110' title="bbox 2076 4839 3656 4908">
    <p class='ocr_par' dir='ltr' id='par_1_110' title="bbox 2076 4839 3656 4908">
     <span class='ocr_line' id='line_1_110' title="bbox 2076 4839 3656 4908; baseline -0.008 -14"><span class='ocrx_word' id='word_1_826' title='bbox 2076 4840 2119 4894; x_wconf 88' lang='lat' dir='ltr'><strong>si</strong></span> <span class='ocrx_word' id='word_1_827' title='bbox 2152 4854 2262 4892; x_wconf 89' lang='lat' dir='ltr'><strong>non</strong></span> <span class='ocrx_word' id='word_1_828' title='bbox 2289 4849 2447 4894; x_wconf 84' lang='lat' dir='ltr'><strong>aucta</strong></span> <span class='ocrx_word' id='word_1_829' title='bbox 2473 4839 2662 4894; x_wconf 79' lang='lat' dir='ltr'><strong>fuisset</strong></span> <span class='ocrx_word' id='word_1_830' title='bbox 2691 4850 2747 4894; x_wconf 84' lang='lat' dir='ltr'><strong>et</strong></span> <span class='ocrx_word' id='word_1_831' title='bbox 2787 4840 3272 4908; x_wconf 77' lang='lat' dir='ltr'><strong>tam‘paganorum</strong></span> <span class='ocrx_word' id='word_1_832' title='bbox 3309 4847 3412 4886; x_wconf 88' lang='lat' dir='ltr'><strong>nos</strong></span> <span class='ocrx_word' id='word_1_833' title='bbox 3445 4843 3656 4890; x_wconf 89' lang='lat' dir='ltr'><strong>errore,</strong></span> 
     </span>
    </p>
   </div>
   <div class='ocr_carea' id='block_1_111' title="bbox 2075 4922 3656 5002">
    <p class='ocr_par' dir='ltr' id='par_1_111' title="bbox 2075 4922 3656 5002">
     <span class='ocr_line' id='line_1_111' title="bbox 2075 4922 3656 5002; baseline -0.006 -19"><span class='ocrx_word' id='word_1_834' title='bbox 2075 4946 2237 5000; x_wconf 87' lang='lat' dir='ltr'><strong>quam</strong></span> <span class='ocrx_word' id='word_1_835' title='bbox 2281 4933 2349 4986; x_wconf 92' lang='lat' dir='ltr'><strong>ab</strong></span> <span class='ocrx_word' id='word_1_836' title='bbox 2389 4933 2578 4986; x_wconf 88' lang='lat' dir='ltr'><strong>tnnbra</strong></span> <span class='ocrx_word' id='word_1_837' title='bbox 2610 4932 2743 5002; x_wconf 69' lang='lat' dir='ltr'><strong>legis</strong></span> <span class='ocrx_word' id='word_1_838' title='bbox 2768 4941 2820 4986; x_wconf 86' lang='lat' dir='ltr'><strong>et</strong></span> <span class='ocrx_word' id='word_1_839' title='bbox 2849 4930 3082 5000; x_wconf 87' lang='lat' dir='ltr'><strong>caligine</strong></span> <span class='ocrx_word' id='word_1_840' title='bbox 3111 4927 3419 4988; x_wconf 84' lang='lat' dir='ltr'><strong>liberasset,</strong></span> <span class='ocrx_word' id='word_1_841' title='bbox 3451 4937 3554 4976; x_wconf 83' lang='lat' dir='ltr'><strong>nos</strong></span> <span class='ocrx_word' id='word_1_842' title='bbox 3591 4922 3656 4976; x_wconf 87' lang='lat' dir='ltr'><strong>de</strong></span> 
     </span>
    </p>
   </div>
   <div class='ocr_carea' id='block_1_112' title="bbox 2077 5016 3656 5108">
    <p class='ocr_par' dir='ltr' id='par_1_112' title="bbox 2077 5016 3656 5108">
     <span class='ocr_line' id='line_1_112' title="bbox 2077 5016 3656 5108; baseline -0.006 -32"><span class='ocrx_word' id='word_1_843' title='bbox 2077 5022 2254 5076; x_wconf 77' lang='lat' dir='ltr'><strong>l’atris</strong></span> <span class='ocrx_word' id='word_1_844' title='bbox 2281 5023 2568 5078; x_wconf 86' lang='lat' dir='ltr'><strong>divinitate</strong></span> <span class='ocrx_word' id='word_1_845' title='bbox 2603 5024 2750 5108; x_wconf 56' lang='lat' dir='ltr'><strong>loqu’i</strong></span> <span class='ocrx_word' id='word_1_846' title='bbox 2792 5021 3018 5077; x_wconf 67' lang='lat' dir='ltr'><strong>nainime</strong></span> <span class='ocrx_word' id='word_1_847' title='bbox 3053 5017 3458 5090; x_wconf 87' lang='lat' dir='ltr'><strong>potuissemus:</strong></span> <span class='ocrx_word' id='word_1_848' title='bbox 3492 5016 3656 5068; x_wconf 81' lang='lat' dir='ltr'><strong>Nemo</strong></span> 
     </span>
    </p>
   </div>
   <div class='ocr_carea' id='block_1_113' title="bbox 2074 5105 3655 5180">
    <p class='ocr_par' dir='ltr' id='par_1_113' title="bbox 2074 5105 3655 5180">
     <span class='ocr_line' id='line_1_113' title="bbox 2074 5105 3655 5180; baseline -0.004 -14"><span class='ocrx_word' id='word_1_849' title='bbox 2074 5115 2208 5166; x_wconf 79' lang='lat' dir='ltr'><strong>enim</strong></span> <span class='ocrx_word' id='word_1_850' title='bbox 2246 5115 2343 5167; x_wconf 85' lang='lat' dir='ltr'><strong>scit</strong></span> <span class='ocrx_word' id='word_1_851' title='bbox 2385 5113 2619 5180; x_wconf 85' lang='lat' dir='ltr'><strong>Patrem,</strong></span> <span class='ocrx_word' id='word_1_852' title='bbox 2651 5105 2750 5168; x_wconf 75' lang='lat' dir='ltr'><strong>nisi</strong></span> <span class='ocrx_word' id='word_1_853' title='bbox 2789 5113 2976 5176; x_wconf 80' lang='lat' dir='ltr'><strong>Filius,</strong></span> <span class='ocrx_word' id='word_1_854' title='bbox 3009 5121 3057 5164; x_wconf 84' lang='lat' dir='ltr'><strong>et</strong></span> <span class='ocrx_word' id='word_1_855' title='bbox 3100 5109 3186 5164; x_wconf 85' lang='lat' dir='ltr'><strong>cui</strong></span> <span class='ocrx_word' id='word_1_856' title='bbox 3226 5107 3446 5162; x_wconf 79' lang='lat' dir='ltr'><strong>voluerit</strong></span> <span class='ocrx_word' id='word_1_857' title='bbox 3487 5105 3655 5160; x_wconf 73' lang='lat' dir='ltr'><strong>Filius</strong></span> 
     </span>
    </p>
   </div>
   <div class='ocr_carea' id='block_1_114' title="bbox 2075 5201 3654 5278">
    <p class='ocr_par' dir='ltr' id='par_1_114' title="bbox 2075 5201 3654 5278">
     <span class='ocr_line' id='line_1_114' title="bbox 2075 5201 3654 5278; baseline -0.003 -20"><span class='ocrx_word' id='word_1_858' title='bbox 2075 5205 2312 5260; x_wconf 78' lang='lat' dir='ltr'><strong>revelare</strong></span> <span class='ocrx_word' id='word_1_859' title='bbox 2334 5205 2401 5258; x_wconf 66' lang='grc'><strong>⁵⁸.</strong></span> <span class='ocrx_word' id='word_1_860' title='bbox 2445 5203 2550 5259; x_wconf 89' lang='lat' dir='ltr'><strong>Sed</strong></span> <span class='ocrx_word' id='word_1_861' title='bbox 2585 5207 2711 5276; x_wconf 86' lang='lat' dir='ltr'><strong>quia</strong></span> <span class='ocrx_word' id='word_1_862' title='bbox 2744 5206 2848 5267; x_wconf 89' lang='lat' dir='ltr'><strong>his,</strong></span> <span class='ocrx_word' id='word_1_863' title='bbox 2877 5205 2970 5273; x_wconf 88' lang='lat' dir='ltr'><strong>qui</strong></span> <span class='ocrx_word' id='word_1_864' title='bbox 3001 5204 3070 5258; x_wconf 87' lang='lat' dir='ltr'><strong>de</strong></span> <span class='ocrx_word' id='word_1_865' title='bbox 3099 5201 3210 5256; x_wconf 88' lang='lat' dir='ltr'><strong>Deo</strong></span> <span class='ocrx_word' id='word_1_866' title='bbox 3236 5203 3520 5278; x_wconf 83' lang='lat' dir='ltr'><strong>locuturus</strong></span> <span class='ocrx_word' id='word_1_867' title='bbox 3549 5211 3654 5263; x_wconf 84' lang='lat' dir='ltr'><strong>est,</strong></span> 
     </span>
    </p>
   </div>
   <div class='ocr_carea' id='block_1_115' title="bbox 2074 5295 3652 5368">
    <p class='ocr_par' dir='ltr' id='par_1_115' title="bbox 2074 5295 3652 5368">
     <span class='ocr_line' id='line_1_115' title="bbox 2074 5295 3652 5368; baseline -0.003 -15"><span class='ocrx_word' id='word_1_868' title='bbox 2074 5308 2129 5353; x_wconf 88' lang='lat' dir='ltr'><strong>et</strong></span> <span class='ocrx_word' id='word_1_869' title='bbox 2169 5299 2366 5353; x_wconf 89' lang='lat' dir='ltr'><strong>intueri</strong></span> <span class='ocrx_word' id='word_1_870' title='bbox 2403 5298 2597 5364; x_wconf 89' lang='lat' dir='ltr'><strong>Deum,</strong></span> <span class='ocrx_word' id='word_1_871' title='bbox 2627 5301 2680 5353; x_wconf 92' lang='lat' dir='ltr'><strong>in</strong></span> <span class='ocrx_word' id='word_1_872' title='bbox 2715 5307 2980 5368; x_wconf 89' lang='lat' dir='ltr'><strong>quantum</strong></span> <span class='ocrx_word' id='word_1_873' title='bbox 3025 5295 3281 5366; x_wconf 89' lang='lat' dir='ltr'><strong>possibile</strong></span> <span class='ocrx_word' id='word_1_874' title='bbox 3310 5305 3397 5352; x_wconf 82' lang='lat' dir='ltr'><strong>est</strong></span> <span class='ocrx_word' id='word_1_875' title='bbox 3426 5297 3652 5350; x_wconf 86' lang='lat' dir='ltr'><strong>homini-</strong></span> 
     </span>
    </p>
   </div>
   <div class='ocr_carea' id='block_1_116' title="bbox 2073 5389 3654 5454">
    <p class='ocr_par' dir='ltr' id='par_1_116' title="bbox 2073 5389 3654 5454">
     <span class='ocr_line' id='line_1_116' title="bbox 2073 5389 3654 5454; baseline 0 -10"><span class='ocrx_word' id='word_1_876' title='bbox 2073 5391 2197 5454; x_wconf 88' lang='lat' dir='ltr'><strong>bus,</strong></span> <span class='ocrx_word' id='word_1_877' title='bbox 2233 5391 2366 5454; x_wconf 87' lang='lat' dir='ltr'><strong>vult,</strong></span> <span class='ocrx_word' id='word_1_878' title='bbox 2398 5405 2625 5445; x_wconf 81' lang='lat' dir='ltr'><strong>neecsse</strong></span> <span class='ocrx_word' id='word_1_879' title='bbox 2653 5399 2736 5444; x_wconf 75' lang='lat' dir='ltr'><strong>est</strong></span> <span class='ocrx_word' id='word_1_880' title='bbox 2768 5396 2826 5443; x_wconf 91' lang='lat' dir='ltr'><strong>ut</strong></span> <span class='ocrx_word' id='word_1_881' title='bbox 2857 5390 3112 5445; x_wconf 89' lang='lat' dir='ltr'><strong>omnibus</strong></span> <span class='ocrx_word' id='word_1_882' title='bbox 3147 5389 3440 5444; x_wconf 80' lang='lat' dir='ltr'><strong>virtutibus</strong></span> <span class='ocrx_word' id='word_1_883' title='bbox 3475 5405 3654 5444; x_wconf 88' lang='lat' dir='ltr'><strong>arme-</strong></span> 
     </span>
    </p>
   </div>
   <div class='ocr_carea' id='block_1_117' title="bbox 2325 5593 3648 5661">
    <p class='ocr_par' dir='ltr' id='par_1_117' title="bbox 2325 5593 3648 5661">
     <span class='ocr_line' id='line_1_117' title="bbox 2325 5593 3648 5661; baseline 0.002 -14"><span class='ocrx_word' id='word_1_884' title='bbox 2325 5593 2523 5649; x_wconf 71' lang='lat' dir='ltr'><strong>“ibid.</strong></span> <span class='ocrx_word' id='word_1_885' title='bbox 2606 5593 2814 5649; x_wconf 65' lang='lat' dir='ltr'><strong>“ibid.</strong></span> <span class='ocrx_word' id='word_1_886' title='bbox 2875 5593 2956 5650; x_wconf 90' lang='lat' dir='ltr'><strong>l0.</strong></span> <span class='ocrx_word' id='word_1_887' title='bbox 3035 5593 3232 5650; x_wconf 73' lang='lat' dir='ltr'><strong>“Luc.</strong></span> <span class='ocrx_word' id='word_1_888' title='bbox 3269 5609 3352 5658; x_wconf 73' lang='lat' dir='ltr'><strong>xv,</strong></span> <span class='ocrx_word' id='word_1_889' title='bbox 3390 5594 3445 5648; x_wconf 86' lang='lat' dir='ltr'><strong>ll</strong></span> <span class='ocrx_word' id='word_1_890' title='bbox 3499 5605 3648 5661; x_wconf 79' lang='lat' dir='ltr'><strong>seqq.</strong></span> 
     </span>
    </p>
   </div>
  </div>
