4038 6182
405 273 509 338 987

1591 261 1954 322 HESYCHII
2010 259 2104 318 PR
2114 261 2485 322 ESBYTER.

3554 273 3658 334 958

405 382 514 433 tur.
541 378 778 435 Attende
792 389 849 433 et
872 380 975 433 hoc
1002 376 1455 447 quemadmodum
1487 374 1842 444 approbavit:
1874 373 1985 426 vir-
2016 374 2062 430 Α
2091 372 2467 429 holocaustum
2493 415 2507 439 ,
2572 375 2833 429 virtutum
2903 375 3153 428 Videlicet
3230 376 3622 444 perfectionem
3648 394 3665 443 ;

405 476 552 523 tutes
575 470 723 524 enim
744 477 979 539 quatuor
1001 466 1280 536 generales
1305 474 1452 529 sunt,
1475 465 1710 534 iustitia,
1737 463 1978 529 castitas,

376 560 687 627 glortitudo,
724 559 1018 628 sapientia;
1049 566 1334 626 propterea
1369 556 1582 625 inquit:

473 653 671 708 Tunica
717 652 856 705 linea
896 652 1161 703 induatur.
1212 650 1269 704 ld
1311 659 1395 703 est
1433 648 1803 718 justitia,lucc
1833 647 1979 702 enim

402 746 624 814 proprie
674 744 1059 797 vestimentum
1108 743 1346 796 hominis
1387 752 1498 807 est,
1549 745 1761 817 tunica,
1816 756 1980 809 quam

402 835 544 892 LXX
573 836 957 904 sanctiﬁcatum
1002 834 1190 899 edunt,
1222 834 1348 902 quia
1391 833 1760 887 sanetiﬁcatur
1804 848 1834 885 a
1868 831 1978 885 Deo

398 929 491 998 qui
512 927 781 995 justitiam
814 926 1008 996 diligit,
1041 934 1096 979 et
1122 925 1489 994 principaliter
1516 940 1579 978 ea
1619 924 1840 978 indutus
1871 932 1975 977 est.

401 1017 556 1072 Unde
586 1018 654 1072 de
694 1034 761 1072 eo
796 1017 932 1071 dixit
972 1016 1141 1071 David
1172 1035 1184 1068 :
1221 1017 1401 1071 Justus
1436 1016 1707 1074 Dominus.
1741 1026 1788 1069 ct
1814 1016 1976 1084 justi-

365 1095 502 1161 'tias
537 1108 719 1161 dilexit
763 1107 833 1161 ⁸⁷.
879 1107 982 1161 Per
1028 1107 1302 1162 feminalia
1353 1109 1574 1162 castitas
1621 1107 1973 1177 signiﬁcatur,

399 1201 541 1267 quod
582 1199 934 1277 manifestum
983 1211 1067 1255 est
1112 1217 1176 1254 ex
1222 1216 1287 1255 co
1330 1202 1474 1270 quod
1509 1217 1619 1254 non
1650 1202 1976 1269 permittunt

398 1297 568 1350 videri
600 1298 784 1351 carnis
820 1308 1023 1353 nostra:
1053 1298 1453 1354 inhonestiora.
1491 1300 1626 1364 Quia
1661 1317 1791 1372 ergo
1830 1312 1975 1358 totus

396 1388 645 1459 corporis
696 1390 862 1445 decor
913 1391 1134 1446 castitas
1186 1401 1289 1456 est,
1338 1394 1648 1447 necessarie
1699 1395 1974 1465 legislator

466 1571 826 1627 Femittalibus
860 1573 1012 1628 tineis
1043 1576 1331 1629 verecunda
1362 1575 1571 1631 celabit.
1614 1578 1775 1648 Atqui
1807 1596 1975 1649 super

394 1660 626 1727 femora,
665 1676 721 1719 et
764 1666 908 1719 circa
953 1668 1132 1721 vicina
1180 1668 1260 1722 eis
1311 1670 1574 1735 membra,
1617 1672 1792 1726 solum
1842 1684 1972 1729 sunt

396 1753 699 1810 feminalia.
738 1757 843 1812 Sed
883 1759 1175 1812 ostendere
1203 1761 1337 1822 vult,
1374 1761 1499 1829 quia
1536 1761 1844 1817 feminalem
1882 1766 1973 1820 hic

396 1850 723 1911 castitatem,
771 1859 945 1904 totum
990 1866 1191 1919 corpus
1235 1852 1632 1907 custodientem
1666 1856 1847 1908 carnis
1876 1872 1974 1910 no-

392 1948 521 1993 stra}
572 1941 770 2009 signat.
814 1928 931 1993 'Per
979 1956 1205 2003 zonam,
1266 1941 1640 1997 fortitudinem
1698 1945 1968 2012 intelligit,

392 2031 541 2085 unde
577 2030 719 2083 Deus
746 2031 849 2084 Job
895 2030 1187 2084 sublevans
1226 2033 1570 2099 passionibus
1609 2049 1672 2089 ac
1714 2036 1972 2104 periculis

390 2139 713 2192 oppressum
760 2123 974 2177 dicebat
1009 2141 1021 2175 :
1056 2124 1279 2194 Accingc
1316 2134 1372 2177 ut
1411 2127 1493 2178 vir
1522 2126 1721 2181 lumbos
1755 2138 1869 2182 tuos
1901 2129 1967 2185 ³⁸⁸.

390 2213 496 2265 Per
532 2213 796 2283 cydarim,
832 2214 958 2282 quia
1007 2214 1389 2269 indumentum
1437 2218 1629 2286 capitis
1663 2228 1766 2283 est,
1807 2220 1970 2274 intel-

388 2304 573 2375 ligitur
603 2307 782 2360 modis
808 2306 1066 2360 omnibus
1097 2307 1362 2376 sapientia
1397 2326 1409 2361 :
1442 2310 1569 2377 quia
1600 2313 1745 2364 enim
1778 2312 1833 2365 in
1874 2328 1970 2366 ca-

388 2399 499 2464 pite
534 2399 818 2467 sapientia:
854 2408 937 2454 est
979 2415 1265 2470 organum,
1297 2417 1407 2455 non
1458 2402 1788 2472 ignoramus,
1823 2406 1969 2473 quod

388 2500 443 2543 et
489 2493 780 2545 cerebrum
822 2491 1040 2555 dicitur,
1080 2501 1135 2544 et
1186 2494 1333 2546 unde
1378 2503 1431 2546 et
1481 2504 1643 2562 caput
1690 2495 1837 2547 omni
1886 2504 1969 2550 est

387 2581 766 2635 honoraliilius
822 2583 1058 2650 corpori.
1124 2584 1231 2636 Sed
1292 2584 1409 2638 inec
1467 2586 1609 2639 linea
1673 2595 1965 2654 propterea

388 2684 511 2722 esse
555 2671 834 2739 prtecepit,
867 2680 924 2724 ut
968 2673 1284 2726 ostenderet
1323 2675 1582 2727 virtutum
1628 2675 1963 2740 facilitatem,

386 2768 440 2812 et
490 2762 720 2815 celerem
773 2762 1255 2832 conquisitionem,
1291 2766 1376 2819 vel
1434 2766 1691 2831 habilem,
1730 2779 1964 2838 gratam-

386 2867 493 2920 que
539 2854 861 2923 adipiscenti
913 2870 1059 2919 esse,
1094 2856 1237 2910 sicut
1282 2865 1336 2910 et
1381 2873 1445 2912 ea
1486 2875 1606 2929 quae
1649 2861 1792 2916 iinea
1835 2873 1965 2918 sunt

386 2947 623 3013 corpori,
664 2963 829 3016 super
860 2949 1003 3016 qund
1039 2957 1184 3003 sunt.

2092 466 2268 535 ipsum
2300 466 2445 520 enim
2478 468 2655 521 virum
2686 466 3008 536 perfectum,
3050 476 3104 521 et
3142 484 3455 531 mensuram
3488 472 3665 526 tetatis

2088 557 2400 625 appellavit,
2438 557 2715 627 suscipere
2753 572 2873 623 nos,
2907 569 2961 611 et
3002 558 3149 615 indui
3192 559 3400 618 volens.
3440 569 3665 628 propter

2087 649 2231 717 quod
2265 659 2317 702 et
2344 649 2684 719 baptismatis
2725 650 2952 723 gratiam
3001 650 3303 713 introduxit
3336 668 3350 703 :
3391 651 3515 718 quia
3562 668 3662 721 per

2086 738 2260 808 ipsam
2296 741 2532 794 maxime
2565 738 2841 795 Christum
2874 741 3170 811 induimur.
3206 742 3436 806 Quando
3479 753 3657 796 autem

2048 830 2202 887 'heec
2244 833 2422 902 adepti
2465 833 2750 899 fuerimus,
2785 836 2841 888 in
2882 835 3078 895 Sancta
3122 845 3433 888 sanctorum
3478 835 3659 905 ingre-

2087 922 2320 987 diemur,
2365 941 2475 979 non
2528 926 2888 979 substantiam
2938 936 3343 995 perscrutantes
3396 927 3521 990 Dei,
3570 929 3685 980 velt
3767 976 3775 981 .

2085 1013 2461 1078 diseutientes,
2495 1015 2596 1068 hoc
2630 1016 2773 1068 enim
2816 1016 3153 1085 prohibitum
3200 1024 3302 1075 est.
3341 1016 3434 1070 sed
3479 1017 3545 1071 ad
3590 1035 3655 1071 ea
3739 1084 3749 1097 ι

2083 1119 2205 1171 quae
2255 1114 2382 1158 sunt
2431 1104 2499 1160 de
2555 1106 2961 1175 dispensatione
3013 1107 3215 1162 Christi
3280 1109 3656 1179 sacriﬁcioque
3740 1176 3743 1179 _

2083 1195 2202 1263 ejus
2232 1212 2331 1265 pro
2362 1198 2538 1260 nobis,
2578 1208 2632 1252 et
2664 1200 2824 1253 bonis
2865 1216 2986 1268 qua:
3027 1215 3124 1269 per
3164 1216 3229 1254 ea
3278 1201 3528 1265 fruimur,
3566 1220 3657 1257 sa—
3738 1214 3749 1230 ‘

2082 1289 2300 1358 pientim
2329 1292 2673 1362 dogmatibus
2704 1294 2940 1348 studium
2970 1294 3162 1348 dantes
3193 1312 3205 1346 :
3237 1295 3342 1354 hoc
3369 1295 3515 1349 enim
3543 1313 3657 1350 ma-
3742 1286 3747 1289 ’

2082 1382 2340 1437 nifestum
2379 1384 2588 1440 faciunt
2616 1387 2852 1441 maxime
2881 1404 3003 1456 quae
3026 1398 3330 1457 Sequuntur
3357 1406 3373 1443 :

2151 1475 2314 1532 Vens.
2348 1478 2399 1540 5,
2433 1478 2485 1531 6.
2528 1497 2547 1531 ί
2586 1479 2855 1548 Suscipiet
2900 1479 2969 1545 ab
3008 1480 3263 1547 universa
3305 1481 3656 1536 multitudine

2080 1567 2310 1622 ﬁliorum
2355 1570 2517 1624 lsrael
2565 1571 2701 1625 duos
2741 1571 2920 1625 hircos
2966 1586 3067 1641 pro
3111 1578 3358 1643 peccaio,
3392 1582 3449 1626 et
3484 1587 3652 1625 unmn

2078 1661 2301 1715 arietem
2332 1662 2385 1715 in
2414 1662 2811 1718 holocaustum.
2837 1663 3083 1732 Cumque
3110 1664 3371 1719 obtulerit
3399 1664 3652 1723 vitulum.

2005 1732 2044 1784 Β
2074 1760 2129 1805 et
2158 1753 2397 1807 oraverit
2418 1770 2517 1822 pro
2544 1770 2602 1809 se
2629 1767 2683 1809 et
2707 1771 2807 1825 pro
2836 1756 2996 1810 domo
3021 1772 3139 1810 sua.
3174 1776 3192 1808 ι

2145 1840 2311 1895 Multa
2358 1842 2444 1896 hic
2490 1844 2742 1915 intentio,
2790 1844 3023 1899 dicentis
3063 1844 3246 1910 simul,
3282 1854 3336 1898 et
3380 1846 3654 1901 audientis

2073 1942 2156 1989 est
2187 1935 2516 1992 necessaria.
2551 1944 2610 1989 ut
2640 1952 2747 1990 non
2781 1937 3038 1990 recedant
3066 1937 3133 1991 ab
3168 1952 3234 1991 eo
3261 1938 3407 2007 quod
3440 1948 3649 1995 rectum

2073 2034 2175 2089 est,
2207 2023 2335 2093 quia
2375 2025 2606 2079 maxima
2638 2033 2766 2080 sunt
2797 2027 3073 2097 mysteria,
3115 2042 3178 2080 ea
3212 2043 3334 2096 quae
3368 2044 3515 2083 nunc
3552 2045 3649 2083 ex-

2071 2115 2225 2184 ponit
2256 2114 2364 2179 lex,
2401 2124 2455 2169 et
2495 2115 2713 2184 quidam
2753 2118 2809 2170 in
2849 2116 2983 2185 ipsis
3020 2115 3309 2171 offendunt
3336 2118 3646 2188 ignorantes

2072 2206 2265 2259 borum
2319 2206 2577 2261 virtutem
2629 2207 2918 2262 dictorum.
2972 2208 3080 2263 Sed
3138 2207 3256 2263 ha'c
3304 2209 3540 2279 quidem,
3585 2209 3642 2262 in

2069 2299 2267 2368 quibus
2315 2301 2621 2366 offendunt,
2660 2302 2916 2357 subtilius
2956 2301 3012 2355 in
3051 2301 3509 2372 subsequentibus
3558 2301 3648 2357 di-

2070 2402 2284 2446 centur.
2319 2392 2455 2460 Quia
2488 2404 2667 2448 autem
2699 2396 2766 2448 ad
2798 2396 2975 2463 ipsum
3006 2393 3284 2449 Christum
3314 2410 3376 2448 ea
3418 2393 3487 2448 de
3526 2393 3651 2462 qui-

2068 2485 2168 2539 bus
2220 2485 2433 2539 locutus
2483 2496 2568 2541 est
2618 2487 2914 2556 legislator,
2952 2486 3007 2545 in
3059 2488 3315 2557 prmsenti
3367 2486 3651 2540 evidenter

2070 2576 2378 2630 referuntur
2426 2596 2438 2631 :
2489 2577 2840 2631 manifestam
2891 2578 3102 2647 species
3148 2576 3558 2636 sacriﬁciorum.
3594 2585 3649 2630 et

2066 2666 2315 2732 eth-ctus,
2345 2668 2439 2721 sed
2475 2678 2527 2721 et
2564 2668 2614 2722 hi
2661 2684 2690 2721 a
2734 2667 2934 2736 quibus
2970 2666 3236 2720 sacriﬁcia
3280 2665 3645 2734 accipiuntur.

2068 2760 2108 2814 A
2135 2775 2400 2830 synagoga
2427 2760 2594 2822 enim,
2626 2761 2710 2814 vel
2742 2760 2992 2815 universa
3025 2759 3377 2813 multitudine
3410 2757 3645 2812 ﬁliorum

2064 2854 2227 2908 Israel
2272 2855 2438 2923 accipi
2485 2854 2748 2908 sacrilicia
2784 2854 3078 2923 praecepit:
3111 2854 3236 2922 quia
3263 2852 3519 2906 Christus
3547 2849 3643 2919 qui

2065 2961 2165 3016 pro
2206 2948 2365 2999 nobis
2396 2946 2707 3000 immolatus
2743 2955 2845 3014 est,
2878 2961 2941 3000 ex
2977 2946 3101 3001 ﬁliis
3142 2946 3307 3000 Israel
3341 2943 3645 2998 secundum

454 3037 572 3091 Nisi
624 3041 679 3092 in
728 3040 855 3109 ipsis
902 3043 1112 3096 macula
1154 3044 1346 3112 'eﬂ'ecta
1388 3046 1564 3115 fuerit.
1617 3044 1753 3112 Quia
1800 3048 1961 3103 etiam
1990 3058 2033 3113 ο
2070 3058 2288 3098 carnem
2317 3030 2435 3102 fuit.
2464 3043 2535 3097 ita
2559 3049 2617 3096 ut
2649 3040 2848 3096 Paulus
2876 3041 3082 3096 diceret
3115 3057 3129 3095 :
3161 3044 3244 3094 Ea:
3273 3039 3459 3110 quibus
3488 3037 3646 3092 Chri-

384 3149 506 3189 cum
541 3136 805 3191 sublimes
835 3139 964 3203 sint,
1000 3143 1343 3196 conversatio
1387 3158 1578 3196 eorum
1624 3152 1804 3213 potest
1842 3160 1964 3201 esse

385 3224 441 3279 in
494 3230 676 3281 terris.
722 3228 964 3292 Quorum
1021 3231 1230 3302 singula
1287 3234 1340 3287 in
1389 3235 1560 3288 linum
1609 3237 1959 3305 proveniunt,

385 3318 527 3386 quod
565 3319 733 3372 altum
765 3322 984 3388 quidem
1017 3324 1284 3378 calamum
1319 3325 1504 3391 habet,
1538 3328 1632 3381 sed
1674 3329 1903 3382 multmu
1932 3344 1961 3382 a

386 3416 528 3461 terra
563 3413 828 3471 ascendit.
863 3412 1125 3483 facileque
1160 3419 1407 3486 conquiri
1458 3428 1637 3488 potest
1688 3436 1718 3474 a
1762 3437 1963 3491 paupe-

384 3498 556 3563 ribus,
601 3509 656 3553 et
704 3502 750 3554 ei
797 3502 889 3570 qui
938 3504 1040 3558 hoc
1088 3506 1364 3569 induetur,
1394 3512 1676 3577 aeceptum
1722 3522 1963 3579 gratum-

383 3606 487 3659 que
532 3600 635 3651 est.
678 3593 820 3648 sicut
876 3611 1038 3665 supra
1091 3599 1181 3653 dix
1208 3616 1348 3654 mus.
1399 3599 1743 3657 Estuantem
1797 3605 1961 3657 etiam

383 3678 685 3749 refrigerat,
723 3684 819 3737 sed
868 3693 923 3738 et
971 3686 1024 3738 in
1073 3688 1195 3757 gelu
1246 3688 1412 3750 fovet,
1442 3691 1584 3758 quod
1625 3701 1709 3745 est
1745 3691 1963 3746 virtutis

383 3773 692 3842 proprium,
727 3790 846 3843 quae
893 3776 1177 3848 refrigerat
1218 3780 1440 3849 quidem
1485 3782 1541 3836 in
1580 3792 1716 3838 testu
1754 3798 1960 3839 concu-

382 3863 805 3937 piscentiarnu‘i,
843 3867 895 3920 in
945 3868 1144 3939 frigore
1192 3880 1373 3926 autem
1419 3874 1779 3928 tentationum
1815 3875 1962 3929 cale-

382 3955 530 4014 facit.
564 3967 727 4027 atque
761 3960 826 4014 ad
863 3963 1038 4016 zelum
1089 3961 1332 4036 [emtum]
1367 3966 1546 4037 erigit,
1581 3977 1639 4022 et
1683 3983 1793 4022 non
1835 3983 1962 4038 per-

382 4049 550 4103 mittit
595 4051 785 4104 sentiri
829 4063 1225 4120 persecutores.
1263 4054 1370 4111 Sed
1419 4067 1479 4112 ut
1525 4074 1635 4113 non
1672 4059 1834 4113 etiam
1870 4074 1958 4113 sa-
1998 4108 1999 4111 η

381 4136 507 4190 Iutis
562 4139 757 4207 perdas
807 4142 1128 4209 capitulum,
1173 4145 1333 4213 quod~
1377 4154 1461 4199 est
1514 4146 1805 4215 baptisma.
1855 4162 1960 4203 nec

379 4231 615 4284 restitues
666 4232 761 4284 tibi
816 4233 1063 4289 suliicere
1108 4236 1375 4300 virtutes,
1415 4236 1535 4291 sine
1583 4238 1727 4293 dono
1782 4238 1959 4308 bapti-

379 4322 588 4378 Stuatis.
625 4324 833 4377 addidit
871 4343 884 4377 :
917 4344 921 4348 ”

2038 3143 2172 3187 stus
2208 3140 2491 3186 secundum
2542 3149 2775 3198 carnem,
2807 3132 2897 3198 qui
2941 3143 3015 3187 est
3074 3130 3209 3189 Deus
3251 3130 3548 3183 benedictus
3586 3130 3645 3182 in

2062 3227 2275 3281 siccata.
2316 3229 2481 3280 Amm
2528 3225 2595 3280 ".
2643 3226 2774 3280 Dein
2831 3224 3219 3280 sacriﬁciorum
3267 3223 3369 3277 alia
3421 3223 3646 3293 quidem

2064 3335 2163 3389 pro
2217 3318 2454 3386 peccatis
2500 3336 2514 3371 :
2564 3317 2668 3371 alia
2726 3327 2906 3371 autem
2964 3317 3018 3369 in
3067 3315 3445 3369 holocaustum
3485 3315 3649 3384 jubet

2062 3410 2269 3472 offerri,
2308 3409 2565 3478 ﬁgurans,
2604 3408 2748 3462 sicut
2784 3406 3092 3477 oportebat.
3127 3405 3328 3460 Christi
3372 3406 3647 3459 sacriﬁcio

2063 3502 2339 3560 virtutem,
2383 3499 2475 3568 qui
2531 3514 2628 3570 pro
2674 3498 2880 3553 nostris
2932 3495 3173 3566 peccatis
3215 3495 3480 3560 olIertur;
3515 3496 3645 3549 audi

2062 3608 2190 3663 ergo
2230 3592 2455 3647 Paulum
2501 3593 2773 3649 dicentem
2805 3609 2818 3645 :
2852 3590 3088 3646 Christus
3125 3589 3285 3643 semel
3331 3589 3541 3642 oblatus
3574 3590 3650 3644 ad

2062 3682 2348 3737 multorum
2384 3682 2742 3736 exhaurienda
2787 3690 3024 3750 peccata,
3059 3680 3335 3734 novissime
3372 3680 3485 3733 sine
3525 3696 3648 3748 pce-

2058 3784 2181 3828 cato
2208 3774 2482 3844 apparebit
2522 3774 2938 3843 exspectantibus
2967 3791 3021 3831 se
3052 3774 3119 3827 ⁸⁰.
3171 3773 3307 3841 Quia
3342 3784 3523 3829 autem
3575 3773 3645 3826 ad

2061 3868 2436 3921 holocaustum
2483 3873 2539 3921 et
2586 3866 2654 3920 ad
2707 3864 3101 3941 perfectionem
3149 3865 3425 3928 videlicet,
3471 3874 3527 3919 et
3574 3867 3644 3919 ad

2060 3957 2361 4027 profectum
2404 3957 2552 4022 vitae,
2588 3964 2751 4031 atque
2791 3957 3055 4014 virtutum
3102 3955 3377 4027 Unigeniti
3425 3956 3643 4011 sacriﬁ-

2059 4049 2203 4103 cium
2254 4047 2458 4102 factum
2515 4057 2620 4115 est,
2663 4048 2936 4118 quomodo
2982 4048 3236 4104 dubitare
3279 4048 3408 4103 licet
3452 4055 3645 4117 aperte

2059 4139 2227 4194 Paulo
2254 4139 2470 4195 dicente
2506 4159 2521 4196 :
2555 4140 2695 4212 Ergo
2728 4143 2939 4215 fratres,
2976 4150 3023 4196 et
3053 4157 3143 4197 eos
3172 4141 3479 4211 mortiﬁcati
3517 4142 3644 4195 estis

2060 4233 2179 4302 legi,
2210 4249 2302 4302 per
2329 4248 2515 4302 corpus
2548 4230 2758 4295 Christi,
2786 4241 2841 4286 ut
2881 4234 2999 4288 sitis
3033 4234 3249 4288 alterius
3279 4234 3368 4303 qui
3395 4249 3460 4295 ea:
3493 4249 3638 4289 mor-

2059 4328 2164 4379 tuis
2214 4325 2519 4389 resurrexit,
2559 4334 2613 4379 ut
2651 4325 3024 4395 fructiﬁcemur
3067 4324 3175 4379 Deo
3214 4326 3280 4379 ⁵¹.
3331 4324 3399 4379 Et
3447 4340 3641 4380 rursus

449 4411 572 4464 "(vc
613 4414 751 4465 enim
792 4423 912 4466 sunt
956 4415 1259 4469 vestimenta
1299 4425 1505 4481 sancta,
1539 4417 1724 4487 quibus
1755 4387 1952 4473 cunctis
1985 4394 2030 4451 D
2060 4416 2130 4471 de
2158 4431 2224 4470 eo
2253 4416 2425 4471 dixit:
2473 4417 2616 4488 Unde
2652 4426 2700 4471 et
2750 4417 2957 4475 salvere
2999 4418 3051 4471 in
3088 4428 3396 4489 perpetuum
3447 4429 3637 4488 potest.

379 4520 495 4556 cum
527 4504 662 4558 lotus
692 4506 848 4575 fuerit
876 4507 1143 4561 induatur.
1176 4508 1413 4562 Lavatur
1437 4524 1600 4563 omne
1628 4525 1827 4579 corpus
1858 4527 1955 4581 per

378 4612 570 4664 aquam
610 4598 974 4665 baptismatis,
1005 4600 1130 4669 quia
1178 4609 1354 4654 torum
1402 4610 1650 4655 nostrum
1700 4602 1863 4668 lavat,
1901 4612 1954 4657 et

377 4696 605 4741 renovat
639 4689 936 4742 hominem.
972 4692 1112 4761 Ergo
1145 4692 1405 4761 baptizari
1440 4703 1654 4763 Oportet
1695 4696 1866 4764 prius,
1898 4707 1954 4751 et

376 4797 445 4835 ex
498 4797 635 4849 aqua
695 4784 1024 4852 rcgenerari,
1061 4800 1123 4839 ae
1174 4785 1399 4855 Spiritu,
1441 4803 1504 4842 ac
1548 4788 1627 4841 sic
1677 4790 1951 4858 praedictis

375 4873 670 4927 virtutibus
720 4873 894 4938 indui,
926 4884 983 4930 et
1025 4882 1121 4945 pct-
1168 4894 1262 4932 eas
1296 4876 1573 4933 Christum
1610 4898 1622 4933 :
1658 4879 1762 4934 hoc
1801 4880 1948 4934 enim

375 4974 429 5021 et
461 4966 577 5035 ipse
606 4975 897 5023 contextus
938 4969 1191 5040 legalium
1227 4971 1403 5041 signal
1445 4972 1758 5026 verborum.
1794 4971 1950 5026 Post-

375 5075 532 5128 quam
577 5060 723 5112 enim
773 5059 909 5114 dixit
954 5061 1247 5131 legislator,
1289 5079 1358 5117 ne
1388 5063 1538 5117 omni
1573 5071 1820 5132 tempore
1860 5062 1949 5117 in-

374 5152 652 5222 grediatur
678 5154 1073 5219 sanetuarium,
1101 5154 1206 5209 nisi
1241 5155 1357 5210 haec
1380 5165 1510 5209 ante
1541 5155 1734 5209 fecerit
1767 5172 1778 5208 :

445 5241 674 5295 Vitulum
713 5259 811 5313 pro
849 5253 1082 5309 peccata,
1106 5244 1356 5299 subdidit
1388 5262 1400 5297 :
1432 5254 1479 5299 et
1518 5246 1736 5320 arietem
1773 5247 1825 5299 in
1855 5247 1950 5299 lio-

375 5336 685 5387 locaustum.
738 5334 932 5389 Tunica
975 5335 1113 5389 linea
1164 5338 1430 5400 vestietur,
1462 5344 1519 5391 ct
1566 5338 1794 5407 reliqua.
1830 5337 1948 5391 Non

374 5424 547 5480 solum
596 5426 872 5480 Christum
924 5427 1316 5500 intelligibilem
1370 5431 1619 5493 arietem,
1659 5439 1713 5484 ct
1761 5446 1947 5484 verum

475 5624 694 5692 ιῖρωι.
744 5642 798 5692 x,
848 5628 904 5681 8.

1022 5629 1062 5657 ³”
1088 5629 1192 5684 Job
1244 5644 1446 5697 xxsvn,
1494 5630 1545 5684 5.

381 5704 472 5757 ιη,
498 5691 588 5747 25.

1648 5628 1702 5667 «δ’
1736 5627 1895 5683 Rom.
1947 5644 2019 5696 ιχ,

2054 4508 2355 4563 accedentes
2412 4525 2504 4579 per
2547 4524 2602 4562 se
2651 4510 2721 4562 ad
2765 4508 2934 4564 Deum
2982 4510 3049 4561 ⁸².
3112 4509 3204 4564 Sic
3251 4510 3535 4580 perfectio,
3580 4520 3639 4564 et

2052 4602 2364 4655 omnimoda
2391 4609 2578 4655 nostra
2610 4602 2776 4665 salus,
2810 4602 2952 4667 ﬁlius
2981 4619 3079 4677 per
3113 4603 3442 4658 sacriﬁcium
3472 4619 3636 4659 suum

2052 4690 2228 4745 factus
2256 4698 2362 4746 est.
2412 4690 2639 4760 Proprie
2678 4700 2859 4746 autem
2909 4692 2963 4747 in
3008 4693 3293 4748 etl‘ectibus
3338 4694 3635 4749 sacriﬁcio—

2054 4801 2195 4846 rmn.
2226 4784 2438 4854 accepit
2468 4784 2740 4855 legislator
2769 4800 2833 4840 ea
2862 4801 2983 4854 qua:
3013 4787 3438 4842 immolabuntur
3464 4804 3477 4840 :
3505 4802 3633 4841 cum

2054 4878 2202 4933 enim
2248 4878 2474 4933 dixisset
2507 4878 2686 4933 hircos
2725 4894 2822 4948 pro
2862 4889 3091 4949 peccato
3128 4879 3338 4940 offerri.
3373 4880 3634 4951 quoniam

2056 4970 2160 5024 hoc
2195 4968 2396 5031 animal
2440 4969 2495 5022 in
2523 4977 2872 5040 peccatorum
2916 4984 3088 5039 genus
3132 4969 3316 5024 divina
3347 4967 3628 5037 Scriptura

2055 5063 2303 5132 accipere
2350 5061 2670 5124 consuerit,
2722 5061 3033 5117 nullatenus
3084 5061 3452 5123 immemores,
3479 5060 3629 5128 quia,

2048 5156 2271 5224 quando
2331 5154 2723 5209 sacriﬁciorum
2784 5154 2902 5208 haec
2960 5154 3293 5223 pmniteutire
3358 5153 3629 5207 rationem

2050 5247 2451 5315 signiﬁcabant,
2484 5246 2829 5302 occasionem
2871 5262 2942 5300 ex
2972 5246 3126 5315 legali
3170 5246 3272 5301 hoc
3306 5245 3492 5299 codice
3538 5261 3630 5298 su-

2050 5347 2262 5393 mentes
2289 5338 2643 5408 exposuimus
2673 5356 2684 5391 :
2714 5337 2949 5401 turdum,
2977 5340 3065 5407 qui
3113 5336 3300 5393 Grazce
3351 5336 3627 5391 Chimarus

2050 5430 2249 5484 dicitur
2290 5438 2435 5486 recte
2467 5428 2735 5483 immolari
2769 5429 2929 5483 abeo
2958 5428 3046 5498 qui
3084 5426 3457 5498 paenitentiam
3493 5427 3625 5497 agit,

2071 5630 2123 5683 5.
2238 5632 2281 5661 ⁸ο
2309 5585 2476 5687 ilchr.
2512 5646 2586 5693 ix,
2612 5628 2702 5693 2,8.
2816 5629 2857 5660 "
2895 5626 3054 5685 Rom.
3090 5646 3182 5694 vn,
3212 5629 3262 5683 ι.
3377 5627 3423 5660 ⁸³
3449 5624 3622 5681 ilebr.
