4038 6182
326 250 434 314 989

1495 243 1577 302 ΙΝ
1614 240 2054 302 LEVITlCUM.
2091 266 2152 276 -
2186 241 2333 300 LiB.
2365 241 2433 301 V.

3492 241 3602 306 990

327 360 664 418 ostendimus
704 376 718 415 :
750 364 941 429 utpote
969 357 1023 412 in
1057 357 1403 428 tempestate,
1432 364 1487 409 et
1513 354 1678 409 lluctu
1705 350 1912 405 consti-
1942 352 1989 410 Α
2019 364 2117 418 per
2145 351 2322 420 ipsum
2344 350 2585 421 Moysen,
2618 359 2674 405 et
2712 351 2951 415 fratrem,
2997 362 3050 409 et
3117 349 3291 408 lilium
3312 358 3367 403 et
3400 348 3590 419 tiliam,

327 454 455 517 tuti,
492 465 663 522 usque
691 450 819 506 dum
849 449 1188 522 paenitentia:
1223 450 1343 517 ejus
1381 446 1710 516 suscipiatur
1736 442 1908 498 sacri-

325 548 532 604 licium.
559 545 718 601 Aries
740 553 925 599 autem
960 552 1151 613 utpote
1177 542 1432 598 ducatum
1461 539 1606 610 gregi
1637 537 1907 607 praebens,

323 639 614 710 deputatus
662 647 810 692 recte
856 636 908 690 in
955 635 1357 696 holocaustum,
1390 632 1441 685 id
1478 640 1561 685 est
1599 631 1651 682 in
1711 629 1910 681 virtute

324 739 381 787 et
404 730 746 802 perfectione
776 729 901 783 vitae
931 727 1215 797 accipitur,
1241 739 1475 794 quorum
1504 730 1586 776 est
1615 721 1759 776 enim
1802 718 1908 773 nisi

322 824 743 895 praepositorum
784 821 982 876 docere
1027 817 1304 889 perfecta?
1343 817 1437 871 llis
1468 817 1539 870 ita
1569 832 1627 871 se
1655 814 1908 869 habenti-

318 916 444 979 bus,
471 913 790 970 omnimodo
829 912 982 967 dicis.
1013 911 1126 965 Cur
1155 910 1199 966 si
1230 911 1413 965 hircos
1444 924 1542 979 pro
1571 916 1793 976 peccato
1823 906 1906 960 lex

321 1008 578 1079 prmcepit
605 1005 815 1063 oll‘erri.
842 1020 991 1059 nunc
1022 1005 1185 1058 etiam
1215 1002 1443 1058 vitulum
1472 999 1658 1054 oll‘erri
1702 1013 1909 1069 pra-ce—

319 1101 432 1170 pit?
464 1100 585 1156 Una
613 1106 798 1155 autem
839 1096 1071 1157 ratione,
1092 1094 1352 1164 brevique
1375 1093 1509 1147 solvi
1536 1101 1698 1161 atque
1720 1090 1909 1160 expla-

319 1191 441 1244 nari
470 1197 674 1260 potest,
698 1188 825 1258 quia
852 1203 963 1241 non
1004 1186 1167 1241 unius
1197 1184 1432 1256 generis,
1453 1183 1547 1238 sed
1577 1192 1685 1237 tam
1713 1197 1907 1252 pecca-

319 1292 522 1344 torum,
574 1296 736 1350 quam
784 1280 1057 1349 justorum
1103 1286 1188 1335 est
1230 1276 1504 1349 Unigeniti
1554 1274 1902 1330 sacrificium.

315 1372 385 1427 Et
419 1383 710 1445 Wopterea
744 1376 905 1439 hirci,
931 1392 1030 1447 pro
1056 1391 1254 1448 genere
1283 1372 1686 1445 quodammodo
1710 1385 1908 1441 pecca-

316 1471 496 1518 torum
524 1465 710 1520 ol'l'erri
737 1467 1150 1537 praecipiuntur,
1176 1467 1332 1521 vivus
1369 1472 1554 1519 autem
1593 1478 1690 1532 pro
1718 1462 1904 1531 justis.

312 1555 440 1625 quia
479 1554 600 1621 bos,
619 1571 743 1610 cum
791 1558 864 1612 sit
895 1558 960 1612 ad
1000 1557 1337 1628 operandum
1368 1566 1556 1625 aptum
1591 1552 1813 1618 animal,
1850 1552 1905 1606 in

318 1660 555 1717 persona
588 1650 729 1717 justi
757 1651 1057 1705 secundum
1089 1649 1260 1721 legem
1291 1648 1578 1717 accipitur.

2014 452 2069 497 et
2096 443 2373 496 civitatem
2406 443 2697 513 integram,
2715 460 2834 513 qua!
2860 444 2925 498 ad
2952 445 3090 497 idola
3113 445 3463 510 convertitur,
3482 446 3598 499 dis-

2015 535 2170 604 perdi
2227 536 2507 605 praecepit,
2539 544 2593 589 et
2624 536 2822 589 clamat
2860 530 2879 589 ἰ
2902 535 3022 589 Non
3058 546 3206 589 erant
3248 537 3340 589 tibi
3370 538 3446 591 dii
3475 537 3594 604 alii,

2014 627 2211 697 absque
2232 643 2312 681 me
2340 628 2405 682 °°.
2448 626 2548 682 Per
2576 626 2741 682 David
2767 635 2948 681 autem
2983 627 3114 682 dicit
3141 644 3155 678 :
3180 628 3299 681 Non
3336 628 3436 681 erit
3464 632 3520 683 in
3545 638 3594 683 te

2012 720 2153 773 Deus
2176 736 2373 781 recens,
2412 737 2575 791 neque
2632 722 2880 775 adorabis
2924 721 3090 774 Deum
3128 722 3365 774 alienum
3398 722 3464 775 ⁸⁷.
3496 722 3596 776 llic

2012 826 2142 883 ergo
2168 813 2258 882 qui
2283 813 2399 867 hmo
2432 814 2713 883 praecepit,
2738 830 2837 883 pro
2873 829 2973 867 eos
2993 814 3139 882 quod
3171 829 3323 866 suam
3348 814 3592 884 gloriam,

2011 918 2074 959 ac
2099 904 2480 969 sacerdotium,
2500 915 2554 959 ct
2578 906 2784 959 cultum
2812 906 3095 976 aequaturi,
3131 912 3185 959 et
3208 922 3329 959 cum
3360 921 3427 959 eo
3455 904 3594 957 divi-

2012 997 2323 1062 surieraut,
2401 997 2506 1050 hoc
2548 997 2723 1067 jubet,
2783 1005 2845 1051 ut
2897 998 3113 1052 duobus
3169 999 3335 1051 hircis
3396 998 3593 1052 oblatis

2012 1105 2180 1143 nnmu
2218 1088 2540 1159 praeciperet
2570 1089 2670 1143 sibi
2709 1090 2993 1159 applicari,
3033 1091 3197 1145 alium
3262 1100 3445 1147 autem
3495 1094 3593 1148 ad-

2012 1180 2251 1235 versario
2281 1194 2401 1246 suo,
2428 1196 2588 1252 quem
2615 1182 2959 1235 emissarium
2990 1183 3330 1251 putautdici.
3353 1183 3463 1237 Sed
3484 1200 3592 1238 non

2010 1282 2404 1343 cognoverunt,
2445 1288 2624 1343 neque
2650 1274 3061 1339 intellexerunt,
3118 1275 3173 1327 in
3210 1274 3449 1330 tenebris
3479 1292 3592 1330 am-

2011 1362 2216 1419 bulant.
2248 1362 2601 1419 Emissarium
2634 1365 2802 1430 enim,
2853 1380 2977 1419 eum
3031 1364 3267 1430 hircum,
3300 1366 3390 1435 qui
3422 1366 3592 1420 mitti-

2013 1462 2101 1507 tur
2131 1453 2184 1507 in
2209 1454 2509 1522 desertmn,
2568 1455 2845 1526 legislator
2901 1455 3211 1524 appellavit.
3265 1456 3377 1509 Nos
3410 1467 3593 1509 autem

2011 1558 2075 1596 ex
2105 1544 2188 1597 his
2219 1560 2339 1614 quae
2376 1546 2442 1599 ad
2466 1545 2661 1600 littera:
2694 1545 2881 1616 legalis
2907 1546 3251 1598 traditionem
3286 1544 3585 1612 pertinent,

2010 1637 2469 1704 quemadmodum
2510 1653 2620 1691 non
2654 1638 3113 1693 essetverisimile
3150 1639 3250 1691 hoc
3293 1637 3587 1708 prmcipcre

387 1739 532 1796 Unde
569 1749 616 1793 et
639 1741 692 1793 in
716 1742 901 1805 vitula,
950 1741 1049 1805 ait,
1096 1741 1267 1794 orabit
1320 1756 1415 1809 pro
1439 1755 1513 1797 se,
1542 1747 1590 1792 et
1618 1756 1713 1805 pro
1742 1738 1896 1792 domo
1928 1721 1968 1777 Β
2007 1732 2369 1803 legislatorcm
2430 1731 2891 1799 demonstremus,
2964 1733 3163 1788 deinde
3223 1732 3585 1787 intentionem

313 1848 435 1885 sua.
465 1831 695 1886 Domum
728 1833 1019 1902 Deijustos
1041 1832 1343 1919 appellans,
1384 1832 1598 1888 habitat
1652 1833 1797 1887 enim
1842 1833 1895 1885 in

310 1923 411 1984 eis,
439 1932 496 1976 et
527 1922 850 1983 inambulat.
882 1924 1003 1994 Ipse
1032 1933 1116 1979 est
1159 1922 1350 1979 coru'm
1385 1922 1546 1989 Deus,
1586 1932 1640 1977 et
1669 1923 1744 1977 illi
1778 1925 1899 1993 ejus

310 2012 565 2082 populus.
595 2012 989 2082 Deprecabitur
1016 2022 1072 2067 et
1105 2028 1205 2083 pro
1261 2029 1349 2077 eo,
1378 2013 1430 2068 id
1462 2020 1547 2067 est
1585 2028 1685 2082 pro
1734 2012 1897 2068 domo

310 2104 545 2173 propria:
576 2105 781 2168 carnis,
818 2120 945 2160 nam
976 2105 1079 2160 etsi
1110 2115 1385 2173 peccatum
1444 2121 1547 2158 non
1604 2105 1749 2175 fecit,
1794 2120 1899 2159 nec

309 2195 460 2248 dolus
488 2196 727 2250 inventus
752 2208 825 2250 est
853 2197 907 2250 in
935 2214 1025 2251 ore
1054 2197 1168 2266 ejus
1196 2198 1265 2261 ⁵³,
1312 2204 1692 2251 verumtamen
1725 2196 1896 2252 Adam

309 2284 534 2341 indutus
568 2296 671 2354 est,
691 2289 785 2358 qui
822 2290 1526 2360 propitiationem,propter
1548 2291 1895 2344 maledictum

309 2377 456 2446 (ιυοά
514 2380 684 2434 semel
739 2381 980 2436 humano
1035 2383 1487 2452 superinductum
1543 2392 1627 2441 cst
1686 2383 1893 2453 genteri,

309 2483 450 2536 opus
471 2468 716 2525 haberet.
754 2472 895 2526 Audi
927 2487 1057 2543 ergo
1085 2472 1316 2527 Paulum
1374 2475 1441 2529 ad
1508 2473 1767 2530 Hebraeos
1826 2476 1894 2531 de

307 2561 531 2615 Christo
556 2562 679 2617 talia
713 2563 1086 2619 scribentem:
1136 2563 1238 2630 Qui
1289 2582 1392 2618 non
1445 2565 1595 2619 habet
1663 2570 1896 2638 quotidie

309 2653 685 2716 necessitatem,
728 2656 1169 2724 queinadmodum
1195 2659 1509 2720 sacerdotes,
1545 2659 1774 2726 primum
1798 2676 1894 2728 pro

305 2741 416 2795 suis
444 2742 647 2796 delictis
663 2744 865 2797 hostias
887 2746 1090 2814 o/ferre,
1130 2748 1317 2801 deinde
1359 2764 1454 2816 pro
1484 2749 1694 2819 populis
1728 2765 1746 2802 :
1799 2752 1894 2803 lwc

303 2830 442 2885 enim
471 2828 591 2899 fecit
623 2832 785 2884 semel
806 2848 859 2886 se
882 2833 1142 2903 offerendo
1170 2835 1236 2890 ".

376 2919 540 2977 Vens.
570 2922 715 2977 6-10.
754 2943 771 2974 ι
811 2923 1057 2996 Cumque
1102 2928 1364 2983 obtulerit
1399 2910 1652 2997 vitulum,
1677 2941 1728 2986 et
1763 2947 1887 2986 ora-

300 3012 441 3067 verit
473 3028 572 3082 pro
606 3030 685 3079 se,
714 3024 768 3069 ct
797 3031 898 3087 pro
928 3017 1091 3072 domo
1112 3034 1235 3083 sua,
1264 3020 1403 3076 duos
1422 3021 1608 3079 hircos
1632 3034 1781 3079 stare
1815 3025 1889 3080 fa-
1915 3058 1960 3117 α

235 3089 247 3101 ’
298 3102 407 3157 ciet
434 3118 620 3158 coram
646 3105 898 3170 Domino,
924 3107 979 3161 in
1017 3108 1160 3164 ostio
1191 3111 1527 3166 tabernaculi
1563 3114 1883 3179 testimonii,

296 3194 585 3265 mittetque
608 3212 779 3267 super
805 3206 1097 3271 utrumque
1119 3211 1321 3268 sortes,
1355 3220 1521 3259 unam
1546 3205 1800 3274 Domino,
1827 3219 1880 3265 et

296 3288 455 3342 aliam
480 3305 648 3359 capro
673 3292 957 3347 emissario
984 3310 998 3346 :
1031 3295 1191 3365 cujus
1212 3311 1341 3351 sors
1399 3299 1617 3364 exierit,
1651 3299 1883 3359 Domino

294 3380 494 3438 otl'eret
523 3382 671 3437 illum
704 3397 803 3453 pro
830 3393 1079 3454 peccato;
1108 3388 1267 3456 cujus
1318 3403 1501 3444 autem
1553 3391 1609 3445 in
1655 3408 1880 3463 caprum

296 3472 664 3539 emissarium,
686 3484 891 3530 statuet
918 3492 1046 3534 eum
1080 3478 1262 3533 vivum
1309 3496 1491 3535 coram
1528 3481 1779 3552 Domino,
1823 3497 1883 3541 ut

295 3563 490 3619 fundat
520 3579 709 3633 preces
735 3581 902 3637 super
921 3584 1045 3623 eum
1068 3578 1123 3625 et
1158 3571 1340 3626 mittat
1360 3573 1513 3628 illum
1547 3574 1604 3628 in
1635 3577 1884 3634 solitudi-

292 3669 443 3711 nem.
476 3655 573 3710 His
602 3656 704 3713 rite
723 3658 1036 3726 celebratis,
1071 3660 1269 3719 oll'eret
1316 3662 1566 3732 vitulum,
1594 3675 1651 3725 et
1683 3683 1880 3740 rogans

292 3761 395 3818 pro
424 3759 485 3803 se
514 3756 570 3803 et
594 3765 695 3821 pro
715 3750 878 3809 domo
903 3768 1025 3810 sua.
1058 3771 1079 3806 ι

362 3835 555 3892 Solent
581 3840 708 3894 caci
736 3839 790 3901 in
824 3841 1031 3899 lumine
1063 3843 1294 3911 odendi,
1324 3857 1382 3903 et
1397 3848 1648 3907 inﬁdeles
1667 3850 1724 3907 in
1756 3848 1877 3924 lege

288 3929 385 3986 Dei
418 3932 801 3999 scandalizari,
832 3935 978 4005 quod
1021 3935 1219 3994 Petrus
1255 3940 1458 4006 sciens,
1496 3951 1603 3997 tam
1625 3943 1694 3999 de
1721 3943 1872 3999 Pauli

287 4024 435 4080 vasis
456 4023 737 4079 electionis
764 4025 1029 4096 epistolis,
1052 4044 1216 4098 quam
1242 4031 1311 4086 de
1334 4032 1481 4091 omni
1505 4034 1692 4089 divina
1719 4033 1872 4089 Scri-

269 4129 449 4193 ptura
475 4118 613 4173 dixit
643 4134 657 4171 :
686 4119 751 4174 In
782 4106 970 4182 quibus
997 4133 1119 4175 sunt
1167 4125 1415 4193 quaedam
1449 4127 1684 4196 diﬁ‘icilia
1718 4129 1874 4182 intel-

283 4210 420 4265 lectu
449 4226 566 4281 qua:
612 4210 823 4263 indocti.
857 4220 909 4264 et
947 4211 1219 4266 instabiles
1271 4221 1585 4283 deprauaut,
1640 4220 1778 4274 sicut
1821 4230 1872 4275 et

282 4312 502 4359 ceteras
538 4300 867 4368 Scriptores,
905 4301 975 4358 ad
993 4317 1149 4357 suam
1172 4303 1407 4371 ipsorum
1433 4308 1782 4375 perditionem
1795 4313 1864 4366 ⁸⁸.

2000 1824 2305 1879 sanctionis
2343 1842 2408 1880 ex
2440 1826 2667 1896 Spiritus
2717 1827 3160 1881 consideratEone
3207 1841 3581 1880 exerceamus.

2002 1918 2145 1971 Duos
2175 1932 2305 1985 ergo
2334 1917 2516 1971 hircos
2544 1928 2785 1972 statuere
2800 1935 2982 1973 coram
3005 1919 3233 1972 Domino
3257 1919 3307 1972 in
3330 1919 3472 1974 ostio
3501 1927 3584 1972 ta-

1998 2010 2280 2065 bernaculi
2313 2011 2605 2064 testimonii
2634 2012 2911 2080 prmcepit,
2951 2028 3061 2065 non
3093 2022 3273 2066 autem
3303 2027 3397 2066 eos
3441 2011 3584 2065 abla-

2001 2112 2154 2156 turos
2188 2118 2309 2157 csse
2340 2103 2474 2168 Deo,
2508 2105 2609 2158 hoc
2634 2111 2717 2157 cst
2742 2102 2886 2157 enim
2921 2119 3100 2158 coram
3145 2103 3392 2169 Domino,
3425 2118 3493 2155 ne
3515 2103 3583 2156 ad

1998 2195 2199 2247 ostium
2226 2193 2400 2247 Dcica
2423 2209 2544 2263 qum
2565 2193 2781 2248 diabolo
2824 2195 3201 2261 mittebantur,
3220 2194 3314 2247 sed
3346 2204 3402 2248 et
3460 2209 3580 2247 sor-

2000 2286 2109 2337 tem
2136 2284 2375 2348 mittere,
2413 2300 2575 2338 uuam
2623 2283 2872 2349 Domino,
2898 2292 2953 2337 ct
3009 2299 3169 2337 unam
3240 2283 3583 2338 lustrationis

2000 2377 2276 2446 praecepit.
2309 2376 2364 2430 Si
2406 2384 2587 2431 autem
2629 2376 2685 2429 in
2734 2375 2966 2444 alicujus
3013 2375 3231 2446 maligni
3291 2390 3578 2445 personam

1998 2471 2340 2525 emissarium
2382 2472 2702 2539 accepisset,
2754 2484 3096 2538 nequaquam
3124 2471 3190 2522 dc
3214 2484 3299 2533 co,
3325 2485 3447 2522 cum
3514 2484 3579 2521 co

1995 2564 2084 2633 qui
2120 2563 2212 2616 Dci
2235 2571 2372 2625 erat,
2405 2579 2524 2615 sors
2555 2562 2879 2625 mitteretur,
2909 2563 3033 2631 quia
3053 2578 3156 2617 nec
3185 2579 3306 2615 cum
3339 2562 3502 2631 quolii
3526 2571 3579 2615 ct

1997 2658 2137 2711 malo
2166 2657 2464 2726 quemlibet
2494 2656 2696 2711 bonum
2753 2666 2955 2710 sortem
3014 2656 3212 2710 habere
3267 2655 3319 2708 in
3380 2655 3577 2730 divinis

1997 2750 2296 2819 Scripturis
2335 2749 2605 2803 invenies.
2644 2747 2747 2803 Sed
2789 2750 3003 2818 quoties
3057 2764 3175 2803 sors
3237 2750 3574 2808 mittebatur,

1992 2842 2227 2911 :cqualcs
2255 2857 2379 2895 cum
2409 2841 2710 2910 aequalibus
2753 2842 3041 2896 mittebant
3092 2851 3288 2906 sortes,
3334 2842 3473 2894 sicut
3524 2850 3577 2895 ct

1995 2936 2167 2990 tribus
2200 2934 2386 2998 Israel,
2414 2935 2762 2998 dividebant;
2790 2950 2915 2988 nam
2942 2935 3162 3004 quando
3187 2951 3285 3004 pro
3319 2933 3455 2988 Juda
3509 2932 3575 2989 ad

1992 3028 2356 3098 apestolatum
2388 3027 2551 3081 alium
2581 3027 2781 3098 eligere
2818 3042 3041 3082 necesse
3078 3027 3372 3090 habebant,
3411 3043 3576 3095 super

1993 3120 2132 3175 duos
2160 3119 2308 3175 viros
2323 3119 2559 3189 mqualcs
2585 3119 2900 3185 virtutibus,
2931 3119 3270 3185 ctdoctrina,
3296 3118 3572 3191 Matthiam

1993 3211 2267 3271 videlicet.
2303 3219 2358 3266 et
2385 3210 2584 3279 Ioseph
2608 3210 2837 3279 justum,
2883 3218 3058 3264 sortes
3091 3212 3271 3264 miss:c
3300 3217 3448 3274 sunt,
3499 3210 3572 3263 ita

1991 3312 2052 3357 ut
2115 3303 2308 3359 Petrus
2360 3302 2735 3357 concionando
2792 3301 3048 3357 diceret:
3095 3300 3188 3366 Tu,
3212 3301 3455 3367 Domine,
3483 3302 3573 3372 qui

1989 3394 2147 3447 corda
2172 3395 2309 3447 nosti
2353 3395 2610 3458 omnium,
2670 3393 2879 3446 ostende
2925 3409 3076 3461 queat
3118 3391 3331 3463 elegeris
3373 3409 3436 3446 ea;
3492 3393 3574 3446 ln's

1988 3484 2210 3549 duobus,
2241 3485 2476 3553 accipere
2507 3482 2677 3536 locum
2708 3482 2987 3535 ministerii
3014 3481 3196 3551 hujus,
3225 3493 3273 3535 et
3297 3483 3535 3553 apostolo
3554 3512 3570 3525 -

1989 3587 2074 3630 tus
2094 3577 2158 3629 ⁸⁸.
2191 3575 2311 3630 Non
2342 3576 2516 3630 solum
2537 3584 2720 3630 autem
2757 3583 3050 3644 antequam
3109 3590 3231 3628 sors
3259 3575 3571 3630 mitteretur

1987 3665 2041 3719 in
2067 3668 2204 3721 duos
2235 3667 2437 3733 hircos,
2459 3681 2642 3722 coram
2666 3665 2895 3720 Domino
2916 3682 3010 3721 eos
3030 3666 3145 3721 sisti
3172 3667 3449 3736 praicepit,
3473 3668 3567 3723 sed

1985 3768 2042 3813 ct
2077 3759 2227 3815 illmn
2256 3758 2313 3814 in
2345 3773 2454 3829 quo
2504 3773 2624 3813 sors
2681 3757 2992 3814 emissionis
3050 3758 3218 3824 venit,
3278 3766 3566 3828 postquam

1983 3850 2176 3906 eadem
2219 3866 2340 3907 sors
2386 3865 2551 3921 super
2580 3865 2707 3905 cum
2761 3850 3044 3915 ceciderit,
3106 3859 3160 3905 et
3211 3849 3567 3904 manifestum

1982 3942 2151 3998 fuerit
2179 3943 2344 3999 statui
2376 3959 2561 3999 coram
2593 3942 2823 4009 Domino
2862 3945 3121 4014 praiccpit
3149 3953 3205 4003 et
3234 3943 3444 3999 elIundi
3466 3958 3563 3997 su-

1981 4052 2081 4107 per
2110 4052 2177 4093 eo
2209 4052 2421 4108 preces.
2452 4037 2740 4104 Quomodo
2777 4052 2910 4107 ergo
2950 4036 3040 4107 qui
3064 4045 3194 4091 ante.
3226 4035 3420 4090 faciem
3459 4035 3564 4093 Dei

1980 4138 2217 4186 statutus
2240 4139 2343 4197 est,
2367 4130 2797 4201 eiquequodam
2849 4130 3011 4185 modo
3039 4139 3411 4192 consecratus,
3445 4128 3568 4198 ipse

1979 4239 2171 4280 rursus
2205 4224 2426 4280 diabolo
2458 4223 2729 4280 mittitur?
2762 4222 2860 4278 Vel
2903 4239 3011 4294 quo
3075 4225 3238 4278 modo
3294 4222 3562 4293 propitia-

1980 4316 2182 4371 tionem
2219 4326 2589 4388 peccatorum,
2626 4319 2728 4373 hoc
2761 4318 2906 4387 quod
2934 4317 3124 4386 iniquo
3144 4315 3558 4380 transmittitur,

285 4389 398 4445 Hoc
438 4399 496 4444 et
518 4405 665 4445 nunc
692 4389 997 4459 patiuntur,
1019 4392 1110 4461 qui
1133 4392 1201 4447 ad
1227 4409 1385 4451 suam
1422 4396 1781 4466 voluntatem,
1806 4413 1864 4457 et
1901 4416 1944 4471 ο
1976 4407 2303 4463 sacriﬁcium
2336 4409 2579 4481 peragit?
2617 4408 2673 4463 Si
2702 4410 2846 4463 enim
2875 4409 2995 4479 ejus
3024 4407 3258 4462 intentio
3281 4414 3365 4460 est
3389 4406 3558 4460 etiam

276 4496 393 4536 non
423 4481 490 4534 ad
532 4497 713 4536 veram
749 4482 1111 4539 intentionem
1172 4485 1484 4557 intelligunt
1538 4491 1710 4563 legem
1745 4494 1861 4562 Dei,

282 4580 338 4626 et
363 4572 582 4627 noxium
614 4573 808 4629 animai
850 4589 915 4629 ac
948 4575 1298 4647 pestilentem
1327 4578 1596 4636 idolorum
1648 4586 1862 4643 cultum

278 4663 614 4720 constituere
664 4681 733 4721 ex
782 4667 890 4733 his,
935 4685 1057 4739 quae
1087 4671 1232 4727 dicta
1291 4684 1422 4730 sunt
1460 4690 1492 4732 a
1532 4676 1858 4749 legislature,

278 4750 516 4807 inaniter
546 4755 808 4824 Cogitant.
836 4755 971 4810 Nam
1029 4758 1223 4816 dicunt
1251 4778 1263 4814 :
1298 4762 1475 4832 Super
1497 4766 1635 4823 duos
1676 4770 1860 4827 hircos

276 4846 363 4901 lex
388 4859 595 4904 sortem
622 4851 766 4905 mitti
795 4854 1073 4924 praeepit,
1132 4873 1299 4914 unum
1340 4860 1593 4931 Domino,
1624 4866 1857 4923 alterum

275 4947 459 4995 autem
475 4943 542 4997 ad
558 4943 910 5000 emissionem
938 4951 1180 5017 separari
1210 4955 1482 5025 praecepit.
1506 4955 1859 5014 Emissarium

277 5041 458 5086 autem
486 5035 1079 5106 appellantdiabolum,
1130 5051 1189 5097 ut
1228 5060 1291 5099 ex
1361 5047 1464 5100 hoc
1513 5050 1858 5107 occasionem

274 5124 552 5192 prmbeant
576 5128 641 5182 ad
669 5129 961 5184 colendum
1014 5133 1311 5203 malignum
1347 5136 1400 5190 iu
1432 5145 1642 5195 tantum
1695 5157 1857 5198 aures

271 5215 612 5283 obturantes,
650 5226 709 5273 et
738 5220 794 5279 in
849 5229 1062 5277 tantum
1130 5238 1312 5281 mente
1362 5230 1511 5284 arci.
1569 5231 1855 5297 Quomodo

272 5321 401 5378 ergo
432 5307 631 5363 habeat
693 5313 982 5377 rationem,
1018 5316 1185 5371 .haud
1241 5321 1501 5378 credibile
1547 5334 1654 5391 est,
1708 5330 1851 5397 quod

274 5398 415 5454 Dens
445 5399 560 5469 ipse
581 5403 909 5461 sacriﬁcium
936 5407 1157 5462 diabolo
1188 5410 1370 5466 ollerri
1401 5416 1703 5486 praecipiat,
1756 5423 1848 5489 qui

338 5606 417 5658 ³³1
451 5607 594 5663 Pctr.
641 5628 699 5675 ll,
741 5612 831 5667 ‘22.

338 5615 417 5658 "l
451 5615 594 5663 l’ctr.
641 5628 699 5675 ll,
741 5615 831 5667 ‘22.
945 5615 992 5648 "‘
1023 5615 1185 5675 Hebr.
1228 5635 1318 5682 ru,
1345 5621 1434 5674 ‘27,

270 5689 328 5729 ll.
360 5678 450 5729 Εἰ.
564 5679 608 5712 ³³
639 5682 779 5729 Pani-
818 5701 965 5729 £an
1179 5689 1221 5720 5°
1267 5690 1381 5729 Ite-ul

316 5713 328 5735 ο
361 5699 450 5732 Ζ-ι.

564 5679 608 5712 ³³
638 5682 780 5741 Psal.
818 5701 969 5752 cvm,
1179 5689 1221 5720 ‘°
1266 5679 1405 5747 l’Sal.
1442 5710 1586 5759 xxiv,
1624 5679 1703 5755 ιιέ

1549 5622 1592 5653 ⁸⁸
1628 5625 1665 5679 Il
1696 5627 1837 5681 Pctr.
1872 5644 1946 5691 In,
1983 5631 2062 5685 ιθ.

1966 4498 2147 4569 justus
2179 4510 2495 4572 peccatores
2542 4500 2783 4566 edicere,
2847 4500 3122 4571 quomodo
3176 4499 3557 4568 peccatoribus

1971 4592 2416 4662 propitiationem
2443 4603 2659 4664 poterat
2688 4592 3022 4664 proﬂigare?
3056 4589 3341 4658 Quomodo
3368 4600 3553 4644 autem

1969 4685 2016 4741 is
2050 4685 2165 4755 ipse
2191 4695 2462 4756 peccator,
2493 4687 2562 4743 de
2590 4702 2701 4757 quo
2727 4687 2803 4741 ait
2831 4686 3000 4740 David
3032 4704 3044 4738 :
3075 4683 3342 4740 Constitne
3371 4699 3557 4751 pecca-

1970 4786 2134 4832 torem
2155 4779 2403 4833 adversus
2426 4796 2566 4845 eum,
2591 4789 2638 4834 et
2665 4778 2907 4835 diabolus
2935 4791 3035 4835 stet
3059 4799 3091 4834 a
3127 4780 3326 4835 dextris
3350 4778 3463 4846 ejus
3483 4777 3549 4838 ",

1970 4868 2418 4938 pr0pitiatiouem
2448 4879 2629 4940 potest
2660 4872 2988 4940 conquirere
3038 4869 3433 4941 peccatorum?
3465 4884 3551 4921 so-

1970 4958 2076 5013 lius
2104 4960 2308 5029 quippe
2334 4960 2438 5015 boc
2466 4961 2554 5015 Dei
2578 4969 2682 5023 est,
2715 4962 2784 5014 ad
2813 4977 2979 5031 quem
3015 4962 3180 5016 David
3208 4960 3447 5021 dicebat,
3468 4958 3551 5023 Et

1968 5051 2260 5119 propitiare
2280 5064 2492 5120 peccato
2526 5069 2658 5118 meo,
2725 5055 2993 5121 copiosum
3046 5062 3120 5107 est
3171 5052 3307 5104 enim
3332 5050 3398 5102 “°.
3453 5049 3550 5103 llis

1967 5158 2096 5212 ergo
2134 5143 2206 5196 ita
2224 5158 2284 5197 se
2316 5143 2662 5208 habentibus,
2719 5152 2775 5198 et
2805 5147 3047 5213 undique
3078 5144 3383 5212 incongrue
3446 5142 3549 5196 hoc

1964 5244 2188 5291 ostenso
2208 5236 2485 5291 intellectu
2509 5252 2617 5290 non
2649 5237 2962 5307 ignoremus
2989 5250 3107 5295 nos,
3137 5234 3263 5304 quia
3297 5233 3363 5288 de
3388 5234 3548 5287 Chri-

1963 5330 2029 5385 sti
2063 5331 2330 5384 saerilieio
2391 5331 2574 5401 procul
2608 5331 2773 5387 dubio
2807 5327 3039 5381 maxime
3101 5328 3217 5382 lucc
3270 5327 3549 5398 legislator

1961 5422 2171 5475 dixerit.
2246 5421 2399 5475 {Inde
2440 5423 2650 5477 restituo
2707 5421 2829 5475 tnali
2881 5420 3193 5474 intellectus
3278 5419 3542 5473 zizaniam

2176 5632 2221 5662 "'
2255 5629 2425 5685 Ero-.1.
2463 5631 2628 5697 xx,'5.
2708 5626 2755 5656 "
2781 5626 2903 5683 Psal
2955 5643 3111 5695 Lxxx,
3157 5628 3238 5685 10.
3324 5630 3369 5661 “
3409 5630 3530 5685 Act.
