4038 6182
431 191 534 263 991

1632 196 1959 258 HESYCIII
1968 196 1994 253 Ι
2028 193 2499 255 PRESBYTEEU

3593 190 3695 252 9%

3633 238 3698 253 ιῑά.

437 316 800 379 disseminare
822 315 1027 372 inimici
1053 316 1298 372 veritatis
1326 316 1532 380 volunt,
1565 314 1747 384 gloriae
1764 311 2007 384 mysterii
2041 314 2087 368 Α
2184 309 2414 378 Caprum
2432 326 2553 364 vero
2580 325 2735 379 super
2763 328 2914 380 quem
2964 310 3159 365 venerit
3223 307 3518 363 omissionis
3557 326 3695 373 sors,

436 408 767 472 invidentes,
797 411 1115 477 clarumque
1167 408 1285 476 ejus
1348 406 1721 462 testimonium
1772 422 1837 460 ex
1894 406 2013 476 lege

436 503 850 555 considerantes
883 499 1042 567 :quia
1074 498 1218 552 enim
1270 497 1434 561 lli-us,
1468 506 1523 551 et
1558 499 1720 551 homo
1749 506 1886 557 erat,
1919 495 2012 565 qui

434 607 538 661 pro
556 593 713 645 nobis
736 593 1048 644 incarnatus
1071 601 1152 643 est
1179 590 1427 644 Christus
1470 589 1651 649 Jesus.
1706 588 2015 658 impassibi-

436 682 543 736 lem
560 681 898 735 divinitatem
916 682 1249 741 custodiens.
1304 683 1472 736 solam
1501 682 1857 751 passiouihus
1913 682 2016 736 hu-

440 773 758 827 manilatem
790 774 1037 840 praebuit,
1073 772 1299 827 effertus
1363 783 1543 828 autem
1572 774 1842 843 passionis
1873 773 2013 839 ejus,

441 863 494 917 id
522 871 605 916 est
632 871 815 916 nostra
844 862 1179 929 propitiatio.
1208 879 1314 916 non
1346 864 1519 915 solum
1586 879 1757 929 passae
1808 863 2014 927 carnis,

439 954 537 1008 sed
574 952 745 1006 multo
774 954 947 1017 magis
983 954 1331 1021 ittIpaSsibiiiS
1354 953 1654 1007 divinitatis
1687 953 1808 1013 fuit,
1872 953 2018 1021 quod

441 1054 677 1099 testatur
704 1044 925 1100 Paulus.
960 1044 1193 1097 dicens:
1243 1044 1344 1108 Qui
1394 1062 1511 1098 cum
1573 1054 1704 1098 esset
1778 1044 2024 1113 splendor

442 1137 645 1208 gloriae,
674 1146 722 1188 et
746 1136 918 1206 ﬁgura
951 1138 1258 1190 substantia:
1300 1138 1435 1206 ejus.
1496 1147 1811 1207 portunsque
1845 1140 2023 1191 omnia

444 1227 595 1280 verbo
625 1228 834 1279 virtutis
858 1243 968 1279 sum
1001 1228 1067 1279 ".
1107 1227 1496 1279 Demonstrans
1528 1237 1707 1282 autem
1741 1231 1882 1297 quod
1911 1231 2025 1283 haec

443 1317 628 1372 omnia
657 1318 723 1368 de
754 1314 1029 1385 Uuigeniti
1093 1316 1377 1367 divinitate
1423 1315 1694 1379 dicantur,
1729 1316 1973 1369 subdidit
2008 1331 2022 1367 :

448 1406 824 1473 Purgatiouem
857 1415 1185 1473 peccatorum
1241 1406 1456 1475 faciens.
1481 1405 1620 1457 sedet
1649 1406 1719 1457 ad
1758 1406 2028 1458 dexteram

451 1498 751 1566 majestatis
780 1498 835 1550 in
861 1498 1078 1550 excelsis
1122 1499 1191 1560 θ’,
1225 1497 1325 1565 ipsi
1367 1498 1497 1562 Deo,
1548 1498 1714 1551 verbo
1755 1499 1916 1551 etiam
1965 1513 2028 1551 ea

451 1606 574 1659 qua:
604 1591 819 1658 proprie
849 1591 967 1655 eius
989 1599 1145 1644 erant
1177 1591 1379 1653 carnis,
1414 1594 1777 1661 eonjungens.
1806 1593 1863 1646 Si
1898 1609 2028 1660 ergo

454 1682 571 1734 haec
601 1692 728 1747 apte
765 1680 1080 1743 dicta.sunt,
1106 1690 1391 1748 pr0ptcrea
1433 1683 1542 1735 duo
1564 1690 1855 1737 sumuntur
1872 1674 2027 1746 hirci,

452 1779 513 1826 et
547 1777 862 1824 statuuntur
890 1785 1075 1824 coram
1112 1771 1363 1834 Domino,
1398 1772 1450 1824 in
1505 1773 1648 1826 ostio
1693 1774 2031 1827 tabernaculi

427 1861 775 1932 .testimonii,
813 1871 874 1914 ut
898 1861 961 1914 ad
992 1861 1279 1931 imaginem
1332 1861 1535 1915 Christi
1575 1863 1691 1916 haec
1724 1864 1775 1915 in
1805 1863 1881 1915 eis
1904 1879 2033 1931 age-

456 1963 664 2007 rentur.
701 1952 821 2020 lpse
851 1960 933 2009 est
962 1953 1104 2005 enim
1136 1952 1334 2007 ostium
1357 1970 1564 2017 verum,
1585 1955 1729 2022 quod
1752 1956 1815 2008 ad
1836 1957 2035 2009 ostium

456 2044 791 2100 tabernaculi
825 2043 1143 2100 testimonii.
1178 2047 1321 2114 quod
1364 2046 1527 2098 estin
1556 2046 1727 2107 cwlis,
1766 2047 1932 2101 ducit.
1972 2046 2035 2101 Et

457 2139 619 2193 mittit
640 2140 816 2192 Aaron
851 2155 1017 2207 super
1046 2149 1338 2208 utrumque
1371 2140 1582 2193 hircum
1608 2150 1835 2203 sortem,
1862 2156 2034 2194 unum

455 2230 694 2299 qu'dem.
731 2239 790 2285 ut
820 2233 1018 2284 virtute
1057 2240 1110 2284 rt
1158 2229 1553 2301 signiﬁcatione
1602 2232 1832 2285 sortium
1871 2231 2037 2285 dividi

456 2320 925 2390 disprnsationem
980 2320 1283 2374 divinitatis
1338 2320 1539 2375 Christi
1578 2330 1635 2374 et
1688 2322 2041 2376 humanitatis

376 2441 387 2451 -
458 2410 847 2481 intelligamus.
884 2411 1055 2465 Divili
1091 2429 1239 2477 vero,
1273 2423 1379 2466 tam
1432 2413 1558 2467 huic
1589 2429 1753 2482 quam
1790 2414 1867 2467 illi
1912 2420 2045 2468 sunt

461 2504 700 2572 propria.
743 2513 802 2555 ut
834 2504 948 2557 haec
966 2505 1183 2572 quidem
1216 2507 1470 2574 patiatur,
1488 2506 1575 2557 illa
1607 2516 1789 2558 autem
1823 2506 2044 2558 confor-

463 2602 544 2648 tet
577 2593 893 2661 patientem.
922 2606 977 2647 et
1010 2610 1103 2663 per
1122 2597 1401 2664 passiones
1434 2612 1554 2665 quae
1599 2596 1651 2649 iu
1726 2613 1787 2649 ca
1850 2612 2045 2666 Opera-

462 2682 696 2749 bantur;
718 2692 824 2738 tam
858 2685 1147 2739 contraritc
1176 2686 1332 2740 nobis
1389 2687 1806 2741 moderarentur
1839 2690 2047 2756 passio-

464 2786 588 2836 nes,
632 2787 794 2841 qnain
865 2790 1016 2826 suam
1080 2774 1458 2828 manifestaret
1533 2776 2043 2846 iinpassibilitatein.

466 2862 675 2917 Deinde
702 2873 903 2917 sortem
929 2880 1112 2927 unam,
1156 2866 1248 2927 ait,
1297 2866 1545 2928 Domino,
1579 2877 1635 2921 et
1663 2868 1825 2922 aliam
1882 2884 2049 2938 capro

2115 410 2311 455 statuet
2340 403 2509 456 vivum
2530 413 2651 456 ante
2671 402 2944 456 dominum
2970 443 2983 467 ,
3022 412 3079 455 ut
3136 404 3324 472 [undat
3342 416 3517 468 preces
3540 416 3705 471 super

2116 510 2194 548 eo.
2227 494 2362 560 Quia
2392 496 2534 549 enim
2553 505 2754 549 sortem
2788 495 3057 549 emissuii
3089 495 3325 547 diximus
3354 493 3582 563 ﬁgurate
3609 507 3707 549 re—

2120 586 2245 641 ferri
2270 587 2336 639 ad
2367 570 2570 640 Cliristi
2601 586 2966 649 divinitatem,
3027 592 3229 639 statuet
3283 585 3429 639 hanc
3490 585 3705 649 vivam,

2120 678 2511 748 impassibilem
2554 680 2895 742 custodiens,
2948 686 3007 732 ut
3038 692 3136 747 per
3177 692 3299 731 eain
3349 677 3703 755 deprecetur.

2120 769 2291 824 Nemo
2334 769 2478 822 enim
2527 778 2708 838 potest
2754 769 3028 822 dimittere
3086 777 3329 835 peccata,
3384 766 3493 820 nisi
3551 767 3712 821 solus

2128 860 2287 914 Deus.
2334 859 2768 914 Dimittitautem
2798 874 2923 913 cum
2975 858 3027 911 in
3060 857 3375 920 solitudine,
3427 864 3503 919 et,
3561 856 3713 911 sicut

2124 951 2275 1005 aiunt
2306 950 2469 1013 L\'X,
2500 950 2727 1018 portabit
2760 949 2934 1002 hircus
2969 964 3125 1015 super
3156 963 3210 1001 se
3234 947 3450 998 nomina
3500 960 3710 1009 eorum,

2124 1046 2180 1098 in
2214 1054 2406 1097 terram
2431 1042 2757 1099 solitariam.
2787 1041 2901 1093 sive
2927 1041 3144 1092 inviam.
3182 1038 3458 1091 Desertam
3482 1049 3712 1100 terram,

2127 1144 2182 1190 ct
2214 1134 2531 1197 solitariam,
2566 1134 2680 1187 sive
2714 1133 2912 1186 inviam
2980 1131 3292 1183 nullatenus
3328 1128 3715 1182 existimemus

2128 1244 2277 1281 nunc
2309 1227 2361 1279 in
2390 1228 2632 1296 quolibet
2662 1223 2805 1278 malo
2840 1231 3098 1292 oportere
3137 1220 3337 1290 accipi,
3401 1235 3584 1290 neque
3610 1232 3719 1289 per

2133 1321 2233 1373 hoc
2269 1319 2479 1387 piorum
2506 1333 2686 1381 aures,
2717 1317 2768 1370 hi
2796 1316 2884 1385 qui
2918 1314 2984 1368 ad
3030 1313 3365 1383 impietatem
3395 1314 3567 1382 legem
3596 1320 3721 1366 tra-

2129 1412 2288 1474 hunt,
2329 1411 2675 1464 eouturbent.
2716 1409 2995 1462 Desertam
3041 1407 3189 1459 enim
3231 1421 3261 1458 a
3294 1404 3437 1457 malo
3459 1402 3613 1466 dicit,
3658 1412 3721 1458 et

2133 1500 2453 1563 solitariam,
2486 1498 2601 1551 sive
2630 1498 2858 1562 inviam,
2894 1513 3014 1567 qua:
3042 1497 3109 1550 ab
3153 1495 3587 1566 intelligibilibus
3614 1495 3720 1549 ho-

2134 1593 2308 1647 stibus
2329 1590 2593 1645 ambulari
2624 1604 2732 1642 non
2767 1597 2969 1657 potest,
3001 1587 3054 1640 in
3079 1603 3185 1656 qua
3210 1586 3354 1641 Deus
3384 1587 3612 1649 habitat,
3662 1595 3720 1638 et

2134 1694 2378 1755 apparet,
2401 1683 2544 1752 quod
2568 1681 2879 1734 manifestat
2914 1680 3077 1733 David
3099 1678 3294 1733 dicens
3325 1696 3340 1731 :
3403 1677 3546 1731 Deus
3578 1677 3724 1730 Deus

2138 1793 2301 1834 meus.
2336 1779 2405 1828 ad
2445 1786 2492 1827 te
2513 1776 2575 1827 de
2593 1774 2707 1826 luce
2736 1772 2915 1843 vigilo.
2961 1770 3134 1824 Sitivit
3158 1771 3209 1822 in
3264 1779 3317 1822 te
3343 1770 3529 1821 anima
3576 1784 3726 1831 mea,

2137 1885 2295 1938 quam
2344 1866 2707 1931 multipliciter
2732 1865 2825 1917 tibi
2856 1879 2982 1916 caro
3018 1879 3155 1916 meo.
3208 1861 3270 1915 In
3313 1861 3540 1923 deserto,
3578 1869 3629 1915 et
3666 1862 3731 1913 in

2136 1961 2295 2022 invio,
2321 1970 2368 2013 et
2399 1961 2672 2029 inaquoso,
2704 1958 2777 2011 sic
2811 1957 2866 2009 in
2905 1965 3086 2010 sancto
3112 1954 3341 2023 apparni
3363 1953 3475 2014 tibi,
3501 1962 3555 2005 ut
3576 1953 3728 2007 vide-

2140 2067 2247 2103 rem
2272 2051 2513 2104 virtutem
2543 2059 2709 2103 tuam.
2736 2058 2783 2102 et
2811 2047 3035 2119 gloriam
3070 2058 3218 2100 tuam
3259 2046 3327 2100 “.
3366 2048 3500 2114 Ergo
3525 2044 3729 2099 deser-

2141 2150 2255 2196 tum
2277 2150 2332 2193 et
2351 2140 2577 2203 invium,
2599 2148 2847 2193 sanetum
2882 2148 2985 2201 est,
3009 2146 3064 2191 et
3094 2137 3277 2190 Sancti
3300 2147 3602 2190 sanctorum
3627 2137 3744 2189 ha-

2141 2235 2459 2296 bitaculum,
2487 2231 2575 2285 ubi
2610 2232 2664 2285 in
2697 2233 2864 2286 caelos
2897 2231 3151 2285 divinitas
3176 2236 3416 2299 tempore
3451 2227 3736 2298 passionis

2143 2326 2343 2380 abiisse
2379 2323 2601 2389 dicitur,
2635 2338 2745 2378 non
2775 2324 2843 2375 de
2874 2323 2992 2376 loco
3029 2323 3095 2376 ad
3124 2322 3303 2376 locum
3338 2319 3601 2389 migrans,
3632 2319 3735 2374 sed

2145 2412 2410 2473 colnbens
2446 2416 2718 2485 propriam
2752 2414 3011 2468 virtutem
3051 2424 3116 2468 ex
3152 2412 3518 2469 humanitate.
3544 2418 3604 2464 ut
3631 2410 3737 2464 da-

2153 2519 2239 2563 ret
2267 2508 2503 2577 spatium
2534 2505 2797 2576 passioni.
2829 2506 2883 2558 in
2936 2505 3055 2559 loco
3080 2504 3270 2574 ,digno
3321 2502 3449 2565 sibi,
3508 2502 3563 2555 in
3605 2500 3737 2557 sinu

2149 2600 2325 2655 Patris
2357 2598 2612 2652 videlicet
2637 2611 2888 2651 manens.
2920 2596 3001 2649 Ad
3029 2611 3152 2664 qua:
3176 2595 3359 2649 nullus
3376 2594 3608 2654 accedit.
3624 2592 3738 2649 nisi

2150 2691 2267 2763 ipse
2302 2702 2351 2745 et
2388 2699 2611 2745 sanctus
2643 2688 2901 2759 Spiritus,
2925 2698 2982 2741 et
3007 2686 3135 2757 quia
3168 2687 3285 2756 ipse
3332 2687 3389 2739 in
3435 2685 3598 2739 Patre
3625 2693 3735 2746 est.

2151 2794 2206 2837 et.
2236 2783 2471 2853 Spiritus
2491 2790 2734 2846 sanctus,
2756 2780 2899 2835 sicut
2928 2778 3258 2851 evangelicis
3282 2776 3576 2832 didicimus
3618 2774 3737 2830 Lit-

2153 2877 2305 2940 teris,
2336 2889 2463 2944 ergo
2496 2874 2667 2938 abire,
2704 2874 2964 2927 cohibere
3008 2871 3271 2942 intellige.
3300 2868 3396 2924 Sic
3427 2870 3575 2923 enim
3597 2865 3742 2922 Deus

465 2955 774 3019 emissario,
807 2971 915 3008 non
946 2955 1036 3009 alii
1077 2957 1177 3009 nisi
1201 2958 1433 3017 (.‘hristo,
1461 2960 1602 3012 sicut
1631 2961 1886 3029 superius
1907 2961 2047 3016 dixi-
2079 2978 2122 3035 ε
2156 2968 2327 3032 abire,
2352 2966 2441 3034 qui
2474 2966 2676 3036 ubique
2707 2979 2950 3035 praiseus
2996 2972 3101 3027 est.
3139 2977 3263 3017 cum
3323 2976 3477 3015 suam
3518 2958 3743 3014 whiile!

467 3061 610 3100 mus.
638 3047 692 3099 Si
719 3047 940 3101 inimico
957 3048 1170 3101 cuidam
1220 3057 1275 3103 et
1326 3049 1562 3120 maligno
1602 3066 1720 3105 sors
1745 3060 1839 3106 aut.
1868 3052 2056 3111 hircus

468 3139 713 3194 daretur.
740 3154 844 3191 non
878 3150 1165 3193 sortiretur
1198 3156 1320 3194 cum
1352 3140 1483 3196 Den.
1517 3143 1610 3195 sed
1636 3158 1737 3197 nec.
1759 3144 1825 3197 ad
1850 3144 2050 3198 ostiun

471 3232 806 3283 tabernaculi
827 3233 1122 3285 testimonii
1152 3233 1533 3298 deduceretur,
1564 3252 1664 3288 nec
1683 3253 1871 3305 preces
1891 3252 2058 3306 super

470 3337 597 3377 eum
624 3320 1007 3388 funderentur,
1052 3323 1138 3376 vel
1187 3325 1501 3393 propitiatio
1552 3326 1606 3379 in
1664 3342 1729 3379 eo
1780 3340 2053 3397 agi-retur.

472 3415 651 3483 Caper
688 3432 815 3486 ergo
844 3415 1180 3473 CllliSSltriUS.
1239 3426 1428 3486 utpote
1478 3418 1568 3488 qui
1596 3420 1832 3474 emissus
1859 3430 1941 3475 est
2002 3430 2059 3476 et

472 3506 931 3566 noniininolatur.
959 3508 1175 3561 dicitur.
1210 3506 1381 3575 Cujus
1422 3519 1600 3564 autem
1639 3511 1711 3564 rei
1738 3514 1907 3581 gratia
1945 3527 2057 3566 non

473 3596 809 3662 immolatur,
830 3599 920 3665 qui
947 3598 1009 3651 ad
1044 3597 1415 3665 confirmatum
1451 3599 1746 3668 deputatus
1775 3610 1881 3664 est,
1913 3602 2058 3656 sicut

474 3690 667 3760 Aquila
694 3691 896 3744 edidit?
916 3691 1037 3759 quis
1063 3703 1247 3747 autem
1275 3692 1344 3746 sit
1372 3692 1725 3746 continuatus
1748 3692 1859 3748 sive
1877 3693 2054 3758 fortis,

475 3783 601 3841 audi
639 3783 741 3837 Job
775 3784 1044 3837 dicentem
1079 3799 1091 3834 :
1119 3782 1256 3849 Scio,
1292 3785 1416 3852 quia
1443 3795 1624 3853 potens
1651 3801 1725 3847 es.
1752 3794 1801 3838 et
1831 3784 1978 3840 nulla
2008 3795 2057 3841 te

478 3878 607 3933 latet
646 3876 891 3946 cogitatio
926 3877 992 3930 ".
1038 3877 1175 3931 Audi
1224 3885 1279 3931 et
1341 3877 1506 3931 David
1545 3893 1559 3930 :
1630 3876 2057 3934 Firmamentum

478 3978 554 4023 est
580 3967 833 4021 Dominus
864 3967 1165 4021 timentibus
1195 3983 1310 4021 eum
1342 3968 1406 4023 “.
1443 3968 1602 4039 Ergo,
1662 3982 1767 4022 una
1836 3968 2057 4037 quidem

479 4071 599 4109 sors
652 4054 942 4109 immolata:
997 4055 1150 4110 carni
1207 4053 1435 4120 Christi,
1484 4072 1606 4124 qua:
1631 4071 1755 4111 cum
1789 4056 1938 4111 unita
1989 4056 2061 4111 sit

481 4149 593 4203 Deo
618 4148 820 4211 Verbo,
850 4159 996 4203 recte
1028 4149 1290 4202 Dominus
1318 4149 1650 4202 nominatur.
1673 4148 1903 4217 Propter
1919 4148 2063 4218 quod

482 4240 680 4295 Paulus
703 4242 809 4295 ait:
843 4239 900 4295 Si
931 4256 1051 4313 ergo
1080 4241 1456 4310 cognovissent,
1488 4256 1759 4311 nunquam
1785 4241 2065 4295 Dominum

2155 3060 2553 3130 Operationem,
2589 3056 2811 3113 dicitur.
2848 3054 3035 3110 Portat
3076 3054 3243 3110 etiam
3284 3052 3609 3122 iniquitates
3638 3064 3741 3105 no-

2155 3162 2318 3212 stras,
2348 3150 2474 3219 quia
2510 3149 2651 3220 ignis
2680 3148 2959 3219 proprium
2993 3154 3079 3201 est
3116 3145 3302 3201 fenum
3322 3151 3743 3206 consumere,et

2155 3240 2455 3295 divinitatis
2487 3249 2769 3308 peccatum
2805 3237 3096 3308 perimere,
3146 3235 3291 3291 unde
3320 3240 3379 3289 et
3427 3231 3572 3304 ignis
3605 3246 3743 3287 con-

2156 3347 2380 3388 sunn-ns
2407 3332 2549 3386 Deus
2580 3330 2783 3385 dicitur
2814 3330 2881 3383 ".

2228 3422 2390 3475 Vsus.
2418 3420 2605 3475 ll-t5.
2645 3435 2665 3469 ι
2700 3416 2980 3473 Etoﬂ‘eret
3005 3418 3186 3471 Aaron
3225 3413 3460 3470 vitulum
3493 3425 3739 3483 propee-

2158 3521 2302 3571 cato.
2335 3520 2391 3566 et
2416 3526 2610 3581 rogans
2638 3524 2736 3579 pro
2770 3524 2853 3568 se.
2888 3517 2953 3564 et
2987 3523 3088 3579 pro
3125 3507 3291 3563 domo
3318 3521 3442 3572 sua,
3474 3506 3735 3561 immola-

2162 3606 2242 3661 bit
2269 3620 2416 3659 eum.
2442 3604 2847 3672 Assumptoque
2882 3601 3186 3665 thuribulo,
3216 3598 3365 3671 quod
3411 3598 3484 3655 de
3546 3598 3746 3668 prunis

2162 3695 2350 3751 altaris
2376 3693 2699 3763 impleverit,
2729 3701 2783 3746 et
2816 3692 3079 3747 hauriens
3140 3705 3307 3745 manu
3372 3689 3741 3759 compositum

2167 3786 2457 3865 thy-miama
2488 3787 2545 3839 in
2577 3785 2883 3850 incensum,
2916 3784 3057 3839 ultra
3080 3783 3263 3839 velum
3288 3782 3520 3837 intrabit
3542 3781 3744 3838 insan-

2163 3887 2273 3940 cta,
2329 3886 2392 3933 ut
2447 3879 2641 3948 positis
2693 3892 2861 3947 super
2909 3876 3090 3948 ignem
3147 3875 3507 3936 aromatibus,
3539 3873 3741 3932 nebula

2164 3984 2353 4025 eorum
2381 3975 2436 4023 et
2482 3983 2654 4037 vapor
2682 3967 2892 4038 operiat
2938 3966 3248 4026 oraculum.
3282 3965 3439 4037 quod
3460 3974 3557 4020 est
3580 3977 3747 4035 supa’

2167 4060 2560 4122 testimonium,
2589 4067 2643 4113 et
2672 4074 2783 4114 non
2812 4059 3098 4114 moriatur.
3134 4076 3153 4110 ι
3442 4133 3463 4137 _
3490 4131 3543 4138 ῃ
3562 4130 3589 4137 μ
3628 4129 3727 4142 ﬂ

2237 4155 2373 4222 Quia
2390 4155 2555 4209 multa
2577 4155 2891 4225 frequenter
2932 4162 3052 4208 aeta
3082 4152 3323 4210 diximus
3364 4133 3749 4223 peius—aegi-

2168 4246 2310 4302 ciutu
2345 4243 2659 4302 Saivatoris.
2687 4244 3001 4299 necessarie
3038 4243 3092 4296 iu
3118 4257 3187 4296 eo
3237 4241 3429 4296 multa:
3459 4238 3748 4310 exquisita

482 4333 665 4404 gloria:
744 4332 1215 4402 crttciﬁxicsent“.
1304 4331 1365 4386 ιιι
1445 4332 1825 4388 conﬁrmatum
1882 4342 2062 4389 autem
2101 4319 3294 4409 Dsuntintegedit‘t‘eremite.Principatiter
3320 4349 3455 4405 ergo
3516 4347 3619 4403 per
3678 4330 3746 4385 tt-

484 4424 667 4480 Dcitas
695 4424 981 4513 accipitur:

556 4514 979 4585 Sortisubjiciet.
1044 4515 1175 4571 Sors
1222 4518 1323 4573 ista
1355 4517 1409 4571 in
1460 4517 1564 4571 hac
1592 4517 1896 4586 accipitur:
1949 4519 2065 4575 itch

489 4606 633 4661 enim
660 4607 841 4661 omnia
859 4609 1134 4671 obtinens,
1167 4609 1330 4664 etiam
1376 4608 1648 4679 propriam
1686 4625 1908 4663 carnem
1937 4625 2065 4680 pas-

488 4699 642 4756 sione
690 4708 840 4754 rccte
894 4702 1255 4756 confirmavit.
1306 4701 1597 4771 Propterea
1649 4702 1843 4758 otIeret
1883 4703 2067 4759 Aaron

490 4810 735 4863 caprum,
770 4794 823 4848 in
850 4810 957 4863 quo
991 4796 1203 4849 venerit
1245 4795 1294 4849 ei
1320 4811 1441 4850 sors
1487 4795 1736 4859 Domino,
1776 4805 1830 4850 et
1876 4796 2073 4851 oli'eret

490 4902 614 4941 eum
638 4903 740 4956 pro
767 4896 1007 4956 peccato.
1037 4886 1396 4957 lntclligibilis
1453 4889 1598 4943 enim
1663 4889 1865 4950 Aaron.
1903 4889 1947 4944 is
1977 4889 2070 4959 qui

491 4978 796 5033 sacerdotio
825 4988 1014 5033 nostro
1056 4988 1274 5049 pratest.
1336 4980 1405 5034 de
1452 4995 1563 5049 quo
1628 4978 1826 5035 Paulus
1893 4979 2067 5034 dicit:

492 5070 639 5125 Sicut
663 5072 955 5127 Aaron.sic
985 5082 1032 5125 et
1073 5072 1308 5127 Christus
1348 5073 1685 5140 semetipsum
1733 5071 2065 5142 gloriﬁcavit,

496 5173 548 5214 ut
581 5164 821 5217 sacerdos
852 5161 997 5231 ﬁeret
1033 5162 1098 5215 “.
1134 5161 1227 5217 llic
1255 5179 1407 5218 suam
1435 5177 1654 5217 carnem
1688 5162 1880 5218 oll'erct
1905 5164 2069 5229 Patri,

496 5264 549 5306 rt
580 5253 634 5306 in
657 5254 772 5324 ipsa
801 5256 996 5309 olleret
1021 5271 1117 5324 pro
1143 5263 1391 5325 peccato,
1432 5253 1499 5309 de
1548 5271 1657 5325 quo
1719 5256 1920 5310 Paulus
1969 5256 2073 5309 Ile-

498 5347 657 5401 br.cis
696 5349 916 5418 scripsit
951 5365 963 5401 :
998 5348 1095 5402 llic
1127 5365 1287 5401 unum
1311 5364 1405 5418 pro
1451 5358 1661 5416 peccato
1712 5348 1929 5417 offerens
1980 5349 2075 5401 lio-

500 5440 679 5503 stium,
715 5442 769 5492 in
799 5452 1102 5507 perpetuum
1138 5444 1275 5495 sedet
1315 5442 1366 5492 in
1398 5441 1581 5494 dextra
1609 5440 1792 5520 Dei”.

571 5581 615 5609 ""
649 5579 810 5632 Hebr.
846 5596 883 5639 ι,
916 5581 967 5633 '5.
1082 5584 1124 5611 "
1160 5582 1292 5635 ibid.
1409 5583 1451 5612 "
1474 5581 1575 5634 an
1609 5599 1734 5641 xm.
1765 5583 1811 5635 3.

1931 5582 1975 5611 “
2002 5581 2142 5635 Psal.
2179 5595 2318 5634 χειν,
2360 5579 2440 5631 Η.

2171 4431 2285 4494 lud,
2312 4430 2412 4500 ipsi
2438 4428 2600 4483 Israel
2628 4428 3018 4500 proﬂigabatur
3046 4428 3325 4482 absolutio
3358 4436 3584 4497 propter
3604 4423 3748 4495 quod

2171 4522 2422 4578 dicebat:
2461 4520 2580 4575 Non
2610 4521 2723 4575 veni
2755 4520 2855 4574 uisi
2888 4520 2959 4572 ad
2994 4535 3109 4574 oves
3137 4532 3257 4591 qua:
3281 4515 3751 4587 periernmdoanrs

2170 4613 2338 4670 Israel
2359 4613 2404 4645 ⁷ο
2458 4613 2581 4667 Non
2610 4612 2783 4667 solum
2815 4620 2999 4666 autem
3046 4610 3218 4667 Israel
3250 4607 3523 4673 liberatio,
3548 4606 3649 4662 sed
3693 4612 3752 4659 et

2173 4704 2415 4776 gentium
2446 4703 2697 4757 ineratin
2730 4701 3004 4756 sacriticio
3052 4699 3252 4754 Christi
3289 4698 3582 4754 correctio.
3640 4692 3753 4747 lloc

2173 4804 2357 4849 autem
2389 4803 2575 4864 aperte
2604 4791 2802 4846 Paulus
2823 4804 3121 4861 exponens,
3149 4789 3213 4843 ad
3246 4787 3515 4858 Ephesios
3542 4784 3751 4840 scribe-

2174 4886 2299 4941 bat:
2330 4885 2389 4941 Ut
2418 4887 2547 4939 duos
2571 4884 2758 4936 condat
2792 4882 2847 4935 in
2893 4880 3190 4949 semetipso,
3239 4877 3294 4931 in
3356 4892 3521 4930 unum
3563 4889 3750 4931 itm

2144 4962 2429 5032 hominem
2450 4977 2646 5046 faciens
2672 4990 2853 5042 pacern
2879 4981 2927 5026 et
2955 4970 3254 5026 reconciliet
3298 4969 3482 5022 ambos
3543 4968 3599 5021 in
3648 4982 3754 5020 uno

2173 5087 2388 5140 corpore
2427 5069 2551 5133 Deo,
2596 5084 2687 5138 per
2719 5081 2925 5120 crucem
2973 5064 3292 5133 interﬁciens
3339 5062 3655 5114 inimicitias
3694 5063 3759 5112 in

2178 5163 2474 5231 semetipso.
2502 5171 2550 5214 et
2590 5160 2796 5214 veniens
2844 5156 3222 5228 euangelizauit
3271 5169 3451 5221 pacem
3472 5151 3619 5205 nobis
3667 5149 3758 5220 ηιξ

2182 5254 2331 5326 longe
2362 5252 2556 5323 fuistis,
2579 5259 2627 5303 et
2666 5265 2850 5319 pacem
2880 5248 2959 5300 liis
2997 5249 3087 5317 qui
3115 5261 3275 5315 prope
3304 5245 3369 5295 ".
3403 5242 3593 5313 Longe
3626 5254 3759 5311 gen-

2185 5357 2267 5401 tes
2297 5345 2580 5416 appellaus
2605 5345 2732 5412 quia
2757 5342 2918 5412 longe
2970 5341 3043 5394 ab
3069 5338 3216 5392 omni
3276 5336 3461 5391 divina
3528 5332 3760 5388 scientia

2183 5448 2359 5497 erant.
2393 5438 2541 5506 juxta
2578 5435 2741 5490 lsrael
2773 5448 2935 5503 quem
2970 5431 3338 5500 propinquare
3371 5425 3683 5507 propheta,-
3703 5431 3766 5475 et

2519 5578 2560 5605 ”
2587 5577 2604 5631 l
2633 5579 2751 5629 (tor.
2791 5591 2849 5631 ιι.
2888 5572 2937 5623 8.
3017 5573 3062 5609 ι·
3097 5569 3256 5625 llebr.
3295 5586 3347 5631 ι’,
3382 5566 3434 5619 ι.
3513 5566 3561 5597 ’⁷
3593 5565 3764 5629 Hebr.

510 5647 595 5701 l3.
672 5648 715 5677 “
747 5649 885 5701 l’sal.
919 5665 1048 5714 ιλιι,
1089 5651 1199 5705 ὶ-ὗ.
1277 5652 1320 5682 ⁸³
1399 5650 1554 5706 Deut.
1598 5654 1777 5718 iv,2l.
1856 5654 1896 5684 7°
1929 5651 2117 5706 Matth.
2162 5667 2247 5712 xv,
2281 5650 2373 5703 2t.
2447 5648 2486 5677 "
2527 5647 2724 5713 Ephes.
2756 5642 3028 5709 tt,l5~l7.
