4038 6182
308 288 418 351 993

1473 282 1554 343 IN
1597 280 2037 342 LEVITICUBI.
2068 304 2133 314 υ-
2176 279 2323 339 LIB.
2359 280 2425 339 ν.

308 399 396 454 lex
425 398 677 454 leniebat.
714 395 924 454 Dehine
953 398 1288 453 subnectens
1316 394 1518 450 Paulus
1552 394 1714 448 dixit:
1750 390 1887 458 Quia
1919 404 1961 457 Α
1991 391 2253 446 Adeamus
2285 407 2404 445 cum
2429 392 2746 461 conﬁdentia
2784 392 2853 445 ad
2885 393 3128 448 thronum
3151 393 3339 465 gloriae
3367 394 3479 463 ejus
3503 398 3575 447 ⁸⁸.

309 508 403 560 per
423 492 594 560 ipsum
609 489 858 544 habemus
878 504 1166 551 accessum,
1188 488 1400 558 utrique
1423 488 1478 538 in
1504 500 1606 539 uno
1620 484 1807 554 spiritu
1830 485 1901 537 ad

313 581 531 635 Patrem
560 580 627 634 τ’.
654 579 905 634 immolat
929 595 1063 650 ergo
1124 577 1491 647 intelligibilis
1519 579 1705 629 Aaron
1753 575 1894 629 vitu-

310 672 444 738 lum,
473 674 523 730 id
548 681 640 729 "est
665 674 944 743 prepriam
1002 686 1254 736 carnem,
1284 672 1445 740 cujus
1481 670 1661 725 hostia
1684 669 1903 738 quando

312 763 620 819 inJudaieac
645 763 823 833 plebis
840 763 1227 818 liberationem
1254 764 1541 834 acc-pitur,
1567 761 1900 815 sacriﬁcium

313 857 466 912 vituli
491 857 805 912 necessarie
831 859 1133 911 assumitur
1159 872 1175 920 ;
1211 856 1449 910 habebat
1477 854 1625 909 enim
1657 856 1775 925 ipsc
1832 854 1904 908 le-

314 949 487 1020 galem
519 948 993 1019 justiﬁcationem,
1034 950 1275 1003 maxime
1334 953 1395 1001 ut
1425 954 1615 1017 aperte
1642 944 1903 1015 praedicat-

315 1050 440 1096 ret:
476 1042 597 1096 Non
627 1044 747 1096 veni
776 1041 976 1095 solvere
1003 1040 1192 1110 legem,
1224 1041 1319 1094 sed
1367 1038 1591 1109 implere
1614 1038 1681 1089 ⁷⁸.
1703 1037 1903 1091 l’aulus

318 1144 503 1188 autem
524 1137 591 1188 de
622 1134 742 1204 ipso
775 1133 994 1189 dicebat
1031 1151 1043 1186 :
1100 1132 1245 1187 Misit
1295 1132 1439 1187 Deus
1477 1131 1677 1186 Filium
1725 1144 1899 1190 suum,

320 1225 608 1292 factumea:
644 1223 889 1289 muliere,
910 1225 1111 1296 factum
1132 1224 1226 1279 sub
1250 1223 1382 1295 lege,
1435 1233 1492 1277 ut
1543 1239 1632 1278 eos
1678 1222 1770 1287 qui
1810 1220 1903 1274 sub

320 1313 434 1386 lege
454 1324 626 1376 erant,
660 1315 944 1371 redimeret
971 1315 1039 1369 ’δέ
1068 1314 1194 1369 llaec
1244 1325 1431 1369 autem
1452 1315 1659 1371 vitulus
1683 1320 1905 1383 propter

311 1408 504 1480 jngum
540 1413 931 1467 mandatorum
948 1404 1081 1481 'apte
1114 1411 1457 1482 intelligitur.

382 1501 595 1573 Rogans
626 1521 720 1570 pro
740 1521 816 1559 se.
841 1504 1113 1560 Videlicet
1173 1520 1273 1569 pro
1318 1505 1704 1571 humanitate;
1740 1503 1904 1573 hujus

311 1595 459 1649 enim
495 1597 548 1650 in
576 1598 874 1667 semetipso
893 1597 1121 1669 ﬁguram
1164 1598 1411 1668 gerebat.

382 1685 487 1743 Sed
513 1699 562 1742 et
595 1704 691 1760 pro
722 1689 876 1743 domo
893 1706 1014 1744 sua.
1068 1687 1296 1759 Pmprie
1327 1702 1453 1742 eum
1491 1687 1583 1756 qui
1623 1687 1727 1741 sub
1785 1685 1904 1757 lege

312 1779 531 1835 vivebat
559 1782 843 1852 populum,
886 1781 978 1851 qui
1010 1782 1218 1849 domus
1251 1780 1422 1850 ipsius
1450 1789 1675 1850 propter
1701 1793 1901 1847 cogita.

314 1871 518 1926 tionem
553 1872 673 1935 l'uit,
703 1871 852 1926 venit
897 1870 1155 1925 liberare.
1204 1870 1433 1939 Propter
1459 1869 1604 1937 quod
1633 1866 1903 1937 Cleophas

311 1962 528 2017 dicebat
557 1978 571 2014 :
600 1962 711 2017 Nos
739 1972 917 2017 autem
940 1965 1310 2032 sperabamus,
1342 1961 1467 2030 quia
1499 1963 1607 2030 ipse
1646 1968 1781 2013 esset
1818 1975 1902 2011 rc-

311 2052 621 2121 dcmpturus
648 2052 816 2106 Israel
840 2053 931 2107 ⁷⁵.ι
1886 2100 1903 2113 .

382 2143 788 2215 Immolabitque
806 2159 944 2198 eum.
1007 2142 1128 2213 lpse
1174 2142 1323 2197 enim
1349 2140 1631 2211 propriam
1680 2155 1901 2196 carnem

314 2231 656 2296 immolavit;
689 2233 807 2302 ipse
846 2231 930 2285 sui
956 2230 1211 2286 sacriﬁcii
1243 2232 1486 2299 pontifex
1542 2231 1596 2283 in
1662 2231 1792 2285 Sion
1821 2232 1903 2285 la-

314 2333 440 2379 ctus
465 2335 572 2392 est,
609 2325 830 2394 quando
856 2323 1137 2394 sanguinis
1192 2325 1320 2378 novi
1374 2323 1691 2378 testamenti
1741 2324 1904 2378 dabat

313 2415 565 2472 calicem.

382 2507 763 2577 Assumptoque
790 2504 1079 2572 tlruribulo,
1132 2505 1272 2576 quod
1298 2506 1362 2559 de
1387 2506 1568 2574 prunis
1593 2504 1783 2558 altaris
1802 2506 1902 2557 im-

313 2598 554 2670 pleverit.
586 2600 975 2665 Thuribulum,
997 2601 1238 2669 linguam
1267 2598 1607 2653 Dominicam
1638 2600 1727 2652 hic
1748 2598 1898 2663 dicit,

315 2695 372 2748 in
399 2686 515 2763 ipsa
547 2694 694 2746 enim
723 2701 841 2746 erat
878 2690 1130 2761 Spiritus.
1171 2691 1349 2745 Sentit
1384 2706 1513 2760 ergo
1536 2691 1753 2760 plenum
1776 2691 1904 2744 thu-

314 2783 550 2839 ribulutn
577 2782 931 2845 carbonibus,
981 2781 1108 2849 quia
1145 2780 1417 2834 sacriticio
1470 2794 1570 2833 suo
1606 2778 1899 2832 doctoralia

313 2876 506 2941 verba,
539 2890 658 2945 qua:
688 2881 847 2928 erant
877 2872 1064 2927 divina
1091 2881 1148 2926 et
1178 2872 1446 2936 coelestia,
1474 2870 1723 2940 protinus
1748 2871 1902 2925 addi-

315 2971 416 3035 dit,
450 2971 519 3024 de
556 2969 756 3039 quibus
799 2968 963 3022 David
1031 2967 1248 3022 dicebat
1287 2984 1301 3019 :
1350 2966 1618 3021 Carbones
1668 2969 1901 3021 succensi

2004 482 2120 537 lloc
2143 499 2273 554 ergo
2299 482 2643 554 intelligibile
2667 483 3093 546 dicebataltare,
3143 487 3288 553 quod
3342 485 3573 541 manife-

2002 582 2289 641 stantqute
2315 580 2622 642 sequuntur
2649 589 2664 637 ;
2699 573 2776 627 ait
2799 574 2945 627 enim
2980 591 2994 627 :
3034 575 3096 630 Ut
3125 576 3449 645 accipiamus
3480 579 3571 631 mi.

2001 663 2365 728 sericordiam,
2393 673 2441 716 et
2471 664 2701 732 gratiam
2737 664 3066 718 inveniamus
3094 667 3149 718 in
3169 669 3371 720 auxilio
3398 685 3579 737 opporv

2003 764 2131 807 tuna
2157 755 2221 809 “.
2258 754 2463 810 Horum
2498 758 2645 811 enim
2676 767 2968 826 utrumque
2984 759 3052 814 ab
3078 758 3233 813 altari
3265 760 3381 815 sine
3402 764 3579 832 aliqua

2003 844 2283 915 dubitante
2321 846 2674 915 percipimus.
2711 848 2816 902 Sed
2844 849 2975 918 quid
2995 849 3051 903 in
3084 849 3169 903 bis
3189 866 3312 919 quae
3338 865 3579 920 sequun-

2006 946 2116 999 tur,
2146 938 2429 1007 legislator
2465 940 2744 995 subdidit?

2076 1030 2144 1084 Et
2169 1030 2423 1083 hauriens
2450 1047 2610 1085 manu
2642 1033 2935 1103 thymiama
2958 1037 3298 1105 compositum
3316 1038 3373 1090 in
3399 1037 3582 1092 incen-

2003 1136 2139 1182 sum,
2163 1120 2304 1174 ultra
2330 1121 2501 1175 velum
2532 1123 2752 1185 intrabit
2783 1126 2838 1179 in
2866 1138 3071 1182 sancta.
3113 1127 3206 1181 Vel
3232 1130 3372 1183 sicut
3402 1130 3576 1184 LXX:

2004 1210 2073 1265 Et
2098 1210 2336 1281 implebit
2394 1229 2584 1266 manus
2635 1229 2761 1268 suas
2801 1217 3146 1285 thymiamate
3194 1220 3584 1287 compositionis

2003 1302 2227 1368 subtilis,
2296 1312 2345 1356 et
2386 1304 2562 1373 offeret
2618 1304 2838 1360 interius
2878 1308 2933 1361 in
2983 1309 3234 1363 interiora
3287 1312 3582 1367 velaminis.

2007 1390 2148 1447 Dicit
2172 1402 2355 1447 autem
2383 1395 2691 1449 orationem
2717 1397 2787 1451 de
2818 1413 2922 1461 qua
2955 1398 3092 1453 dixit
3118 1400 3289 1454 David
3319 1417 3332 1452 :
3363 1401 3576 1472 Dirigu-

2010 1492 2099 1537 tur
2133 1485 2305 1538 oratio
2333 1502 2470 1547 mea,
2500 1487 2634 1540 sicut
2659 1488 2927 1542 incensum
2974 1491 3031 1542 in
3077 1505 3350 1560 conspectu
3406 1503 3495 1545 tuo
3513 1491 3582 1545 ⁸⁹.

2007 1576 2134 1631 llaec
2159 1593 2293 1647 ergo
2323 1580 2543 1647 quando
2570 1581 2851 1634 saecularia
2912 1596 3156 1648 oramus,
3190 1594 3399 1638 ‘crassa
3447 1600 3586 1654 quo-

2007 1668 2324 1732 dammodo,
2356 1677 2412 1724 et
2433 1686 2542 1726 non
2575 1672 2794 1726 subtilis
2832 1681 2934 1727 est.
2999 1673 3228 1738 Quando
3252 1684 3434 1730 autem
3471 1677 3587 1746 spi-

1936 1743 1977 1797 Β
2009 1760 2186 1813 ritalia
2218 1762 2474 1830 petimus,
2517 1762 2570 1816 id
2594 1764 2984 1819 estseientiam
3021 1766 3289 1828 divinam,
3354 1743 3587 1838 regnum

2010 1851 2299 1918 cmlorum,
2340 1853 2720 1908 remissionem
2769 1865 3141 1924 peccatorum,
3173 1859 3390 1915 subtilis
3436 1876 3589 1929 quaa-

2008 1941 2135 1996 dam
2169 1950 2273 2009 est,
2310 1952 2500 2013 utpote
2524 1945 2785 2014 spiritalis
2829 1956 2885 2000 et
2911 1946 3464 2021 intelligibilis,quam
3501 1953 3589 2007 in-

2005 2034 2304 2105 telligibilis
2322 2037 2580 2091 sacerdos
2602 2052 2700 2107 pro
2728 2039 2889 2093 nobis
2917 2040 3097 2093 oll'ert.
3122 2041 3467 2097 Manifestum
3488 2059 3590 2097 au-

2011 2136 2118 2182 tem
2152 2138 2235 2183 est
2269 2145 2335 2185 ex
2362 2143 2428 2183 eo
2457 2129 2605 2199 quod
2655 2144 2756 2199 pro
2785 2129 3072 2199 discipulis
3118 2131 3370 2188 Christus
3400 2150 3589 2201 orans,
3620 2148 3627 2155 '

2004 2218 2501 2273 sanctiﬁcationem
2533 2219 2614 2273 eis
2640 2228 2696 2273 et
2722 2220 2993 2275 unitatem
3013 2235 3224 2287 secum,
3256 2223 3592 2278 libertatem-

2003 2324 2110 2380 que
2151 2311 2205 2364 in
2230 2311 2467 2375 (mundo,
2493 2320 2548 2365 et
2583 2311 2687 2365 alia
2732 2312 2861 2366 talia
2906 2313 3257 2382 deposcebat.
3285 2314 3512 2368 Intrabit
3537 2317 3594 2368 in

2003 2412 2222 2466 sancta;
2248 2402 2384 2467 sive,
2417 2403 2715 2457 secundum
2752 2401 2912 2470 LXX,
2933 2413 2982 2457 et
3012 2405 3186 2473 offeret
3229 2405 3284 2458 in
3335 2406 3591 2458 interiora

2008 2493 2318 2551 uelaminis,
2346 2495 2532 2547 carnis
2559 2493 2816 2548 videlicet
2849 2510 2981 2549 suae.
3007 2495 3209 2549 oneret
3246 2506 3450 2556 autem,
3469 2495 3594 2550 cui?

2003 2584 2148 2639 Patri
2183 2586 2453 2650 videlicet,
2481 2586 2607 2656 quia
2639 2586 2754 2640 hch
2781 2586 2998 2656 quidem
3032 2586 3317 2640 manifesta
3344 2587 3594 2656 aspectui

2003 2676 2246 2729 omnium
2278 2675 2693 2744 praeferebatur,
2718 2675 2835 2745 ipse
2851 2686 3031 2729 autem
3053 2685 3170 2729 erat
3196 2675 3488 2732 invisibilis
3517 2693 3532 2731 :

2082 2767 2144 2823 Ut
2175 2768 2361 2836 positis
2395 2782 2552 2836 super
2579 2769 2751 2837 ignem
2799 2768 3151 2843 aromatibus,
3190 2767 3381 2821 nebula
3414 2784 3594 2822 eorum

2003 2868 2052 2913 et
2083 2876 2248 2928 uapor
2282 2859 2487 2928 aperiat
2516 2858 2813 2923 oraculum,
2851 2864 2989 2930 quod
3030 2869 3104 2914 est
3150 2876 3311 2930 super
3358 2860 3594 2913 testimo-

2010 2953 2179 3014 nium.
2214 2961 2263 3006 et
2294 2967 2399 3005 non
2425 2952 2706 3004 moriatur.
2754 2952 3053 3017 Dupliciter
3097 2952 3185 3006 hic
3213 2952 3356 3021 quod
3393 2952 3597 3005 dicitur

313 3072 436 3119 sunt
463 3062 529 3116 ab
549 3077 607 3116 eo
631 3061 694 3112 ⁷⁸.
735 3059 848 3115 Hoc
879 3060 1120 3115 Joannes
1148 3061 1203 3114 in
1258 3074 1414 3114 caena
1445 3068 1564 3113 acta
1613 3068 1898 3129 postquam

2023 3043 2289 3114 intellige.
2342 3042 2480 3107 Quia
2505 3058 2633 3111 ergo
2665 3042 2845 3096 Aaron
2897 3042 3070 3111 ipsius
3109 3042 3313 3098 Christi
3368 3043 3595 3113 ligurum

315 3154 486 3213 ludas
505 3167 590 3211 est
606 3169 861 3225 egressus
883 3154 1097 3222 scripsit
1116 3156 1186 3219 ⁷⁷,
1209 3154 1261 3206 in
1281 3152 1501 3221 quibus,
1515 3152 1790 3221 quomodo
1804 3152 1921 3222 qui_

316 3252 442 3305 dem
472 3248 635 3304 Pater
672 3251 726 3302 in
756 3252 897 3317 ipso,
931 3246 1208 3316 quomodo
1254 3254 1437 3299 autem
1472 3244 1587 3314 ipse
1607 3260 1731 3299 cum
1762 3247 1832 3298 sit
1862 3245 1920 3299 in

319 3340 507 3405 Patre,
536 3340 721 3394 mittat
746 3339 954 3393 donum
987 3338 1270 3408 Spiritus;
1296 3336 1572 3406 quomodo
1616 3334 1778 3389 Pater
1839 3344 1923 3389 est

318 3431 578 3502 agricola,
634 3432 749 3501 ipse
782 3431 927 3495 vitis,
955 3429 1189 3499 apostoli
1215 3443 1347 3482 vero
1370 3427 1619 3496 palmites
1644 3444 1660 3491 ;
1687 3440 1920 3495 quomo-

320 3526 393 3578 do
438 3522 692 3591 princeps
731 3522 924 3575 mundi
964 3520 1131 3588 hujus
1181 3519 1486 3589 judicetur,
1526 3518 1737 3586 aliaque
1757 3532 1923 3588 expo-

321 3615 406 3670 nit
436 3613 714 3678 miraeula,
738 3628 859 3681 quae
894 3621 1026 3665 sunt
1078 3614 1354 3665 carbones
1379 3611 1537 3681 ignis,
1563 3617 1749 3679 utpote
1777 3608 1922 3663 calc-

321 3704 577 3761 faeientia
605 3720 705 3759 nos
736 3705 802 3757 ad
833 3705 1113 3774 pietatem,
1162 3719 1286 3756 cum
1318 3704 1431 3755 sint
1462 3702 1789 3771 generaliter
1811 3700 1921 3773 spi-

324 3798 502 3853 ritalia
542 3798 674 3852 :setl
706 3807 761 3852 et
782 3799 974 3863 altare,
1007 3795 1152 3867 quod
1201 3794 1507 3849 secundum
1564 3792 1729 3859 LXX,
1793 3801 1919 3847 ante

324 3890 632 3946 Dominum.
666 3889 777 3944 lloc
801 3897 986 3943 autem
1030 3904 1150 3943 esse
1180 3904 1275 3941 sex
1321 3887 1640 3949 Cherubin],
1688 3888 1742 3940 in
1781 3886 1917 3955 ipsis

325 3984 612 4054 prommiis
642 3981 763 4035 libri
793 3982 963 4051 hujus
1009 3981 1375 4034 ostendimus.
1403 3979 1515 4032 Illic
1545 3978 1692 4032 enim
1728 3979 1919 4057 carbo-

324 4092 425 4131 nes
491 4074 848 4146 iutelligibilis
889 4072 1028 4144 ignis
1086 4075 1414 4126 constitutos
1462 4085 1604 4132 esse,
1665 4068 1917 4123 Ezechiel

324 4156 592 4239 propheta
612 4165 1050 4231 demonstravit;
1120 4163 1412 4217 Dominum
1462 4162 1665 4230 quippe
1712 4163 1914 4229 ipsum,

323 4263 417 4331 qui
449 4271 567 4317 erat
595 4260 819 4314 indutus
853 4259 1079 4328 pedere,
1114 4264 1170 4311 ct
1195 4256 1477 4309 accinctos
1513 4253 1746 4307 habebat
1779 4252 1919 4304 lum-

324 4355 446 4417 bos,
490 4353 748 4424 proponit
775 4351 1052 4405 dieentern
1088 4364 1103 4401 :
1156 4348 1438 4416 Ingredere
1476 4346 1530 4398 in
1577 4345 1803 4397 medium
1826 4358 1915 4396 ro-

2024 3135 2185 3207 gerit,
2216 3143 2440 3204 propter
2464 3133 2752 3188 sacerdotii
2796 3134 3135 3204 dignitatem,
3175 3133 3401 3205 ﬁguram
3431 3135 3597 3189 etiam

2021 3228 2160 3298 gerit
2206 3226 2450 3297 corporis
2501 3228 2867 3282 sacerdotum.
2912 3227 3323 3297 Superimponit
3378 3228 3598 3297 quidem

2025 3318 2280 3373 Christus
2306 3318 2486 3389 ignem
2524 3327 2790 3381 aromata,
2841 3318 2896 3371 id
2952 3326 3036 3372 est
3076 3318 3379 3372 orationem
3435 3333 3601 3388 super

2022 3412 2424 3477 doctrinam,et
2452 3411 2631 3480 operit
2678 3426 2841 3479 vapor
2875 3425 3063 3464 eorum
3118 3410 3354 3474 nebulae,
3405 3410 3457 3463 id
3516 3418 3602 3464 est

2023 3504 2289 3560 orationis
2320 3504 2516 3559 virtus.
2552 3501 2841 3557 Oraculum
2903 3501 3041 3570 quod
3072 3510 3146 3554 est
3169 3517 3328 3569 super
3366 3500 3600 3553 testimo-

2022 3602 2193 3664 nium;
2256 3598 2307 3652 id
2339 3607 2443 3662 est,
2475 3611 2696 3651 carnem
2735 3609 2910 3658 suam,
2939 3608 3005 3647 ex
3033 3607 3138 3663 qua
3169 3591 3484 3662 propitiatio
3500 3605 3599 3645 no-

2020 3693 2105 3747 bis
2133 3690 2440 3762 conquisita
2469 3697 2556 3743 est
2586 3696 2953 3757 peccatorum,
2976 3694 3032 3740 et
3058 3685 3111 3737 in
3148 3683 3373 3738 salutari
3402 3691 3485 3736 est
3514 3681 3597 3736 vi-

2019 3784 2220 3839 delicet
2244 3784 2516 3853 passione.
2545 3780 2663 3835 Hoc
2685 3790 2867 3834 autem
2898 3793 3018 3833 esse
3049 3776 3420 3832 testimonium
3440 3775 3601 3846 paulo

2021 3877 2275 3947 superius
2296 3873 2658 3928 ostendimus.
2686 3871 2753 3925 Et
2807 3887 2907 3923 non
2934 3870 3189 3922 morietur
3233 3868 3601 3936 corruptionis

2020 3978 2219 4031 morte,
2252 3980 2440 4035 neque
2464 3963 2612 4018 enim
2667 3977 2792 4017 caro
2826 3960 2945 4030 eius
2986 3959 3125 4013 vidit
3168 3959 3598 4027 corruptionem,

2019 4062 2144 4131 quia
2162 4074 2363 4128 vapore
2390 4067 2695 4110 aromatum
2720 4053 2917 4107 virtute
2944 4051 3126 4119 utique
3152 4048 3414 4104 orationis
3437 4049 3598 4113 illius,

2020 4151 2391 4221 operiebatur,
2426 4149 2494 4202 de
2543 4163 2647 4216 qua
2713 4144 2902 4197 David-
2930 4143 3024 4206 ait,
3061 4142 3336 4195 Christum
3385 4138 3600 4193 Patrem

2019 4246 2358 4313 deprecans:
2395 4239 2532 4304 Quia
2598 4252 2700 4290 non
2730 4234 3054 4303 derelinquas
3087 4232 3321 4285 animant
3356 4245 3526 4282 meam
3547 4230 3605 4282 in

2019 4335 2247 4405 inferno,
2272 4347 2436 4402 neque
2468 4328 2618 4383 dabis
2646 4337 2888 4380 sanctum
2926 4334 3073 4376 tuum
3110 4323 3281 4375 videre
3305 4319 3604 4388 corruptio-

328 4457 503 4498 tarum
528 4445 707 4497 subter
740 4441 1051 4503 Cherubim,
1082 4452 1130 4494 et
1162 4437 1322 4509 imple
1344 4453 1533 4491 manus
1561 4446 1680 4490 tuas
1713 4437 1777 4489 de
1806 4451 1916 4488 me-
1950 4431 1991 4485 D
2023 4443 2140 4481 nem
2164 4426 2234 4481 ⁸³.
2264 4423 2425 4477 Ponit
2452 4429 2632 4475 autem
2666 4416 3035 4486 unusquisque
3062 4411 3316 4509 sacerdos
3345 4411 3413 4509 de
3443 4410 3604 4509 Chri-

328 4539 417 4592 dio
441 4537 724 4593 Cherubin:
741 4536 809 4589 ⁷⁸.
834 4534 972 4601 Quia
1000 4548 1128 4603 ergo
1156 4531 1326 4584 altare
1352 4528 1709 4597 intelligibile,
1740 4528 1792 4585 in
1814 4542 1924 4595 quo

330 4632 598 4686 carbones
617 4629 766 4701 ignis
792 4635 945 4692 sunt,
988 4629 1177 4681 sedem
1203 4622 1502 4679 Cherubin:
1531 4629 1748 4692 oportet
1770 4618 1928 4674 intel-

329 4724 443 4796 ligi,
477 4724 605 4792 audi
641 4720 834 4777 lsaiam
859 4721 1175 4775 dicentem:
1207 4716 1277 4770 Et
1319 4716 1455 4769 venit
1499 4715 1570 4767 ad
1595 4729 1677 4766 me
1708 4730 1841 4766 unus
1861 4712 1925 4765 de

328 4814 630 4885 Serap/rirn,
658 4822 706 4867 et
735 4814 790 4865 in
816 4828 977 4865 manu
1007 4812 1123 4880 ejus
1159 4807 1411 4871 calculus,
1434 4823 1586 4876 quem
1614 4806 1809 4876 forcipe
1840 4815 1925 4858 tu-

329 4908 462 4963 lerat
490 4910 551 4962 de
577 4906 767 4972 altari,
805 4915 855 4958 et
893 4904 1061 4975 tetigit
1108 4920 1163 4957 os
1188 4918 1361 4956 meum
1393 4900 1458 4955 τ’.
1509 4898 1663 4964 Quod
1688 4915 1819 4969 ergo
1866 4898 1920 4951 in

329 5002 468 5057 cmlo
501 5010 586 5056 est
617 5000 787 5055 altare
823 4997 991 5061 aliud,
1023 4996 1126 5051 nisi
1169 4992 1524 5050 Cherubim?
1560 4991 1666 5044 Sed
1701 4991 1809 5055 his,
1846 4989 1921 5045 si-

330 5093 588 5147 cutenim
619 5103 724 5148 tam
752 5091 1025 5164 pontifex,
1059 5106 1224 5160 quam
1274 5103 1393 5149 rex,
1447 5085 1587 5137 idem
1628 5092 1682 5138 ct
1734 5084 1921 5138 Sedcm

332 5187 519 5250 habet,
553 5197 607 5240 et
634 5186 804 5241 altare
832 5203 844 5237 :
882 5186 989 5241 hoc
1013 5200 1145 5255 ergo
1169 5182 1375 5235 Paulus
1424 5178 1666 5236 Hebraeis
1712 5176 1921 5247 signiti-

331 5292 465 5332 eans
495 5276 748 5331 diccbat:
796 5275 916 5329 Non
976 5276 1115 5328 enim
1163 5272 1413 5326 habemus
1468 5266 1783 5339 pontiﬁcem,
1834 5266 1924 5334 qni

335 5378 627 5440 nonpotest
665 5371 894 5438 compati
945 5365 1340 5437 inﬁrmitatibus
1391 5361 1605 5420 nostris,
1670 5367 1924 5410 lentatum

333 5471 513 5517 autem
548 5477 643 5531 per
696 5461 874 5514 omnia
904 5476 999 5527 pro
1055 5456 1422 5517 similitudine,
1452 5442 1644 5520 absque
1692 5458 1923 5517 peccato.

404 5655 450 5685 "'
476 5650 680 5721 Ephes.
739 5663 802 5708 tl,
837 5645 927 5721 τε.
980 5643 1051 5721 "’f
1088 5639 1280 5721 Matth.
1308 5654 1362 5702 v,
1402 5637 1492 5721 ΗΞ

341 5727 362 5780 ι
393 5705 544 5785 θεαί(ίῖ
619 5720 664 5751 τ⁸
697 5705 902 5776 Exurit.
934 5730 991 5780 Χ,
1026 5714 1076 5766 l.
1153 5711 1197 5742 τ’
1223 5708 1324 5763 lsa.
1359 5725 1432 5773 st,
1468 5708 1522 5772 l5,
1545 5705 1595 5757 Ἴ.

2028 4527 2111 4572 sto
2138 4517 2384 4585 loquens,
2407 4513 2463 4568 in
2494 4514 2669 4583 ignem
2712 4516 2972 4571 aromata,
3035 4502 3288 4575 spiritalis
3341 4501 3606 4579 doctrinae

2028 4608 2358 4672 orationem,
2415 4612 2472 4659 et
2519 4602 2783 4658 orationis
2830 4601 3000 4653 virtus
3059 4595 3233 4666 operit
3298 4595 3601 4656 oraculum,

2033 4700 2179 4767 quod
2206 4706 2289 4751 est
2315 4711 2481 4765 super
2502 4692 2900 4748 testimonium.
2958 4685 3076 4741 Non
3105 4683 3370 4756 permittit
3421 4689 3602 4736 autem

2030 4808 2156 4847 eum
2192 4804 2438 4858 qua-rere
2462 4788 2530 4841 de
2560 4783 2907 4855 passionibus
2957 4775 3249 4831 Dominicis
3286 4772 3493 4835 carnis,
3539 4784 3602 4822 ea

2029 4898 2150 4954 quae
2211 4895 2379 4949 super
2443 4880 2698 4935 virtutem
2772 4870 3067 4942 quzcrentis
3136 4871 3316 4926 sunt;
3380 4869 3435 4913 et
3489 4875 3598 4954 non

2025 4949 2327 5032 merientur
2351 4988 2413 5027 ea
2445 4988 2565 5041 quia
2602 4968 2820 5024 delinita
2867 4971 2952 5018 est
2999 4953 3375 5013 immoderatis
3421 4949 3602 5018 inqui-

2027 5068 2306 5128 sitoribus,
2333 5066 2425 5135 qui
2486 5080 2550 5119 ea
2612 5066 2866 5133 qurerunt
2930 5069 3050 5124 qua:
3117 5043 3433 5101 hominibus
3489 5058 3598 5095 non

2027 5164 2157 5217 libet
2194 5174 2459 5231 qumrere,
2495 5166 2689 5211 morte.

2099 5228 2262 5309 Vens.
2291 5252 2380 5306 it.
2411 5270 2429 5302 ς
2458 5249 2632 5303 'l‘ollet
2653 5257 2867 5316 quoque
2895 5240 2959 5295 de
2976 5230 3242 5303 sanguine
3261 5228 3412 5283 vituli
3442 5235 3495 5282 et
3514 5242 3604 5282 as-

2035 5356 2225 5421 pergat
2256 5344 2423 5416 digito
2447 5344 2649 5411 septies
2672 5344 2857 5390 contra
2871 5324 3304 5402 propitiatorium
3327 5322 3394 5377 ad
3416 5322 3600 5377 orien-

2032 5451 2162 5496 tt‘m.
2206 5460 2223 5491 ι

1567 5630 1806 5684 “Galat.
1856 5643 1932 5686 tv,
1966 5629 2019 5680 4.
2097 5625 2143 5655 ⁷⁸
2171 5622 2301 5676 an.
2350 5636 2492 5685 xxiv,
2525 5619 2641 5686 2|.
2689 5612 2734 5686 ’ξ
2763 5609 2900 5686 Psal.
2943 5622 3084 5686 xvii,
3114 5604 3203 5686 9.“
3235 5603 3289 5686 1"
3325 5600 3479 5686 lioan».
3511 5612 3602 5666 xv,

2064 5695 2147 5760 lii,
2347 5672 2553 5745 ἷίίὺίιι.
2629 5685 2673 5716 δ’
2711 5680 2854 5736 l’sal.
2886 5695 3001 5748 CXL,
3029 5682 3083 5732 2.
3159 5675 3203 5706 ἐ
3233 5672 3378 5728 Psal.
3403 5684 3486 5726 xv.
