4038 6182
1677 341 2037 402 HESYCHII
2076 339 2550 405 PBESBYTEitI

3638 337 3743 404 996

548 460 681 520 Sive
710 469 769 516 ut
789 459 959 526 LXX,
1000 464 1250 528 asperget
1299 453 1465 527 digito
1513 470 1615 510 suo
1648 472 1815 526 super
1868 459 2060 527 propi-
2091 463 2134 519 Λ
2164 457 2286 512 dam
2321 473 2432 513 non
2469 472 2725 527 populus,
2758 470 2907 511 nunc
2929 464 3113 512 autem
3151 455 3407 527 populus,
3442 470 3510 511 ex
3539 456 3745 527 quodc

482 551 760 608 tiatoriura
808 550 876 603 ad
919 550 1197 603 orientem
1258 554 1387 600 ante
1446 544 1641 600 faciem
1699 546 2062 616 propitiatorii

483 646 734 708 asperget
753 636 956 706 septies
986 635 1155 706 digito
1184 651 1305 690 suo.
1364 634 1704 690 Sacriﬁcium
1761 634 2062 707 Unigeniti,

484 742 608 783 esse
633 727 853 796 quidem
891 725 1011 795 ejus
1035 725 1218 779 carnis
1254 740 1352 794 per
1370 726 1626 780 virtutem
1667 741 1864 781 rursus
1923 726 2064 781 divi-

484 819 672 874 uitatis
690 818 910 888 eius,'et
941 833 1041 888 per
1069 816 1481 887 beneplacitum
1528 816 1727 880 Patris,
1764 817 1832 872 ad
1872 818 2067 875 remis-

486 910 698 966 sionem
764 916 1114 979 peccatorum
1180 917 1514 971 nostrorum,
1588 917 1644 963 et
1705 910 2065 985 ercpt‘gnem,

484 999 756 1068 simulque
789 999 858 1053 ad
888 998 1091 1052 donum
1120 997 1642 1053 subministrationis
1682 998 1911 1068 spiritus
1938 1015 2066 1068 per-

486 1089 612 1160 agi,
658 1097 850 1158 aperte
904 1104 972 1144 ex
1032 1090 1118 1143 his
1150 1127 1166 1153 ,
1219 1104 1341 1158 qua;
1392 1103 1543 1143 nunc
1590 1089 1724 1143 dicit
1770 1090 2064 1160 legislator,

486 1180 890 1236 manifestatur.
922 1179 1133 1251 Digitus
1161 1181 1307 1235 enim
1340 1180 1608 1251 signiﬁcat
1646 1180 1900 1235 virtutem
1929 1182 2069 1236 divi—

487 1270 704 1336 nitatis;
739 1269 885 1324 unde
928 1270 1105 1325 David
1164 1270 1337 1324 dixit:
1396 1269 1658 1334 Quoniam
1687 1271 1869 1325 videbo
1917 1272 2067 1327 delos

490 1377 648 1430 opera
680 1364 968 1431 digitorum
1008 1371 1238 1432 tuorum,
1270 1362 1473 1428 lunam,
1520 1372 1572 1416 et
1622 1362 1803 1417 stellas
1828 1380 1959 1435 quas
2011 1372 2069 1418 tu

489 1453 730 1522 fundasti
750 1453 814 1507 ⁸⁵.
848 1452 1155 1522 Utrumque
1177 1468 1307 1522 ergo
1333 1452 1401 1507 ad
1434 1451 1734 1508 divinitatis
1771 1452 2071 1523 accipimus

488 1543 775 1610 virtutem,
803 1542 1026 1611 ipseque
1057 1541 1280 1611 sanguis
1318 1541 1475 1596 vituli
1528 1556 1696 1611 super
1748 1543 2071 1610 propitiato-

490 1630 632 1683 rium
684 1630 755 1683 ad
801 1629 1070 1684 orientem
1114 1629 1443 1699 aspergitur.
1494 1627 1580 1683 Ad
1626 1628 2071 1699 propitiatiouem

492 1722 640 1776 enim
700 1730 967 1788 nostram,
1035 1721 1307 1792 simulque
1355 1721 1837 1789 illuminationem,
1883 1722 2070 1793 passio

2166 547 2326 602 nobis
2354 548 2622 616 primitias
2640 545 2803 601 .lcsus
2831 547 3090 616 suscepit.
3128 547 3271 617 Ergo
3310 556 3370 602 ut
3398 547 3748 608 demonstra-

2168 646 2272 703 ret,
2327 637 2396 693 de
2450 636 2656 693 iudicis
2694 638 3076 708 principaliter
3131 639 3447 705 Christum,
3511 652 3749 714 propter

2167 729 2464 790 Abraham,
2493 729 2870 800 cognationem
2890 744 3042 795 esse,
3061 731 3165 785 sed
3192 738 3374 787 tamen
3398 733 3587 789 omnis
3632 749 3750 791 no-

2171 827 2306 874 stra:
2328 827 2567 882 naturae,
2588 835 2718 888 quae
2745 821 2802 873 in
2843 828 3170 890 peccato-cst
3196 822 3471 890 primitias
3504 833 3747 892 portare.

2170 916 2394 978 propter
2419 907 2567 976 quod
2617 906 2787 961 Adam
2830 906 3134 981 appellatus
3166 916 3271 971 est,
3324 909 3554 965 vitulum
3583 911 3779 967 simul,

2168 1008 2226 1052 et
2248 998 2467 1054 hircum
2497 997 2583 1052 lex
2623 998 2693 1052 ad
2724 998 2946 1067 ﬁguram
2991 998 3241 1054 sacriﬁcii
3274 999 3396 1069 ejus
3426 1002 3744 1071 assumpsit.

2168 1088 2307 1145 Cum
2347 1097 2531 1145 autem
2589 1105 2760 1145 unum
2828 1090 2900 1145 sit
2952 1089 3304 1154 sacriﬁcium,
3349 1091 3465 1147 sive
3515 1093 3745 1158 vitulus,

2170 1181 2288 1236 sive
2322 1181 2513 1236 hircus
2534 1181 2879 1244 nominetur.
2901 1179 3400 1250 eﬁectusque-unus
3433 1181 3486 1236 in
3504 1190 3748 1251 utroque

2163 1272 2258 1334 sit,
2284 1278 2638 1340 peccatorum
2668 1267 2818 1322 enim
2859 1281 2935 1324 ex
2968 1280 3047 1322 .eo
3077 1266 3395 1337 proﬁigatur
3441 1269 3738 1337 absolutio,

2163 1361 2478 1417 necessarie
2506 1358 2822 1415 communia
2866 1366 2996 1412 sunt
3028 1372 3265 1427 ea,.quae
3299 1357 3353 1411 in
3388 1357 3741 1429 hircozagun-

2166 1461 2275 1518 tur,
2326 1460 2382 1507 et
2438 1451 2633 1507 vitulo.
2682 1448 2877 1504 Cernis
2917 1449 3100 1513 enim,
3134 1449 3265 1518 quia
3307 1448 3471 1505 etiam
3516 1449 3742 1506 hircum

2164 1544 2448 1607 occidens,
2483 1551 2612 1598 ante
2647 1541 2937 1597 Dominum
2981 1540 3234 1595 videlicet
3264 1551 3501 1609 patrem,
3534 1549 3590 1595 et
3612 1557 3747 1599 san-

2165 1636 2384 1707 guinem
2422 1634 2749 1690 inferensin
2790 1633 3056 1691 interiora
3107 1631 3414 1693 velaminis.
3479 1631 3534 1686 id
3568 1632 3750 1688 estad

2167 1739 2401 1800 patrem.
2438 1727 2655 1782 Rursus
2708 1739 2840 1795 ergo
2894 1723 3043 1779 hunc
3093 1722 3326 1778 interius
3383 1723 3746 1795 inteUigibilis

492 1807 746 1862 salutaris
797 1817 1018 1877 peracta
1072 1816 1196 1861 est:
1254 1807 1401 1862 unde
1454 1806 1570 1877 ipsa
1622 1808 1816 1877 passio
1873 1802 2475 1884 dicituereIaminis,
2507 1817 2740 1874 visibilis
2764 1817 3022 1872 videlicet
3061 1815 3270 1872 Domini
3302 1816 3488 1870 carnis
3536 1816 3749 1872 intelli-

488 1901 956 1969 propitiatorium,
1004 1900 1147 1955 sicut
1183 1899 1498 1968 frequenter
1529 1899 1887 1956 ostendimus.
1923 1900 2069 1957 Dici-

490 2001 579 2047 tur
611 2002 790 2047 autem
823 2004 878 2047 et
897 1992 1119 2054 Oriens;
1150 1990 1227 2045 ait
1257 1993 1402 2046 enim
1430 1991 1498 2046 de
1533 2006 1598 2045 eo
1629 1991 1921 2047 Zacharias
1940 1991 2070 2047 Pro-

488 2084 689 2151 pheta:
727 2081 859 2135 [ζει-ε
886 2082 986 2144 vir,
1034 2080 1222 2135 Oriens
1270 2096 1459 2133 nomen
1510 2079 1646 2149 ejus,
1694 2089 1743 2134 et
1786 2082 1964 2136 subter
2009 2097 2069 2135 eo

446 2212 450 2217 -
491 2175 780 2230 orietur”.
823 2176 912 2228 Ait
938 2182 1120 2229 autem
1147 2182 1202 2229 et
1245 2172 1537 2228 Zacharias
1587 2174 1858 2240 sacerdos,
1912 2182 2068 2244 pater

489 2262 751 2317 Joannis:
784 2262 847 2315 In
892 2262 1078 2331 quibus
1123 2277 1217 2315 nos
1263 2260 1521 2325 uisitauit,
1561 2259 1767 2327 Oriens,
1819 2277 1883 2315 ea:
1928 2261 2067 2326 alto,

488 2352 804 2408 Illuminare
839 2353 920 2406 his
943 2353 1114 2422 quiin
1169 2352 1389 2405 tenebris
1436 2353 1634 2418 sedent,
1688 2361 1737 2406 et
1779 2354 1832 2406 in
1883 2352 2072 2407 umbra

491 2442 898 2497 mortis“.b‘cd
922 2451 978 2496 et
1017 2452 1207 2496 contra
1257 2443 1712 2512 propitiatorium,
1764 2443 1820 2498 id
1873 2452 1957 2498 est
2016 2444 2070 2497 in

491 2540 790 2601 conspectu
830 2534 1021 2601 patris,
1052 2541 1302 2602 asperget
1346 2534 1569 2602 septies,
1613 2543 1673 2588 ut
1718 2542 1828 2587 tam
1879 2534 2071 2589 remis-

492 2625 703 2679 sionem
747 2631 1118 2692 peccatorum,
1151 2640 1313 2692 quam
1346 2622 1584 2693 Spiritus
1612 2625 1785 2679 sancti
1842 2624 2066 2690 donum,

492 2719 563 2773 de
620 2719 908 2773 Dominico
942 2719 1207 2790 sanguine
1242 2735 1411 2788 genus
1433 2719 1716 2773 hominum
1750 2720 2067 2790 susciperet.

492 2808 798 2878 Utrumque
852 2810 1001 2863 enim
1055 2809 1402 2879 septenarius
1460 2825 1726 2864 numerus
1762 2811 2068 2881 ,signiﬁcat,

490 2904 616 2970 quia
645 2896 1140 2966 videlicct'septem
1170 2910 1299 2953 sunt
1326 2900 1468 2953 dona
1522 2898 1779 2967 Spiritus,
1825 2907 1881 2953 ct
1928 2900 2069 2953 idem

491 3007 756 3046 numerus
786 2998 1136 3060 peccatorum
1172 2990 1444 3059 signiﬁcat
1486 2990 1883 3044 remissionem.
1936 2990 2070 3045 Nam

489 3082 654 3136 l‘ctro
705 3082 981 3135 Christum
1035 3081 1426 3150 interrogante,
1461 3080 1522 3135 Si
1561 3082 1849 3149 peccaverit
1893 3082 1949 3134 in
1989 3097 2068 3135 me

490 3174 657 3243 frater
673 3188 837 3234 meus,
864 3173 1061 3242 quoties
1089 3172 1355 3224 dimittam
1383 3173 1449 3236 ei,
1471 3188 1633 3241 usque
1646 3173 1873 3240 septies?
1917 3172 2067 3229 Clari-

487 3273 598 3318 stus
628 3266 737 3318 ait:
770 3265 892 3318 Non
914 3267 1051 3329 dico,
1085 3266 1295 3334 septies,
1327 3264 1418 3318 sed
1448 3280 1607 3334 usque
1634 3267 1927 3335 septuagies
1949 3281 2068 3335 sep-

488 3355 665 3409 ties".
705 3355 1068 3426 Multiplicans
1097 3370 1391 3410 numerum
1433 3356 1826 3425 septenarium.

562 3444 722 3500 Vens.
772 3446 858 3499 15.
921 3465 940 3498 ι
997 3447 1245 3516 Cumque
1303 3447 1623 3501 mactaverit
1694 3446 1908 3502 hircum
1967 3465 2067 3519 pro

487 3546 717 3606 peccato
743 3539 952 3607 pepuli,
987 3538 1184 3594 inferet
1208 3539 1527 3609 sanguinem
1550 3539 1671 3609 ejus
1690 3539 1830 3594 intra
1863 3540 2064 3608 velum,

488 3627 634 3681 sicut
669 3636 1001 3698 praeceptum
1034 3628 1212 3683 estde
1236 3628 1499 3699 sanguine
1519 3629 1698 3695 vituli,
1735 3638 1793 3684 ut
1815 3639 2067 3701 aspergat

487 3732 519 3771 c
552 3718 771 3789 regione
801 3720 1024 3786 oraculi,
1050 3730 1106 3775 et
1126 3721 1307 3789 expiet
1339 3721 1709 3775 sanctuarium
1739 3722 1807 3776 ab
1830 3721 2066 3777 immun-

486 3808 633 3862 ditiis
663 3809 898 3864 ﬁtiorum
917 3810 1081 3865 Israel
1122 3818 1178 3866 et
1204 3828 1237 3867 a
1265 3812 1804 3883 praavaricatiouibus
1835 3830 2022 3870 eorum
2043 3854 2061 3884 ,

486 3899 806 3968 cunctisque
845 3903 1103 3971 peccatis.
1146 3922 1166 3956 ι

557 3990 929 4046 Admirandus
955 4004 1041 4049 est
1066 3994 1368 4065 legislalor,
1409 3994 1683 4051 suﬁiciens
1711 3998 1780 4053 ad
1836 3997 2062 4069 ﬁguram

486 4083 752 4151 mysterii,
775 4084 1197 4155 nullatenusque
1225 4089 1709 4158 reprehendendus
1729 4092 1885 4146 estin
1920 4093 2061 4146 mul-

400 4206 411 4219 κ
488 4170 768 4226 tisformis
794 4174 1153 4244 multiplicem
1201 4178 1697 4247 pra-ﬁgurationem
1749 4182 2061 4238 necessarie

484 4261 753 4318 dividens.
798 4262 934 4330 Quia
961 4267 1109 4321 cnim
1142 4266 1392 4324 Christus
1419 4270 1488 4324 de
1527 4269 1729 4327 iudicis
1758 4274 2059 4329 secundum

484 4367 730 4415 carnem,
763 4356 855 4421 qui
889 4357 989 4410 sub
1010 4357 1140 4427 jugo
1170 4358 1302 4427 legis
1330 4360 1583 4414 vivebant
1617 4370 1767 4416 ortus
1788 4371 1889 4427 est,
1910 4372 2057 4419 recte

2165 1911 2270 1980 gis,
2297 1919 2481 1982 utpote
2504 1909 2837 1965 invisibilem
2858 1907 3099 1964 inferens
3115 1907 3437 1978 sanguinem
3463 1906 3582 1977 ejus
3598 1909 3749 1965 intra

2173 2004 2377 2067 velum,
2412 2003 2562 2058 sicut
2601 2012 2931 2071 praeceptum
2973 2008 3082 2055 est.
3228 2066 3237 2071 ς

2240 2093 2309 2148 Et
2333 2095 2396 2147 de
2424 2094 2677 2161 sanguine
2709 2090 2863 2146 vituli
2888 2098 3129 2161 asperget
3152 2088 3322 2159 digito
3339 2090 3529 2157 septies
3552 2097 3750 2145 contra

2170 2167 2609 2244 propitiatorium
2663 2177 2734 2230 ad
2786 2177 3059 2232 orientem.
3090 2175 3190 2234 Vel
3229 2178 3369 2237 sicut
3403 2179 3544 2236 LXX
3584 2198 3752 2252 super

2169 2267 2602 2337 propitiatorium
2659 2276 2784 2323 ante
2859 2269 3048 2339 faciem
3101 2271 3476 2341 propitiatorii.
3537 2272 3754 2332 Deinde

2169 2358 2300 2427 quid
2329 2358 2614 2428 sequitur?

2244 2448 2407 2504 Vens.
2451 2449 2537 2504 16.
2579 2469 2598 2503 ε
2657 2452 2726 2506 Et
2755 2451 2940 2522 expiet
2986 2454 3358 2509 sanctuarium
3390 2454 3462 2510 ab
3505 2454 3752 2515 immun-

2171 2539 2322 2594 ditiis
2348 2541 2583 2596 ﬁliorum
2612 2542 2805 2609 lsrael,
2834 2551 2890 2598 et
2912 2559 2945 2598 a
2973 2545 3516 2615 praevaricationibus
3535 2562 3748 2611 eorum.

2171 2633 2493 2702 cunctisque
2519 2635 2778 2704 peccatis.
2825 2655 2846 2688 ι
3343 2707 3349 2713 ⁷

2242 2723 2474 2778 Videtur
2533 2725 2754 2794 quidem
2805 2727 2873 2782 de
2938 2720 3289 2785 tabernaculo
3342 2730 3565 2799 dicere,
3613 2731 3753 2789 dicit

2171 2824 2353 2870 autem
2380 2830 2489 2869 non
2515 2817 2584 2872 de
2622 2832 2687 2872 eo
2711 2817 2854 2887 quod
2898 2820 3083 2875 sensui
3116 2819 3383 2891 subiacet.
3411 2821 3553 2888 Quid
3600 2824 3751 2880 enim

2172 2907 2498 2976 expiationis
2530 2924 2628 2964 seu
2663 2910 3073 2980 prapitiationis
3102 2911 3246 2983 ligna
3276 2914 3527 2984 egerint?
3548 2916 3752 2983 quidve

2179 3000 2352 3069 pelles
2368 3000 2453 3056 vel
2471 3001 2770 3072 reliqua,ex
2788 3005 2987 3073 quibus
3003 3005 3412 3061 tabernaculum
3428 3007 3749 3063 Iudaeorum

2171 3092 2315 3161 quod
2347 3094 2531 3147 sensui
2563 3095 2899 3165 subjacebat,
2931 3098 3242 3154 confectum
3272 3100 3551 3155 erat?Sed
3590 3117 3753 3172 gene-

2172 3183 2464 3248 ralitatem,
2482 3186 2599 3242 sive
2624 3196 2791 3244 totam
2813 3190 2945 3245 dicit
2966 3192 3246 3250 hominum
3264 3196 3528 3265 speciem.
3548 3197 3752 3257 Sancta

2169 3276 2317 3331 enim
2349 3277 2451 3333 fuit
2473 3280 2541 3336 ab
2567 3280 2727 3337 initio
2765 3298 2943 3340 massa
2985 3296 3192 3353 nostra,
3235 3288 3309 3343 ita
3357 3300 3417 3346 ut
3450 3290 3546 3345 Dei
3588 3292 3651 3347 in
3681 3309 3751 3350 ea

2160 3372 2441 3430 habitaret
2469 3375 2718 3444 spiritus.
2754 3376 2913 3443 Quod
2948 3379 3353 3438 demonstratur
3384 3398 3451 3438 ex
3479 3399 3571 3452 eo,
3601 3388 3750 3454 quod

2168 3463 2386 3519 auferre
2415 3465 2549 3520 illud
2577 3466 2821 3522 irascens
2845 3469 3084 3525 minatus
3115 3454 3200 3527 est
3240 3473 3403 3538 Deus,
3426 3476 3664 3545 quando
3688 3477 3750 3533 hi

2166 3554 2258 3622 qui
2314 3568 2379 3608 ex
2412 3554 2547 3610 Seth
2610 3556 3040 3623 descendebant,
3086 3576 3211 3617 cum
3261 3574 3445 3620 essent
3483 3566 3641 3637 justi,
3690 3578 3753 3625 et

2167 3644 2263 3699 ﬁlii
2292 3645 2383 3701 Dei
2414 3648 2844 3717 appellarentur,
2885 3652 3342 3721 concupiscentes
3375 3671 3470 3712 eas
3516 3673 3641 3729 quae
3676 3675 3750 3716 ex

2166 3750 2230 3790 ea
2270 3737 2325 3791 in
2380 3749 2741 3811 posterosque
2773 3742 2893 3812 ejus
2942 3759 3043 3814 per
3084 3746 3490 3803 successionem
3547 3752 3750 3820 genita:

2166 3837 2314 3892 sunt,
2337 3844 2459 3898 quae
2492 3840 2549 3885 et
2569 3831 2693 3888 ﬁliae
2717 3833 3002 3889 hominum
3024 3835 3367 3904 dicebantur,
3398 3839 3564 3895 unius
3584 3858 3752 3913 gene-

2164 3920 2241 3975 ris
2281 3935 2406 3976 cum
2446 3922 2602 3978 malis
2647 3932 2703 3978 et
2746 3924 2945 3995 iniquis
3000 3926 3183 3982 eﬁ’ecti
3209 3937 3357 3995 sunt,
3392 3914 3546 3986 .di'xit
3593 3932 3747 3989 enim

2164 4011 2244 4066 sic
2280 4029 2295 4065 :
2340 4013 2577 4068 Videntes
2605 4015 2704 4085 ﬁlii
2737 4016 2834 4071 Dei
2872 4017 3014 4088 ﬁlias
3059 4020 3349 4086 hominum,
3398 4024 3537 4092 quod
3574 4034 3748 4080 essent

2154 4102 2415 4171 pulchrae,
2446 4117 2755 4174 acceperunt
2781 4108 2881 4163 sibi
2903 4126 3088 4164 uxores
3112 4128 3177 4165 ea:
3198 4113 3435 4168 omnibus
3472 4132 3608 4187 quas
3635 4118 3745 4172 ele-

2165 4206 2373 4265 gerunt,
2405 4208 2454 4251 et
2478 4199 2615 4252 dixit
2654 4198 2906 4255 [laminas
2930 4200 3113 4267 Deus:
3132 4202 3253 4257 Non
3277 4205 3603 4273 permanebit
3629 4210 3745 4273 spi-

2163 4289 2297 4343 ritus
2322 4305 2466 4344 meus
2495 4292 2550 4345 in
2576 4291 2784 4347 homine
2828 4293 2885 4346 in
2928 4278 3207 4360 ωιὲἦαηι,
3256 4297 3383 4366 quia
3416 4313 3541 4352 caro
3581 4296 3741 4353 est“.

2121 4361 2128 4367 ’
2167 4380 2308 4452 Ergo
2331 4383 2378 4438 si
2409 4384 2692 4440 habitabat
2716 4386 2942 4456 spiritus
2977 4387 3070 4442 Dei
3103 4388 3159 4444 in
3196 4361 3419 4444 homine
3444 4402 3743 4461 antequam

482 4442 637 4497 vituli
672 4445 997 4501 sacriﬁcium
1030 4450 1366 4504 nominatur.
1405 4452 1588 4524 Legali
1628 4456 1774 4510 enim
1827 4456 1973 4525 iugo,
2002 4467 2058 4512 et

2162 4489 2354 4530 omnes
2372 4476 2526 4546 sequi
2554 4478 2837 4546 passiones
2875 4480 3061 4534 carnis
3097 4481 3384 4552 inciperet,
3420 4493 3608 4539 sancta
3623 4501 3744 4541 me-

481 4538 779 4609 pertinenti
821 4542 888 4594 ad
913 4557 1038 4597 cum
1094 4547 1419 4615 operationi,
1483 4556 1538 4603 et
1581 4550 1805 4619 justitiae
1857 4552 2057 4608 vitulus

482 4639 850 4697 comparatur,
905 4634 1096 4701 jugum
1139 4648 1436 4694 consuetus
1489 4641 1729 4708 trahere,
1771 4651 1933 4713 atque
1979 4645 2054 4699 ita

482 4725 682 4773 terram
705 4724 941 4790 operari.
983 4726 1118 4792 Quia
1156 4737 1336 4785 autem
1367 4734 1668 4788 secundum
1698 4738 1840 4804 quod
1869 4740 2053 4793 incar-

477 4820 642 4866 natus
667 4821 805 4879 erat,
839 4815 906 4870 de
928 4823 1200 4875 communi
1220 4839 1397 4881 massa
1423 4827 1703 4885 hominum
1737 4829 1912 4886 factus
1937 4841 2041 4897 est,

476 4913 766 4995 propterea
799 4922 988 4963 rursus
1010 4912 1194 4969 hircus
1237 4920 1559 4987 appellatur.
1606 4923 1877 4992 Asperum
1919 4939 2048 4995 ergo

476 4991 582 5047 hoc
604 4995 805 5049 animal
840 4998 1071 5065 pilorum
1127 5003 1507 5063 indumentum
1559 4991 1747 5081 gerit:
1794 4991 2049 5083 asperum

475 5094 656 5139 autem
706 5096 894 5159 utpote
948 5103 1174 5161 peccato
1208 5099 1492 5167 refertum,
1533 5116 1696 5158 omne
1746 5106 2046 5161 viventium

2160 4565 2267 4619 rito
2298 4574 2419 4619 erat
2454 4567 2738 4621 hominum
2767 4583 2978 4624 massa:
3007 4586 3133 4624 nam
3155 4586 3255 4626 nec
3279 4574 3561 4642 primitias
3585 4591 3651 4629 es
3672 4591 3742 4630 ea

2160 4657 2393 4711 Sanctus
2414 4668 2725 4712 sanctorum
2747 4672 3070 4723 assumeret.
3100 4663 3236 4728 Quia
3262 4674 3444 4719 autem
3464 4667 3742 4722 sordidata

2155 4756 2260 4811 est,
2293 4749 2532 4818 expiavit
2558 4763 2684 4804 eum
2730 4751 2800 4805 ab
2844 4751 3208 4808 immunditiis
3261 4754 3497 4811 ﬁliorum
3548 4757 3738 4812 Israel.

2155 4836 2400 4893 Primum
2430 4840 2650 4910 quidem
2680 4843 2959 4898 sensibilis
3009 4845 3141 4915 ipsis
3169 4846 3291 4901 data
3323 4856 3408 4902 est
3440 4849 3549 4915 lex,
3608 4850 3739 4920 quia

2157 4932 2481 5001 transgressi
2542 4940 2692 4999 sunt,
2762 4948 2885 4989 reos
2942 4934 3064 4990 illos
3109 4936 3419 5003 maledicto,
3459 4947 3516 4992 et
3570 4954 3679 4993 mo:
3697 4940 3736 4993 ti

2154 5007 2463 5088 constituit,
2535 5034 2597 5079 ut
2664 5037 2953 5096 propterea
3035 5030 3405 5084 necessariam
3466 5030 3739 5085 haberent

2153 5114 2545 5184 expiationem,
2578 5124 2633 5170 et
2667 5132 2768 5186 pro
2794 5118 2878 5172 eis
2928 5119 3151 5188 quidem
3181 5120 3555 5191 principaliter
3610 5122 3738 5176 uni-

474 5192 670 5276 genus,
704 5182 832 5249 quia
883 5183 1023 5238 nihil
1056 5197 1142 5241 est
1176 5202 1402 5257 peccato
1433 5196 1703 5263 asperius.
1748 5195 1900 5252 Unde
1942 5198 2045 5254 hoc
2072 5188 2111 5264 ,ξ
2154 5182 2321 5276 geniti
2360 5182 2686 5261 immolatur
2704 5207 3065 5264 sacriﬁcium:
3116 5182 3431 5267 immolatur
3465 5221 3648 5268 autem
3680 5225 3736 5268 ct

472 5270 775 5337 approbare
801 5282 986 5343 aperte
1017 5275 1287 5347 lcgislator
1320 5282 1508 5339 volens
1549 5284 1757 5355 inquit:

545 5356 781 5430 Cumque
852 5368 1164 5421 mactaverit
1199 5370 1402 5426 hircum
1434 5391 1530 5443 pro
1583 5387 1795 5446 peccato
1836 5380 2038 5449 populi.

472 5441 672 5500 Tutum
693 5448 782 5503 hic
804 5450 1114 5526 intelligens
1144 5441 1443 5517 humanum
1467 5441 1656 5536 genus,
1684 5441 1846 5538 quod'
1863 5441 2012 5541 quon

538 5639 596 5714 εξ
620 5641 760 5699 Psal.
793 5663 908 5714 vni,

459 5707 652 5765 “bii-51.

2142 5310 2244 5366 pro
2294 5297 2554 5352 omnibus
2583 5297 2920 5366 hominibus,
2968 5302 3044 5357 ita
3098 5314 3159 5358 ut
3213 5304 3446 5374 Caiphas
3488 5305 3733 5361 diceret:

2143 5387 2357 5457 Oportet
2400 5399 2457 5444 ut
2488 5408 2625 5447 unus
2664 5395 2819 5448 homo
2850 5396 3116 5451 moriatur
3171 5413 3269 5465 pro
3304 5397 3515 5466 popula,
3546 5407 3596 5452 et
3629 5414 3736 5451 non

2141 5487 2251 5532 tota
2292 5495 2413 5550 gens
2462 5493 2643 5550 pereat
2662 5484 2733 5542 δ’.
2772 5483 3039 5556 Quodque
3084 5487 3290 5542 dictum
3335 5496 3474 5556 erat,
3531 5489 3739 5546 conﬁr-

936 5651 995 5709 4.
1068 5655 1114 5689 ⁸⁸
1140 5654 1304 5715 Zach.
1344 5677 1414 5724 v1,
1452 5662 1537 5717 li.
1615 5666 1882 5739 ⁸⁸1Αις.ι,
1906 5672 1995 5726 78.

2162 5676 2330 5734 datth.
2364 5695 2518 5746 xvm,
2549 5682 2638 5750 21,
2675 5682 2766 5741 22.
2843 5686 2889 5719 ⁸⁸
2911 5685 3049 5744 Gen.
3086 5706 3161 5757 vl,
3204 5690 3310 5746 με.
3385 5694 3431 5725 ³“
3455 5694 3619 5752 Joan.
3661 5714 3735 5752 ru.
