4038 6182
335 361 444 429 997

1512 359 1592 419 IN
1633 358 2074 418 LEVi'l‘ICUM.
2113 384 2179 393 -ο
2218 358 2365 418 LIB.
2408 361 2473 420 V.

3498 368 3603 433 998

341 485 492 526 nans
528 467 800 539 simulque
839 477 897 524 et
947 470 1225 542 corrigens
1279 470 1606 542 evangelista
1667 466 2313 533 Joannes,Abonum".
2368 467 2539 523 Nemo
2598 469 2875 526 caelestem
2936 474 3410 530 conversationem
3470 485 3606 532 tune

335 561 577 616 addidit:
615 559 730 614 Hoc
763 570 938 614 autem
961 579 993 616 a
1021 563 1296 631 semetipso
1324 578 1426 615 non
1490 561 1643 624 dia-it,
1665 562 1755 613 sed
1798 576 1915 613 cum

335 662 467 706 esset
491 654 726 724 pontifex
758 655 887 707 anni
916 653 1080 717 illius,
1133 654 1480 724 prophetarit,
1516 656 1638 722 quia
1698 652 1919 705 moritu-

337 758 427 797 rus
459 745 597 797 csset'
621 744 774 797 Jesus
801 760 898 814 pro
926 754 1099 814 gente,
1130 755 1177 798 et
1203 761 1307 798 non
1326 745 1495 798 solum
1516 760 1611 813 pro
1639 754 1807 814 gente,
1827 743 1917 796 sed

342 845 389 888 et
421 836 557 904 ﬁlios
592 836 711 900 Dei,
745 837 834 905 qui
863 837 1088 903 dispersi
1119 845 1269 889 erant
1301 837 1355 889 in
1384 850 1546 888 unum
1609 834 1871 904 colligeret
1899 851 1913 887 :

344 937 532 996 gentes
573 927 850 992 videlicet,
898 927 967 980 de
1012 928 1144 997 ipsis
1175 927 1319 982 enim
1373 927 1637 980 Dominus
1667 927 1913 981 dicebat:

344 1019 524 1075 Habeo
552 1018 691 1072 enim
725 1017 861 1072 alias
885 1034 1022 1083 oves,
1053 1034 1170 1089 qua:
1200 1034 1303 1071 non
1331 1028 1449 1071 sunt
1481 1018 1543 1072 de
1572 1017 1665 1071 hoc
1696 1017 1837 1081 ovili,
1870 1025 1917 1070 et

345 1108 467 1162 illas
509 1116 710 1176 oportet
740 1123 821 1159 me
842 1105 1083 1177 colligere
1106 1107 1174 1160 ’°.
1214 1105 1415 1176 Aperte
1449 1115 1631 1163 autem
1668 1105 1761 1159 lilii
1797 1103 1915 1171 Dei,

340 1200 516 1256 multo
545 1198 714 1270 magis
742 1208 868 1254 sunt
905 1198 1177 1264 lsraelitre,
1204 1199 1327 1268 quia
1348 1198 1512 1253 israel
1538 1196 1917 1254 vidensDeum

341 1289 751 1358 interpretatur,
783 1297 839 1343 et
887 1290 1190 1345 secundum
1226 1290 1489 1343 rationem
1537 1304 1636 1358 pro
1675 1288 1917 1342 sensibili

339 1379 506 1435 Israel
547 1379 701 1435 Iesus
732 1380 1062 1445 immolatus,
1114 1381 1162 1434 id
1200 1390 1283 1435 est
1330 1380 1675 1443 sacriﬁcium,
1724 1389 1777 1434 et
1821 1396 1919 1451 pro

338 1474 490 1528 omni
539 1473 782 1529 humano
818 1491 1041 1546 genere,
1089 1475 1155 1528 ad
1210 1475 1579 1545 expiationem
1621 1475 1919 1530 immundi-

338 1566 537 1621 tiaram
565 1577 877 1622 nostrarum
908 1567 1125 1622 obtulit.
1145 1565 1385 1631 Quarum
1418 1566 1922 1621 itnmunditiarum?

338 1658 396 1712 ιιι
425 1666 511 1713 est
537 1673 569 1712 a
592 1658 1138 1730 praevaricationibus
1168 1674 1385 1723 eorum,
1425 1659 1621 1728 inquit,
1678 1659 1920 1715 cunctis-

334 1766 444 1820 que
478 1752 737 1821 peccatis.
768 1751 984 1807 Anima:
1012 1751 1598 1822 quippeimmunditia,
1631 1766 1740 1805 non
1770 1768 1920 1805 mor-

338 1841 415 1897 tui
458 1843 708 1911 pollutio,
764 1859 873 1899 non
927 1844 1189 1915 porcinus
1243 1844 1419 1909 cibus,
1473 1859 1584 1898 non
1640 1843 1917 1913 quippiam

335 1934 484 1989 aliud
511 1935 710 2001 simile,
741 1937 840 1991 sed
875 1952 1079 1992 nocere
1107 1937 1357 2009 proximo
1385 1946 1490 2002 est,
1521 1945 1579 1990 et
1614 1951 1841 2005 peccare
1865 1937 1920 1990 in

335 2026 537 2091 Deum,
566 2028 653 2081 vel
685 2028 941 2081 mandata
962 2027 1080 2081 Dei.

405 2120 571 2174 Juxta
607 2121 745 2174 hunc
779 2121 942 2174 ritum
994 2120 1150 2190 faciet
1202 2118 1610 2173 tabernaculum
1639 2119 1922 2174 testimonii

337 2213 490 2279 quod-
514 2210 677 2278 ﬁxum
704 2220 785 2263 (est
808 2211 954 2287 inter.
975 2226 1079 2273 eos,
1110 2210 1163 2262 in
1198 2211 1367 2263 medio
1385 2209 1606 2263 sortium
1637 2210 1923 2265 habitatio-

340 2303 424 2355 nis
453 2318 656 2357 eorum.
684 2302 882 2357 Nullus
910 2303 1180 2356 hominum
1215 2304 1282 2355 sit
1304 2304 1355 2355 in
1380 2301 1739 2367 tabernaculo,
1761 2318 1925 2372 quan-

339 2393 407 2446 do
440 2393 676 2463 pontifex
713 2395 1005 2464 ingreditur
1030 2395 1082 2446 in
1120 2394 1506 2463 sanctuarium,
1551 2403 1605 2447 ut
1636 2404 1777 2463 roget
1829 2410 1923 2463 pro

339 2502 396 2539 se
425 2494 476 2539 et
526 2502 622 2555 pro
652 2487 805 2539 domo
851 2502 967 2548 sua,
1001 2495 1049 2539 et
1102 2502 1198 2554 pro
1250 2486 1490 2539 universo
1547 2497 1678 2540 coetu
1730 2486 1920 2540 Israel.

341 2578 501 2642 Quod
553 2578 643 2631 lex
698 2564 954 2647 superius
994 2579 1288 2647 appellavit
1344 2588 1551 2644 sancta,
1599 2595 1726 2633 ecce
1774 2596 1923 2636 nunc

342 2665 755 2720 tabernaculum
816 2667 1114 2720 testimonii
1151 2667 1411 2735 appellat,
1444 2668 1590 2738 quod
1632 2667 1800 2721 ﬁxum
1839 2678 1923 2723 cst

340 2756 486 2811 inter
524 2771 640 2820 eos,
705 2756 761 2810 in
820 2757 1003 2811 medio
1035 2758 1265 2811 sortium
1312 2757 1669 2812 habitationis
1707 2773 1917 2813 eorum.

342 2846 470 2901 Sive
505 2848 809 2902 secundum
842 2847 980 2901 LXX
1023 2848 1349 2903 :ediﬁeatum
1403 2848 1457 2900 in
1485 2850 1586 2909 eis,
1627 2849 1681 2902 in
1739 2849 1922 2903 medio

338 2939 814 2993 immunditiarum
864 2956 1075 2995 eorum.
1112 2940 1310 2994 Eadem
1365 2941 1567 3009 quippe
1609 2942 1836 3005 ratione,
1869 2950 1923 2994 et

336 3040 526 3085 sancta
555 3045 700 3095 esse,
764 3042 822 3086 et
856 3032 1153 3086 testimonii
1184 3032 1446 3102 appellari
1485 3022 1916 3095 tabernaculum,

2021 558 2371 626 sequebatur,
2400 574 2504 613 nec
2527 560 2743 631 dignam
2772 563 2981 618 ctelesti
3002 564 3222 620 homine
3249 565 3601 636 sapientiam,

2023 650 2325 719 usquedum
2365 651 2418 704 in
2455 660 2643 707 sancto
2671 656 2903 723 propriae
2924 657 3105 710 carnis
3124 670 3332 725 rogaret
3363 672 3460 727 per
3475 672 3605 711 cru-

2020 754 2162 806 cem,
2194 750 2249 795 et
2279 757 2531 812 egressus
2553 753 2637 798 est
2662 760 2728 798 ex
2765 761 2829 799 ea
2878 746 2996 817 lege
3029 748 3335 801 communis
3381 748 3596 812 mortis,

2020 831 2277 885 emittens
2301 833 2576 900 spiritum,
2601 844 2655 889 et
2675 850 2897 891 carnem
2936 838 3258 908 relinquens
3305 839 3360 892 in
3417 841 3607 909 sepul-

2020 922 2337 990 cro,.quod
2379 923 2500 992 ejus
2554 924 2840 979 evidenter
2889 928 3067 981 exitus
3107 929 3436 983 nominatur.
3499 930 3606 984 Sed

2022 1028 2131 1067 non
2184 1017 2524 1084 generalitati
2578 1019 2823 1073 omnium
2878 1019 3162 1075 hominum
3221 1022 3425 1092 profuit
3486 1020 3603 1077 hoc

2020 1106 2164 1175 quod
2189 1122 2338 1160 nunc
2372 1117 2456 1162 est
2490 1111 2797 1179 expositum
2830 1113 3176 1167 sacriﬁcium.
3204 1111 3394 1168 Rullus
3422 1114 3612 1167 'bomi-

2021 1212 2154 1251 num
2189 1199 2279 1263 sit,
2317 1199 2512 1269 inquit,
2572 1201 2625 1255 in
2661 1203 3035 1269 tabernaculo,
3086 1211 3304 1275 quando
3354 1205 3606 1260 Pontifex

2022 1288 2329 1360 ingreditur
2364 1295 2417 1344 in
2447 1297 2820 1349 sanctuarium
2847 1304 2905 1349 ut
2928 1306 3106 1367 roget.
3144 1298 3306 1367 Atqui
3345 1297 3397 1351 in
3434 1298 3609 1352 sacri-

2023 1380 2147 1435 ﬁcio
2182 1383 2328 1452 quod
2374 1393 2461 1438 est
2510 1386 2810 1440 secundum
2849 1386 3104 1455 litteram,
3162 1390 3309 1443 solus
3364 1405 3611 1461 praesens

2022 1483 2168 1527 esset
2198 1474 2431 1544 populus
2466 1473 2803 1534 Iudaeorum.
2833 1475 2950 1531 Non
2974 1488 3157 1532 autem
3216 1480 3393 1533 omnis
3444 1477 3613 1534 homo

2024 1565 2090 1619 de
2125 1566 2482 1622 tabernaculo
2532 1569 2832 1623 secundum
2880 1578 3096 1640 tempus
3139 1570 3411 1634 sacriﬁcii,
3461 1570 3609 1641 quod

2023 1671 2171 1713 nunc
2198 1657 2405 1712 dictum
2434 1667 2537 1721 est,
2562 1661 2988 1715 excluderetur:
3014 1661 3112 1715 sed
3126 1661 3414 1732 signiﬁcat,
3443 1676 3609 1717 omne

2025 1747 2313 1802 hominum
2341 1764 2533 1821 genus,
2564 1759 2781 1805 terrena
2804 1766 2957 1807 nunc
2995 1767 3206 1822 sapere,
3246 1760 3313 1807 et
3365 1754 3419 1807 in
3478 1769 3610 1824 pec-

2026 1840 2164 1894 catis
2189 1855 2331 1906 essc,
2360 1856 2424 1895 ac
2459 1849 2749 1911 propterea
2795 1842 2850 1896 in
2882 1842 3209 1915 intelligibili
3240 1843 3611 1899 tabernaculo

2024 1933 2326 1988 testimonii
2363 1944 2511 1990 recte
2532 1949 2650 1988 non
2676 1935 2933 1990 inveniri.

2093 2023 2260 2080 Vsus.
2297 2025 2386 2088 l8,
2417 2026 2503 2081 l9.
2540 2044 2561 2078 ‹
2595 2026 2737 2080 Cum
2796 2037 2981 2081 autem
3044 2024 3246 2082 exierit
3292 2026 3361 2081 ad
3411 2025 3611 2094 altare,

2024 2116 2173 2186 quod
2207 2132 2390 2171 coram
2443 2116 2789 2172 Domino‘es‘t
2822 2128 2942 2172 oret
2968 2130 3078 2188 ‘pro
3112 2132 3182 2172 se
3220 2125 3274 2172 et
3324 2126 3604 2186 sumptum

2024 2210 2351 2280 sanguinem
2403 2210 2561 2263 vituli
2596 2220 2760 2281 atque
2805 2210 2942 2265 hirci
2969 2211 3164 2266 fundat
3200 2225 3369 2281 super
3398 2226 3609 2265 cornua

2024 2292 2151 2368 ejus'
2168 2316 2266 2368 per
2294 2315 2506 2370 gyrum,
2542 2315 2915 2371 spargensque
2938 2302 3106 2372 digito
3137 2303 3359 2371 septies,
3394 2300 3601 2371 expiet,

2025 2385 2445 2455 sanctiﬁcetque
2542 2387 2676 2441 illud
2766 2387 2836 2441 ab
2926 2387 3291 2443 immunditiis
3372 2387 3608 2442 ﬁliorum

2024 2477 2214 2532 Israel.
2263 2495 2282 2529 ι
3097 2522 3103 2527 .

2093 2568 2231 2633 Quia
2270 2584 2391 2639 quas
2431 2569 2607 2636 vituli,
2631 2577 2688 2625 et
2718 2558 2857 2623 hirci
2884 2576 3091 2634 essent,
3125 2571 3257 2625 satis
3292 2570 3461 2625 inhis
3486 2585 3609 2640 quae

2024 2660 2169 2715 dicta
2209 2669 2358 2723 sunt,
2385 2662 2736 2729 explanatum
2768 2668 2871 2714 est.
2922 2658 3099 2714 Simul
3146 2662 3291 2715 enim
3322 2666 3611 2732 utriusque

2025 2770 2249 2809 sumens
2299 2757 2644 2826 sanguinem,
2692 2771 2984 2824 unumque
3044 2756 3176 2810 illud
3232 2758 3611 2828 conjunctioni

2022 2844 2430 2911 demonstrans,
2475 2860 2642 2915 seper
2674 2861 2880 2900 cornua
2906 2847 3095 2901 altaris
3130 2850 3304 2918 ponit,
3334 2866 3432 2903 seu
3477 2850 3609 2903 fun-

2024 2938 2122 2991 dit.
2178 2936 2287 2991 Sed
2344 2937 2474 3005 quid
2530 2936 2682 3007 agit?
2742 2935 3107 3007 ‘Qumcunque
3165 2940 3406 3009 mysterii
3470 2940 3607 2996 ordo

2026 3028 2211 3099 exigit,
2241 3036 2297 3081 et
2322 3028 2728 3096 consequentiae
2751 3028 2868 3081 vult
2890 3028 3092 3099 ﬁgura,
3116 3046 3276 3099 quam
3308 3045 3432 3084 cum
3454 3033 3608 3087 omni

337 3137 519 3178 massa
555 3132 737 3177 nostra
762 3133 961 3193 potest.
1024 3124 1079 3178 Si
1109 3124 1256 3178 enim
1312 3125 1722 3178 tabernaculum
1762 3127 1914 3180 ιρδιὶ-
1943 3136 1987 3193 c
2023 3120 2333 3173 subtilitate
2363 3119 2640 3187 legislator
2664 3120 2881 3189 scripsit
2904 3131 3093 3189 postea
3116 3129 3367 3174 nostrum
3418 3138 3611 3193 egres-

336 3214 510 3271 tnonii
567 3215 765 3269 cmlum
826 3215 1091 3281 diximus,
1152 3226 1301 3270 recte
1359 3226 1545 3270 sancta
1603 3219 1921 3273 nominatur

336 3307 579 3361 cmlestis
604 3315 792 3361 noster
816 3307 1000 3369 homo,
1028 3308 1097 3361 de
1118 3324 1235 3377 quo
1263 3308 1341 3361 ait
1364 3306 1593 3362 Paulus:
1632 3306 1776 3363 Sicut
1801 3326 1924 3379 por-

339 3402 569 3455 tavimus
624 3400 907 3469 imaginem
952 3400 1167 3463 terreni,
1217 3408 1481 3467 portemus
1535 3410 1582 3452 et
1636 3401 1922 3471 imaginem

340 3490 641 3544 caelestis".
683 3490 924 3544 liursus:
961 3489 1017 3544 Si
1051 3490 1311 3543 terrestris
1336 3491 1520 3544 domus
1551 3503 1726 3545 nostra
1748 3476 1922 3562 hujus

339 3581 682 3634 habitationis
706 3582 1045 3646 dissolvatur,
1078 3582 1329 3634 habemus
1355 3584 1759 3650 mdiﬂcationem
1806 3602 1922 3654 quia

343 3686 407 3724 ea:
444 3669 550 3724 Deo
582 3679 678 3735 est,
726 3672 939 3723 domum
990 3687 1092 3723 non
1123 3688 1284 3723 manu
1327 3674 1544 3742 factam,
1594 3683 1843 3728 a’ternam
1869 3677 1924 3728 in

344 3762 483 3816 caelis
500 3763 568 3817 θ’.
597 3761 764 3815 Recte
787 3778 915 3832 ergo
949 3771 1202 3815 sanctum
1238 3765 1576 3826 nominatur,
1606 3768 1729 3834 quia
1756 3768 1925 3821 aediﬁ—

342 3866 498 3909 catus
530 3864 615 3909 est
642 3855 696 3907 in
724 3853 902 3909 nobis.
936 3852 1178 3907 Primum
1214 3855 1349 3908 enim
1382 3857 1627 3925 formavit
1670 3858 1923 3913 Dominus

342 3946 486 4000 Deus
509 3948 574 4000 de
602 3945 813 4016 pulvere
845 3958 998 4001 terra'
1026 3947 1311 4012 hominem,
1337 3959 1384 4002 et
1415 3959 1538 4002 tunc
1565 3950 1845 4022 insufflauit
1870 3954 1922 4007 in

343 4037 531 4109 faciem
552 4037 667 4108 ejus
688 4038 934 4107 spiritum
963 4038 1080 4091 vitte
1094 4037 1162 4091 ω.
1198 4035 1296 4093 Hic
1323 4046 1407 4092 est
1428 4053 1558 4107 ergo
1585 4049 1773 4094 noster
1810 4056 1924 4095 ca:-

344 4129 497 4185 lestis
536 4130 723 4194 homo,
759 4129 852 4199 qui
888 4130 942 4184 in
980 4130 1164 4184 medio
1203 4130 1669 4184 immunditiarum
1704 4140 1925 4186 nostra-

345 4237 466 4276 rum
498 4230 602 4289 esl,
634 4222 725 4292 qui
759 4221 920 4276 etiam
954 4221 1303 4291 passionihus
1330 4223 1511 4277 carnis
1554 4233 1921 4295 oppugnatur,

343 4312 646 4367 secundum
688 4313 834 4382 quod
885 4313 1084 4368 Paulus
1136 4313 1306 4367 dixit:
1359 4313 1512 4368 Video
1567 4316 1705 4367 enim
1757 4314 1925 4369 aliam

344 4403 506 4475 legem
525 4405 581 4458 in
598 4405 841 4458 membris
863 4406 1012 4467 meis,
1036 4415 1412 4476 repugnantem
1439 4405 1539 4477 legi
1566 4407 1750 4460 mentis
1772 4422 1920 4473 meae,

2022 3227 2144 3267 sum
2200 3213 2269 3267 ad
2327 3213 2518 3277 altare,
2589 3212 2736 3282 quod
2792 3220 2878 3267 est
2930 3229 3114 3268 coram
3158 3213 3407 3269 Domino.
3470 3214 3612 3269 Dicit

2023 3314 2204 3358 autem
2236 3319 2384 3371 eum,
2414 3305 2507 3374 qui
2536 3313 2622 3359 est
2656 3304 3045 3375 thymiamatis,
3071 3306 3217 3375 quod
3267 3322 3389 3360 esse
3422 3308 3609 3360 sedem

2022 3397 2318 3452 Cherubin]
2349 3399 2707 3460 ostendimus,
2767 3415 2894 3453 cum
2953 3414 3117 3453 carne
3169 3400 3495 3465 ascendens,
3553 3408 3613 3455 et

2022 3496 2267 3539 nostram
2304 3486 2361 3539 in
2415 3486 2883 3553 eocaptivitatcm
2931 3486 3255 3551 sublevavit,
3301 3488 3463 3540 simul
3508 3503 3611 3543 nos

2023 3579 2317 3641 suscitans,
2340 3587 2395 3633 et
2424 3577 2850 3647 sedere‘iaciens
2886 3577 2940 3629 in
2965 3577 3153 3631 dextra
3182 3578 3234 3630 in
3267 3578 3608 3633 coelestibus.

2022 3670 2089 3727 Et
2118 3680 2395 3742 sumptum
2437 3671 2761 3742 sanguinem
2804 3670 3224 3739 etl'unditsuper
3250 3685 3456 3722 cornua
3490 3670 3611 3739 ejus

2024 3778 2124 3833 per
2149 3778 2357 3834 gyrum,
2387 3776 2793 3833 aspergensque
2831 3760 3001 3831 digito
3056 3761 3501 3831 septies,~expiet
3556 3770 3613 3815 ct

2025 3855 2330 3909 sanctiﬁect
2397 3854 2529 3908 illud
2586 3853 2656 3907 ab
2715 3852 3084 3907 immunditiis
3133 3851 3367 3905 ﬁliorum
3421 3852 3609 3906 Israel.

2024 3946 2161 4014 Quia
2198 3942 2419 4017 propri‘a
2459 3947 2714 4016 passione
2744 3960 2853 3999 non
2898 3944 3072 3999 solum
3108 3958 3312 3999 cornua
3343 3944 3481 4013 ejus,
3518 3943 3612 4013 qui

2025 4047 2112 4092 est
2137 4038 2191 4092 ia
2226 4039 2366 4094 coelo
2392 4038 2601 4099 altaris.
2635 4039 2869 4094 virtutes
2921 4038 3133 4099 scilicet
3184 4039 3510 4109 praecipuas,
3558 4046 3614 4093 et

2002 4132 2330 4201 generales,
2362 4131 2708 4201 sapientiam,
2743 4132 3115 4187 fortitudinem
3138 4170 3152 4196 ,
3181 4132 3445 4201 justitiam
3472 4172 3486 4196 ,
3517 4145 3613 4185 ca-

2028 4221 2273 4275 stitatem
2310 4222 2694 4276 sanctiﬁcavit:
2728 4237 2849 4291 qua:
2893 4236 3098 4277 cornua
3136 4221 3434 4276 Cherubim
3466 4229 3614 4277 recte

2027 4321 2180 4379 sunt,
2246 4314 2446 4384 ﬁguras
2501 4315 2649 4368 enim
2707 4330 2896 4370 eorum
2954 4315 3182 4369 caeleste
3224 4314 3342 4368 hoc
3403 4314 3612 4369 animal

2028 4405 2214 4471 habet,
2249 4407 2306 4461 in
2345 4422 2693 4478 personaque
2728 4408 2968 4462 hominis
2998 4406 3257 4462 et'leonis
3285 4415 3338 4461 et
3370 4406 3525 4461 vituli
3559 4415 3610 4461 rt

344 4503 392 4547 et
419 4495 684 4562 captiuum
714 4511 796 4548 me
822 4496 1091 4548 ducentem
1121 4495 1176 4547 in
1211 4495 1320 4565 lege
1365 4496 1584 4565 peccati,
1618 4512 1734 4561 qua:
1763 4506 1835 4550 est
1869 4498 1925 4551 in
1956 4501 2001 4559 D
2029 4499 2224 4569 aquila:
2261 4501 2419 4571 gerit,
2467 4500 2749 4570 sapientia:
2775 4501 2996 4571 quidem
3025 4499 3080 4553 in
3121 4514 3358 4569 persona
3414 4498 3612 4562 leonis,

344 4585 591 4639 membris
617 4584 828 4640 meis”.
861 4586 1089 4657 Propter
1110 4586 1259 4657 quod
1281 4587 1447 4641 nimis
1476 4588 1563 4643 lex
1593 4604 1927 4660 consequen-

344 4689 426 4732 ter
446 4676 690 4731 subdidit
718 4693 732 4730 :

417 4765 575 4820 Vens.
612 4766 698 4819 i7.
733 4784 751 4816 ‹
788 4765 979 4820 Nullus
1011 4766 1174 4821 homo
1201 4766 1269 4821 sit
1307 4767 1361 4821 in
1389 4768 1741 4825 tabernaculo
1773 4770 1925 4825 testi-

340 4857 535 4922 monii,
557 4857 777 4928 quando
806 4859 1048 4928 pontiiex
1080 4860 1389 4929 ingreditur
1420 4868 1479 4915 ut
1521 4872 1670 4933 roget
1703 4879 1804 4933 pro
1845 4880 1925 4931 se,

341 4959 394 5004 et
421 4966 521 5020 pro
557 4950 722 5005 domo
743 4965 862 5016 sua,
883 4961 939 5006 et
958 4968 1054 5022 pro
1084 4953 1343 5008 universo
1366 4963 1510 5008 cmtu
1535 4953 1719 5009 Israel.
1759 4973 1778 5006 ι

411 5045 642 5110 Quando
669 5048 817 5101 enim
838 5044 1091 5101 Christus
1138 5047 1446 5118 ingreditur
1476 5047 1532 5101 in
1564 5056 1835 5114 sanetum,
1873 5049 1926 5104 id

342 5146 445 5201 est,
480 5137 1128 5207 quandoincarnabatur,
1150 5139 1427 5194 caelestem
1457 5138 1735 5195 hominem
1765 5148 1927 5210 atque

341 5240 408 5279 ex
443 5226 601 5281 nobis
631 5228 900 5296 primitias
926 5229 1203 5294 sumebat,
1238 5244 1400 5283 nemo
1420 5237 1538 5283 erat
1567 5229 1622 5283 in
1669 5229 1929 5300 intelligi-

342 5318 437 5372 bili
470 5319 825 5376 tabernaculo
850 5320 1171 5385 testimonii,
1198 5336 1301 5375 nec
1322 5320 1541 5392 gentilis
1563 5336 1666 5376 nec
1690 5320 1924 5375 circum-

341 5410 507 5472 cisus,
542 5426 644 5466 nec
678 5411 862 5477 levita,
898 5427 1003 5469 nec
1023 5413 1296 5474 sacerdos,
1330 5413 1456 5482 quia
1488 5416 1665 5467 omnes
1685 5412 1921 5467 declina-

343 5512 547 5567 verunt,
579 5505 739 5558 simul
788 5505 1001 5562 inutiles
1034 5504 1165 5575 [acti
1204 5514 1346 5569 sunt,
1386 5522 1486 5565 non
1510 5515 1589 5558 est
1642 5506 1728 5574 qui
1757 5504 1921 5575 faciat

413 5702 459 5731 ”
482 5701 639 5757 Joan.
666 5717 716 5764 x,
756 5705 843 5765 l6.

920 5704 965 5737 “
1000 5703 1016 5757 l
1049 5703 1176 5758 Cor.
1237 5719 1327 5770 xv,
1361 5706 1449 5759 49.

345 5760 390 5795 ’⁵
420 5772 583 5829 Hebr.
619 5760 809 5839 13723:

1529 5706 1574 5736 ³²
1610 5703 1651 5757 ll
1689 5702 1813 5757 Cor.
1848 5717 1904 5764 v,
1936 5704 1982 5754 i.

2020 4590 2254 4662 iustitiae
2311 4592 2369 4647 in
2432 4608 2668 4663 persona
2725 4593 2904 4659 vituli,
2948 4592 3216 4647 castitatis
3263 4590 3319 4645 in
3380 4601 3615 4661 persona

2023 4686 2250 4756 aquilae:
2280 4686 2347 4741 de
2385 4686 2585 4756 quibus
2624 4686 2840 4756 plenius
2887 4686 2941 4740 in
2983 4685 3267 4756 prophetae
3310 4681 3613 4738 Exeehielis

2024 4777 2479 4847 interpretatione
2510 4778 2638 4832 olim
2667 4779 3042 4847 exposuimus.

2097 4866 2288 4935 Expiet
2318 4877 2366 4920 et
2388 4868 2679 4936 sancti/icet
2711 4867 2845 4921 illud
2879 4867 2945 4920 ab
2981 4865 3336 4920 immunditiis
3379 4860 3611 4928 ﬁliorum

2026 4958 2218 5013 Israel.
2242 4958 2450 5014 Christi
2491 4961 2639 5014 enim
2679 4958 2951 5014 sacriﬁcio
2995 4960 3288 5028 expiantur
3320 4965 3395 5007 -ει
3447 4949 3611 5004 coale-

2028 5051 2132 5105 stia
2154 5052 2223 5114 ’³,
2251 5050 2324 5104 ita
2356 5062 2413 5105 ut
2447 5052 2647 5105 Paulus
2680 5052 2886 5105 diceret
2907 5048 3312 5120 :vdiﬁ‘erentiam
3359 5041 3610 5112 legalium

2027 5139 2443 5203 saeriﬁciorum,
2491 5152 2546 5193 et
2593 5139 2861 5212 unigeniti
2921 5136 3213 5193 ostendere
3246 5131 3436 5187 volens
3473 5142 3605 5182 :ne-

2027 5245 2184 5285 cesse
2213 5238 2300 5284 est
2337 5244 2467 5300 ergo
2507 5228 2839 5299 exemplaria
2874 5226 3174 5282 cmlestium
3211 5223 3298 5277 his
3336 5218 3609 5282 mundari,

2031 5323 2147 5393 ipsa
2187 5330 2370 5376 autem
2400 5322 2649 5377 coelestia
2700 5320 3004 5390 majoribus
3050 5315 3244 5371 hostiis
3276 5328 3436 5383 quam
3468 5311 3608 5366 istis.

2033 5412 2138 5465 Sed
2172 5410 2360 5480 cujus
2421 5409 2498 5463 rei
2556 5408 2727 5479 gratia
2784 5405 3093 5475 expiatione
3149 5400 3609 5474 opuS‘habebant

2032 5504 2276 5559 caelestia
2311 5502 2585 5573 tegislator
2614 5498 2875 5565 ostendit,
2905 5499 3124 5553 dicens:
3184 5488 3185 5493 “

2065 5702 2264 5756 “Gen.
2334 5718 2394 5764 ll,
2428 5702 2479 5755 7.
2557 5699 2602 5732 ”'
2628 5697 2788 5753 Rom.
2842 5714 2940 5766 vn,
2974 5698 3064 5754 ‘23.
3137 5697 3184 5732 "
3210 5695 3353 5753 Psal-
3403 5693 3606 5763 Σιιιιδο
