4038 6182
470 307 579 376 999

1659 286 2021 347 HESYCHII
2055 279 2528 345 PRESBY’I‘ERI

3588 262 3717 328 1000

536 416 728 488 Ξενία
767 412 1161 482 sanctiﬁcetque
1189 404 1321 460 illud
1347 403 1412 458 ab
1430 401 1781 457 immunditiis
1813 398 2047 468 filiorum
2078 404 2120 460 Α
2153 396 2349 449 emittit
2388 408 2512 446 eum
2567 404 2664 459 per
2693 385 2968 441 hominem
3024 390 3274 486 paratum
3306 379 3370 483 in.
3421 377 3720 433 desertum.

465 508 655 564 Israel.
687 504 962 571 Quantum
979 499 1200 568 quidem
1244 494 1311 550 ad
1342 494 1604 573 (pelorum
1637 492 1887 555 virtutes,
1928 502 2041 542 non

466 610 689 653 necesse
717 600 836 646 erat
862 588 1118 660 quaelibet
1160 584 1421 654 expiatio,
1453 583 1581 652 quia
1634 582 1688 635 in
1734 578 2041 635 sanctiﬁca-

464 691 615 759 tione
641 684 898 740 continua
928 685 1353 735 conversantur:
1399 676 1493 730 sed
1537 674 1663 744 quia
1691 672 1947 742 frequens
1976 671 2044 725 ad

466 782 634 838 cmlos
678 784 997 832 nostrorum
1032 778 1384 841 peccatorum
1429 766 1678 821 ascendit
1724 763 1927 828 fumus,
1978 763 2045 817 de

466 888 574 944 quo
603 866 960 925 dixitDavid:
995 863 1240 918 Ascendit
1275 863 1447 932 {unius
1469 862 1525 913 in
1551 861 1634 912 ira
1676 858 1809 927 ejus,
1841 868 1886 909 et
1911 856 2045 925 ignis

466 964 603 1036 facie
629 962 743 1031 ejus
774 956 1162 1013 exardescit":
1200 955 1273 1008 ita
1306 963 1365 1008 ut
1398 953 1542 1007 Deus
1571 951 1640 1006 ad
1678 951 1872 1006 Jonam
1904 949 2046 1003 dicc-

464 1064 585 1108 ret:
631 1052 770 1106 Vade
799 1054 870 1103 ad
909 1049 1138 1103 Niniven
1168 1047 1439 1101 civitatem
1491 1061 1762 1115 magnam,
1815 1051 1863 1095 et
1907 1057 2042 1111 prm-

466 1145 588 1198 dica
617 1143 673 1196 in
694 1158 755 1195 ea
797 1140 1230 1210 prwdicationem
1286 1152 1442 1207 quam
1482 1151 1575 1205 ego
1634 1134 1818 1204 loquor
1859 1134 1929 1185 ad
1977 1141 2043 1194 te,

467 1236 594 1305 quia
653 1232 863 1287 malitia
885 1230 1000 1300 ejus
1040 1229 1273 1283 ascendit
1327 1243 1505 1280 coram
1554 1226 1714 1279 me".
1745 1225 1812 1278 Et
1860 1237 2049 1277 rursus

468 1326 540 1380 ad
598 1323 874 1378 Abraham
927 1322 995 1376 de
1044 1319 1329 1374 Sodomis:
1390 1317 1737 1379 Descendunt,
1771 1324 1819 1368 et
1868 1313 2049 1368 videbo

467 1425 649 1469 utrum
681 1414 989 1471 clamorem,
1017 1410 1106 1481 qui
1146 1410 1282 1463 venit
1310 1408 1380 1461 ad
1435 1423 1538 1472 me,
1570 1423 1724 1475 opere
1763 1404 2050 1475 compleve-

468 1507 598 1572 rint,
623 1521 695 1558 an
733 1502 914 1557 non”.
940 1501 1113 1555 Recte
1162 1500 1231 1554 de
1275 1497 1478 1553 nostris
1511 1496 1872 1551 immunditiis
1928 1511 2053 1550 sau-

470 1597 695 1658 ctiﬁcat,
727 1605 783 1649 et
810 1592 991 1662 expiat
1037 1606 1201 1660 super
1249 1605 1351 1644 nos
1375 1592 1591 1653 choros,
1624 1596 1685 1642 ut
1727 1586 1942 1642 auferat
1986 1601 2052 1661 ex

471 1689 554 1744 eis
605 1688 1053 1742 circumstantem
1108 1681 1638 1749 abominabilemque
1703 1680 1952 1736 odorem.
1997 1688 2053 1733 et

472 1779 853 1851 gloriationcm
888 1775 1099 1839 falsam,
1130 1788 1291 1844 quam
1320 1780 1511 1828 contra
1540 1786 1635 1827 eos
1673 1771 2049 1841 deposuimus.

472 1876 768 1943 Propterea
794 1885 905 1925 non
935 1867 1258 1938 simpliciter
1290 1873 1562 1938 asperget,
1586 1865 1682 1920 sed
1728 1864 1952 1935 septies.
1994 1873 2053 1917 ut

474 1962 748 2032 intelligas
803 1959 1024 2015 veniam
1081 1963 1434 2027 peccatorum
1496 1966 1850 2021 nostrorum,
1912 1954 2054 2009 hanc

473 2055 623 2110 enim
653 2051 1002 2123 septenarius
1044 2064 1309 2103 numerus
1361 2048 1575 2119 ﬁgurat.
1624 2047 1765 2102 Loca
1811 2046 2053 2103 coelestia

473 2142 811 2196 mandantur
839 2138 1194 2194 abnminabili
1224 2137 1414 2204 odore,
1446 2146 1502 2193 et
1532 2137 1855 2208 gloriatione
1890 2153 2053 2206 quam

472 2228 857 2297 deposuimus:
888 2227 1053 2296 hujus
1083 2226 1229 2279 enim
1262 2226 1344 2279 rei
1366 2239 1551 2284 causa,
1582 2224 1734 2293 prius
1770 2223 2053 2279 inimicitia

471 2336 501 2376 a
531 2320 711 2386 nobis,
736 2327 926 2376 contra
951 2334 1014 2375 ea
1055 2333 1176 2389 quae
1203 2326 1332 2373 sunt
1381 2316 1438 2371 in
1477 2317 1813 2379 cmlcstihus,
1867 2327 2053 2374 exorta

471 2418 553 2468 est
559 2450 573 2465 .

543 2521 704 2576 Vens.
725 2521 817 2575 20.
852 2540 871 2573 ι
898 2520 1193 2589 Postquam
1221 2520 1602 2576 emundaverit
1650 2520 2019 2575 sanctuarium
2038 2559 2051 2572 .

472 2620 527 2665 et
561 2612 988 2674 tabernaculum,
1016 2620 1072 2666 et
1096 2611 1284 2665 altare.
1326 2628 1344 2660 ι

548 2700 641 2755 Vel
667 2701 808 2754 sicut
839 2699 1002 2754 LXX.
1055 2699 1386 2771 Deﬁnietque
1419 2716 1645 2755 exorans
1689 2709 1952 2766 sanctum,
2003 2710 2052 2753 et

475 2790 871 2853 tabernaculum
896 2790 1200 2854 testimonii,
1238 2799 1287 2843 et
1310 2789 1587 2856 altarium,
1617 2801 1665 2845 et
1684 2808 1778 2861 pro
1805 2788 2062 2846 sacerdo-i

476 2882 612 2946 tibus
635 2882 900 2952 purgavit.
940 2880 1257 2936 Secundum
1285 2896 1521 2951 quorum
1553 2883 1875 2948 editionem,
1906 2892 2053 2939 recte

480 2977 562 3028 lex
594 2973 871 3043 prazcipue
910 2972 1228 3026 memoriam
1281 2971 1625 3026 sacerdotum
1681 2974 1831 3034 fecit,
1882 2983 1942 3028 ut
1997 2974 2052 3028 in

478 3062 738 3116 omnibus
767 3061 939 3132 ﬁgura
963 3061 1215 3116 sacriﬁcii
1244 3061 1512 3131 unigeniti
1560 3062 1881 3117 salvaretur.
1915 3062 2052 3129 Quia

476 3152 624 3206 enim
658 3166 688 3205 a
739 3150 961 3206 Christo
1010 3149 1375 3205 sacerdotium
1420 3151 1623 3205 chorus
1672 3151 2060 3221 Apostolorum

477 3242 708 3297 sortitus
738 3251 842 3307 est,
875 3242 968 3311 qui
1017 3251 1073 3297 et
1097 3257 1224 3312 pars
1257 3249 1377 3296 erat
1407 3242 1634 3297 humani
1685 3243 1922 3313 generis,
1958 3259 2060 3313 pro

477 3350 587 3404 quo
616 3333 882 3390 Dominus
908 3335 1263 3405 semetipsum
1304 3335 1527 3401 obtulit,
1578 3335 1674 3391 sed
1722 3344 1903 3390 tamen
1932 3351 2059 3406 spe-

478 3426 636 3492 ciale,
690 3426 1149 3496 quemadmodum
1198 3435 1564 3497 unguentum,
1613 3436 1669 3481 et
1716 3429 2061 3497 praecipuum

478 3513 830 3579 sacriﬁcium,
897 3513 1114 3567 Domini
1159 3513 1489 3584 appellavit:
1521 3515 1667 3582 quod
1718 3516 2062 3571 demonstrat

478 3604 765 3669 Dominus,
789 3604 858 3659 ad
887 3605 1105 3659 Patrem
1137 3605 1326 3659 dicens
1345 3603 1510 3675 :_Ego
1561 3607 1832 3675 sancti/ica
1893 3608 2059 3676 meip-

476 3712 616 3761 sum,
649 3705 706 3749 ut
726 3696 831 3750 sint
855 3706 905 3748 et
940 3696 1040 3764 ipsi
1082 3694 1403 3763 sanctiﬁcati
1432 3696 1487 3747 in
1514 3695 1792 3750 veritate‘.
1834 3697 1900 3749 Et
1938 3712 2061 3751 rur-

476 3801 571 3841 sus
599 3786 668 3840 ad
696 3800 829 3840 eos:
867 3785 1134 3856 Jlajorem
1181 3787 1280 3839 hac
1308 3786 1641 3840 dilectionem
1692 3803 1842 3840 nemo
1883 3789 2064 3853 habet,

476 3893 636 3947 quam
666 3885 722 3929 ut
745 3878 987 3930 animam
1010 3894 1164 3931 suam
1213 3879 1331 3948 quis
1370 3887 1530 3947 ponat
1563 3895 1658 3947 pro
1686 3880 1874 3932 amicis
1905 3882 2059 3946 suis;

476 3985 565 4022 eos
620 3969 779 4021 amici
819 3968 921 4022 mei
965 3970 1110 4034 estis,
1158 3970 1204 4022 si
1239 3971 1465 4040 feceritis
1519 3986 1635 4040 qua:
1673 3988 1766 4042 ego
1811 3974 2058 4041 pra’cipio

476 4059 674 4112 vobis'.
708 4059 941 4129 Respice
988 4066 1173 4114 autem
1221 4068 1279 4113 et
1322 4060 1510 4130 legalis
1546 4061 1730 4130 ﬁgura:
1782 4064 2056 4130 ordinem,

477 4151 751 4219 quomodo
786 4151 853 4205 ad
884 4151 1056 4220 ipsam
1110 4151 1330 4206 deducit
1375 4153 1695 4219 veritatem;
1756 4155 2077 4209 secundum-

480 4242 641 4309 LXX,
674 4244 822 4298 enim
844 4243 949 4297 ait:
984 4243 1206 4311 De/iniet
1246 4260 1468 4297 exorans
1495 4255 1758 4309 sanctum,
1792 4255 1841 4299 et
1887 4245 2062 4299 taber-

478 4339 728 4414 naculum
757 4336 1058 4397 testimonii,
1084 4346 1130 4388 et
1169 4335 1343 4387 altare
1368 4350 1387 4397 ,'
1437 4334 1489 4387 id
1519 4345 1592 4389 est
1620 4337 1767 4403 ﬁniet
1798 4346 1846 4390 et
1877 4338 2061 4391 termi-

2144 488 2391 556 Cumqoe
2450 481 2750 554 portaverit
2771 480 2954 533 hircus
2975 490 3169 532 omnes
3201 472 3515 543 iniquitates
3534 485 3724 525 eorum

2146 580 2200 633 in
2239 587 2437 633 terram
2461 573 2779 636 solitariam,
2799 570 3125 626 etdimissus
3155 566 3320 620 fuerit
3353 565 3407 618 in
3429 564 3669 618 deserto.
3698 579 3719 613 ι

2217 668 2419 723 Eadem
2454 665 2618 717 etiam
2651 676 2799 716 nunc
2853 662 3075 723 iterare,
3120 664 3344 727 propter
3392 669 3491 707 eos
3522 653 3616 721 qui
3669 652 3727 704 in

2146 760 2269 813 luce
2304 757 2609 815 olfenduut,
2642 768 2781 823 opus
2811 752 3097 805 habemus.
3126 747 3393 800 Probatur
3426 744 3570 797 enim
3600 743 3728 811 quia

2153 850 2287 903 nulli
2326 849 2530 916 iniquo,
2566 845 2649 897 vel
2683 843 2939 910 maligno,
2986 840 3080 893 sed
3115 838 3217 908 ipsi
3277 837 3391 889 Deo
3416 833 3729 888 eﬁiciuntur

2150 952 2213 989 ea
2238 952 2359 1004 qua:
2390 933 2612 987 nuncin
2643 930 2747 983 hoc
2783 929 2938 982 hirco
2956 926 3081 981 vivo
3105 924 3447 980 sanciuntnr.
3488 920 3726 975 I'rimum

2151 1024 2537 1095 quidem,quia
2573 1030 2862 1088 utramque
2917 1030 3140 1070 manum
3171 1012 3336 1082 capiti
3369 1010 3504 1065 hirci
3546 1026 3730 1065 sacer-

2152 1118 2249 1172 dos
2310 1115 2563 1185 imponit.
2638 1114 2900 1166 Mannum
2964 1106 3262 1177 impositio,
3338 1105 3394 1158 in
3462 1105 3732 1159 sacrificio

2152 1208 2494 1265 ministrabat
2530 1203 2987 1264 benedictionem,
3012 1209 3106 1254 aut
3136 1206 3484 1269 peccatorum
3537 1198 3732 1250 remis-

2153 1302 2386 1364 sionem,
2419 1307 2513 1352 aut
2572 1294 2744 1352 sancti
2785 1294 3023 1364 Spiritus
3052 1292 3372 1351 adventum,
3418 1298 3513 1341 aut
3555 1288 3736 1356 expia-

2155 1388 2737 1460 tioncsiutelligihiles.
2764 1385 3050 1452 Quomodo
3084 1398 3211 1453 ergo
3247 1383 3301 1435 in
3333 1382 3505 1445 hunc,
3540 1381 3592 1432 in
3622 1395 3735 1448 quo

2154 1499 2275 1538 sors
2309 1481 2541 1546 inimici,
2571 1491 2626 1536 et
2654 1481 2771 1549 ejus
2795 1477 2886 1548 qui
2911 1485 3105 1531 contra
3145 1473 3319 1528 Deum
3346 1473 3561 1537 militat,
3590 1472 3737 1525 sicut

2154 1578 2309 1631 aiunt
2338 1576 2391 1628 hi
2416 1573 2508 1644 qui
2535 1573 2679 1626 illius
2701 1570 2876 1641 partis
2899 1577 3049 1632 sunt,
3078 1568 3192 1621 haec
3225 1581 3348 1635 qua:
3386 1564 3535 1620 dicta
3581 1572 3733 1628 sunt,

2156 1669 2410 1724 sacerdos
2438 1675 2664 1720 acturus
2698 1662 2851 1718 erat?
2880 1660 2976 1716 Vel
3025 1660 3302 1731 quomodo
3335 1661 3392 1713 in
3453 1654 3573 1728 ipso
3598 1658 3737 1712 ﬁlio-

2158 1777 2277 1815 rum
2334 1758 2498 1814 Israel
2534 1756 2868 1826 iniquitates,
2917 1759 2973 1806 et
3033 1751 3350 1821 injustitias,
3404 1760 3461 1802 et
3514 1757 3737 1819 peccata

2159 1842 2424 1906 redemit?
2467 1847 2733 1904 Conﬁteri
2788 1846 2991 1917 quippe
3034 1844 3288 1898 inimicus
3345 1853 3569 1911 peccata
3624 1855 3738 1895 non

2159 1944 2312 2007 sinit,
2345 1941 2441 1997 sed
2478 1941 2587 1995 imo
2610 1940 2871 2010 suggerit,
2899 1946 2959 1990 ut
2988 1936 3327 1991 occultemus
3364 1934 3563 1988 anima:
3614 1931 3739 1986 vul-

2158 2048 2312 2097 nera,
2342 2041 2401 2086 ut
2425 2046 2534 2085 non
2553 2029 2901 2083 inveniamus
2930 2027 3227 2087 medicum,
3251 2026 3343 2094 qui
3368 2025 3741 2078 medicamen-

2162 2131 2277 2174 tum
2317 2120 2490 2190 possit
2517 2118 2821 2188 imponere,
2853 2116 3197 2184 salutemque
3239 2122 3515 2184 praestare.
3556 2111 3739 2181 Prop-

2161 2212 2312 2268 ter’ca
2352 2228 2477 2267 mox
2521 2220 2581 2265 ut
2614 2211 2929 2279 increpatus
2958 2216 3042 2263 est
3077 2207 3241 2261 David
3276 2222 3304 2259 a
3336 2203 3576 2267 Nathan,
3608 2202 3744 2257 Pec-

2160 2308 2276 2360 cavi
2349 2305 2612 2369 Domino,
2691 2303 3068 2357 exclamavit:
3140 2310 3197 2356 et
3262 2301 3403 2355 illico
3467 2298 3742 2370 prepheta

2161 2395 2437 2450 subdidit:
2489 2394 2558 2448 Et
2595 2393 2852 2447 Dominus
2908 2392 3183 2446 transtulit
3233 2400 3508 2460 peccatum
3568 2400 3743 2454 tuum,

2160 2497 2520 2541 verumtamen
2552 2503 2656 2541 non
2696 2486 2955 2549 morieris,
2995 2488 3120 2555 quia
3163 2484 3527 2553 blasphemare
3574 2483 3743 2552 fecisti

2161 2580 2399 2632 inimicos
2421 2578 2698 2634 Domini‘.
2750 2578 2905 2633 Unde
2931 2588 2987 2632 et
3016 2594 3115 2648 per
3142 2577 3422 2631 hominem
3469 2586 3740 2645 paratum,

2162 2671 2339 2725 emitti
2365 2670 2639 2740 legislator
2668 2671 2883 2725 hircum
2914 2672 2973 2725 in
3001 2670 3353 2724 solitudinem
3383 2668 3539 2722 dixit.
3594 2667 3742 2720 Prae-

2161 2770 2413 2833 paratum
2449 2772 2654 2826 autem,
2684 2764 2740 2818 id
2781 2771 2869 2819 est
2911 2764 3265 2819 accedentem
3293 2805 3309 2830 ,
3357 2762 3477 2816 sive
3530 2761 3744 2815 adeun-

2162 2864 2292 2911 tem.
2326 2855 2394 2909 Et
2427 2871 2532 2910 nec
2551 2856 2872 2926 dignitatem
2906 2855 3072 2925 hujus
3103 2854 3257 2919 dicit,
3303 2863 3486 2907 utrum
3528 2852 3741 2918 Levita,

2162 2965 2232 3004 an
2267 2949 2543 3014 sacerdos,
2601 2958 2699 3003 aut
2730 2948 3001 3018 quispiam
3055 2948 3124 3001 de
3171 2948 3376 3017 populo
3424 2954 3594 3009 esset,
3650 2945 3746 3015 qui

2162 3043 2270 3098 hoc
2307 3052 2522 3114 ageret.
2540 3041 2683 3111 Ergo
2715 3055 2838 3094 cum
2877 3038 3136 3093 omnibus
3183 3039 3462 3094 Christum
3500 3051 3749 3106 praesen.

2165 3143 2276 3190 tem
2311 3112 2435 3188 esse
2478 3112 2750 3203 signiﬁcat
2784 3130 3009 3185 hircus:
3066 3130 3538 3195 Quemadmodum
3593 3130 3747 3184 enim

2163 3243 2263 3299 per
2296 3242 2518 3281 carnem
2552 3227 2609 3280 in
2637 3225 2816 3294 primo
2844 3224 3247 3283 immolabatur,
3271 3225 3349 3278 sic
3372 3239 3524 3279 nunc
3552 3224 3753 3277 vivens

2163 3329 2388 3391 propter
2451 3319 2797 3374 divinitatem
2852 3318 3081 3372 dicitur.
3138 3315 3246 3371 Sed
3304 3316 3429 3386 quia
3494 3330 3639 3369 unus
3694 3323 3754 3370 et

2165 3408 2541 3479 impassibilis,
2568 3417 2624 3463 et
2654 3407 2926 3478 passibilis
2954 3415 3058 3470 est,
3087 3407 3399 3461 necessarie
3431 3414 3489 3460 et
3539 3405 3751 3460 viventi

2165 3516 2361 3555 manus
2430 3500 2686 3555 sacerdos
2744 3498 2980 3569 imponit
3026 3507 3085 3551 ut
3134 3514 3331 3553 manus
3393 3499 3753 3568 impositione

2165 3595 2509 3660 ostendatur,
2548 3594 2676 3663 quia
2712 3594 2905 3648 vivens
2944 3594 3171 3648 verbum
3220 3592 3339 3654 Dei,
3386 3592 3749 3662 impassibile,

2164 3693 2497 3758 immortale,
2528 3691 2633 3747 hoc
2660 3707 2760 3760 pro
2789 3690 2947 3745 nobis
2986 3705 3152 3745 carne
3182 3689 3492 3758 suscipiens
3543 3688 3754 3743 sacriﬁ-

2163 3786 2308 3841 cium
2341 3786 2604 3856 suscepit.
2633 3786 2803 3840 ltecte
2829 3801 2981 3857 ergo.
3041 3786 3097 3839 in
3123 3785 3244 3854 ipso
3300 3785 3648 3855 iniquitates.
3699 3794 3754 3837 et

2166 3879 2485 3948 injustitias,
2520 3888 2573 3934 et
2626 3887 2855 3946 peccata
2899 3877 3161 3933 sacetdos
3208 3876 3610 3947 pronuntiabit.
3653 3875 3755 3929 Hic

2162 3972 2342 4024 estde
2371 3985 2481 4038 quo
2536 3969 2707 4023 Isaias
2763 3970 3034 4040 propheta
3078 3970 3327 4024 dicebat:
3362 3968 3609 4031 Domine,
3638 3969 3754 4038 quis

2164 4059 2389 4112 credidit
2440 4059 2905 4125 audituihrostro?
2959 4058 3026 4111 Et
3080 4059 3353 4112 brachium
3399 4057 3612 4110 Domini
3670 4058 3754 4110 cui

2163 4134 2450 4205 revelatum
2485 4150 2633 4203 est“!
2672 4149 2962 4203 Brachium
2996 4149 3210 4204 Domini
3242 4148 3412 4201 ﬁlium
3441 4147 3746 4217 appellans.

2162 4245 2301 4313 patri
2335 4243 2803 4297 consubstantialc
2828 4242 2897 4297 de
2923 4258 3032 4311 quo
3084 4253 3141 4295 et
3178 4257 3243 4295 ea
3281 4256 3403 4310 qum
3442 4248 3753 4309 sequuntur

2163 4334 2441 4388 subdidit:
2497 4334 2802 4403 Languores
2851 4344 3057 4387 nostros
3109 4335 3218 4402 ipse
3271 4333 3411 4395 tulit,
3450 4341 3499 4385 et
3544 4332 3751 4385 dolores

480 4425 627 4478 nubit
657 4426 1096 4494 deprecationem,
1127 4441 1247 4495 qua:
1274 4434 1391 4479 acta
1427 4434 1511 4480 est
1540 4442 1636 4495 per
1670 4444 1716 4481 et
1732 4443 1920 4492 ucem;
1957 4445 2057 4498 pro
2092 4415 2131 4468 Β
2165 4436 2369 4479 nostros
2401 4426 2509 4490 ipse
2535 4426 2791 4495 portavit.
2822 4424 2943 4494 Ipse
2976 4434 3156 4478 autem
3186 4425 3495 4479 vulneratus
3524 4434 3597 4477 est
3619 4439 3750 4494 pro-

479 4515 627 4568 omni
655 4531 854 4585 genere
884 4516 1191 4582 hominum,
1222 4526 1277 4570 et
1300 4532 1418 4570 eam
1447 4533 1568 4586 quae
1603 4517 1655 4571 in
1687 4518 1860 4573 altare
1891 4521 2055 4575 intel-

480 4604 698 4676 ligibilis
722 4604 845 4665 fuit,
870 4615 1156 4674 p05tquam
1195 4615 1509 4675 assumptus
1551 4606 1718 4661 fuerit
1747 4608 1803 4661 in
1836 4610 2056 4673 caelum,

478 4704 536 4750 et
558 4695 764 4750 sederit
784 4695 839 4748 in
876 4695 1101 4751 dextera
1130 4698 1321 4767 patris.
1357 4700 1521 4769 Atqui
1563 4701 1631 4757 de
1683 4703 2060 4758 sacerdotibus

476 4801 588 4841 non
624 4786 828 4857 expiat,
857 4787 1026 4843 mittit
1056 4789 1201 4842 enim
1225 4789 1306 4844 eis
1325 4792 1767 4848 emundationem
1787 4810 1887 4864 per
1909 4794 2064 4850 intel-

479 4877 740 4949 ligibilem
796 4878 999 4950 ignem,
1054 4888 1111 4935 et
1164 4896 1264 4951 per
1313 4882 1527 4954 linguas
1582 4885 1771 4954 igneas
1817 4887 2058 4956 spiritus,

479 4981 704 5041 propter
743 4973 888 5042 quod
930 4974 1148 5029 dicebat
1184 4974 1301 5030 eis:
1350 4976 1461 5031 Vos
1512 4987 1696 5032 autem
1754 4979 2060 5049 baptizabi-

479 5064 612 5117 mini
640 5064 848 5134 Spiritu
881 5068 1091 5131 sancto,
1127 5082 1237 5120 non
1261 5074 1387 5135 post
1417 5069 1618 5123 multos
1644 5070 1745 5123 hos
1776 5070 1918 5124 dies.

562 5154 713 5210 Vens.
767 5157 860 5212 21.
906 5176 924 5209 ‹
957 5155 1113 5212 Tunc
1152 5157 1350 5212 offeret
1406 5158 1619 5214 hircum
1662 5161 1959 5225 viventem,
2004 5170 2060 5217 ct

480 5247 658 5315 posita
687 5256 918 5318 utraque.
947 5264 1112 5304 manu
1146 5266 1311 5320 super
1355 5261 1521 5322 caput
1548 5252 1690 5322 ejus,
1736 5253 2060 5308 conﬁteatur

481 5352 672 5393 omnes
700 5338 1016 5408 iniquitates
1035 5340 1268 5396 ﬁliorum
1300 5342 1467 5398 Israel
1493 5383 1506 5407 ,
1535 5352 1591 5398 et
1628 5342 1881 5400 universa
1920 5344 2055 5397 deli-

480 5434 587 5495 cta,
605 5438 767 5500 atque
783 5440 1007 5501 peccata
1028 5447 1241 5488 eorum.
1259 5433 1392 5499 Quae
1413 5433 1700 5503 increpans
1720 5435 1882 5505 capiti
1914 5438 2053 5504 ejus,

553 5654 599 5733 ε’
623 5655 774 5733 Psal.
810 5676 942 5733 xvn,
972 5663 1029 5733 9.
1102 5663 1147 5695 "
1175 5661 1330 5718 Joua:
1358 5680 1395 5729 I,
1432 5665 1488 5719 2.
1562 5666 1606 5698 ¹⁹
1641 5666 1777 5721 Gen.
1818 5680 1965 5733 svnt,
1998 5666 2090 5721 2i.

485 5733 507 5766 ι
536 5726 651 5783 lsai.
677 5742 793 5796 Lm,
836 5730 887 5784 1·
965 5734 985 5764 ι
1014 5732 1149 5787 Ibid.
1187 5733 1240 5800 ιι,
1278 5735 1329 5788 5.

2156 4528 2276 4588 pter
2308 4520 2621 4586 iniquitates
2660 4529 2888 4583 nostras,
2920 4520 3135 4571 attritus
3180 4528 3254 4571 est
3300 4528 3514 4586 propter
3549 4517 3748 4571 scelera

2157 4620 2358 4664 nostra.
2394 4610 2687 4679 Disciplina
2723 4612 2871 4677 pacis
2907 4619 3097 4662 nostra:
3126 4625 3283 4678 super
3322 4625 3462 4673 eum,
3496 4620 3546 4661 et
3587 4608 3753 4660 liuore

2158 4702 2273 4771 ejus
2306 4702 2488 4755 sanati
2532 4702 2773 4756 sumus".
2812 4700 2903 4754 Sic
2958 4709 3147 4770 aperte
3202 4714 3370 4770 super
3403 4715 3464 4753 se
3520 4707 3751 4768 peccata
3790 4738 3800 4745 .

2166 4803 2377 4860 nostra,
2430 4803 2485 4849 et
2528 4794 2850 4865 injustitias,
2901 4802 2957 4847 et
3005 4794 3330 4863 iniquitates
3373 4792 3636 4862 portavit.
3686 4790 3754 4844 Et

2166 4870 2457 4956 propterea
2494 4885 2797 4940 secundum
2847 4882 3012 4947 LXX,
3047 4885 3161 4939 ait:
3194 4884 3436 4953 Imponet
3476 4900 3567 4937 eas
3591 4898 3755 4950 super

2168 4988 2328 5048 caput
2362 4979 2502 5032 Itwdi
2531 4979 2656 5032 uiri:
2691 4978 2848 5048 hujus
2886 4979 3025 5032 enim
3074 4977 3247 5048 ﬁgura
3280 4986 3373 5040 est,
3405 4977 3552 5046 quod
3598 4985 3657 5029 et
3687 4990 3758 5028 ex

2166 5070 2340 5139 Spinis
2362 5085 2622 5125 coronam
2650 5068 2857 5139 imponi
2886 5070 3048 5139 capiti
3079 5085 3179 5123 suo
3200 5067 3451 5122 Christus
3478 5067 3753 5138 permisit,

2167 5162 2295 5231 quia
2330 5161 2384 5215 in
2416 5161 2590 5232 spinis
2621 5170 2845 5231 peccata
2886 5160 3062 5214 solent
3089 5160 3282 5229 accipi.
3318 5160 3555 5229 Propter
3602 5159 3754 5227 quod

2169 5264 2224 5307 ct
2253 5254 2422 5307 Adam
2449 5254 2638 5322 spinas
2666 5252 2975 5322 germinare
3009 5260 3152 5307 terra
3184 5251 3521 5321 praecipitur,
3573 5251 3757 5320 siqui-

2171 5347 2293 5399 dem
2321 5353 2376 5399 et
2413 5343 2544 5414 ipse.
2577 5359 2643 5397 ex
2692 5344 3061 5398 inohedientia
3107 5354 3334 5414 peccata
3395 5342 3757 5414 germinavit.

2167 5430 2273 5489 Sed
2322 5445 2376 5487 et
2428 5434 2683 5488 Salomon
2748 5435 2824 5489 ait
2857 5452 2872 5490 :
2903 5433 3081 5504 Spinaa
3142 5444 3431 5490 nascuntur
3482 5434 3538 5488 in
3586 5448 3783 5495 manu,

2169 5669 2182 5699 '
2216 5666 2376 5721 Joan.
2419 5681 2549 5732 xvn,
2584 5665 2671 5721 i9.
2752 5667 2769 5696 ⁹
2807 5665 2965 5723 Joau;
3003 5684 3087 5733 xv,
3132 5668 3211 5721 l5.
3321 5670 3340 5700 ⁸
3366 5667 3497 5739 [ἰν-ε.
3524 5683 3625 5736 stt,
3660 5664 3757 5735 13,
