4038 6182
350 281 481 349 ιοω
1490 274 1572 336 ΙΝ
1606 273 2045 336 LEVITICUM.
2088 300 2153 312 --
2193 274 2340 334 LIB.
2377 274 2441 335 V.
3458 272 3593 342 10οέ

346 364 669 458 temulenti“,
690 390 932 462 peccatis
964 387 1154 458 plenas
1174 400 1298 441 esse
1323 383 1570 438 actiones
1600 384 1722 453 ejus
1739 383 1917 454 signl-
1946 390 1992 445 Α
2090 382 2244 447 Quod
2284 381 2454 436 semel
2489 380 2689 437 factum
2726 391 2835 446 est,
2888 382 3218 453 unigenitum
3266 386 3592 446 sacriﬁcium

346 488 538 543 licens.
571 484 665 540 Sic
687 498 819 555 ergo
843 481 979 550 legis
1000 478 1281 549 accipiens
1313 476 1641 538 verba,non
1700 476 1918 545 ignora—
2022 473 2306 527 ostendere
2372 474 2617 542 cupiens,
2644 488 2703 527 ut
2749 472 2953 531 dictum
3002 484 3086 528 est
3115 494 3127 529 :
3155 475 3388 532 Christus
3437 480 3596 535 semei

344 578 432 634 bis
460 529 823 633 intentiongm
852 529 997 643 ciuus,
1014 580 1178 641 atque
1208 569 1499 625 virtutem:
1538 565 1637 620 sed
1668 575 1723 620 et
1768 565 1920 619 inve-
2023 565 2232 619 oblatus
2279 567 2348 619 ad
2384 565 2668 619 multorum
2700 565 3055 640 exhauriendo
3094 578 3328 635 peccata,
3370 572 3600 626 acritudo
3632 529 3651 656 ξ

345 670 464 724 nies
489 677 740 739 paratum
783 664 1086 727 hominem,
1129 676 1227 732 per
1254 660 1415 728 cujus
1444 671 1665 712 manum
1733 658 1922 712 hircus

348 762 539 817 vivens
587 760 642 813 in
685 752 932 813 creatum
989 753 1243 808 mittitur.
1298 752 1552 808 Christus
1603 750 1751 806 enim
1805 749 1922 817 ipse

347 867 511 907 ontne
536 850 619 906 sui
650 846 902 904 sacriﬁcii
930 846 1110 900 tactus
1137 851 1224 899 est
1254 856 1310 898 et
1341 843 1617 905 sacerdos,
1667 848 1725 896 et
1746 840 1923 895 sacri-

347 943 556 1005 licium,
579 949 635 995 et
653 938 916 999 cultrum,
946 944 1003 991 et
1030 935 1223 989 altare.
1247 933 1368 1003 Ipse
1400 941 1488 987 est
1508 941 1565 986 et
1586 936 1924 1002 praeparatus

349 1032 538 1095 homo,
576 1036 801 1100 paratus
833 1043 931 1097 pro
960 1027 1118 1081 nobis
1148 1026 1216 1079 ad
1252 1024 1588 1094 passionem,
1623 1023 1699 1077 ita
1729 1021 1923 1091 utipse

348 1139 448 1193 per
481 1121 671 1176 Isaiam
703 1118 874 1174 dicat:
900 1116 1014 1188 Ego
1042 1132 1163 1170 uero
1193 1132 1297 1169 non
1322 1115 1713 1178 contradicamy
1730 1123 1924 1167 retror-

346 1231 467 1269 sum
495 1229 599 1265 non
633 1211 760 1264 abii.
801 1208 1003 1276 Corpus
1039 1223 1207 1260 meum
1238 1207 1355 1260 dedi
1398 1205 1824 1277 percutientibus,
1874 1212 1925 1257 et

349 1320 511 1375 genas
536 1319 678 1357 meas
709 1300 1032 1375 vellentibus.
1062 1298 1280 1353 Faciem
1308 1313 1480 1351 meum
1532 1312 1636 1349 non
1664 1297 1831 1351 averti
1858 1299 1924 1354 ab

284 1409 291 1417 '
352 1374 743 1464 increpantibus
767 1402 815 1446 et
842 1374 1302 1462 conspuentibus".
1334 1389 1415 1442 Ad
1448 1400 1608 1453 quem
1650 1395 1709 1442 et
1760 1387 1927 1444 David

337 1478 507 1549 ‘dicit,
542 1482 941 1539 incarnationis
963 1482 1085 1550 ejus
1106 1481 1427 1551 mysterium
1457 1482 1792 1549 signiﬁcans,
1832 1494 1928 1549 per

339 1560 497 1647 lquod
523 1586 773 1631 nostrum
791 1574 1022 1642 adeptus
1042 1583 1127 1627 cst
1157 1584 1384 1644 regnum
1408 1593 1421 1626 :
1448 1575 1706 1627 Damonis
1736 1589 1928 1643 regna-

348 1670 443 1733 uit,
482 1670 718 1721 decorem
748 1665 942 1729 induit,
974 1664 1146 1716 induit
1180 1663 1431 1717 Dominus
1460 1664 1846 1734 fortitudinem,
1878 1673 1928 1717 et

350 1759 626 1828 precimcit
651 1770 724 1809 se.
755 1756 966 1808 Etenim
1009 1754 1240 1823 ﬁrmauit
1267 1754 1441 1808 orbem
1472 1765 1646 1820 terms,
1706 1756 1796 1825 qui
1827 1770 1929 1808 non
1962 1752 2003 1817 Β
2034 1780 2215 1843 Isme"
2248 1786 2303 1835 et
2337 1752 2487 1836 di'ccs
2516 1783 2583 1837 ad
2610 1799 2740 1836 (ms:

352 1849 775 1904 commovebitur.
802 1847 1008 1900 Parata
1034 1849 1179 1901 sedes
1210 1857 1302 1900 tua
1340 1861 1410 1898 ea:
1443 1855 1568 1900 tunc
1582 1847 1627 1900 ⁸.
1676 1848 1930 1903 Christus

350 1959 481 2013 ergo
519 1939 875 2011 intelligibilis
901 1940 1106 2000 Aaron,
1154 1941 1513 2010 semetipsum
1561 1942 1729 1995 etiam
1784 1952 1931 1995 nunc

354 2054 453 2108 per
486 2037 699 2091 hmdum
733 2034 1042 2096 immolatis,
1075 2035 1191 2102 ipse
1220 2050 1319 2104 per
1341 2035 1621 2088 hominem
1656 2043 1928 2102 paratum,

353 2133 467 2185 sive
491 2131 546 2184 in
576 2145 744 2183 manu
776 2129 1017 2183 hominis
1048 2127 1245 2196 parati,
1294 2127 1347 2180 id
1371 2137 1477 2190 est,
1527 2140 1623 2194 per
1658 2126 1931 2195 propriam

354 2224 657 2284 virtutem,
717 2220 835 2290 ipse
888 2219 1035 2273 enim
1082 2230 1205 2272 cum
1263 2217 1333 2270 sit
1376 2226 1432 2270 et
1485 2217 1669 2279 homo,
1714 2224 1934 2285 paratus

356 2322 611 2369 ostensus
637 2322 740 2366 est.
776 2313 844 2365 Et
880 2310 1087 2365 emittit
1121 2310 1335 2362 hircum
1361 2308 1633 2362 viventem
1661 2307 1715 2360 in
1743 2308 1934 2362 solitm

356 2406 564 2468 dinem,
599 2407 714 2459 sive
764 2403 819 2456 in
863 2412 1065 2456 terram
1106 2400 1333 2462 inviam,
1370 2409 1427 2454 et
1481 2399 1755 2454 desertam
1790 2398 1932 2452 viam

358 2511 517 2552 suam
547 2505 604 2550 et
626 2495 1013 2560 immortalem,
1052 2504 1109 2547 et
1138 2491 1535 2561 impassibrlem
1562 2491 1931 2557 divinitatem,

358 2591 427 2644 ad
461 2590 609 2643 invia
644 2589 805 2643 nobis
860 2589 999 2652 loca,
1033 2594 1088 2640 et
1127 2586 1199 2641 ab
1247 2586 1396 2639 omni
1451 2585 1657 2639 malitia
1680 2584 1930 2647 deserta;

358 2680 660 2734 secundum
717 2678 861 2747 quod
890 2676 1128 2733 Joannes
1177 2678 1301 2731 ait:
1363 2676 1547 2730 Videris
1594 2674 1748 2728 Jesus
1806 2675 1930 2743 quia

357 2772 532 2824 sinuin
557 2771 700 2824 dedit
725 2772 771 2823 ei
790 2769 959 2825 Pater
983 2770 1041 2823 in
1070 2782 1277 2833 manus,
1298 2776 1351 2822 et
1366 2767 1491 2838 quia
1511 2782 1549 2819 α
1573 2766 1682 2821 Deo
1704 2768 1860 2820 eaioit
1882 2772 1933 2821 et

359 2864 428 2917 ad
455 2862 621 2915 Deum
643 2862 845 2915 uadit'.

435 2955 588 3008 Vens.
632 2952 719 3007 δί.
767 2970 785 3002 ι
818 2950 1062 3020 Expiabit
1106 2950 1255 3004 cnim
1292 2950 1548 3005 sacerdos
1596 2949 1687 3017 qui
1737 2956 1935 3004 unctus

358 3046 540 3108 luerit,
576 3054 631 3098 et
656 3044 813 3111 cuius
839 3044 1067 3110 expiata:
1089 3055 1307 3107 manus,
1348 3048 1411 3094 ut
1454 3039 1761 3094 sacerdotio
1804 3039 1932 3091 tun»

360 3146 511 3207 ﬂatur
540 3150 641 3203 pro
669 3143 821 3202 patre
845 3147 964 3187 suo.
995 3151 1015 3184 ι
1294 3190 1295 3195 η

434 3227 581 3292 Sive,
605 3236 663 3281 ut
689 3224 863 3280 LXX:
890 3224 1288 3295 Deprecabitur,
1305 3223 1499 3292 inquit,
1517 3227 1763 3276 sacerdos
1786 3235 1933 3292 quie-

358 3333 561 3388 runque
603 3317 831 3378 auxerit,
884 3325 937 3371 et
991 3317 1285 3384 quicunque
1321 3323 1715 3367 consummatus
1776 3316 1934 3383 fuerit

362 3427 547 3485 manus
562 3412 1015 3463 su‘as'consecrare
1036 3408 1107 3461 ad
1130 3416 1341 3474 patrem
1363 3419 1537 3457 suum.
1565 3404 1633 3460 [lt
1659 3405 1932 3459 Christum

359 3504 476 3557 sine
497 3504 677 3571 aliqua
709 3501 983 3555 dubietate
1009 3499 1341 3560 ostenderet,
1375 3499 1501 3566 quia
1519 3499 1668 3552 enim
1688 3498 1935 3552 Christus

360 3603 543 3664 patres
593 3592 893 3646 secundum
941 3604 1186 3651 carnem,
1235 3588 1544 3642 Judacorum
1590 3588 1933 3642 sacerdotum

359 3685 637 3756 principes
672 3682 927 3746 habebat,
962 3680 1057 3734 lilii
1091 3680 1238 3733 enim
1280 3689 1336 3734 et
1363 3681 1463 3751 ipsi
1508 3680 1799 3747 Abraham,
1828 3683 1933 3736 sic-

359 3788 421 3834 ut
440 3789 496 3832 et
532 3778 780 3832 Christus
808 3776 926 3830 fuit.
963 3773 1213 3829 Ostendit
1244 3775 1349 3841 lex,
1381 3784 1440 3828 ut
1472 3776 1595 3844 quia
1622 3775 1935 3830 .Indaeorum

346 3870 670 3927 sacerdotes
700 3883 807 3922 non
842 3874 1110 3937 poterant,
1141 3867 1284 3922 sicut
1306 3866 1382 3920 ait
1423 3865 1640 3932 Paulus,
1665 3868 1934 3923 acceden-

358 3978 443 4020 tes
464 3964 733 4033 perfectos
760 3962 959 4025 facere,
990 3957 1325 4028 impossibile
1352 3960 1495 4012 enim
1520 3968 1638 4014 erat
1673 3962 1937 4032 sanguine

354 4066 641 4111 taurum
676 4062 745 4108 et
782 4054 1071 4107 hircorum
1095 4050 1317 4105 auferre
1352 4060 1595 4124 peccata,
1614 4063 1773 4107 recte
1819 4054 1935 4123 ipse

358 4149 610 4204 Christus
631 4163 684 4202 in
711 4145 1075 4201 sacerdotium
1105 4153 1321 4208 mictus,
1353 4153 1409 4198 et
1449 4154 1643 4197 manus
1688 4157 1787 4214 per
1810 4160 1938 4199 cru-

358 4256 479 4296 cem
502 4252 912 4302 consentientis,
951 4238 1135 4307 expiat
1177 4250 1296 4293 nos.
1326 4239 1400 4293 ne
1432 4253 1543 4309 quo
1577 4239 1633 4293 in
1674 4240 1781 4294 alio
1816 4240 1938 4295 loco

358 4346 513 4391 recte
546 4336 629 4390 lca
666 4335 829 4390 dicit:
873 4334 1141 4389 Sacerdos
1175 4351 1337 4406 quem
1395 4338 1655 4391 auxerint
1702 4347 1761 4392 et
1806 4352 1939 4393 con-

2022 659 2135 712 sine
2160 668 2374 726 peccato
2389 658 2662 728 apparebit
2684 658 3103 729 exspectantibus
3134 662 3259 714 sein
3283 662 3509 718 salutent
3531 669 3593 725 η,
3640 676 3647 713 l

2023 764 2123 820 per
2144 749 2324 814 ﬁdem,
2356 764 2478 801 cum
2507 764 2611 818 qua
2648 750 2740 818 qui
2802 748 2969 817 legem
3002 750 3314 816 meditatur,
3375 768 3599 824 compar
3640 734 3649 779 ἶ

2025 839 2234 893 invenit
2279 839 2405 893 ltuic
2450 838 2821 910 Evangelium,
2867 839 3206 909 multumque
3249 854 3413 897 verax
3450 848 3599 914 quod

2025 930 2292 991 Christus,
2321 930 2374 984 id
2398 940 2484 985 est
2514 931 2731 992 veritas,
2760 929 2964 985 Judaeis
2988 931 3202 987 locutus
3227 942 3312 990 est
3340 953 3354 989 :
3386 935 3446 990 Si
3488 948 3600 993 tres

2024 1022 2215 1076 daretis
2244 1023 2435 1091 Moysi,
2470 1024 2746 1077 crederetis
2766 1026 2946 1095 utique
2969 1035 3019 1080 et
3055 1028 3215 1092 mihi;
3255 1030 3319 1082 de
3352 1045 3433 1083 me
3461 1031 3600 1085 enim

2026 1111 2116 1166 ille
2145 1113 2353 1182 scripsit
2390 1113 2452 1167 ¹³.
2485 1111 2627 1178 Quid
2684 1123 2888 1181 autem,
2916 1124 3010 1171 aut
3069 1117 3182 1183 ubi,
3214 1133 3324 1173 non
3373 1118 3599 1187 addidit,

2025 1206 2151 1276 quia
2175 1221 2517 1276 qmecunque
2545 1209 2787 1278 mystica,
2815 1224 3153 1280 quaecunque
3179 1211 3307 1276 alta,
3336 1218 3600 1282 quacun-

2028 1312 2136 1366 que
2166 1297 2347 1352 divina
2377 1307 2524 1362 sunt,
2562 1299 2677 1353 haec
2700 1299 2768 1354 de
2798 1300 3014 1355 Christo
3043 1301 3273 1372 alloyse
3299 1303 3352 1358 iu
3386 1304 3602 1369 umbra,

1989 1384 2011 1398 ‘
2028 1401 2083 1442 et
2114 1389 2305 1459 ﬁgura,
2331 1395 2389 1445 et
2419 1389 2748 1460 imaginibus
2774 1391 3113 1447 dicebantur.

2605 1505 2835 1563 CAPUT
2862 1506 3024 1564 XVII.

2100 1596 2261 1652 Vens.
2291 1599 2403 1652 4-7.
2448 1619 2465 1650 ‹
2495 1600 2558 1653 Et
2593 1599 2807 1656 locutus
2850 1612 2934 1656 est
2964 1601 3229 1659 Dominus
3278 1605 3343 1659 ad
3386 1605 3605 1679 Moysen

2032 1687 2253 1743 dicens:
2288 1689 2533 1761 Loquere
2555 1690 2733 1746 Aaron
2771 1701 2826 1746 ct
2846 1691 2966 1746 ﬁliis
2987 1693 3125 1763 ejus,
3149 1702 3204 1748 et
3248 1699 3458 1753 cunctis
3482 1700 3607 1755 ﬁliis

2769 1782 2869 1838 Iste
2896 1791 2979 1838 est
3009 1801 3187 1840 sermo
3227 1804 3386 1857 quem
3452 1806 3606 1845 man-

2033 1870 2181 1924 davit
2228 1870 2487 1925 Dominus
2542 1873 2781 1928 dicens:
2822 1874 2995 1927 lvlomo
3045 1876 3268 1945 quilibet
3322 1880 3388 1933 de
3445 1879 3607 1936 domo

2032 1958 2218 2022 Israel,
2238 1960 2281 2014 si
2305 1960 2561 2016 occiderit
2579 1963 2793 2026 bovem,
2814 1964 2927 2019 sive
2948 1980 3188 2035 capram,
3216 1966 3268 2021 in
3291 1966 3505 2038 castris,
3520 1974 3612 2029 vel

2034 2060 2186 2105 extra
2210 2062 2404 2114 castra,
2430 2062 2481 2108 et
2516 2068 2626 2107 non
2662 2055 2917 2109 obtulerit
2945 2057 3013 2111 ad
3047 2059 3244 2113 ostium
3271 2061 3607 2121 tabernaculi

2033 2144 2361 2199 oblationem
2404 2145 2653 2212 Domino,
2717 2149 2994 2218 sanguinis
3040 2164 3166 2206 reus
3204 2153 3339 2223 erit;
3374 2159 3529 2226 quasi
3560 2159 3605 2214 si

2034 2234 2353 2304 sanguinem
2386 2236 2605 2301 fuderit,
2637 2241 2717 2293 sic
2752 2239 2947 2308 peribit
2975 2240 3042 2295 de
3068 2243 3248 2298 medio
3275 2248 3456 2318 βορηΙί
3494 2250 3603 2305 sui.

2036 2325 2165 2379 Ideo
2220 2327 2416 2381 oll‘crre
2476 2329 2675 2383 debent
2719 2331 2984 2384 sacerdoti
3041 2331 3134 2386 lilii
3180 2333 3349 2391 Israel
3400 2339 3606 2397 hostias

2036 2432 2162 2471 suas
2183 2433 2318 2487 quas
2346 2421 2598 2476 occidunt
2642 2423 2694 2476 in
2747 2439 2897 2495 agro,
2924 2436 2985 2483 ut
3032 2428 3443 2485 sanetilicentur
3498 2426 3606 2487 Do-

2034 2507 2187 2559 mino
2219 2517 2343 2562 ante
2377 2509 2578 2564 ostium
2608 2513 2939 2570 tabernaculi
2977 2518 3296 2587 testimonii,
3332 2530 3387 2575 et
3410 2524 3606 2577 immo-

2036 2596 2147 2649 lent
2176 2612 2267 2651 cas
2291 2598 2497 2653 hostias
2524 2602 2777 2669 pacitlr‘as
2799 2607 3052 2661 Domino.
3083 2607 3401 2679 Fundetque
3429 2628 3607 2666 sacer-

2035 2687 2133 2743 dos
2161 2690 2481 2761 sanguinem
2513 2693 2615 2747 sub
2652 2694 2820 2749 altare
2848 2694 3082 2763 Domini,
3110 2709 3165 2754 et
3187 2701 3254 2755 ad
3285 2701 3481 2756 ostium
3525 2712 3609 2758 ta-

2034 2780 2663 2852 bernaculitestimdnii,
2699 2794 2752 2841 et
2774 2788 3010 2843 adolebit
3044 2791 3257 2862 adipem
3296 2793 3350 2847 in
3385 2792 3608 2850 odorem

2035 2871 2319 2926 suavitatis
2340 2871 2585 2927 DOIllIllO.
2619 2875 2683 2929 Et
2707 2886 3044 2948 nequaquam
3079 2880 3218 2934 ultra
3250 2882 3611 2939 immolabant

2035 2961 2238 3017 hostias
2263 2977 2390 3018 suas
2418 2964 2775 3034 diemOnibus,
2801 2984 2923 3023 cum
2946 2971 3144 3041 quibus
3176 2972 3424 3028 fornicati
3456 2985 3609 3031 sunt.

2036 3051 2361 3122 Legitimnm
2415 3056 2808 3125 sempiternum
2863 3062 2967 3115 erit
3010 3060 3135 3130 illis,
3171 3071 3227 3116 et
3255 3064 3488 3133 posteris
3518 3081 3612 3120 eo-

2039 3156 2101 3194 ΙἭ
2111 3158 2159 3195 η)
2169 3182 2182 3195 .
2228 3158 2251 3193 1

2104 3234 2242 3298 Quia
2283 3244 2473 3303 parum
2503 3235 2795 3308 legislatori
2826 3240 2894 3295 de
2932 3240 3117 3313 ﬁguris
3149 3246 3473 3314 pertinebat,
3517 3248 3615 3305 sed

2034 3335 2087 3380 et
2108 3327 2251 3396 quod
2281 3328 2348 3382 de
2378 3328 2459 3382 eis
2491 3330 2762 3399 cogitabat
2820 3335 2991 3405 magis
3023 3347 3245 3407 propter
3296 3340 3613 3413 praeﬁgura-

2037 3427 2142 3471 tam
2178 3418 2230 3471 in
2271 3418 2351 3473 eis
2385 3420 2688 3486 veritatem,
2731 3438 2835 3491 qua
2876 3431 3064 3493 postea
3113 3430 3450 3498 temporibus
3501 3433 3614 3487 suis

2034 3507 2344 3578 dispensata
2381 3510 2499 3565 illas
2520 3526 2737 3569 cessare
2773 3514 2905 3575 vult,
2929 3524 3113 3584 aperte
3145 3534 3383 3588 praesens
3405 3526 3616 3578 sanctio

2034 3598 2388 3668 demonstrat,
2411 3618 2531 3672 qum
2582 3620 2690 3658 non
2752 3606 3068 3676 simpliciter
3120 3610 3191 3663 ad
3247 3610 3486 3682 Moysen,
3519 3617 3615 3671 sed

2034 3694 2102 3747 ad
2125 3695 2299 3749 Aaron
2328 3706 2381 3750 et
2410 3695 2547 3751 illius
2576 3698 2714 3766 ejus.
2742 3706 2796 3752 et
2828 3699 2893 3752 ad
2920 3715 3112 3754 omnes
3140 3700 3279 3759 tilios
3298 3703 3457 3760 Israel
3476 3723 3614 3776 pra:-

2037 3785 2207 3855 cepit:
2221 3787 2315 3841 sed
2329 3799 2513 3858 aperte
2537 3789 3041 3861 manifestans,quia
3056 3794 3168 3850 haec
3180 3795 3311 3869 legis
3324 3803 3618 3871 praeceptio

2035 3892 2145 3931 non
2167 3895 2553 3951 magnum,non
2568 3882 3399 3958 perfectiorcmquempiammon
3420 3891 3617 3962 imper-

2037 3966 2240 4021 fectum
2275 3968 2522 4038 ignorare
2543 3969 2675 4033 vult,
2708 3971 2851 4040 quod
2875 3972 3093 4041 expedit
3116 3974 3197 4029 eis
3230 3976 3388 4040 scire,
3426 3978 3479 4033 id
3509 3988 3614 4045 est,

2037 4061 2162 4129 quia
2181 4060 2492 4130 temporalis
2506 4072 2589 4116 est
2606 4062 2793 4118 littera:
2812 4065 2983 4132 lex,ut
3007 4078 3252 4139 tempore
3265 4072 3617 4139 expleto,non

2032 4152 2143 4225 jam
2159 4154 2301 4209 circa
2320 4154 2486 4223 ipsam
2509 4153 2703 4211 frustra
2728 4167 2781 4211 et
2802 4173 3132 4228 supervacue
3152 4163 3513 4234 nosmetipsos
3534 4178 3621 4219 oc-

2039 4258 2321 4315 cupemus.
2351 4248 2482 4313 Quis
2497 4258 2676 4303 autem
2702 4260 2784 4305 est
2804 4258 3108 4322 temporum
3124 4254 3250 4309 linis
3268 4256 3620 4311 ?0mnimoda

2040 4337 2143 4392 loci
2176 4337 2345 4408 ipsius
2371 4340 2623 4408 perditio,
2652 4342 2708 4395 in
2732 4358 2838 4412 quo
2873 4345 3137 4399 sacrihcia
3176 4345 3364 4401 σπειτί
3413 4363 3619 4418 praece-

358 4430 755 4484 summaverint
786 4444 1000 4494 manus,
1044 4427 1408 4484 sacerdotium
1451 4430 1767 4485 m’mistrare
1812 4441 1936 4502 post
1972 4444 2015 4500 ι)
2042 4430 2142 4499 pit,
2170 4430 2554 4484 comminando
2597 4433 2938 4502 prmcipiens,
2968 4444 3090 4489 eu‘m
3121 4436 3212 4506 qui
3248 4437 3388 4492 intra
3420 4448 3617 4506 castra,

360 4530 568 4590 patrem
604 4535 785 4575 suum.
828 4521 1063 4576 Primum
1102 4524 1245 4578 enim
1281 4528 1429 4582 hunc
1466 4536 1619 4597 pater
1645 4526 1819 4591 unxit,
1851 4540 1939 4580 se-

362 4615 602 4668 cundum
636 4616 777 4684 quod
805 4617 879 4670 ait
936 4617 1099 4672 David
1137 4633 1149 4669 :
1176 4617 1462 4687 Propterea
1519 4621 1668 4673 unxit
1700 4629 1749 4673 te
1774 4619 1933 4684 Deus,

364 4707 501 4761 Deus
526 4708 731 4764 tuus".
754 4707 921 4763 Unxit‘
973 4720 1153 4764 autem
1205 4710 1435 4764 dicens:
1472 4712 1546 4764 Tu
1585 4727 1637 4765 es
1679 4710 1937 4766 Sacerdos

359 4801 415 4854 in
445 4809 718 4865 teternum,
737 4802 1018 4856 secundum
1035 4803 1266 4855 ordinem
1286 4802 1653 4857 Melchisedech
1686 4807 1747 4857 ιι.
1779 4805 1936 4860 Post-

358 4909 422 4948 ea
459 4894 529 4949 ab
574 4894 891 4949 hominibus
953 4894 1045 4964 qui
1097 4893 1541 4949 ministraverunt
1604 4897 1839 4964 passioni
1881 4905 1938 4951 et

359 4986 625 5043 sacriﬁcio
669 4996 873 5042 unctus
911 4995 1031 5041 est:
1072 4987 1251 5042 crucis
1301 4988 1447 5041 enim
1491 4988 1839 5050 sacriﬁcium,
1882 4996 1938 5043 et

358 5092 579 5147 agnum,
642 5088 697 5133 et
754 5078 1111 5140 sacerdotem,
1168 5087 1223 5133 et
1286 5078 1633 5132 liberatorem
1684 5087 1937 5132 nostrum

358 5171 613 5224 ostendit.
647 5170 871 5242 Propter
899 5172 1044 5241 quod
1078 5172 1143 5226 ad
1182 5172 1302 5240 eius
1351 5172 1653 5241 planiorem
1706 5166 1935 5226 clemen-

360 5262 714 5328 strationem,
786 5273 845 5319 et
893 5262 1233 5335 subtiliorem
1291 5264 1475 5335 ligarat
1536 5263 1935 5317 man‘ileStatio-

357 5362 486 5407 nem
505 5368 521 5407 ξ

430 5441 592 5498 Vsus.
620 5442 713 5498 54.
761 5462 781 5496 t
819 5443 1019 5513 Semel,
1050 5443 1225 5515 inquit
1249 5487 1261 5507 ,
1295 5445 1347 5498 in
1381 5459 1524 5500 anno
1548 5444 1708 5501 faciet
1750 5446 1874 5500 hoc.
1916 5463 1935 5497 ι

437 5624 459 5654 ⁸
489 5623 647 5680 Prov.
682 5642 826 5691 xxvn,
851 5628 906 5682 9.
1018 5628 1037 5657 "
1067 5627 1188 5681 lsai.
1231 5644 1281 5689 ι,
1318 5628 1371 5691 5,
1394 5629 1445 5681 6.

362 5693 407 5726 ⁸⁸
434 5692 599 5749 Hebr.
630 5712 705 5763 ix,
730 5696 820 5748 28.
899 5696 943 5726 ’³
981 5696 1136 5751 Joan.
1171 5714 1221 5760 v,
1253 5697 1341 5751 46.

718 5789 965 5848 Parnm.
1031 5792 1143 5849 Gn.
1190 5789 1394 5852 XCIII.

1560 5628 1581 5659 ⁸
1600 5624 1745 5680 Psal.
1780 5637 1913 5691 καί,
1935 5624 1987 5677 i.

2044 4527 2159 4582 sive
2191 4525 2343 4587 loris,
2370 4534 2518 4581 extra
2550 4536 2730 4580 tamen
2773 4528 3181 4583 tabernaculum
3208 4530 3503 4584 testimonii
3532 4544 3620 4585 sa-

2040 4622 2305 4680 criﬁcium
2343 4622 2433 4677 Dei
2462 4621 2659 4691 explet,
2696 4621 2919 4674 interire
2953 4621 3019 4674 de
3047 4621 3267 4690 populo.
3313 4620 3619 4691 thnando

2042 4711 2450 4767 tabernaculum
2487 4709 2800 4771 testimonii,
2835 4717 2890 4761 et
2922 4707 3181 4777 templum
3211 4707 3356 4776 quod
3385 4708 3451 4759 ad
3502 4705 3620 4774 ejus

2040 4800 2332 4872 imaginem
2358 4801 2559 4855 factum
2590 4806 2691 4862 ρει,
2721 4798 3075 4867 disperditum
3110 4798 3292 4859 fuerit,
3327 4808 3621 4866 cognosca-

2042 4906 2130 4949 tur
2159 4894 2283 4962 quia
2313 4894 2472 4947 linem
2511 4892 2715 4945 habent
2744 4892 2923 4943 omnia
2953 4902 3073 4958 (μηδὲ
3106 4889 3177 4942 ibi
3214 4888 3326 4941 ﬁeri
3357 4888 3440 4940 lex
3487 4900 3621 4956 pras-

2041 4986 2219 5055 cepit;
2249 4986 2410 5040 etiam
2443 4986 2531 5040 illa
2568 4985 2677 5039 Deo
2711 4999 2818 5038 non
2846 4983 3078 5053 placent,
3109 4996 3288 5050 neque
3317 4977 3462 5033 enim
3484 4977 3620 5030 alias

2039 5070 2457 5148 disperdidisset
2507 5077 2684 5131 locum
2722 5074 2778 5129 in
2821 5088 2928 5144 quo
2958 5071 3136 5143 peragi
3184 5068 3495 5123 omnimodo
3531 5080 3618 5121 seu

2042 5172 2280 5224 cundum
2336 5169 2504 5240 legem
2547 5168 2844 5243 debuisset.
2879 5165 3036 5232 Quod
3083 5164 3242 5216 etiam
3293 5160 3460 5224 dices,
3491 5168 3619 5213 cum

2044 5261 2318 5331 sicjustas
2351 5260 2613 5322 actiones,
2641 5260 2692 5314 id
2739 5264 2958 5314 estnon
3003 5254 3272 5316 occidere,
3298 5264 3407 5304 non
3465 5249 3620 5304 adul-

2051 5353 2236 5419 terari,
2266 5368 2375 5406 non
2412 5352 2603 5416 furari,
2636 5367 2747 5405 non
2791 5350 2987 5405 falsum
3011 5345 3380 5400 testimonium
3417 5341 3622 5404 dicere,

2050 5454 2256 5516 patrem
2316 5452 2370 5499 et
2419 5448 2645 5498 matr‘cm
2701 5444 2990 5506 honorare,
3042 5437 3264 5510 diligere
3324 5435 3623 5506 proximos,

2087 5624 2107 5655 ’
2142 5621 2299 5678 Joan.
2332 5637 2451 5685 sui,
2478 5622 2529 5675 3.
2648 5618 2690 5651 ¹⁰
2727 5616 2868 5673 Psal.
2895 5617 3117 5684 thv,.8.
3231 5617 3271 5646 "
3305 5614 3395 5669 Ps.
3430 5627 3538 5677 cu,
3569 5609 3635 5665 ι.

3201 5774 3275 5835 32
