4038 6182
490 278 622 342 1003

1669 275 1905 336 ΗΕΞΥΟ
1914 274 1961 333 Η
1973 273 2027 331 ll
2082 269 2553 330 PRESBYTERI

3613 264 3743 333 1004

404 417 409 424 ·
480 408 665 448 servos
694 393 893 449 liberos
915 393 1112 460 facere,
1136 392 1382 462 jejunare
1405 390 1742 460 frequenter,
1771 389 1853 442 vel
1874 403 2050 450 orare,
2087 396 2128 450 Α
2158 391 2213 436 et
2263 383 2422 438 docet
2451 383 2608 452 quale
2649 390 2731 437 est
2752 380 3132 437 fornicationis
3166 391 3478 450 peccatum,
3510 391 3562 436 ut
3629 381 3744 436 ldo-

481 503 590 540 non
621 485 1186 548 circumscribitloco,
1213 483 1339 553 quia
1371 498 1584 552 semper
1623 491 1751 535 sunt
1794 479 1967 543 utilia,
2005 487 2058 531 et

479 593 604 632 cum
639 576 946 648 evangelica
995 575 1408 656 conversatione
1435 573 1766 629 communia.
1799 570 1921 626 Haec
1965 585 2060 622 au-

485 680 588 724 tem
612 685 733 738 quae
761 670 1064 724 secundum
1095 667 1387 737 semetipsa
1433 674 1562 722 sunt
1615 662 1908 735 superﬂua,
1965 659 2057 715 sed

479 777 659 817 causa:
707 759 989 832 cujusdam
1044 769 1174 814 sunt
1231 758 1498 829 exquisita
1541 757 1735 827 gratia,
1784 753 2061 810 concludit

479 853 615 918 loco,
655 863 713 906 ut
762 863 1092 922 cognoscant
1119 851 1243 921 quia
1300 850 1618 921 temporalia
1661 855 1788 902 sunt
1826 864 1838 899 :
1879 845 2058 900 omnia

478 942 624 996 enim
669 957 792 1012 quae
845 942 964 997 loco
1011 942 1280 1005 serviunt,
1325 940 1534 996 servire
1586 939 1750 994 etiam
1809 937 2060 992 ordinata

478 1044 607 1089 sunt
634 1033 886 1102 tempori.
923 1032 1190 1103 Deputata
1225 1040 1355 1086 sunt
1403 1032 1565 1102 igitur
1612 1032 1730 1084 loco
1773 1027 2058 1092 sacriﬁcia,

477 1122 894 1193 cmundationes
949 1130 1316 1184 mortuorum,
1347 1129 1401 1176 et
1453 1120 1676 1174 seminis
1715 1117 1918 1171 fluxum
1966 1133 2062 1186 pa-

479 1213 756 1277 tientium,
791 1219 847 1267 et
886 1212 1249 1280 lcprosornm,
1293 1218 1348 1264 et
1399 1217 1856 1264 menstruatartnn
1893 1227 1906 1260 :
1938 1206 2063 1275 quia

475 1313 532 1358 et
590 1305 706 1358 haec
745 1316 842 1373 per
893 1301 1156 1357 sacriﬁcia
1202 1301 1459 1356 eﬁectum
1529 1299 1776 1354 habent:
1819 1297 2066 1352 similiter

473 1411 684 1467 azyma,
715 1405 770 1450 et
795 1395 1083 1465 ﬁguratum
1103 1395 1326 1464 pascha,
1356 1392 1700 1462 scenopegia,
1726 1398 2061 1460 pentecoste,

474 1503 690 1543 necnon
753 1487 1077 1547 neomenite,
1132 1494 1187 1540 et
1235 1484 1460 1539 sabbata
1505 1500 1522 1537 :
1576 1483 1861 1552 oportebat
1919 1482 2066 1534 enim

475 1581 625 1634 omni
670 1580 831 1634 modo
874 1578 1139 1632 sacriﬁcia
1173 1578 1225 1630 in
1273 1577 1391 1631 istis
1442 1575 1646 1631 oﬁ’erri.
1689 1575 1826 1641 Quia
1879 1583 2094 1629 autem-

478 1672 594 1725 hinc
620 1669 1001 1740 mysteriorum
1026 1668 1254 1722 Domino
1287 1667 1688 1738 implendorum
1737 1667 1936 1738 ﬁguras
1968 1669 2066 1722 ha-

2161 474 2334 526 lorum
2375 473 2544 536 cultu,
2574 472 3010 540 fornicationem,
3043 482 3098 526 et
3132 472 3200 527 ad
3227 473 3503 528 dannones
3552 475 3742 528 conlu-

2161 561 2331 632 gium,
2373 561 2791 617 fornicationem
2815 563 3190 617 nominaretur
3216 578 3230 614 :

2232 650 2393 706 Vsus.
2418 653 2474 717 8,
2498 653 2553 707 9.
2589 672 2607 702 ε
2636 653 2702 706 Ει
2726 652 2876 708 dices
2925 653 2992 708 ad
3050 654 3236 723 ipsos:
3279 652 3454 708 lIomo
3492 656 3560 710 dc
3621 657 3746 712 ﬁliis

2163 738 2347 806 Israel,
2373 750 2432 794 et
2457 741 2526 795 de
2553 741 2778 797 advenis
2831 742 2924 811 qui
2947 743 3368 812 peregrinantur
3425 746 3568 812 apud
3626 745 3743 810 vos,

2161 831 2254 900 qui
2308 831 2569 887 obtulerit
2624 833 3027 900 holocaustum,
3090 836 3205 890 sive
3254 837 3553 905 victimam,
3581 850 3634 894 et
3679 844 3746 895 ad

2162 924 2363 980 ostium
2395 924 2728 980 tabernaculi
2781 925 3075 980 testimonii
3115 943 3224 981 non
3273 928 3563 985 adduxerit
3604 947 3746 998 eam,

2167 1023 2224 1068 ut
2263 1014 2526 1070 oﬁeratur
2559 1017 2807 1084 Domino,
2851 1019 3093 1072 interibit
3119 1020 3186 1073 de
3216 1021 3419 1090 populo
3438 1038 3560 1076 suo.
3595 1044 3612 1076 ι

2238 1107 2303 1160 Et
2365 1107 2411 1161 si
2463 1107 2655 1162 eadem
2683 1108 2867 1163 dicere
2925 1109 3194 1179 legislator
3245 1111 3480 1178 videtur,
3539 1131 3752 1170 verum-

2165 1207 2348 1254 tamen
2376 1200 2660 1270 populum,
2729 1200 2821 1254 cui
2849 1200 2920 1255 ab
2958 1215 3025 1256 eo
3071 1202 3154 1256 lex
3181 1203 3496 1272 imponitur,
3538 1217 3752 1264 cautum

2168 1291 2349 1344 reddit
2385 1309 2399 1344 ι
2431 1292 2623 1346 eadem
2644 1295 2846 1362 quippe
2885 1291 3201 1362 frequenter
3245 1294 3458 1361 dicens,
3512 1299 3754 1354 ostendit

2169 1381 2270 1435 hoc
2302 1383 2619 1437 mandatum
2678 1384 3053 1438 necessarium
3118 1399 3260 1449 esse,
3299 1387 3573 1456 nim-isque
3599 1389 3747 1443 utile.

2175 1470 2556 1528 Verumtamen
2590 1489 2661 1528 ne
2708 1475 2910 1528 frustra
2960 1474 3196 1543 idipsum
3248 1491 3441 1529 rursus
3470 1477 3619 1536 dicit.
3661 1481 3755 1533 sed

2169 1579 2334 1634 supra
2356 1564 2572 1633 quidem
2597 1563 2935 1620 occidentem
2959 1565 3325 1629 solummodo,
3355 1575 3415 1620 ut
3433 1567 3649 1636 aliquod
3677 1568 3755 1622 fa-

2169 1663 2321 1709 ceret
2339 1655 2685 1720 sacriﬁcium,
2710 1670 2821 1710 non
2852 1665 3031 1711 tamen
3065 1656 3212 1708 omni
3257 1657 3420 1712 modo
3451 1668 3510 1712 et
3551 1660 3750 1730 reliqua

479 1762 718 1828 hebant,
770 1761 824 1815 in
889 1761 1266 1832 superioribus
1311 1758 1643 1813 sulﬁcienter
1702 1759 2065 1813 ostendimus.

2178 1745 2424 1800 sacriﬁcii
2451 1745 2764 1809 facientem,
2796 1761 2974 1816 poenae
3023 1746 3274 1816 subjecit,
3329 1748 3406 1802 ait
3435 1749 3580 1804 enim
3613 1767 3626 1802 :
3653 1750 3752 1815 Qui

479 1854 742 1909 Parvulos
766 1868 896 1924 ergo
926 1869 1048 1908 cum
1085 1862 1232 1908 esset
1283 1851 1542 1922 populus,
1569 1850 1661 1920 qui
1691 1850 1863 1921 legem
1915 1849 2068 1904 acci-

477 1943 693 2013 piebat,
725 1951 779 1997 et
809 1942 876 1997 ad
909 1957 971 1996 ea
1001 1957 1122 2014 qua:
1149 1951 1276 1996 sunt
1323 1940 1640 2011 imperfecta
1678 1941 1914 2005 inhians,
1943 1941 2069 2010 quia

479 2035 844 2090 adhaesiturus
867 2043 985 2089 erat
1016 2033 1245 2093 umbris,
1277 2040 1333 2086 et
1358 2046 1744 2102 compassurus
1780 2030 1934 2095 locis,
1961 2031 2069 2084 sic-

482 2138 542 2183 ut
599 2127 857 2198 parvulus
903 2125 958 2180 in
991 2124 1316 2196 quihusdam
1357 2124 1490 2178 locis
1546 2123 1868 2186 delectatur,
1911 2122 2069 2177 inve-

478 2221 562 2278 nit
583 2220 804 2275 modum
835 2217 1127 2290 legislator,
1154 2232 1250 2288 per
1281 2232 1441 2289 quem
1482 2231 1548 2270 ex
1575 2215 1899 2271 necessitate
1947 2215 2066 2270 illos

478 2321 804 2368 retnoveata
833 2311 1041 2383 ﬁguris,
1091 2309 1310 2380 quando
1346 2317 1590 2377 tempore
1649 2308 1840 2364 harum
1887 2323 2066 2362 reces—

478 2403 648 2458 sionis
679 2402 866 2466 fuerit,
901 2401 1021 2456 loco
1055 2399 1491 2456 circumcludens
1543 2413 1637 2453 eas
1667 2413 1786 2467 quae
1846 2397 2067 2452 destru-

477 2506 663 2551 cturus
712 2503 852 2559 erat,
909 2503 963 2546 et
1001 2491 1322 2562 praecipiens
1368 2497 1523 2544 extra
1564 2489 1743 2544 locum
1799 2488 1942 2541 hunc
1992 2487 2068 2540 nil

478 2601 667 2641 eorum
697 2599 818 2656 quae
848 2585 992 2639 dicta
1022 2592 1172 2645 sunt,
1221 2581 1360 2645 ﬁeri,
1393 2582 1487 2636 sed
1513 2597 1638 2636 eum
1670 2581 1761 2651 qui
1812 2589 2065 2645 tentaret,

481 2691 605 2730 esse
631 2676 776 2731 sicut
797 2674 1116 2746 sanguinem
1165 2671 1559 2728 eﬁ‘undentem.
1585 2669 1726 2741 Ergo
1754 2668 2067 2738 quicunque

480 2777 536 2824 et
567 2783 715 2821 nunc
761 2765 960 2837 ﬁguras
994 2778 1255 2835 peragere
1316 2761 1580 2817 destructi
1621 2769 1889 2815 conantur
1939 2760 2064 2824 loci,

482 2857 805 2928 sanguinem
837 2854 1152 2918 eﬁundunt,
1185 2851 1236 2905 id
1264 2860 1347 2905 est
1387 2865 1736 2905 communem
1770 2865 2065 2906 conversa-

484 2947 688 3002 tionem
722 2944 990 3017 polluuut,
1032 2943 1088 2996 in
1118 2954 1409 2994 commune
1440 2948 1687 3009 peccant,
1725 2938 1867 2994 sicut
1895 2947 1949 2994 et
2011 2940 2066 2994 hi

480 3041 573 3110 qui
640 3037 959 3107 sanguinem
1020 3033 1276 3096 fundunt,
1336 3029 1692 3099 similiterque
1748 3031 2066 3102 sanguinem

483 3136 605 3204 ejus
626 3130 718 3201 qui
765 3129 833 3182 ab
864 3127 942 3181 eis
973 3125 1026 3178 in
1057 3138 1298 3177 errorem
1323 3121 1570 3187 mittitur,
1590 3121 1824 3176 fundunt
1850 3140 1862 3176 :
1893 3123 2074 3192 perdi-

483 3224 648 3281 tionis
679 3222 826 3276 enim
858 3219 908 3273 ei
955 3230 1119 3271 causa
1149 3214 1477 3270 eﬁiciuntur.
1514 3213 1650 3278 Quia
1681 3221 1861 3268 autem
1901 3215 2069 3284 possi-

484 3313 596 3369 bile
623 3310 724 3365 fuit
748 3309 866 3364 illos
897 3308 1255 3376 interrogare,
1291 3310 1385 3358 aut
1415 3301 1673 3372 cogitare,
1695 3312 1749 3356 et
1783 3303 1941 3372 cujus
1996 3302 2074 3357 rei

486 3404 654 3478 gratia
691 3402 808 3456 haec
835 3400 1042 3455 sancita
1068 3407 1217 3462 sunt,
1249 3397 1292 3450 si
1318 3397 1507 3450 localia
1539 3406 1666 3450 sunt
1693 3435 1708 3461 ,
1740 3396 1807 3449 ad
1861 3406 2076 3465 tempus

484 3497 738 3561 dicimus,
767 3493 890 3564 quia
921 3506 1142 3546 causam
1168 3488 1460 3559 ﬁgurarum
1506 3501 1835 3557 cognoscere
1889 3497 2076 3556 aperte

487 3606 596 3645 non
660 3596 930 3660 poterant,
981 3600 1160 3654 neque
1211 3580 1506 3652 cupiebant
1565 3579 1801 3635 revelate
1839 3580 2073 3646 discere,

486 3682 612 3752 quia
640 3681 869 3734 aliorum
904 3677 1172 3731 haberent
1216 3673 1480 3744 imagines
1517 3687 1579 3726 ea
1607 3688 1728 3743 qua:
1754 3672 2074 3726 sancieban-

488 3785 598 3831 tur.
631 3771 996 3838 Quamobrem
1019 3783 1239 3822 causam
1277 3766 1384 3819 illis
1413 3765 1575 3818 aliam
1607 3765 1876 3819 veriorem
1901 3764 2075 3834 ipsam

487 3867 768 3940 legislator
803 3862 1045 3932 scripsit,
1080 3875 1242 3930 quam
1277 3859 1422 3913 hanc
1453 3876 1465 3910 :

561 3957 630 4014 Et
661 3971 993 4030 nequaquam
1025 3953 1164 4006 ultra
1190 3950 1541 4005 immolabant
1572 3950 1770 4004 hostias
1811 3965 1937 4004 suas
1969 3951 2078 4004 da‘-

491 4049 729 4105 monibus
752 4065 869 4107 cum
894 4047 1082 4118 quibus
1105 4045 1354 4117 fornicati
1380 4053 1519 4097 sunt.
1545 4042 1692 4108 Sive,
1719 4051 1776 4097 ut
1803 4042 1937 4096 ιιλΧ
1968 4059 1980 4096 :
2012 4043 2078 4097 Et

491 4159 592 4197 non
645 4139 990 4196 immolabant
1022 4136 1164 4190 ultra
1220 4134 1484 4204 sacriﬁcia
1547 4150 1643 4187 sua
1689 4134 2076 4203 supervacuis:

489 4252 614 4291 cum
651 4237 733 4290 eis
765 4233 928 4286 alleo
981 4236 1314 4301 praeceptum
1365 4226 1736 4282 fuisset:Non
1772 4227 1933 4298 facies
1986 4225 2081 4281 tibi

491 4327 710 4388 idolum,
741 4340 830 4377 uec
853 4337 1056 4379 onmem
1087 4318 1482 4373 similitudinem
1512 4334 1694 4372 eorum
1730 4333 1848 4386 quia
1868 4320 1922 4371 in
1955 4317 2082 4372 cmlo

2174 1839 2420 1893 occiderit
2455 1839 2652 1903 bovem,
2685 1847 2779 1891 aut
2815 1854 2980 1904 ouem,
3006 1839 3114 1892 sive
3158 1839 3214 1892 in
3242 1842 3454 1907 castris,
3480 1842 3560 1896 vel
3609 1854 3756 1897 extra

2173 1941 2372 1996 castra,
2400 1942 2448 1985 et
2483 1948 2587 1985 non
2609 1931 2853 1986 obtulerit
2883 1932 2954 1985 ad
2991 1935 3183 1986 ostium
3227 1934 3560 1989 tabernaculi
3610 1939 3758 1991 oblu-

2173 2024 2365 2077 tiouem
2431 2023 2677 2077 Domino.
2725 2021 2800 2078 lbi
2861 2024 3175 2094 prohibitus
3238 2025 3555 2098 intelligitur
3574 2031 3643 2083 ah
3688 2046 3759 2084 eo

2171 2117 2316 2184 quod
2345 2117 2572 2171 tentavit
2615 2134 2628 2169 :
2665 2117 2754 2172 hic
2775 2128 2957 2172 autem
2983 2133 3092 2172 non
3125 2119 3219 2187 ita,
3252 2122 3347 2175 sed
3377 2139 3390 2177 :
3418 2121 3518 2186 Qui
3547 2123 3756 2177 obtule-

2175 2208 2247 2261 rit
2275 2206 2656 2273 holocaustum,
2684 2210 2791 2263 sive
2809 2211 3104 2276 victimant,
3133 2222 3181 2265 et
3207 2214 3278 2266 ad
3301 2215 3486 2267 ostium
3516 2216 3759 2270 taberna-

2175 2297 2280 2350 culi
2315 2300 2597 2353 testimonii
2619 2315 2723 2353 non
2743 2302 3024 2355 adduxerit
3052 2319 3192 2367 eam,
3219 2313 3273 2356 ut
3302 2305 3548 2374 oﬂ'eratur
3577 2307 3760 2361 Domi-

2172 2405 2256 2446 no.
2287 2389 2738 2445 Consumma‘tum
2769 2392 2882 2446 sive
2935 2393 3265 2448 sacriﬁcium
3310 2396 3616 2466 perfectum
3678 2401 3762 2454 di-

2170 2494 2320 2545 cens,
2345 2481 2400 2535 in
2423 2490 2635 2538 tantum
2667 2492 2727 2538 ut
2756 2484 3134 2540 holocaustum
3163 2485 3341 2553 ﬁeret,
3379 2490 3634 2545 eamdem
3681 2501 3762 2545 ta-

2172 2589 2298 2628 men
2329 2575 2464 2628 etin
2495 2574 2600 2630 hoc
2645 2591 2862 2645 poenam
2896 2579 3172 2648 praecepit.
3203 2577 3309 2644 Qui
3348 2580 3498 2635 enim
3550 2582 3763 2637 initium

2171 2663 2302 2722 fecit
2329 2667 2432 2721 hoc
2462 2669 2810 2736 attrectandi,
2851 2679 2907 2725 et
2934 2671 3243 2739 prohibitus
3275 2681 3376 2738 est,
3419 2674 3557 2728 nihil
3583 2674 3764 2730 diﬂ'ert

2169 2758 2239 2813 ab
2261 2773 2329 2812 eo
2361 2759 2454 2828 qui
2476 2760 2786 2830 complevit.
2821 2760 2928 2816 Sed
2951 2770 3007 2817 et
3039 2764 3322 2834 utriusque
3381 2782 3560 2834 pinna,
3585 2766 3765 2836 perdi-

2173 2851 2249 2906 tio
2281 2852 2348 2906 de
2371 2853 2574 2922 populo
2603 2862 2706 2917 est,
2737 2854 2809 2908 ita
2835 2863 2896 2908 ut
2921 2870 3031 2910 non
3061 2857 3235 2923 possit
3264 2858 3409 2912 ultra
3436 2859 3527 2913 hic
3566 2861 3620 2913 in
3666 2876 3762 2927 po-

2175 2944 2307 3015 pqu
2332 2945 2550 3016 degere,
2575 2960 2752 3013 neque
2783 2945 2852 3000 de
2877 2947 3296 3003 circumcisione
3319 2949 3562 3019 gloriari,
3586 2967 3764 3020 neque

2177 3036 2246 3091 de
2265 3051 2465 3108 genere
2493 3035 2768 3091 Abraham
2810 3040 3169 3108 semetipsum
3203 3056 3424 3105 ornare,
3457 3052 3551 3096 aut
3581 3042 3763 3097 Israeo

2177 3127 2271 3181 lita
2323 3129 2450 3191 dici,
2479 3128 2573 3182 sed
2608 3128 2754 3182 inter
2802 3131 3127 3199 praeputium
3155 3131 3421 3187 habentes
3459 3144 3512 3188 et
3567 3136 3764 3189 alieni-

2179 3233 2344 3289 genas
2373 3220 2758 3284 constituatur,
2793 3221 2898 3275 hoc
2931 3232 3016 3276 est
3045 3223 3282 3292 disperdi
3344 3227 3658 3295 quempiam
3699 3229 3768 3282 de

2178 3304 2384 3380 pepnlo
2409 3326 2530 3367 suo.
2575 3310 2718 3380 Ergo
2773 3313 3084 3382 quicunque
3118 3329 3265 3369 nunc
3299 3315 3431 3387 legis
3490 3317 3767 3382 mandata,

2177 3414 2278 3454 seu
2307 3400 2570 3457 terminos
2600 3401 3098 3472 transgrediuntur,
3123 3413 3274 3458 extra
3324 3407 3588 3476 templum
3609 3423 3773 3479 agen-

2180 3496 2264 3544 tes
2307 3506 2648 3561 quazcunque
2701 3493 2982 3549 destructo
3011 3494 3215 3564 templo
3248 3495 3333 3549 lex
3359 3497 3444 3566 agi
3479 3512 3590 3552 non
3630 3499 3772 3562 vult,

2175 3583 2287 3652 jam
2318 3598 2426 3637 non
2459 3594 2589 3638 sunt
2619 3584 2896 3648 Israelita,
2928 3601 3030 3640 nec
3091 3586 3408 3642 Iudaeorum
3443 3589 3771 3658 appellatio-

2180 3688 2305 3728 nem
2326 3675 2471 3744 juste
2493 3675 2593 3730 sibi
2625 3685 2907 3746 usurpant.
2940 3676 3045 3732 Sed
3080 3678 3243 3732 etiam
3278 3678 3406 3733 illud
3447 3695 3558 3750 prae
3583 3681 3771 3734 omni—

2181 3765 2283 3821 bus
2305 3768 2482 3821 notari
2508 3777 2739 3837 Oportet,
2769 3769 2914 3838 quod
2937 3785 3049 3826 non
3075 3770 3252 3828 solum
3281 3786 3377 3826 eos
3397 3772 3491 3841 qui
3519 3788 3585 3826 ex
3645 3773 3773 3827 ﬁliis

2182 3857 2345 3911 Israel
2375 3867 2523 3922 sunt,
2577 3865 2692 3914 haec
2745 3861 3004 3930 pracepit
3027 3863 3326 3927 custodire,
3359 3863 3454 3917 sed
3484 3879 3608 3917 eum
3638 3865 3773 3932 ipsis

2182 3960 2238 4004 ct
2268 3951 2590 4021 proselytas,
2618 3954 2734 4006 sive
2788 3952 3045 4019 advenas,
3077 3953 3171 4022 qui
3230 3953 3653 4025 peregrinantur
3683 3957 3770 4009 in-

2185 4049 2265 4095 ter
2301 4055 2416 4106 eos,
2454 4041 2507 4096 id
2531 4051 2618 4096 est
2643 4043 2892 4114 gentiles,
2928 4043 2985 4098 hi
3015 4045 3162 4098 enim
3198 4060 3310 4100 non
3360 4047 3442 4100 eis
3488 4049 3772 4117 conjuncti

2185 4142 2330 4197 sunt,
2361 4132 2457 4188 sed
2477 4133 2623 4202 apud
2651 4149 2749 4188 eos
2776 4143 2926 4199 sunt,
2959 4135 3085 4204 quia
3115 4136 3261 4205 apud
3285 4152 3382 4191 eos
3429 4152 3641 4205 sumus,
3679 4149 3773 4193 ut-

2186 4231 2311 4293 pote
2334 4224 2509 4295 legem
2539 4240 2750 4296 corum,
2785 4233 2841 4280 et
2876 4227 3193 4296 prophetas,
3229 4236 3291 4291 et,
3329 4231 3656 4298 promissam
3686 4232 3775 4284 eis

2186 4315 2561 4371 liazreditatem
2589 4317 2874 4372 habentes.
2899 4319 3258 4374 Adhaeremus
3290 4329 3474 4376 autem
3520 4337 3631 4376 non
3683 4323 3776 4392 ip-

490 4427 612 4472 sunt
641 4433 873 4478 sursum,
899 4426 944 4468 et
991 4414 1047 4470 in
1075 4422 1217 4467 terra
1265 4412 1530 4477 deorsum,
1581 4421 1629 4466 et
1661 4427 1982 4482 qumcunque
2025 4412 2078 4464 in
2113 4420 2156 4478 ο
2185 4408 2278 4475 sis,
2305 4410 2402 4464 sed
2448 4410 2593 4466 Deo:
2635 4419 2901 4482 praeterea
2929 4412 3234 4467 secundum
3270 4412 3437 4480 LXX,
3467 4414 3632 4469 homo
3685 4417 3777 4468 di-

491 4508 644 4578 aquis
669 4506 850 4562 subtus
912 4514 1110 4560 terram
1143 4504 1206 4560 ¹⁸ρ
1238 4501 1478 4558 Vitulum
1536 4502 1789 4559 fecerunt
1833 4501 2082 4556 conflati-

491 4599 599 4652 lem
637 4607 693 4653 et
729 4597 899 4653 vitulo
953 4597 1278 4655 sacriﬁcium
1297 4595 1634 4657 obtulerunt,
1675 4607 1837 4646 causa
1887 4595 2081 4662 gastri-

493 4690 712 4760 margiae
744 4705 962 4745 sumere
1001 4688 1268 4746 sacriﬁcia
1301 4687 1562 4742 volentes.
1602 4683 1932 4755 Paedagogus
1984 4700 2070 4739 eo-

492 4796 614 4836 rum
650 4780 755 4842 lex,
786 4779 852 4833 de
909 4780 988 4835 eis
1052 4777 1251 4835 oﬁ‘erre
1307 4774 1571 4831 sacriﬁcia
1600 4774 1878 4846 praecepit,
1914 4784 1972 4829 ut
2021 4776 2078 4830 in

493 4874 612 4930 huic
663 4871 1008 4942 oceupatiab
1033 4870 1182 4925 omni
1219 4868 1537 4923 idololatria:
1559 4866 1826 4922 sacriﬁcio
1878 4876 2079 4925 semet—

493 4963 642 5033 ipsos
675 4962 990 5017 abstineant
1017 4977 1028 5012 :
1066 4968 1121 5013 et
1145 4959 1260 5012 huic
1293 4957 1491 5019 sancit,
1511 4971 1632 5026 qua:
1659 4955 1743 5010 lex
1770 4971 1865 5012 eos
1887 4956 2078 5026 prohi-

492 5055 628 5110 bens
647 5055 716 5109 ab
745 5053 1012 5107 idolorum
1046 5047 1351 5112 sacriﬁciis,
1379 5046 1540 5101 simul
1569 5046 1765 5101 docere
1803 5047 1964 5102 etiam
2019 5045 2081 5102 ﬁ-

493 5162 657 5218 guras
686 5144 1068 5216 mysteriorum
1100 5140 1404 5195 futurorum
1429 5139 1754 5208 potuissent.
1788 5137 1932 5194 Bene
1985 5153 2083 5192 au-

443 5246 450 5298 ;
495 5250 603 5293 tem
641 5239 848 5292 servire
871 5235 1054 5302 idolis,
1090 5231 1505 5288 fornicationem
1542 5231 1872 5302 appellavit:
1899 5239 2085 5302 aperte

497 5343 600 5385 nos
627 5329 855 5387 docens,
891 5329 1017 5397 quia
1048 5332 1261 5379 nostras
1283 5321 1492 5377 animas
1518 5321 1662 5378 Deus
1692 5324 1794 5378 sibi
1828 5323 1894 5378 ad
1935 5323 2082 5378 salu-

446 5407 452 5447 ⁵
501 5431 610 5482 tem
639 5421 947 5490 despondit,
985 5432 1040 5474 et
1074 5417 1194 5472 ideo
1217 5416 1506 5472 fornicatio
1531 5417 1730 5472 dicitur
1755 5417 1823 5476 ab
1856 5416 1946 5471 illo
1975 5415 2084 5473 dis—

494 5512 692 5567 cessio.
729 5496 957 5582 Insuper
981 5517 1151 5565 terret
1183 5525 1278 5564 eos
1307 5509 1400 5579 qui
1447 5509 1502 5562 in
1526 5523 1690 5563 carne
1714 5507 2077 5573 fornicamur,

580 5717 622 5754 ⁸⁸
660 5715 830 5778 Exod.
860 5732 953 5784 xx,
989 5717 1022 5775 ι
1049 5670 1106 5772 et
1136 5712 1312 5769 Levit.
1345 5730 1488 5780 xxvi,
1527 5716 1575 5772 t.

2190 4503 2287 4567 xit,
2313 4517 2438 4557 cum
2462 4502 2650 4558 liceret
2685 4503 3007 4574 simpliciter
3049 4504 3232 4558 dicere
3269 4504 3569 4572 hominem,
3595 4507 3779 4576 dupli—

2187 4605 2277 4650 cat
2302 4605 2506 4662 tamen,
2533 4606 2594 4651 ut
2629 4597 2881 4652 ostendat
2927 4607 3036 4652 tam
3074 4612 3200 4652 eum
3232 4597 3323 4666 qui
3384 4597 3440 4652 in
3490 4599 3781 4654 circumci-

2186 4700 2364 4751 smne,
2399 4702 2562 4756 quam
2594 4687 2688 4757 qui
2719 4687 2774 4741 in
2811 4687 3076 4757 praeputio
3097 4687 3338 4742 adhaeret
3381 4687 3515 4755 Deo,
3549 4689 3655 4746 hoc
3674 4691 3782 4745 de-

2189 4775 2319 4830 bere
2350 4777 2623 4831 custodire
2652 4778 2992 4833 mandatum.

2262 4865 2423 4921 Vens.
2465 4866 2652 4924 1042'.
2684 4887 2701 4919 ι
2732 4867 2906 4922 llomo
2949 4868 3178 4937 quilibet
3221 4869 3289 4924 de
3321 4869 3485 4925 domo
3511 4869 3702 4935 Israel,
3729 4883 3786 4926 et

2185 4959 2253 5014 de
2280 4959 2504 5014 advenis
2535 4960 2628 5030 qui
2665 4961 3086 5032 peregrinantur
3117 4962 3265 5017 inter
3290 4979 3406 5030 eos,
3445 4965 3491 5019 si
3523 4967 3788 5021 comede—

2185 5053 2258 5107 rit
2292 5053 2634 5123 sanguinem,
2661 5052 2964 5108 obﬁrmaho
2996 5052 3189 5108 faciem
3221 5070 3396 5109 meam
3424 5066 3616 5112 contra
3655 5059 3789 5112 ani—

2188 5159 2334 5202 mam
2363 5143 2526 5209 illius,
2551 5153 2607 5198 et
2639 5144 2950 5215 disperdam
2979 5160 3102 5200 eam
3135 5147 3203 5202 de
3247 5148 3450 5217 populo
3481 5164 3606 5204 suo.
3641 5148 3789 5215 Quia

2190 5235 2370 5290 anima
2398 5235 2580 5290 carnis
2605 5235 2660 5289 in
2686 5236 2952 5306 sanguine
2985 5245 3090 5302 est,
3126 5247 3181 5291 et
3215 5253 3315 5308 ego
3349 5238 3476 5292 dedi
3509 5239 3660 5294 illum
3691 5256 3767 5294 vo

2189 5328 2294 5392 bis,
2327 5336 2386 5382 ut
2415 5344 2579 5398 super
2603 5329 2770 5384 altare
2793 5329 2849 5382 in
2877 5345 2945 5384 eo
2977 5329 3206 5402 expietis
3230 5347 3328 5400 pro
3368 5331 3665 5386 animabus
3690 5348 3800 5388 ve-

2192 5419 2342 5482 stris,
2372 5429 2427 5473 et
2451 5419 2670 5492 sanguis
2697 5435 2798 5490 pro
2825 5421 3023 5477 anima:
3053 5421 3269 5491 piaculo
3296 5421 3388 5487 sit,
3417 5417 3629 5477 idcirco
3674 5422 3803 5478 dixi

2195 5511 2317 5567 ﬁliis
2345 5511 2510 5568 Israel
2543 5511 2775 5569 :Omnis
2824 5511 3006 5569 anima
3063 5528 3130 5568 ex
3179 5513 3334 5569 vobis
3379 5528 3489 5568 non
3531 5513 3811 5569 comedet
