4038 6182
1885 130 1909 138 κ

392 278 526 344 1005

1528 264 1608 325 ΙΝ
1647 257 2082 324 LEVITICUM.
2124 279 2189 290 --
2223 253 2370 313 LIB.
2409 254 2475 314 V.

3511 239 3648 305 1006

391 396 729 469 sanguinem,
765 405 866 450 nec
891 357 971 448 εί
991 389 1214 447 advenis
1243 387 1334 459 qui
1368 385 1785 456 peregrinantur
1824 391 1967 436 Inter
1996 394 2036 450 Α
2069 371 2162 435 cit,
2190 371 2389 469 Animal
2415 368 2594 469 omnis
2634 366 2815 468 carnis
2843 367 2896 418 in
2927 364 3188 468 sanguine
3233 360 3354 469 ejus
3376 367 3496 469 "est.
3529 359 3651 412 uul-

390 501 603 630 νοῖχέἰ
625 585 805 629 autem
831 573 919 627 hic
939 572 1129 634 edunt,
1163 569 1330 623 Homo
1351 569 1524 620 homo.
1557 565 1711 630 Quod
1739 578 1970 632 quomo-

392 671 462 723 do
492 675 742 737 eporteat
773 664 1023 733 intelligi,
1057 660 1310 730 superius
1345 659 1602 712 diximus.
1639 655 1780 725 Ergo
1808 670 1972 723 opor-

395 767 472 814 tet
500 757 738 812 mandati
774 756 938 826 huius
970 755 1207 807 litteram
1232 751 1530 814 custodire,
1563 757 1620 802 et
1659 749 1972 801 nullatenus

395 849 682 904 comedere
713 845 1052 916 sanguinem.
1080 843 1196 899 Hoc
1228 845 1373 898 enim
1406 852 1462 896 et
1494 840 1769 910 apostolos
1815 839 1971 892 inve—

398 941 515 995 nies
547 938 890 1008 prmeepisse,
923 937 1140 1005 quando
1169 936 1236 989 de
1261 933 1585 1004 quibusdam
1603 930 1842 986 Judaicis
1873 929 1974 982 ob-

397 1031 798 1085 servationibus
841 1027 1191 1082 contentione
1234 1027 1287 1080 in
1333 1025 1684 1079 Antiochensi
1733 1022 1974 1076 Ecclesia

399 1123 561 1184 facta,
589 1121 655 1175 ad
688 1136 782 1175 eos
808 1119 977 1173 relata
1013 1128 1098 1173 est
1133 1117 1382 1187 quaeStio,
1417 1117 1508 1186 qui
1560 1117 1734 1186 legem
1776 1129 1976 1184 posue-

402 1223 548 1274 runt,
582 1213 855 1266 solventes
885 1211 1242 1280 qumstionem
1273 1211 1432 1276 hanc,
1486 1219 1542 1264 et
1596 1209 1922 1264 deﬁnientes
1959 1227 1973 1262 :

407 1303 580 1358 Visum
611 1313 684 1357 est
712 1320 832 1373 ergo
862 1301 1081 1372 Spiritui
1109 1314 1288 1356 sancto
1327 1313 1374 1356 et
1397 1304 1560 1364 nobis,
1593 1303 1726 1356 nihil
1749 1301 1978 1370 amplius

401 1392 666 1462 imponere
717 1393 856 1445 vobis
910 1392 1100 1456 oneris,
1133 1408 1294 1461 quam
1344 1401 1400 1444 ut
1446 1391 1753 1445 abstineatis
1797 1406 1882 1442 vos
1912 1390 1977 1442 ab

402 1484 692 1537 immolatis
744 1483 1171 1546 simulacrorum,
1209 1492 1258 1534 et
1302 1483 1577 1552 sanguine,
1611 1491 1658 1533 et
1708 1480 1976 1549 suﬂ‘ocato,

400 1584 448 1627 et
478 1575 826 1646 fornicatione
846 1577 910 1627 “.
954 1575 1248 1644 Propterea
1274 1573 1590 1644 sanguinem
1615 1573 1832 1640 quidem
1856 1587 1980 1641 pro-

403 1667 520 1736 prie
549 1667 920 1734 homicidium,
947 1681 1166 1720 omnem
1205 1676 1386 1720 autem
1442 1667 1782 1734 sanguinem,
1817 1680 1980 1718 omne

401 1756 704 1811 fraternum
725 1758 909 1811 odium
936 1757 1315 1828 intelligamus,
1347 1757 1472 1826 quia
1503 1758 1592 1827 qui
1619 1758 1724 1810 odit
1761 1759 1981 1826 fratrem

400 1861 574 1910 suum,
623 1847 885 1899 homicida
916 1856 991 1899 est
1018 1847 1081 1911 ¹⁶,
1115 1847 1256 1901 sicut
1307 1845 1546 1901 Joannes
1569 1847 1805 1915 scripsit.
1844 1846 1982 1900 Dicit

401 1949 531 2005 ergo
583 1952 801 1990 omnem
851 1937 1213 2007 sanguinem,
1265 1937 1589 2007 injustitiam
1647 1937 1980 1990 dolosorum.

407 2024 587 2079 Virum
648 2029 787 2080 enim
837 2030 1154 2098 sanguinum
1212 2038 1259 2081 et
1311 2028 1546 2082 dolosum
1597 2028 1986 2080 abominabitur

403 2117 661 2171 Dominus
713 2119 798 2172 ιτς
855 2127 912 2173 et
953 2133 1295 2189 quascunque
1361 2121 1731 2189 proximorum
1785 2129 1988 2173 nocent

407 2210 552 2275 vita),
586 2227 682 2279 per
719 2210 944 2266 insidias
970 2212 1264 2280 quaslibet,
1293 2211 1365 2265 ita
1398 2220 1456 2264 ut
1504 2213 1802 2267 homicidio
1857 2228 1985 2266 sau-

409 2304 591 2373 guinis
608 2313 1012 2373 comparentur.
1043 2306 1109 2359 Et
1143 2313 1430 2374 propterea
1459 2310 1526 2360 ab
1546 2306 1695 2360 omni
1726 2307 1989 2376 sanguine

409 2393 674 2448 abstineri
699 2404 936 2464 oportet,
970 2397 1205 2451 scientes
1235 2397 1361 2466 quia
1407 2413 1573 2467 super
1603 2397 1839 2450 animam
1869 2413 1990 2466 qua:

412 2487 574 2540 talem
607 2488 927 2556 sanguinem
953 2488 1268 2553 comedunt,
1298 2490 1366 2544 de
1399 2490 1598 2559 quibus
1629 2490 1844 2544 dicebat
1886 2491 1990 2542 Da-

410 2578 539 2635 vid:
567 2579 667 2643 Qui
689 2585 938 2633 devorant
962 2580 1158 2649 plebem
1191 2597 1362 2634 meam
1392 2582 1526 2633 sicut
1549 2597 1720 2633 escam
1749 2583 1902 2650 panis
1923 2582 1989 2648 ",

411 2671 610 2726 faciem
635 2688 788 2726 suam
810 2672 1062 2727 obﬁrmat
1097 2672 1258 2737 Deus,
1281 2674 1534 2728 videlicet
1563 2674 1834 2728 Christus.
1873 2673 1993 2744 Ipse

410 2772 498 2818 cst
528 2764 674 2817 enim
715 2764 890 2833 imago
925 2763 1117 2832 patris,
1153 2764 1277 2831 quia
1311 2763 1404 2832 qui
1450 2763 1581 2818 vidit
1613 2763 1828 2828 Filium,
1861 2764 1996 2818 vidit

412 2864 467 2910 et
493 2853 728 2908 Patrem.
765 2853 882 2923 lpse
921 2855 1086 2908 etiam
1113 2855 1278 2925 judex
1316 2862 1432 2918 est,
1463 2863 1518 2908 et
1554 2855 1866 2908 necessarie
1927 2857 1991 2908 ad

413 2947 856 3001 comminandum
907 2947 993 3003 his
1029 2949 1118 3017 qui
1170 2948 1436 3002 malorum
1491 2957 1621 3002 sunt
1658 2957 1994 3018 operatores,

411 3039 714 3108 disperdam
745 3039 985 3109 ponitur,
1017 3041 1160 3110 quod
1192 3041 1532 3095 demonstrat
1566 3040 1732 3094 David
1755 3041 1948 3095 dicens
1979 3059 1992 3094 :
2027 3063 2068 3118 α

427 3129 610 3187 Vultus
641 3141 819 3186 autem
849 3133 1056 3186 Domini
1103 3151 1259 3203 super
1295 3135 1544 3205 facientes
1582 3134 1747 3196 mala,
1782 3144 1836 3187 ut
1875 3151 1994 3203 per-

417 3221 508 3274 dat
541 3222 605 3274 de
630 3231 772 3274 terra
809 3224 1117 3276 memoriam
1150 3240 1329 3276 eorum
1361 3224 1422 3277 ".
1458 3225 1560 3277 ilic
1592 3225 1828 3277 animam
1862 3239 1992 3276 san-

419 3313 654 3384 guinem"
691 3316 1065 3370 comedentem
1129 3317 1307 3385 perdit
1351 3317 1420 3371 de
1476 3319 1681 3386 populo
1727 3318 1865 3386 ejus.
1925 3315 1994 3368 de

419 3407 692 3461 communi
718 3407 968 3462 videlicet
988 3407 1272 3461 hominum
1297 3423 1526 3478 genere;
1558 3409 1698 3462 hanc
1724 3409 1866 3462 enim
1891 3408 1998 3461 sic-

421 3506 482 3552 ut
510 3498 995 3552 immisericordem
1026 3508 1083 3552 et
1130 3499 1352 3567 impiam
1406 3514 1688 3568 separatis,
1724 3515 1847 3553 cum
1882 3515 1996 3552 ma-

422 3587 585 3654 lignis
629 3589 957 3642 condemnat
1005 3588 1363 3650 dasmonibus,
1391 3597 1446 3642 et
1495 3589 1550 3642 in
1606 3589 1784 3658 ignem
1833 3587 1998 3642 mittit

422 3689 708 3746 mternum,
734 3683 822 3752 qui
847 3691 1069 3751 paratus
1092 3690 1166 3735 est
1195 3681 1422 3740 diabolo.
1465 3692 1513 3734 et
1553 3682 1752 3751 angelis
1781 3683 1896 3751 ejus
1928 3683 1993 3735 '°.

427 3777 632 3831 Deinde
675 3776 960 3828 insinuans
1001 3785 1266 3844 quantum
1302 3792 1402 3832 nos
1427 3777 1688 3830 debemus
1738 3777 1994 3846 compati,

423 3876 481 3925 et
515 3867 897 3922 misericordes
937 3882 1078 3929 esse,
1138 3867 1368 3922 invicem
1423 3868 1728 3938 diligentes,
1777 3877 2000 3936 propter

423 3975 550 4014 eum
573 3958 663 4027 qui
690 3967 891 4010 tantam
921 3958 1177 4025 pietatem
1212 3958 1263 4010 in
1292 3957 1448 4011 nobis
1467 3957 1726 4022 ostendit,
1759 3967 1819 4011 ut
1839 3972 1997 4011 suum

426 4048 744 4118 sanguinem
770 4046 1022 4100 funderet
1044 4047 1110 4102 ad
1158 4047 1599 4116 pr0pitiationem
1644 4056 1910 4110 nostram,
1947 4056 1999 4099 et

425 4156 526 4212 pro
550 4141 750 4194 nostris
783 4140 1068 4192 animabus
1092 4139 1267 4203 daret,
1299 4139 1412 4192 ait:
1447 4138 1584 4203 Quia
1607 4140 1787 4192 animo
1834 4139 2002 4192 omnis

426 4233 602 4288 carnis
631 4233 686 4284 in
715 4231 972 4300 sanguine
993 4241 1086 4295 est,
1115 4241 1162 4284 et
1196 4247 1288 4302 ego
1327 4232 1448 4284 dedi
1468 4231 1618 4284 illum
1643 4231 1804 4294 vobis,
1833 4242 1888 4285 ut
1913 4247 2002 4284 su-

425 4341 518 4396 per
539 4325 713 4378 altare
743 4325 796 4376 in
820 4339 877 4376 eo
903 4323 1118 4392 expietis
1145 4340 1238 4391 pro
1264 4323 1540 4376 animabus
1569 4323 1751 4374 vestris
1778 4323 1843 4375 ".
1889 4321 2001 4392 My-

2071 463 2286 515 latenus
2310 459 2668 515 substantiam
2697 458 2892 511 animae
2918 457 3235 526 sanguinem
3258 453 3648 521 intelligamus,
3667 479 3703 526 ί

2074 553 2170 607 sed
2204 555 2330 621 quia
2365 551 2682 606 societatem
2715 564 2840 603 cum
2863 564 3025 602 carne
3049 563 3149 616 per
3196 547 3512 618 sanguinem
3552 546 3694 621 ita-‘3‘
3725 579 3731 618 ε

2073 645 2185 708 bet,
2223 654 2278 697 et
2307 644 2525 712 quando
2556 643 2663 696 hoc
2695 648 3014 699 evacuatum
3043 641 3227 704 fuerit,
3260 651 3352 694 aut
3385 641 3679 710 friguerit,‘

2077 744 2206 790 tunc
2235 751 2266 789 a
2292 751 2454 789 carne
2484 735 2798 790 dissolvitur
2842 735 2920 788 sic
2942 733 3201 788 Creatore
3258 745 3508 789 naturam
3557 749 3656 788 no—

2077 838 2246 881 stram
2276 829 2623 896 disponente.
2664 827 2800 891 Quia
2852 842 2980 896 ergo
3029 826 3281 881 Christus
3336 827 3655 896 sanguinem

2078 931 2235 972 suum
2267 917 2332 970 ad
2358 917 2721 985 expiationem
2745 918 3052 970 animarum
3111 927 3422 972 nostrarum
3480 920 3655 982 dedit,

2079 1019 2138 1063 ut
2166 1009 2234 1063 ab
2264 1010 2411 1063 omni
2439 1025 2540 1063 nos
2566 1009 2881 1073 homicidio,
2903 1010 3161 1079 omnique
3191 1011 3293 1064 alia
3344 1011 3655 1082 iniquitate,

2076 1116 2196 1170 quae
2224 1100 2518 1155 homicidio
2536 1101 2782 1170 proxima
2812 1110 2917 1166 est,
2968 1103 3363 1157 abstineamus.
3403 1107 3660 1161 Commu-

2078 1191 2166 1244 nis
2189 1191 2337 1245 enim
2371 1192 2457 1246 lex
2490 1201 2594 1258 est,
2619 1202 2671 1246 et
2699 1202 2887 1246 contra
2922 1208 3115 1248 omnes
3138 1198 3470 1251 extenditur.

2151 1283 2310 1338 Vens.
2357 1285 2441 1348 15,
2480 1285 2563 1337 Ui.
2603 1303 2620 1334 ι
2659 1285 2831 1340 llomo
2853 1287 3167 1355 quicunque
3203 1289 3270 1342 de
3304 1289 3427 1344 ﬁliis
3473 1290 3657 1354 israel,

2079 1387 2134 1430 et
2162 1377 2229 1430 de
2254 1377 2479 1431 advenis
2505 1379 2598 1448 qui
2623 1379 3044 1448 peregrinantur
3073 1381 3216 1448 apud
3248 1398 3361 1447 vos,
3400 1383 3444 1437 si
3497 1400 3663 1439 vena-

2083 1466 2229 1520 tione
2277 1476 2441 1535 atque
2466 1469 2697 1535 aucupio
2720 1469 2928 1536 ceperit
2959 1469 3127 1523 feram
3157 1472 3239 1525 vel
3260 1488 3440 1536 avem,
3467 1477 3664 1544 quibus

2079 1558 2225 1612 vesci
2260 1559 2464 1612 licitum
2491 1568 2592 1622 est,
2626 1559 2814 1614 fundat
2837 1561 3156 1631 sanguinem
3188 1564 3327 1631 ejus,
3362 1574 3415 1619 et
3460 1569 3667 1636 operiat

2083 1651 2233 1704 illum
2273 1661 2410 1705 terra
2441 1669 2454 1702 :
2491 1653 2669 1705 anima
2701 1654 2845 1706 enim
2888 1655 3067 1708 omnis
3093 1657 3274 1710 carnis
3316 1659 3370 1712 in
3403 1663 3666 1731 sanguine

3666 608 3685 636 ν
3728 609 3733 633 ‘.

2016 1733 2056 1789 Β
2087 1754 2190 1798 est.
2246 1743 2400 1798 [inde
2457 1744 2569 1798 dixi
2622 1744 2748 1798 ﬁliis
2795 1746 2996 1801 lsrael:
3031 1747 3360 1820 Sanguinem
3401 1753 3670 1808 universae

2088 1836 2268 1889 carnis
2288 1851 2397 1890 non
2435 1837 2749 1902 comedetis,
2777 1840 2904 1906 quia
2953 1841 3135 1894 anima
3190 1844 3370 1899 carnis
3428 1845 3480 1898 in
3541 1862 3671 1902 san-

2088 1929 2252 1999 guine
2309 1939 2409 1983 est.
2467 1929 2530 1982 Et
2571 1931 2880 2001 quicunque
2924 1933 3073 1987 illum
3125 1937 3455 2004 comederit,
3503 1940 3672 1995 inter-

2096 2020 2214 2074 ibit.
2247 2039 2265 2071 ι

2165 2111 2387 2166 Multum
2424 2129 2570 2168 cura:
2624 2123 2706 2168 cst
2745 2115 2855 2169 Deo
2888 2125 2947 2170 ut
2985 2117 3304 2174 alterutrum
3351 2123 3512 2177 nobis
3567 2125 3672 2178 mi-

2092 2204 2239 2258 nime
2301 2221 2612 2260 noceamus.
2651 2206 2942 2277 Pr0pterea
2988 2214 3313 2279 percutienti
3375 2216 3670 2281 maxillam,

2092 2295 2234 2360 cedi,
2267 2304 2323 2350 et
2349 2311 2456 2348 non
2488 2312 2609 2350 cum
2641 2313 2708 2352 eo
2726 2299 2931 2368 judicio
2987 2293 3364 2369 contendere,’
3396 2305 3675 2362 similiter-

2092 2402 2198 2454 que
2229 2395 2282 2439 et
2309 2387 2375 2441 de
2403 2402 2470 2441 eo
2498 2388 2588 2457 qui
2621 2389 2800 2444 aufert
2830 2391 2989 2444 nobis
3028 2393 3248 2462 pallium
3273 2395 3434 2453 Jesus
3469 2408 3672 2468 praece-

2095 2480 2216 2548 pit:
2251 2487 2310 2533 ut
2361 2496 2430 2534 ne
2489 2483 2708 2550 quidem
2740 2498 2804 2537 ex
2853 2485 3205 2540 contentione
3252 2488 3318 2542 ad
3368 2491 3674 2546 nocendum

2094 2571 2342 2638 proximo
2396 2574 2775 2640 prevocemur,
2801 2574 2894 2628 sed
2932 2575 3042 2628 imo
3071 2585 3129 2630 ut
3156 2593 3280 2631 eum
3329 2580 3418 2648 qui
3476 2582 3678 2651 injuste

2096 2672 2284 2717 contra
2316 2679 2415 2717 nos
2449 2665 2576 2734 agit,
2616 2681 2713 2734 per
2758 2676 2997 2721 nostram
3065 2672 3380 2738 patientiam
3437 2676 3678 2746 corriga-
3770 2735 3772 2737 ,

2100 2769 2240 2808 mus.
2282 2755 2428 2808 Nihil
2456 2771 2586 2826 ergo
2633 2759 2887 2828 amplius,
2917 2775 3079 2828 quam
3132 2762 3415 2833 injustitia,
3458 2776 3511 2820 et
3549 2783 3679 2822 ava-

2098 2845 2219 2899 ritia
2245 2888 2259 2911 ,
2301 2855 2353 2899 et
2394 2847 2665 2902 alternum
2704 2850 2887 2905 odium
2933 2861 3175 2908 coarctat
3211 2859 3377 2909 vitam
3414 2868 3676 2914 nostram.

2101 2935 2180 2989 Ad
2220 2936 2322 2990 hoc
2379 2937 2668 2994 intendens
2704 2941 2998 3012 lcgislator,
3051 2949 3334 3018 sanguinis
3369 2952 3680 3008 mandatum

2103 3041 2212 3079 non
2241 3025 2439 3081 frustra
2467 3030 2867 3100 recapitulavit,
2898 3035 2994 3090 sed
3029 3038 3155 3106 quia
3202 3040 3423 3109 quidam
3475 3040 3684 3099 iraudi-

2103 3116 2205 3170 bus
2236 3117 2586 3186 quibusdam;
2608 3129 2663 3175 et
2691 3124 3211 3195 machinationibus,
3241 3133 3515 3203 variisque
3544 3135 3685 3191 dolis

2102 3223 2302 3262 nocere
2334 3211 2706 3279 pepularibus,
2739 3217 2892 3284 quasi
2937 3217 3251 3288 ignorantes
3303 3225 3501 3293 solent,
3539 3229 3685 3298 peri-

2103 3315 2253 3354 mere
2281 3303 2444 3356 etiam
2498 3304 2809 3375 bujusmodi
2872 3313 3154 3369 molimina
3217 3321 3518 3388 perspexit.
3549 3320 3684 3375 Nam

2105 3393 2226 3446 vide
2250 3395 2377 3463 quid
2411 3393 2710 3468 praecipiat.

2175 3486 2234 3541 Si
2263 3492 2535 3544 venatione
2565 3502 2724 3563 atque
2752 3501 2978 3568 aucupio
3001 3502 3193 3568 ceperit
3221 3505 3410 3573 feram,
3431 3506 3512 3560 vel
3539 3524 3686 3561 avem

2105 3576 2291 3645 quibus
2335 3580 2468 3632 vesci
2518 3579 2719 3635 licitum
2762 3594 2858 3644 est,
2908 3587 3096 3657 fundat
3126 3593 3440 3659 sanguinem
3471 3594 3605 3663 ejus,
3639 3606 3689 3648 et

2107 3669 2309 3736 aperiat
2336 3669 2487 3723 illum
2521 3680 2685 3725 terra.
2727 3673 2881 3738 Quod
2920 3677 3136 3732 venatio
3182 3681 3417 3736 maxime
3466 3684 3689 3753 injusti-

2109 3757 2260 3819 tiam,
2295 3757 2631 3828 iniustitiam,
2673 3771 2856 3817 autem
2897 3781 3005 3818 non
3073 3769 3391 3835 quamlibet,
3451 3774 3546 3828 sed
3569 3791 3690 3830 eam

2107 3863 2227 3917 qua:
2240 3850 2306 3904 ad
2326 3851 2648 3926 sanguinem
2659 3855 2853 3920 tendit,
2870 3857 3144 3927 vitamque
3162 3859 3693 3932 ipsamquedammo-

2108 3939 2180 3993 do
2203 3955 2302 4009 per
2315 3942 2500 3996 dolum
2519 3943 2872 4015 fraudemque
2902 3947 3169 4017 iujustitia
3193 3953 3450 4020 patientis
3466 3966 3644 4022 nocet,
3662 3978 3694 4015 a

2111 4032 2292 4086 divina
2332 4032 2616 4104 Scriptura
2631 4039 2800 4108 accipi
2825 4042 3019 4108 soleat,
3046 4043 3170 4099 audi
3192 4043 3360 4101 David
3377 4048 3644 4104 dicentem
3675 4077 3688 4107 .-

2110 4122 2410 4190 Captabunt
2445 4129 2500 4180 in
2554 4131 2791 4184 animam
2824 4131 2980 4200 justi,
3014 4145 3061 4187 et
3100 4139 3410 4203 sanguinem
3441 4141 3694 4197 innocen-

2112 4226 2214 4269 tem
2243 4219 2659 4274 condemnabunt
2682 4224 2747 4275 ⁸³.
2778 4222 2844 4277 Et
2870 4241 3094 4281 rursus:
3133 4229 3323 4283 Anima
3351 4245 3525 4286 nostra
3559 4235 3694 4288 sicut

2111 4326 2300 4378 passer
2367 4323 2548 4382 erepta
2597 4325 2672 4368 est
2717 4318 2781 4370 de
2813 4319 2994 4387 laqueo
3041 4324 3345 4376 venantium
3368 4327 3433 4378 “.
3483 4324 3695 4398 Siquis

427 4417 625 4471 sticum
646 4413 850 4468 Christi
881 4415 1198 4483 sanguinem
1252 4414 1600 4484 signiﬁcans;
1627 4413 1848 4481 sanguis
1879 4427 2007 4483 ergo
2039 4413 2084 4467 D
2112 4417 2243 4472 01⁵80
2283 4406 2626 4460 venationem
2667 4410 2916 4478 εωρθτίιο
2949 4411 3002 4465 id
3034 4421 3118 4466 θεῖ
3146 4427 3463 4483 Peccantem
3496 4419 3697 4474 Viderit

430 4507 605 4576 ipsius
638 4521 739 4574 pro
788 4506 985 4559 anima:
1011 4506 1228 4575 piaculo
1254 4508 1381 4562 erit.
1412 4507 1648 4579 Sanguis
1711 4524 1880 4578 super
1927 4509 2009 4562 al-

433 4603 548 4646 tare
577 4593 647 4646 ad
675 4593 1039 4662 expiationem
1069 4595 1377 4648 animarum
1409 4606 1743 4662 nostrarum,
1766 4613 1866 4667 pro
1888 4598 2007 4651 ani-

434 4699 520 4738 ma
552 4685 796 4754 cxpiaus,
825 4685 913 4739 hic
963 4696 1045 4740 est
1071 4703 1234 4755 quem
1255 4687 1446 4742 eﬁ'udit
1476 4705 1576 4757 pro
1613 4689 1776 4743 nobis
1827 4689 2011 4744 cruci-

433 4776 598 4834 ﬁxus.
631 4785 686 4830 et
737 4777 1125 4845 expiationem,
1161 4777 1276 4832 sive
1320 4779 1759 4848 pr0pitiationem
1821 4780 2009 4850 generi

437 4869 678 4923 humano
706 4868 976 4937 praestitit,
1000 4869 1268 4938 primitias
1295 4871 1552 4937 offerens,
1598 4883 1824 4941 propter
1866 4872 2011 4942 quod

435 4968 584 5014 recte
620 4957 758 5011 dicit
789 4979 800 5012 :

511 5050 578 5105 Et
613 5052 829 5121 sanguis
850 5067 944 5120 pro
974 5053 1168 5106 animte
1197 5054 1406 5121 piaculo
1457 5056 1548 5108 sit.
1613 5054 1808 5106 Anima
1865 5055 2013 5108 enim

440 5142 577 5210 ejus,
614 5145 849 5211 primum
877 5144 1098 5213 quidem
1128 5162 1248 5214 quae
1275 5147 1343 5200 ab
1373 5163 1440 5201 eo
1497 5147 1784 5216 plasmata,
1813 5147 2013 5202 deinde

441 5231 568 5303 quia
617 5243 821 5313 nostra:
861 5250 982 5288 eam
1028 5238 1552 5291 consubstantialem
1608 5239 1828 5298 animae.
1890 5255 2014 5294 cum

443 5325 824 5380 iucarnaretur
874 5329 1106 5397 accepit,
1141 5337 1200 5382 ut
1251 5330 1367 5398 ipse
1417 5346 1518 5399 pro
1548 5331 1708 5385 nobis
1765 5329 2020 5384 redderet

443 5432 605 5488 quam
630 5433 732 5473 nos
754 5419 1089 5473 debebamus
1114 5431 1367 5474 mortem.
1394 5422 1660 5486 Quoniam
1695 5432 1876 5476 autem
1935 5423 2020 5477 di-

520 5624 564 5655 “
602 5621 721 5677 Act.
757 5640 843 5684 xv,
888 5625 976 5679 28.
1058 5627 1100 5656 "
1133 5627 1150 5677 Ι
1185 5625 1343 5680 Joan.
1375 5642 1432 5689 ll,
1471 5629 1525 5680 Η
1557 5635 1715 5689 etut,
1745 5629 1830 5681 15.

449 5693 536 5747 17.
614 5695 657 5724 ’τ’
687 5694 879 5748 Matth.
909 5710 1032 5762 xxv,
1069 5696 1156 5749 ιι.
1234 5698 1276 5727 ’⁸
1304 5697 1480 5750 chtt.
1515 5715 1609 5764 vn,
1633 5698 1724 5751 26.

1909 5628 1950 5658 ¹⁷
1973 5627 2114 5681 Psal.
2139 5644 2246 5688 Ltv.
2278 5627 2369 5682 ει.

1802 5698 1846 5727 ’³
1880 5697 2070 5755 Matth.
2101 5715 2154 5764 v,
2181 5700 2268 5752 78.

2115 4506 2240 4544 eum
2282 4494 2374 4562 qui
2410 4495 2690 4550 venationi
2722 4513 2787 4551 ex
2827 4497 3144 4554 inﬁrmitate
3192 4503 3276 4556 vel
3326 4519 3392 4558 ex
3432 4505 3697 4576 simplici-

2117 4593 2226 4640 tate
2289 4590 2571 4657 expositus
2625 4601 2730 4655 est,
2785 4593 2931 4646 hunc
2970 4594 3204 4649 dicimus
3255 4612 3377 4652 esse
3425 4613 3541 4651 rem
3576 4615 3698 4668 qua;

2118 4681 2353 4749 capitur.
2401 4682 2631 4752 Propter
2658 4686 2803 4754 quod
2831 4687 2967 4740 dixit
3004 4709 3015 4742 :
3048 4689 3241 4742 Feram
3267 4691 3346 4744 vel
3373 4707 3541 4753 avem,
3574 4693 3698 4759 ηυξ-

2121 4771 2215 4824 bus
2253 4774 2387 4825 vesci
2433 4775 2636 4828 licitum
2688 4786 2784 4830 est.
2819 4776 2922 4830 Per
2969 4778 3162 4846 feram,
3202 4781 3271 4834 de
3315 4782 3477 4849 vulgo
3502 4794 3697 4845 quem-

2121 4863 2266 4931 piam
2318 4867 2592 4921 carnalem
2627 4877 2836 4922 tantum
2884 4878 2940 4923 et
2965 4871 3312 4939 pastionibus
3339 4871 3696 4924 incubantem

2119 4955 2453 5024 signiﬁcans,
2488 4970 2874 5029 expertemque
2905 4961 3340 5016 commistionem
3386 4976 3697 5017 causarum.

2119 5047 2222 5101 Per
2265 5065 2421 5104 avem
2465 5060 2669 5115 autem,
2699 5068 2825 5106 eum
2869 5053 2961 5122 qui
3002 5069 3030 5106 a
3063 5054 3295 5107 terrenis
3341 5053 3699 5122 semetipsum

2121 5152 2366 5196 removet
2392 5143 2576 5197 rebus.
2613 5144 2932 5213 Huiusmodi
2966 5146 3111 5199 enim
3139 5144 3390 5200 homines
3421 5161 3451 5199 a
3497 5145 3704 5202 violen-

2121 5233 2190 5285 tis
2227 5241 2283 5286 et
2318 5233 2519 5300 avaris,
2566 5235 2623 5287 iu
2650 5236 2831 5288 causis
2879 5235 3236 5288 saecularibus
3277 5245 3702 5302 consumuntur,

2129 5328 2216 5382 illa
2251 5329 2504 5382 videlicet
2548 5328 2844 5396 incongrua
2909 5329 3252 5398 malignaque
3280 5333 3706 5398 comessatione,

2129 5423 2195 5476 de
2226 5436 2330 5491 qua
2380 5421 2580 5475 Paulus
2628 5421 2972 5489 prohibebat.
3005 5421 3231 5479 dicens:
3268 5421 3327 5478 Si
3375 5426 3446 5479 ad
3489 5427 3708 5481 invicem

2449 5627 2491 5658 “
2527 5625 2668 5681 Psal.
2702 5640 2819 5690 xm,
2856 5631 2887 5684 4
2919 5634 2970 5681 et
3003 5642 3099 5690 LII,
3135 5625 3187 5680 Si.

3267 5626 3310 5659 “
3340 5625 3489 5703 Psal;
3513 5643 3707 5703 xxxut.

2347 5699 2392 5730 ⁸³
2420 5698 2566 5752 Psal.
2593 5713 2782 5763 xcxm,
2818 5698 2906 5754 21.

2984 5699 3029 5730 ³⁵
3056 5697 3196 5752 Psal.
3227 5713 3425 5764 cxxm,
3459 5698 3513 5754 7.

3662 485 3767 552 ἐν
