  <div class='ocr_page' id='page_1' title='image "/cluster/home/n/w/nwhite01/storage/ocr_20150623/93/hvd.32044054128533/518.png"; bbox 0 0 4038 6182; ppageno 0'>
   <div class='ocr_carea' id='block_1_1' title="bbox 426 404 563 470">
    <p class='ocr_par' dir='ltr' id='par_1_1' title="bbox 426 404 563 470">
     <span class='ocr_line' id='line_1_1' title="bbox 426 404 563 470; baseline 0.029 -3"><span class='ocrx_word' id='word_1_1' title='bbox 426 404 563 470; x_wconf 70' lang='grc' dir='ltr'><strong>τοοο</strong></span> 
     </span>
    </p>
   </div>
   <div class='ocr_carea' id='block_1_2' title="bbox 1579 410 2543 475">
    <p class='ocr_par' dir='ltr' id='par_1_2' title="bbox 1579 410 2543 475">
     <span class='ocr_line' id='line_1_2' title="bbox 1579 410 2543 475; baseline 0.007 -7"><span class='ocrx_word' id='word_1_2' title='bbox 1579 410 1662 471; x_wconf 76' lang='lat' dir='ltr'><strong>IN</strong></span> <span class='ocrx_word' id='word_1_3' title='bbox 1702 411 2142 475; x_wconf 82' lang='lat' dir='ltr'><strong>LEVITICUM.</strong></span> <span class='ocrx_word' id='word_1_4' title='bbox 2181 438 2252 450; x_wconf 76' lang='grc'><strong>-</strong></span> <span class='ocrx_word' id='word_1_5' title='bbox 2290 414 2438 475; x_wconf 83' lang='lat' dir='ltr'><strong>LIB.</strong></span> <span class='ocrx_word' id='word_1_6' title='bbox 2465 416 2543 475; x_wconf 68' lang='grc' dir='ltr'><strong>γ.</strong></span> 
     </span>
    </p>
   </div>
   <div class='ocr_carea' id='block_1_3' title="bbox 3580 374 3706 479">
    <p class='ocr_par' dir='ltr' id='par_1_3' title="bbox 3580 374 3706 479">
     <span class='ocr_line' id='line_1_3' title="bbox 3580 374 3706 479; baseline -0.016 0"><span class='ocrx_word' id='word_1_7' title='bbox 3580 374 3706 479; x_wconf 64' lang='lat' dir='ltr'><strong>tuo</strong></span> 
     </span>
    </p>
   </div>
   <div class='ocr_carea' id='block_1_4' title="bbox 412 520 3681 600">
    <p class='ocr_par' dir='ltr' id='par_1_4' title="bbox 412 520 3681 600">
     <span class='ocr_line' id='line_1_4' title="bbox 412 520 3681 600; baseline 0.002 -24"><span class='ocrx_word' id='word_1_8' title='bbox 412 534 624 577; x_wconf 82' lang='lat' dir='ltr'><strong>summo</strong></span> <span class='ocrx_word' id='word_1_9' title='bbox 654 520 836 576; x_wconf 82' lang='lat' dir='ltr'><strong>studio</strong></span> <span class='ocrx_word' id='word_1_10' title='bbox 861 537 924 577; x_wconf 89' lang='lat' dir='ltr'><strong>ea</strong></span> <span class='ocrx_word' id='word_1_11' title='bbox 950 538 1075 592; x_wconf 65' lang='lat' dir='ltr'><strong>quae</strong></span> <span class='ocrx_word' id='word_1_12' title='bbox 1100 531 1371 595; x_wconf 67' lang='lat' dir='ltr'><strong>praecepta</strong></span> <span class='ocrx_word' id='word_1_13' title='bbox 1405 533 1535 578; x_wconf 89' lang='lat' dir='ltr'><strong>sunt</strong></span> <span class='ocrx_word' id='word_1_14' title='bbox 1571 525 1640 579; x_wconf 86' lang='lat' dir='ltr'><strong>ab</strong></span> <span class='ocrx_word' id='word_1_15' title='bbox 1671 540 1759 590; x_wconf 88' lang='lat' dir='ltr'><strong>eo,</strong></span> <span class='ocrx_word' id='word_1_16' title='bbox 1806 534 1992 582; x_wconf 86' lang='lat' dir='ltr'><strong>custo-</strong></span> <span class='ocrx_word' id='word_1_17' title='bbox 2022 526 2067 585; x_wconf 78' lang='grc' dir='ltr'><strong>Δ</strong></span> <span class='ocrx_word' id='word_1_18' title='bbox 2093 525 2311 597; x_wconf 66' lang='grc' dir='ltr'><strong>Αῖῃνριὶ</strong></span> <span class='ocrx_word' id='word_1_19' title='bbox 2354 528 2399 560; x_wconf 67' lang='grc'><strong>³⁵</strong></span> <span class='ocrx_word' id='word_1_20' title='bbox 2422 569 2438 593; x_wconf 83' lang='grc'>,</span> <span class='ocrx_word' id='word_1_21' title='bbox 2481 537 2629 584; x_wconf 88' lang='lat' dir='ltr'><strong>recte</strong></span> <span class='ocrx_word' id='word_1_22' title='bbox 2684 529 2926 584; x_wconf 87' lang='lat' dir='ltr'><strong>secundo</strong></span> <span class='ocrx_word' id='word_1_23' title='bbox 2977 528 3310 599; x_wconf 83' lang='lat' dir='ltr'><strong>judiciorum</strong></span> <span class='ocrx_word' id='word_1_24' title='bbox 3374 541 3681 600; x_wconf 71' lang='lat' dir='ltr'><strong>praecepto-</strong></span> 
     </span>
    </p>
   </div>
   <div class='ocr_carea' id='block_1_5' title="bbox 408 614 1993 688">
    <p class='ocr_par' dir='ltr' id='par_1_5' title="bbox 408 614 1993 688">
     <span class='ocr_line' id='line_1_5' title="bbox 408 614 1993 688; baseline 0.006 -20"><span class='ocrx_word' id='word_1_25' title='bbox 408 614 641 671; x_wconf 75' lang='lat' dir='ltr'><strong>diamus.</strong></span> <span class='ocrx_word' id='word_1_26' title='bbox 713 614 808 672; x_wconf 85' lang='lat' dir='ltr'><strong>Sic</strong></span> <span class='ocrx_word' id='word_1_27' title='bbox 861 631 990 688; x_wconf 83' lang='lat' dir='ltr'><strong>ergo</strong></span> <span class='ocrx_word' id='word_1_28' title='bbox 1058 620 1360 674; x_wconf 87' lang='lat' dir='ltr'><strong>sanctionis</strong></span> <span class='ocrx_word' id='word_1_29' title='bbox 1411 619 1581 674; x_wconf 91' lang='lat' dir='ltr'><strong>totius</strong></span> <span class='ocrx_word' id='word_1_30' title='bbox 1631 619 1993 678; x_wconf 87' lang='lat' dir='ltr'><strong>intentionem</strong></span> 
     </span>
    </p>
   </div>
   <div class='ocr_carea' id='block_1_6' title="bbox 407 709 1994 778">
    <p class='ocr_par' dir='ltr' id='par_1_6' title="bbox 407 709 1994 778">
     <span class='ocr_line' id='line_1_6' title="bbox 407 709 1994 778; baseline 0.007 -16"><span class='ocrx_word' id='word_1_31' title='bbox 407 709 736 778; x_wconf 75' lang='lat' dir='ltr'><strong>explanavit.</strong></span> <span class='ocrx_word' id='word_1_32' title='bbox 788 709 920 778; x_wconf 68' lang='lat' dir='ltr'><strong>Quae</strong></span> <span class='ocrx_word' id='word_1_33' title='bbox 960 720 1046 767; x_wconf 91' lang='lat' dir='ltr'><strong>est</strong></span> <span class='ocrx_word' id='word_1_34' title='bbox 1072 724 1256 767; x_wconf 85' lang='lat' dir='ltr'><strong>autem</strong></span> <span class='ocrx_word' id='word_1_35' title='bbox 1300 713 1454 768; x_wconf 61' lang='lat' dir='ltr'><strong>haec?</strong></span> <span class='ocrx_word' id='word_1_36' title='bbox 1483 710 1557 768; x_wconf 89' lang='lat' dir='ltr'><strong>Ut</strong></span> <span class='ocrx_word' id='word_1_37' title='bbox 1595 713 1664 768; x_wconf 88' lang='lat' dir='ltr'><strong>ab</strong></span> <span class='ocrx_word' id='word_1_38' title='bbox 1696 716 1852 773; x_wconf 87' lang='lat' dir='ltr'><strong>omni</strong></span> <span class='ocrx_word' id='word_1_39' title='bbox 1885 715 1994 773; x_wconf 81' lang='lat' dir='ltr'><strong>ini-</strong></span> 
     </span>
    </p>
   </div>
   <div class='ocr_carea' id='block_1_7' title="bbox 404 803 1990 882">
    <p class='ocr_par' dir='ltr' id='par_1_7' title="bbox 404 803 1990 882">
     <span class='ocr_line' id='line_1_7' title="bbox 404 803 1990 882; baseline 0.008 -27"><span class='ocrx_word' id='word_1_40' title='bbox 404 803 614 870; x_wconf 87' lang='lat' dir='ltr'><strong>quitate</strong></span> <span class='ocrx_word' id='word_1_41' title='bbox 662 805 1061 870; x_wconf 80' lang='lat' dir='ltr'><strong>abstineamus,</strong></span> <span class='ocrx_word' id='word_1_42' title='bbox 1098 816 1150 863; x_wconf 90' lang='lat' dir='ltr'><strong>et</strong></span> <span class='ocrx_word' id='word_1_43' title='bbox 1180 824 1305 876; x_wconf 73' lang='lat' dir='ltr'><strong>quae</strong></span> <span class='ocrx_word' id='word_1_44' title='bbox 1332 808 1552 864; x_wconf 88' lang='lat' dir='ltr'><strong>virtutis</strong></span> <span class='ocrx_word' id='word_1_45' title='bbox 1585 819 1714 865; x_wconf 90' lang='lat' dir='ltr'><strong>sunt</strong></span> <span class='ocrx_word' id='word_1_46' title='bbox 1744 825 1990 882; x_wconf 76' lang='lat' dir='ltr'><strong>agamus,</strong></span> 
     </span>
    </p>
   </div>
   <div class='ocr_carea' id='block_1_8' title="bbox 399 891 1991 972">
    <p class='ocr_par' dir='ltr' id='par_1_8' title="bbox 399 891 1991 972">
     <span class='ocr_line' id='line_1_8' title="bbox 399 891 1991 972; baseline 0.01 -25"><span class='ocrx_word' id='word_1_47' title='bbox 399 891 551 960; x_wconf 85' lang='lat' dir='ltr'><strong>juxta</strong></span> <span class='ocrx_word' id='word_1_48' title='bbox 574 898 1033 953; x_wconf 78' lang='lat' dir='ltr'><strong>consuetudinem</strong></span> <span class='ocrx_word' id='word_1_49' title='bbox 1068 911 1227 954; x_wconf 80' lang='lat' dir='ltr'><strong>terra:</strong></span> <span class='ocrx_word' id='word_1_50' title='bbox 1250 899 1488 971; x_wconf 63' lang='lat' dir='ltr'><strong>Egypti,</strong></span> <span class='ocrx_word' id='word_1_51' title='bbox 1522 912 1577 957; x_wconf 89' lang='lat' dir='ltr'><strong>et</strong></span> <span class='ocrx_word' id='word_1_52' title='bbox 1601 903 1758 972; x_wconf 82' lang='lat' dir='ltr'><strong>juxta</strong></span> <span class='ocrx_word' id='word_1_53' title='bbox 1783 919 1991 963; x_wconf 87' lang='lat' dir='ltr'><strong>morem</strong></span> 
     </span>
    </p>
   </div>
   <div class='ocr_carea' id='block_1_9' title="bbox 403 986 1991 1067">
    <p class='ocr_par' dir='ltr' id='par_1_9' title="bbox 403 986 1991 1067">
     <span class='ocr_line' id='line_1_9' title="bbox 403 986 1991 1067; baseline 0.009 -28"><span class='ocrx_word' id='word_1_54' title='bbox 403 995 563 1042; x_wconf 73' lang='lat' dir='ltr'><strong>terra:</strong></span> <span class='ocrx_word' id='word_1_55' title='bbox 587 986 847 1045; x_wconf 78' lang='lat' dir='ltr'><strong>Chanaan</strong></span> <span class='ocrx_word' id='word_1_56' title='bbox 873 990 1008 1046; x_wconf 83' lang='lat' dir='ltr'><strong>nihil</strong></span> <span class='ocrx_word' id='word_1_57' title='bbox 1038 991 1240 1052; x_wconf 80' lang='lat' dir='ltr'><strong>facere,</strong></span> <span class='ocrx_word' id='word_1_58' title='bbox 1279 993 1360 1047; x_wconf 90' lang='lat' dir='ltr'><strong>sic</strong></span> <span class='ocrx_word' id='word_1_59' title='bbox 1397 993 1466 1048; x_wconf 92' lang='lat' dir='ltr'><strong>ab</strong></span> <span class='ocrx_word' id='word_1_60' title='bbox 1502 995 1651 1049; x_wconf 77' lang='lat' dir='ltr'><strong>omni</strong></span> <span class='ocrx_word' id='word_1_61' title='bbox 1698 995 1991 1067; x_wconf 80' lang='lat' dir='ltr'><strong>iniquitate</strong></span> 
     </span>
    </p>
   </div>
   <div class='ocr_carea' id='block_1_10' title="bbox 403 1077 1989 1159">
    <p class='ocr_par' dir='ltr' id='par_1_10' title="bbox 403 1077 1989 1159">
     <span class='ocr_line' id='line_1_10' title="bbox 403 1077 1989 1159; baseline 0.011 -29"><span class='ocrx_word' id='word_1_62' title='bbox 403 1077 664 1134; x_wconf 82' lang='lat' dir='ltr'><strong>abstineri</strong></span> <span class='ocrx_word' id='word_1_63' title='bbox 698 1082 980 1153; x_wconf 70' lang='lat' dir='ltr'><strong>pmcepit.</strong></span> <span class='ocrx_word' id='word_1_64' title='bbox 1027 1082 1387 1157; x_wconf 78' lang='lat' dir='ltr'><strong>Septuaginta</strong></span> <span class='ocrx_word' id='word_1_65' title='bbox 1457 1096 1641 1144; x_wconf 90' lang='lat' dir='ltr'><strong>autem</strong></span> <span class='ocrx_word' id='word_1_66' title='bbox 1700 1104 1801 1159; x_wconf 89' lang='lat' dir='ltr'><strong>pro</strong></span> <span class='ocrx_word' id='word_1_67' title='bbox 1853 1105 1989 1146; x_wconf 82' lang='lat' dir='ltr'><strong>con-</strong></span> 
     </span>
    </p>
   </div>
   <div class='ocr_carea' id='block_1_11' title="bbox 403 1172 1989 1255">
    <p class='ocr_par' dir='ltr' id='par_1_11' title="bbox 403 1172 1989 1255">
     <span class='ocr_line' id='line_1_11' title="bbox 403 1172 1989 1255; baseline 0.011 -33"><span class='ocrx_word' id='word_1_68' title='bbox 403 1172 711 1235; x_wconf 76' lang='lat' dir='ltr'><strong>suetudine,</strong></span> <span class='ocrx_word' id='word_1_69' title='bbox 751 1175 927 1229; x_wconf 86' lang='lat' dir='ltr'><strong>studia</strong></span> <span class='ocrx_word' id='word_1_70' title='bbox 979 1176 1322 1246; x_wconf 78' lang='lat' dir='ltr'><strong>interpretati</strong></span> <span class='ocrx_word' id='word_1_71' title='bbox 1370 1189 1536 1237; x_wconf 89' lang='lat' dir='ltr'><strong>sunt:</strong></span> <span class='ocrx_word' id='word_1_72' title='bbox 1571 1182 1698 1249; x_wconf 87' lang='lat' dir='ltr'><strong>quia</strong></span> <span class='ocrx_word' id='word_1_73' title='bbox 1726 1183 1989 1255; x_wconf 79' lang='lat' dir='ltr'><strong>malignas</strong></span> 
     </span>
    </p>
   </div>
   <div class='ocr_carea' id='block_1_12' title="bbox 386 1262 1986 1345">
    <p class='ocr_par' dir='ltr' id='par_1_12' title="bbox 386 1262 1986 1345">
     <span class='ocr_line' id='line_1_12' title="bbox 386 1262 1986 1345; baseline 0.011 -30"><span class='ocrx_word' id='word_1_74' title='bbox 386 1262 840 1331; x_wconf 66' lang='lat' dir='ltr'><strong>‘adinventiones,</strong></span> <span class='ocrx_word' id='word_1_75' title='bbox 897 1275 952 1322; x_wconf 90' lang='lat' dir='ltr'><strong>et</strong></span> <span class='ocrx_word' id='word_1_76' title='bbox 1011 1267 1224 1326; x_wconf 79' lang='lat' dir='ltr'><strong>fabulas</strong></span> <span class='ocrx_word' id='word_1_77' title='bbox 1273 1271 1413 1327; x_wconf 88' lang='lat' dir='ltr'><strong>solet</strong></span> <span class='ocrx_word' id='word_1_78' title='bbox 1456 1272 1642 1328; x_wconf 88' lang='lat' dir='ltr'><strong>divina</strong></span> <span class='ocrx_word' id='word_1_79' title='bbox 1697 1273 1986 1345; x_wconf 80' lang='lat' dir='ltr'><strong>Scriptura</strong></span> 
     </span>
    </p>
   </div>
   <div class='ocr_carea' id='block_1_13' title="bbox 400 1357 1986 1433">
    <p class='ocr_par' dir='ltr' id='par_1_13' title="bbox 400 1357 1986 1433">
     <span class='ocr_line' id='line_1_13' title="bbox 400 1357 1986 1433; baseline 0.011 -25"><span class='ocrx_word' id='word_1_80' title='bbox 400 1357 679 1425; x_wconf 80' lang='lat' dir='ltr'><strong>appellare</strong></span> <span class='ocrx_word' id='word_1_81' title='bbox 705 1361 972 1415; x_wconf 86' lang='lat' dir='ltr'><strong>malorum</strong></span> <span class='ocrx_word' id='word_1_82' title='bbox 997 1363 1175 1418; x_wconf 84' lang='lat' dir='ltr'><strong>studia</strong></span> <span class='ocrx_word' id='word_1_83' title='bbox 1204 1382 1217 1417; x_wconf 91' lang='lat'><strong>:</strong></span> <span class='ocrx_word' id='word_1_84' title='bbox 1246 1372 1435 1433; x_wconf 83' lang='lat' dir='ltr'><strong>utpote</strong></span> <span class='ocrx_word' id='word_1_85' title='bbox 1459 1364 1748 1423; x_wconf 84' lang='lat' dir='ltr'><strong>Ezechiele</strong></span> <span class='ocrx_word' id='word_1_86' title='bbox 1768 1368 1986 1426; x_wconf 84' lang='lat' dir='ltr'><strong>dicente</strong></span> 
     </span>
    </p>
   </div>
   <div class='ocr_carea' id='block_1_14' title="bbox 397 1448 1984 1528">
    <p class='ocr_par' dir='ltr' id='par_1_14' title="bbox 397 1448 1984 1528">
     <span class='ocr_line' id='line_1_14' title="bbox 397 1448 1984 1528; baseline 0.012 -28"><span class='ocrx_word' id='word_1_87' title='bbox 397 1456 523 1515; x_wconf 88' lang='lat' dir='ltr'><strong>post</strong></span> <span class='ocrx_word' id='word_1_88' title='bbox 573 1448 894 1518; x_wconf 86' lang='lat' dir='ltr'><strong>iniquitates</strong></span> <span class='ocrx_word' id='word_1_89' title='bbox 948 1467 1087 1521; x_wconf 89' lang='lat' dir='ltr'><strong>quas</strong></span> <span class='ocrx_word' id='word_1_90' title='bbox 1168 1454 1314 1511; x_wconf 88' lang='lat' dir='ltr'><strong>Deus</strong></span> <span class='ocrx_word' id='word_1_91' title='bbox 1366 1456 1422 1511; x_wconf 88' lang='lat' dir='ltr'><strong>in</strong></span> <span class='ocrx_word' id='word_1_92' title='bbox 1483 1459 1689 1528; x_wconf 88' lang='lat' dir='ltr'><strong>templo</strong></span> <span class='ocrx_word' id='word_1_93' title='bbox 1737 1461 1984 1519; x_wconf 82' lang='lat' dir='ltr'><strong>seniores</strong></span> 
     </span>
    </p>
   </div>
   <div class='ocr_carea' id='block_1_15' title="bbox 390 1536 1980 1610">
    <p class='ocr_par' dir='ltr' id='par_1_15' title="bbox 390 1536 1980 1610">
     <span class='ocr_line' id='line_1_15' title="bbox 390 1536 1980 1610; baseline 0.011 -20"><span class='ocrx_word' id='word_1_94' title='bbox 390 1536 559 1594; x_wconf 81' lang='lat' dir='ltr'><strong>Israel</strong></span> <span class='ocrx_word' id='word_1_95' title='bbox 611 1556 775 1610; x_wconf 82' lang='lat' dir='ltr'><strong>agere</strong></span> <span class='ocrx_word' id='word_1_96' title='bbox 834 1545 1077 1600; x_wconf 84' lang='lat' dir='ltr'><strong>ostendit</strong></span> <span class='ocrx_word' id='word_1_97' title='bbox 1108 1564 1123 1600; x_wconf 75' lang='grc' dir='ltr'>ε</span> <span class='ocrx_word' id='word_1_98' title='bbox 1151 1545 1221 1601; x_wconf 86' lang='lat' dir='ltr'><strong>Et</strong></span> <span class='ocrx_word' id='word_1_99' title='bbox 1265 1549 1400 1603; x_wconf 72' lang='lat' dir='ltr'><strong>dixit</strong></span> <span class='ocrx_word' id='word_1_100' title='bbox 1445 1551 1517 1605; x_wconf 86' lang='lat' dir='ltr'><strong>ad</strong></span> <span class='ocrx_word' id='word_1_101' title='bbox 1550 1568 1633 1605; x_wconf 89' lang='lat' dir='ltr'><strong>me</strong></span> <span class='ocrx_word' id='word_1_102' title='bbox 1672 1552 1928 1607; x_wconf 79' lang='lat' dir='ltr'><strong>Dominus</strong></span> <span class='ocrx_word' id='word_1_103' title='bbox 1961 1570 1980 1608; x_wconf 91' lang='lat'><strong>:</strong></span> 
     </span>
    </p>
   </div>
   <div class='ocr_carea' id='block_1_16' title="bbox 397 1627 1982 1704">
    <p class='ocr_par' dir='ltr' id='par_1_16' title="bbox 397 1627 1982 1704">
     <span class='ocr_line' id='line_1_16' title="bbox 397 1627 1982 1704; baseline 0.009 -23"><span class='ocrx_word' id='word_1_104' title='bbox 397 1627 565 1691; x_wconf 82' lang='lat' dir='ltr'><strong>Vides,</strong></span> <span class='ocrx_word' id='word_1_105' title='bbox 607 1631 687 1699; x_wconf 75' lang='lat' dir='ltr'><strong>ﬁli</strong></span> <span class='ocrx_word' id='word_1_106' title='bbox 732 1632 993 1687; x_wconf 83' lang='lat' dir='ltr'><strong>hominis?</strong></span> <span class='ocrx_word' id='word_1_107' title='bbox 1032 1633 1099 1687; x_wconf 83' lang='lat' dir='ltr'><strong>Et</strong></span> <span class='ocrx_word' id='word_1_108' title='bbox 1154 1651 1392 1691; x_wconf 85' lang='lat' dir='ltr'><strong>rursus:</strong></span> <span class='ocrx_word' id='word_1_109' title='bbox 1443 1637 1753 1704; x_wconf 71' lang='lat' dir='ltr'><strong>Conversus,</strong></span> <span class='ocrx_word' id='word_1_110' title='bbox 1785 1641 1982 1696; x_wconf 86' lang='lat' dir='ltr'><strong>videbis</strong></span> 
     </span>
    </p>
   </div>
   <div class='ocr_carea' id='block_1_17' title="bbox 374 1720 1981 1801">
    <p class='ocr_par' dir='ltr' id='par_1_17' title="bbox 374 1720 1981 1801">
     <span class='ocr_line' id='line_1_17' title="bbox 374 1720 1981 1801; baseline 0.011 -30"><span class='ocrx_word' id='word_1_111' title='bbox 374 1720 568 1796; x_wconf 82' lang='lat' dir='ltr'><strong>_studia</strong></span> <span class='ocrx_word' id='word_1_112' title='bbox 601 1722 814 1790; x_wconf 79' lang='lat' dir='ltr'><strong>majora</strong></span> <span class='ocrx_word' id='word_1_113' title='bbox 851 1723 1115 1780; x_wconf 75' lang='lat' dir='ltr'><strong>horum“.</strong></span> <span class='ocrx_word' id='word_1_114' title='bbox 1159 1724 1278 1779; x_wconf 87' lang='lat' dir='ltr'><strong>Non</strong></span> <span class='ocrx_word' id='word_1_115' title='bbox 1308 1727 1483 1782; x_wconf 90' lang='lat' dir='ltr'><strong>solum</strong></span> <span class='ocrx_word' id='word_1_116' title='bbox 1515 1744 1647 1801; x_wconf 75' lang='lat' dir='ltr'><strong>ergo</strong></span> <span class='ocrx_word' id='word_1_117' title='bbox 1678 1745 1709 1783; x_wconf 87' lang='lat' dir='ltr'><strong>a</strong></span> <span class='ocrx_word' id='word_1_118' title='bbox 1740 1730 1981 1788; x_wconf 80' lang='lat' dir='ltr'><strong>fornica-</strong></span> 
     </span>
    </p>
   </div>
   <div class='ocr_carea' id='block_1_18' title="bbox 392 1811 1979 1887">
    <p class='ocr_par' dir='ltr' id='par_1_18' title="bbox 392 1811 1979 1887">
     <span class='ocr_line' id='line_1_18' title="bbox 392 1811 1979 1887; baseline 0.009 -23"><span class='ocrx_word' id='word_1_119' title='bbox 392 1811 558 1879; x_wconf 83' lang='lat' dir='ltr'><strong>tione,</strong></span> <span class='ocrx_word' id='word_1_120' title='bbox 609 1824 663 1868; x_wconf 89' lang='lat' dir='ltr'><strong>et</strong></span> <span class='ocrx_word' id='word_1_121' title='bbox 691 1815 947 1881; x_wconf 83' lang='lat' dir='ltr'><strong>avaritia,</strong></span> <span class='ocrx_word' id='word_1_122' title='bbox 994 1824 1049 1872; x_wconf 89' lang='lat' dir='ltr'><strong>et</strong></span> <span class='ocrx_word' id='word_1_123' title='bbox 1080 1818 1362 1887; x_wconf 85' lang='lat' dir='ltr'><strong>superbia,</strong></span> <span class='ocrx_word' id='word_1_124' title='bbox 1409 1820 1507 1874; x_wconf 90' lang='lat' dir='ltr'><strong>sed</strong></span> <span class='ocrx_word' id='word_1_125' title='bbox 1539 1829 1596 1875; x_wconf 92' lang='lat' dir='ltr'><strong>et</strong></span> <span class='ocrx_word' id='word_1_126' title='bbox 1621 1837 1651 1876; x_wconf 88' lang='lat' dir='ltr'><strong>a</strong></span> <span class='ocrx_word' id='word_1_127' title='bbox 1681 1821 1979 1877; x_wconf 85' lang='lat' dir='ltr'><strong>divinatio-</strong></span> 
     </span>
    </p>
   </div>
   <div class='ocr_carea' id='block_1_19' title="bbox 388 1904 1975 1983">
    <p class='ocr_par' dir='ltr' id='par_1_19' title="bbox 388 1904 1975 1983">
     <span class='ocr_line' id='line_1_19' title="bbox 388 1904 1975 1983; baseline 0.009 -33"><span class='ocrx_word' id='word_1_128' title='bbox 388 1914 519 1954; x_wconf 84' lang='lat' dir='ltr'><strong>num</strong></span> <span class='ocrx_word' id='word_1_129' title='bbox 579 1909 636 1956; x_wconf 88' lang='lat' dir='ltr'><strong>et</strong></span> <span class='ocrx_word' id='word_1_130' title='bbox 694 1904 1047 1973; x_wconf 74' lang='lat' dir='ltr'><strong>auguriorum</strong></span> <span class='ocrx_word' id='word_1_131' title='bbox 1111 1905 1514 1974; x_wconf 89' lang='lat' dir='ltr'><strong>abjeetiouibus</strong></span> <span class='ocrx_word' id='word_1_132' title='bbox 1567 1918 1625 1963; x_wconf 86' lang='lat' dir='ltr'><strong>et</strong></span> <span class='ocrx_word' id='word_1_133' title='bbox 1692 1910 1975 1983; x_wconf 82' lang='lat' dir='ltr'><strong>veneﬁciis</strong></span> 
     </span>
    </p>
   </div>
   <div class='ocr_carea' id='block_1_20' title="bbox 386 1994 1974 2070">
    <p class='ocr_par' dir='ltr' id='par_1_20' title="bbox 386 1994 1974 2070">
     <span class='ocr_line' id='line_1_20' title="bbox 386 1994 1974 2070; baseline 0.008 -26"><span class='ocrx_word' id='word_1_134' title='bbox 386 1994 646 2062; x_wconf 68' lang='lat' dir='ltr'><strong>praecepit</strong></span> <span class='ocrx_word' id='word_1_135' title='bbox 687 1995 977 2057; x_wconf 85' lang='lat' dir='ltr'><strong>abstineri,</strong></span> <span class='ocrx_word' id='word_1_136' title='bbox 1038 1997 1135 2051; x_wconf 87' lang='lat' dir='ltr'><strong>sed</strong></span> <span class='ocrx_word' id='word_1_137' title='bbox 1202 2006 1313 2063; x_wconf 69' lang='lat' dir='ltr'><strong>eLa</strong></span> <span class='ocrx_word' id='word_1_138' title='bbox 1344 2000 1539 2070; x_wconf 74' lang='lat' dir='ltr'><strong>magis,</strong></span> <span class='ocrx_word' id='word_1_139' title='bbox 1592 2008 1650 2055; x_wconf 90' lang='lat' dir='ltr'><strong>et</strong></span> <span class='ocrx_word' id='word_1_140' title='bbox 1699 2000 1974 2057; x_wconf 85' lang='lat' dir='ltr'><strong>similibus</strong></span> 
     </span>
    </p>
   </div>
   <div class='ocr_carea' id='block_1_21' title="bbox 385 2084 1969 2157">
    <p class='ocr_par' dir='ltr' id='par_1_21' title="bbox 385 2084 1969 2157">
     <span class='ocr_line' id='line_1_21' title="bbox 385 2084 1969 2157; baseline 0.006 -21"><span class='ocrx_word' id='word_1_141' title='bbox 385 2084 543 2140; x_wconf 88' lang='lat' dir='ltr'><strong>aliis:</strong></span> <span class='ocrx_word' id='word_1_142' title='bbox 596 2086 670 2140; x_wconf 90' lang='lat' dir='ltr'><strong>ita</strong></span> <span class='ocrx_word' id='word_1_143' title='bbox 727 2095 787 2140; x_wconf 91' lang='lat' dir='ltr'><strong>ut</strong></span> <span class='ocrx_word' id='word_1_144' title='bbox 839 2087 1050 2157; x_wconf 75' lang='lat' dir='ltr'><strong>Moyses</strong></span> <span class='ocrx_word' id='word_1_145' title='bbox 1108 2089 1165 2143; x_wconf 91' lang='lat' dir='ltr'><strong>in</strong></span> <span class='ocrx_word' id='word_1_146' title='bbox 1221 2089 1652 2148; x_wconf 85' lang='lat' dir='ltr'><strong>Deuteronomio</strong></span> <span class='ocrx_word' id='word_1_147' title='bbox 1714 2093 1969 2149; x_wconf 83' lang='lat' dir='ltr'><strong>diceret:</strong></span> 
     </span>
    </p>
   </div>
   <div class='ocr_carea' id='block_1_22' title="bbox 385 2174 1971 2253">
    <p class='ocr_par' dir='ltr' id='par_1_22' title="bbox 385 2174 1971 2253">
     <span class='ocr_line' id='line_1_22' title="bbox 385 2174 1971 2253; baseline 0.007 -24"><span class='ocrx_word' id='word_1_148' title='bbox 385 2174 607 2240; x_wconf 82' lang='lat' dir='ltr'><strong>Quando</strong></span> <span class='ocrx_word' id='word_1_149' title='bbox 636 2179 899 2250; x_wconf 85' lang='lat' dir='ltr'><strong>ingressus</strong></span> <span class='ocrx_word' id='word_1_150' title='bbox 929 2183 1090 2252; x_wconf 80' lang='lat' dir='ltr'><strong>fueris</strong></span> <span class='ocrx_word' id='word_1_151' title='bbox 1119 2192 1316 2237; x_wconf 85' lang='lat' dir='ltr'><strong>terram</strong></span> <span class='ocrx_word' id='word_1_152' title='bbox 1346 2199 1506 2253; x_wconf 85' lang='lat' dir='ltr'><strong>quam</strong></span> <span class='ocrx_word' id='word_1_153' title='bbox 1555 2182 1810 2239; x_wconf 77' lang='lat' dir='ltr'><strong>Dominus</strong></span> <span class='ocrx_word' id='word_1_154' title='bbox 1834 2184 1971 2240; x_wconf 84' lang='lat' dir='ltr'><strong>Deus</strong></span> 
     </span>
    </p>
   </div>
   <div class='ocr_carea' id='block_1_23' title="bbox 387 2267 1970 2335">
    <p class='ocr_par' dir='ltr' id='par_1_23' title="bbox 387 2267 1970 2335">
     <span class='ocr_line' id='line_1_23' title="bbox 387 2267 1970 2335; baseline 0.006 -17"><span class='ocrx_word' id='word_1_155' title='bbox 387 2274 508 2321; x_wconf 84' lang='lat' dir='ltr'><strong>tuus</strong></span> <span class='ocrx_word' id='word_1_156' title='bbox 541 2267 737 2322; x_wconf 83' lang='lat' dir='ltr'><strong>dederit</strong></span> <span class='ocrx_word' id='word_1_157' title='bbox 768 2271 882 2335; x_wconf 82' lang='lat' dir='ltr'><strong>tibi,</strong></span> <span class='ocrx_word' id='word_1_158' title='bbox 914 2287 1037 2326; x_wconf 84' lang='lat' dir='ltr'><strong>cave</strong></span> <span class='ocrx_word' id='word_1_159' title='bbox 1067 2289 1130 2326; x_wconf 88' lang='lat' dir='ltr'><strong>ne</strong></span> <span class='ocrx_word' id='word_1_160' title='bbox 1157 2272 1363 2327; x_wconf 84' lang='lat' dir='ltr'><strong>imitari</strong></span> <span class='ocrx_word' id='word_1_161' title='bbox 1395 2273 1521 2327; x_wconf 80' lang='lat' dir='ltr'><strong>velis</strong></span> <span class='ocrx_word' id='word_1_162' title='bbox 1554 2271 1970 2328; x_wconf 75' lang='lat' dir='ltr'><strong>abominationes</strong></span> 
     </span>
    </p>
   </div>
   <div class='ocr_carea' id='block_1_24' title="bbox 385 2356 1969 2432">
    <p class='ocr_par' dir='ltr' id='par_1_24' title="bbox 385 2356 1969 2432">
     <span class='ocr_line' id='line_1_24' title="bbox 385 2356 1969 2432; baseline 0.007 -24"><span class='ocrx_word' id='word_1_163' title='bbox 385 2356 603 2412; x_wconf 84' lang='lat' dir='ltr'><strong>illarum</strong></span> <span class='ocrx_word' id='word_1_164' title='bbox 654 2360 908 2428; x_wconf 82' lang='lat' dir='ltr'><strong>gentium,</strong></span> <span class='ocrx_word' id='word_1_165' title='bbox 940 2378 1031 2415; x_wconf 85' lang='lat' dir='ltr'><strong>nec</strong></span> <span class='ocrx_word' id='word_1_166' title='bbox 1066 2363 1364 2417; x_wconf 84' lang='lat' dir='ltr'><strong>inveniatur</strong></span> <span class='ocrx_word' id='word_1_167' title='bbox 1392 2364 1445 2416; x_wconf 90' lang='lat' dir='ltr'><strong>in</strong></span> <span class='ocrx_word' id='word_1_168' title='bbox 1479 2372 1528 2417; x_wconf 83' lang='lat' dir='ltr'><strong>te</strong></span> <span class='ocrx_word' id='word_1_169' title='bbox 1559 2364 1649 2432; x_wconf 85' lang='lat' dir='ltr'><strong>qui</strong></span> <span class='ocrx_word' id='word_1_170' title='bbox 1679 2364 1969 2419; x_wconf 74' lang='lat' dir='ltr'><strong>sciscitatur</strong></span> 
     </span>
    </p>
   </div>
   <div class='ocr_carea' id='block_1_25' title="bbox 384 2449 1963 2524">
    <p class='ocr_par' dir='ltr' id='par_1_25' title="bbox 384 2449 1963 2524">
     <span class='ocr_line' id='line_1_25' title="bbox 384 2449 1963 2524; baseline 0.007 -24"><span class='ocrx_word' id='word_1_171' title='bbox 384 2456 434 2500; x_wconf 77' lang='lat' dir='ltr'><strong>et</strong></span> <span class='ocrx_word' id='word_1_172' title='bbox 497 2449 725 2503; x_wconf 78' lang='lat' dir='ltr'><strong>observet</strong></span> <span class='ocrx_word' id='word_1_173' title='bbox 752 2454 955 2507; x_wconf 84' lang='lat' dir='ltr'><strong>somnia</strong></span> <span class='ocrx_word' id='word_1_174' title='bbox 997 2463 1155 2523; x_wconf 80' lang='lat' dir='ltr'><strong>atque</strong></span> <span class='ocrx_word' id='word_1_175' title='bbox 1180 2455 1427 2522; x_wconf 82' lang='lat' dir='ltr'><strong>auguria,</strong></span> <span class='ocrx_word' id='word_1_176' title='bbox 1469 2471 1533 2509; x_wconf 85' lang='lat' dir='ltr'><strong>ne</strong></span> <span class='ocrx_word' id='word_1_177' title='bbox 1566 2455 1634 2508; x_wconf 91' lang='lat' dir='ltr'><strong>sit</strong></span> <span class='ocrx_word' id='word_1_178' title='bbox 1677 2456 1963 2524; x_wconf 84' lang='lat' dir='ltr'><strong>maleﬁcus.</strong></span> 
     </span>
    </p>
   </div>
   <div class='ocr_carea' id='block_1_26' title="bbox 385 2538 1963 2610">
    <p class='ocr_par' dir='ltr' id='par_1_26' title="bbox 385 2538 1963 2610">
     <span class='ocr_line' id='line_1_26' title="bbox 385 2538 1963 2610; baseline 0.004 -19"><span class='ocrx_word' id='word_1_179' title='bbox 385 2552 480 2590; x_wconf 80' lang='lat' dir='ltr'><strong>nec</strong></span> <span class='ocrx_word' id='word_1_180' title='bbox 522 2538 842 2603; x_wconf 85' lang='lat' dir='ltr'><strong>incantator,</strong></span> <span class='ocrx_word' id='word_1_181' title='bbox 891 2557 983 2594; x_wconf 79' lang='lat' dir='ltr'><strong>nec</strong></span> <span class='ocrx_word' id='word_1_182' title='bbox 1024 2542 1273 2610; x_wconf 81' lang='lat' dir='ltr'><strong>pythones</strong></span> <span class='ocrx_word' id='word_1_183' title='bbox 1310 2541 1571 2604; x_wconf 84' lang='lat' dir='ltr'><strong>consulat,</strong></span> <span class='ocrx_word' id='word_1_184' title='bbox 1623 2558 1715 2595; x_wconf 86' lang='lat' dir='ltr'><strong>nec</strong></span> <span class='ocrx_word' id='word_1_185' title='bbox 1744 2544 1963 2606; x_wconf 84' lang='lat' dir='ltr'><strong>divinos,</strong></span> 
     </span>
    </p>
   </div>
   <div class='ocr_carea' id='block_1_27' title="bbox 386 2632 1965 2697">
    <p class='ocr_par' dir='ltr' id='par_1_27' title="bbox 386 2632 1965 2697">
     <span class='ocr_line' id='line_1_27' title="bbox 386 2632 1965 2697; baseline 0.006 -17"><span class='ocrx_word' id='word_1_186' title='bbox 386 2643 481 2681; x_wconf 84' lang='lat' dir='ltr'><strong>nec</strong></span> <span class='ocrx_word' id='word_1_187' title='bbox 508 2639 717 2697; x_wconf 72' lang='lat' dir='ltr'><strong>quierat</strong></span> <span class='ocrx_word' id='word_1_188' title='bbox 770 2648 803 2684; x_wconf 90' lang='lat' dir='ltr'><strong>a</strong></span> <span class='ocrx_word' id='word_1_189' title='bbox 850 2633 1072 2686; x_wconf 84' lang='lat' dir='ltr'><strong>mortuis</strong></span> <span class='ocrx_word' id='word_1_190' title='bbox 1116 2632 1411 2687; x_wconf 88' lang='lat' dir='ltr'><strong>veritatem.</strong></span> <span class='ocrx_word' id='word_1_191' title='bbox 1457 2632 1648 2689; x_wconf 86' lang='lat' dir='ltr'><strong>Omnia</strong></span> <span class='ocrx_word' id='word_1_192' title='bbox 1690 2635 1825 2688; x_wconf 86' lang='lat' dir='ltr'><strong>enim</strong></span> <span class='ocrx_word' id='word_1_193' title='bbox 1856 2636 1965 2689; x_wconf 76' lang='grc' dir='ltr'><strong>Ιιιιτ</strong></span> 
     </span>
    </p>
   </div>
   <div class='ocr_carea' id='block_1_28' title="bbox 387 2718 1964 2795">
    <p class='ocr_par' dir='ltr' id='par_1_28' title="bbox 387 2718 1964 2795">
     <span class='ocr_line' id='line_1_28' title="bbox 387 2718 1964 2795; baseline 0.006 -25"><span class='ocrx_word' id='word_1_194' title='bbox 387 2718 778 2774; x_wconf 78' lang='lat' dir='ltr'><strong>abominabitur</strong></span> <span class='ocrx_word' id='word_1_195' title='bbox 814 2721 1084 2778; x_wconf 83' lang='lat' dir='ltr'><strong>Dominus.</strong></span> <span class='ocrx_word' id='word_1_196' title='bbox 1125 2722 1313 2779; x_wconf 80' lang='lat' dir='ltr'><strong>Omnes</strong></span> <span class='ocrx_word' id='word_1_197' title='bbox 1345 2725 1435 2794; x_wconf 83' lang='lat' dir='ltr'><strong>qui</strong></span> <span class='ocrx_word' id='word_1_198' title='bbox 1462 2724 1571 2778; x_wconf 71' lang='lat' dir='ltr'><strong>lucc</strong></span> <span class='ocrx_word' id='word_1_199' title='bbox 1597 2726 1822 2795; x_wconf 82' lang='lat' dir='ltr'><strong>faciunt,</strong></span> <span class='ocrx_word' id='word_1_200' title='bbox 1868 2744 1964 2793; x_wconf 87' lang='lat' dir='ltr'><strong>pro</strong></span> 
     </span>
    </p>
   </div>
   <div class='ocr_carea' id='block_1_29' title="bbox 386 2808 1959 2882">
    <p class='ocr_par' dir='ltr' id='par_1_29' title="bbox 386 2808 1959 2882">
     <span class='ocr_line' id='line_1_29' title="bbox 386 2808 1959 2882; baseline 0.006 -22"><span class='ocrx_word' id='word_1_201' title='bbox 386 2808 861 2865; x_wconf 77' lang='lat' dir='ltr'><strong>abominationibus</strong></span> <span class='ocrx_word' id='word_1_202' title='bbox 916 2812 996 2865; x_wconf 77' lang='lat' dir='ltr'><strong>his</strong></span> <span class='ocrx_word' id='word_1_203' title='bbox 1039 2813 1301 2882; x_wconf 79' lang='lat' dir='ltr'><strong>disperdat</strong></span> <span class='ocrx_word' id='word_1_204' title='bbox 1341 2830 1426 2867; x_wconf 85' lang='lat' dir='ltr'><strong>eos</strong></span> <span class='ocrx_word' id='word_1_205' title='bbox 1458 2813 1713 2868; x_wconf 85' lang='lat' dir='ltr'><strong>Dominus</strong></span> <span class='ocrx_word' id='word_1_206' title='bbox 1734 2832 1797 2868; x_wconf 73' lang='lat' dir='ltr'><strong>om</strong></span> <span class='ocrx_word' id='word_1_207' title='bbox 1827 2826 1875 2869; x_wconf 87' lang='lat' dir='ltr'><strong>te</strong></span> <span class='ocrx_word' id='word_1_208' title='bbox 1893 2818 1959 2870; x_wconf 74' lang='grc'><strong>³³.</strong></span> 
     </span>
    </p>
   </div>
   <div class='ocr_carea' id='block_1_30' title="bbox 380 2901 1962 2976">
    <p class='ocr_par' dir='ltr' id='par_1_30' title="bbox 380 2901 1962 2976">
     <span class='ocr_line' id='line_1_30' title="bbox 380 2901 1962 2976; baseline 0.007 -23"><span class='ocrx_word' id='word_1_209' title='bbox 380 2901 463 2955; x_wconf 79' lang='lat' dir='ltr'><strong>Ab</strong></span> <span class='ocrx_word' id='word_1_210' title='bbox 497 2901 579 2956; x_wconf 88' lang='lat' dir='ltr'><strong>his</strong></span> <span class='ocrx_word' id='word_1_211' title='bbox 610 2918 739 2974; x_wconf 75' lang='lat' dir='ltr'><strong>ergo</strong></span> <span class='ocrx_word' id='word_1_212' title='bbox 766 2905 1029 2959; x_wconf 85' lang='lat' dir='ltr'><strong>abstineri</strong></span> <span class='ocrx_word' id='word_1_213' title='bbox 1088 2906 1242 2975; x_wconf 86' lang='lat' dir='ltr'><strong>prius</strong></span> <span class='ocrx_word' id='word_1_214' title='bbox 1294 2914 1530 2976; x_wconf 87' lang='lat' dir='ltr'><strong>oportet,</strong></span> <span class='ocrx_word' id='word_1_215' title='bbox 1586 2916 1641 2963; x_wconf 91' lang='lat' dir='ltr'><strong>et</strong></span> <span class='ocrx_word' id='word_1_216' title='bbox 1676 2908 1754 2964; x_wconf 89' lang='lat' dir='ltr'><strong>sic</strong></span> <span class='ocrx_word' id='word_1_217' title='bbox 1804 2909 1962 2964; x_wconf 90' lang='lat' dir='ltr'><strong>nobis</strong></span> 
     </span>
    </p>
   </div>
   <div class='ocr_carea' id='block_1_31' title="bbox 382 2992 1958 3069">
    <p class='ocr_par' dir='ltr' id='par_1_31' title="bbox 382 2992 1958 3069">
     <span class='ocr_line' id='line_1_31' title="bbox 382 2992 1958 3069; baseline 0.006 -24"><span class='ocrx_word' id='word_1_218' title='bbox 382 2992 524 3048; x_wconf 86' lang='lat' dir='ltr'><strong>Deus</strong></span> <span class='ocrx_word' id='word_1_219' title='bbox 557 2994 727 3049; x_wconf 88' lang='lat' dir='ltr'><strong>dicit:</strong></span> <span class='ocrx_word' id='word_1_220' title='bbox 765 2997 988 3051; x_wconf 79' lang='lat' dir='ltr'><strong>Facietis</strong></span> <span class='ocrx_word' id='word_1_221' title='bbox 1016 2998 1214 3061; x_wconf 81' lang='lat' dir='ltr'><strong>iudicia</strong></span> <span class='ocrx_word' id='word_1_222' title='bbox 1269 3015 1407 3065; x_wconf 88' lang='lat' dir='ltr'><strong>mea,</strong></span> <span class='ocrx_word' id='word_1_223' title='bbox 1443 3007 1493 3054; x_wconf 88' lang='lat' dir='ltr'><strong>et</strong></span> <span class='ocrx_word' id='word_1_224' title='bbox 1535 3009 1801 3069; x_wconf 74' lang='lat' dir='ltr'><strong>prwcepta</strong></span> <span class='ocrx_word' id='word_1_225' title='bbox 1842 3018 1958 3055; x_wconf 84' lang='lat' dir='ltr'><strong>mea</strong></span> 
     </span>
    </p>
   </div>
   <div class='ocr_carea' id='block_1_32' title="bbox 376 3088 1957 3155">
    <p class='ocr_par' dir='ltr' id='par_1_32' title="bbox 376 3088 1957 3155">
     <span class='ocr_line' id='line_1_32' title="bbox 376 3088 1957 3155; baseline 0.006 -16"><span class='ocrx_word' id='word_1_226' title='bbox 376 3088 667 3152; x_wconf 84' lang='lat' dir='ltr'><strong>servabitis,</strong></span> <span class='ocrx_word' id='word_1_227' title='bbox 709 3099 757 3144; x_wconf 89' lang='lat' dir='ltr'><strong>et</strong></span> <span class='ocrx_word' id='word_1_228' title='bbox 805 3092 1140 3145; x_wconf 86' lang='lat' dir='ltr'><strong>ambulabitis</strong></span> <span class='ocrx_word' id='word_1_229' title='bbox 1189 3092 1245 3145; x_wconf 86' lang='lat' dir='ltr'><strong>in</strong></span> <span class='ocrx_word' id='word_1_230' title='bbox 1286 3093 1379 3155; x_wconf 90' lang='lat' dir='ltr'><strong>eis,</strong></span> <span class='ocrx_word' id='word_1_231' title='bbox 1426 3090 1480 3146; x_wconf 87' lang='lat' dir='ltr'><strong>id</strong></span> <span class='ocrx_word' id='word_1_232' title='bbox 1536 3100 1621 3148; x_wconf 91' lang='lat' dir='ltr'><strong>est</strong></span> <span class='ocrx_word' id='word_1_233' title='bbox 1661 3093 1957 3149; x_wconf 90' lang='lat' dir='ltr'><strong>movemini</strong></span> 
     </span>
    </p>
   </div>
   <div class='ocr_carea' id='block_1_33' title="bbox 2100 621 3683 692">
    <p class='ocr_par' dir='ltr' id='par_1_33' title="bbox 2100 621 3683 692">
     <span class='ocr_line' id='line_1_33' title="bbox 2100 621 3683 692; baseline 0.001 -15"><span class='ocrx_word' id='word_1_234' title='bbox 2100 635 2293 677; x_wconf 80' lang='lat' dir='ltr'><strong>rumve</strong></span> <span class='ocrx_word' id='word_1_235' title='bbox 2344 621 2666 678; x_wconf 85' lang='lat' dir='ltr'><strong>memoriam</strong></span> <span class='ocrx_word' id='word_1_236' title='bbox 2714 621 2864 689; x_wconf 80' lang='lat' dir='ltr'><strong>facit,</strong></span> <span class='ocrx_word' id='word_1_237' title='bbox 2913 634 2973 679; x_wconf 86' lang='lat' dir='ltr'><strong>ut</strong></span> <span class='ocrx_word' id='word_1_238' title='bbox 3017 623 3107 678; x_wconf 90' lang='lat' dir='ltr'><strong>illa</strong></span> <span class='ocrx_word' id='word_1_239' title='bbox 3167 626 3502 687; x_wconf 85' lang='lat' dir='ltr'><strong>ostenderet,</strong></span> <span class='ocrx_word' id='word_1_240' title='bbox 3562 642 3683 692; x_wconf 77' lang='lat' dir='ltr'><strong>quze</strong></span> 
     </span>
    </p>
   </div>
   <div class='ocr_carea' id='block_1_34' title="bbox 2097 713 3679 785">
    <p class='ocr_par' dir='ltr' id='par_1_34' title="bbox 2097 713 3679 785">
     <span class='ocr_line' id='line_1_34' title="bbox 2097 713 3679 785; baseline 0.004 -21"><span class='ocrx_word' id='word_1_241' title='bbox 2097 719 2214 765; x_wconf 90' lang='lat' dir='ltr'><strong>erat</strong></span> <span class='ocrx_word' id='word_1_242' title='bbox 2251 718 2443 781; x_wconf 86' lang='lat' dir='ltr'><strong>postea</strong></span> <span class='ocrx_word' id='word_1_243' title='bbox 2488 713 2824 769; x_wconf 86' lang='lat' dir='ltr'><strong>sanciturus.</strong></span> <span class='ocrx_word' id='word_1_244' title='bbox 2884 713 2958 768; x_wconf 85' lang='lat' dir='ltr'><strong>De</strong></span> <span class='ocrx_word' id='word_1_245' title='bbox 2990 715 3192 785; x_wconf 80' lang='lat' dir='ltr'><strong>quibus</strong></span> <span class='ocrx_word' id='word_1_246' title='bbox 3259 730 3409 771; x_wconf 89' lang='lat' dir='ltr'><strong>nunc</strong></span> <span class='ocrx_word' id='word_1_247' title='bbox 3451 716 3679 770; x_wconf 83' lang='lat' dir='ltr'><strong>addidit.</strong></span> 
     </span>
    </p>
   </div>
   <div class='ocr_carea' id='block_1_35' title="bbox 2166 802 3677 878">
    <p class='ocr_par' dir='ltr' id='par_1_35' title="bbox 2166 802 3677 878">
     <span class='ocr_line' id='line_1_35' title="bbox 2166 802 3677 878; baseline 0.001 -19"><span class='ocrx_word' id='word_1_248' title='bbox 2166 802 2295 869; x_wconf 76' lang='lat' dir='ltr'><strong>Qua:</strong></span> <span class='ocrx_word' id='word_1_249' title='bbox 2354 807 2552 878; x_wconf 76' lang='lat' dir='ltr'><strong>faciens</strong></span> <span class='ocrx_word' id='word_1_250' title='bbox 2582 807 2755 869; x_wconf 83' lang='lat' dir='ltr'><strong>homo,</strong></span> <span class='ocrx_word' id='word_1_251' title='bbox 2812 808 2947 862; x_wconf 84' lang='lat' dir='ltr'><strong>vivet</strong></span> <span class='ocrx_word' id='word_1_252' title='bbox 2994 807 3046 861; x_wconf 89' lang='lat' dir='ltr'><strong>in</strong></span> <span class='ocrx_word' id='word_1_253' title='bbox 3100 808 3195 862; x_wconf 87' lang='lat' dir='ltr'><strong>eis.</strong></span> <span class='ocrx_word' id='word_1_254' title='bbox 3257 808 3320 862; x_wconf 86' lang='lat' dir='ltr'><strong>In</strong></span> <span class='ocrx_word' id='word_1_255' title='bbox 3353 807 3488 877; x_wconf 90' lang='lat' dir='ltr'><strong>ipsis</strong></span> <span class='ocrx_word' id='word_1_256' title='bbox 3531 810 3677 864; x_wconf 83' lang='lat' dir='ltr'><strong>enim</strong></span> 
     </span>
    </p>
   </div>
   <div class='ocr_carea' id='block_1_36' title="bbox 2094 888 3680 970">
    <p class='ocr_par' dir='ltr' id='par_1_36' title="bbox 2094 888 3680 970">
     <span class='ocr_line' id='line_1_36' title="bbox 2094 888 3680 970; baseline 0.005 -21"><span class='ocrx_word' id='word_1_257' title='bbox 2094 910 2220 951; x_wconf 84' lang='lat' dir='ltr'><strong>vera</strong></span> <span class='ocrx_word' id='word_1_258' title='bbox 2262 897 2371 953; x_wconf 80' lang='lat' dir='ltr'><strong>vita</strong></span> <span class='ocrx_word' id='word_1_259' title='bbox 2417 899 2772 955; x_wconf 75' lang='lat' dir='ltr'><strong>credentibus</strong></span> <span class='ocrx_word' id='word_1_260' title='bbox 2821 900 2876 954; x_wconf 92' lang='lat' dir='ltr'><strong>in</strong></span> <span class='ocrx_word' id='word_1_261' title='bbox 2928 899 3210 955; x_wconf 81' lang='lat' dir='ltr'><strong>Christum</strong></span> <span class='ocrx_word' id='word_1_262' title='bbox 3272 899 3577 970; x_wconf 90' lang='lat' dir='ltr'><strong>perﬁcitur,</strong></span> <span class='ocrx_word' id='word_1_263' title='bbox 3612 888 3680 957; x_wconf 87' lang='lat' dir='ltr'><strong>de</strong></span> 
     </span>
    </p>
   </div>
   <div class='ocr_carea' id='block_1_37' title="bbox 2092 987 3678 1058">
    <p class='ocr_par' dir='ltr' id='par_1_37' title="bbox 2092 987 3678 1058">
     <span class='ocr_line' id='line_1_37' title="bbox 2092 987 3678 1058; baseline 0.004 -18"><span class='ocrx_word' id='word_1_264' title='bbox 2092 1001 2201 1056; x_wconf 88' lang='lat' dir='ltr'><strong>quo</strong></span> <span class='ocrx_word' id='word_1_265' title='bbox 2245 987 2302 1041; x_wconf 89' lang='lat' dir='ltr'><strong>in</strong></span> <span class='ocrx_word' id='word_1_266' title='bbox 2332 988 2627 1058; x_wconf 78' lang='lat' dir='ltr'><strong>Evangelio</strong></span> <span class='ocrx_word' id='word_1_267' title='bbox 2664 988 2928 1045; x_wconf 85' lang='lat' dir='ltr'><strong>Dominus</strong></span> <span class='ocrx_word' id='word_1_268' title='bbox 2975 990 3237 1045; x_wconf 89' lang='lat' dir='ltr'><strong>dicebat:</strong></span> <span class='ocrx_word' id='word_1_269' title='bbox 3290 989 3418 1045; x_wconf 70' lang='lat' dir='ltr'><strong>Ila&#39;c</strong></span> <span class='ocrx_word' id='word_1_270' title='bbox 3460 1000 3534 1045; x_wconf 83' lang='lat' dir='ltr'><strong>est</strong></span> <span class='ocrx_word' id='word_1_271' title='bbox 3585 1007 3678 1046; x_wconf 87' lang='lat' dir='ltr'><strong>vo-</strong></span> 
     </span>
    </p>
   </div>
   <div class='ocr_carea' id='block_1_38' title="bbox 2092 1076 3676 1151">
    <p class='ocr_par' dir='ltr' id='par_1_38' title="bbox 2092 1076 3676 1151">
     <span class='ocr_line' id='line_1_38' title="bbox 2092 1076 3676 1151; baseline 0.001 -21"><span class='ocrx_word' id='word_1_272' title='bbox 2092 1076 2269 1131; x_wconf 87' lang='lat' dir='ltr'><strong>luntas</strong></span> <span class='ocrx_word' id='word_1_273' title='bbox 2306 1077 2487 1135; x_wconf 84' lang='lat' dir='ltr'><strong>Patris</strong></span> <span class='ocrx_word' id='word_1_274' title='bbox 2530 1079 2653 1142; x_wconf 85' lang='lat' dir='ltr'><strong>mei,</strong></span> <span class='ocrx_word' id='word_1_275' title='bbox 2709 1087 2765 1131; x_wconf 89' lang='lat' dir='ltr'><strong>ut</strong></span> <span class='ocrx_word' id='word_1_276' title='bbox 2807 1080 2976 1133; x_wconf 87' lang='lat' dir='ltr'><strong>omnis</strong></span> <span class='ocrx_word' id='word_1_277' title='bbox 3023 1080 3114 1151; x_wconf 88' lang='lat' dir='ltr'><strong>qui</strong></span> <span class='ocrx_word' id='word_1_278' title='bbox 3160 1080 3299 1133; x_wconf 87' lang='lat' dir='ltr'><strong>videt</strong></span> <span class='ocrx_word' id='word_1_279' title='bbox 3357 1078 3576 1142; x_wconf 78' lang='lat' dir='ltr'><strong>Filium,</strong></span> <span class='ocrx_word' id='word_1_280' title='bbox 3628 1086 3676 1132; x_wconf 89' lang='lat' dir='ltr'><strong>et</strong></span> 
     </span>
    </p>
   </div>
   <div class='ocr_carea' id='block_1_39' title="bbox 2090 1164 3675 1231">
    <p class='ocr_par' dir='ltr' id='par_1_39' title="bbox 2090 1164 3675 1231">
     <span class='ocr_line' id='line_1_39' title="bbox 2090 1164 3675 1231; baseline 0.002 -13"><span class='ocrx_word' id='word_1_281' title='bbox 2090 1166 2254 1219; x_wconf 84' lang='lat' dir='ltr'><strong>credit</strong></span> <span class='ocrx_word' id='word_1_282' title='bbox 2316 1167 2369 1219; x_wconf 89' lang='lat' dir='ltr'><strong>in</strong></span> <span class='ocrx_word' id='word_1_283' title='bbox 2424 1183 2584 1231; x_wconf 87' lang='lat' dir='ltr'><strong>eum,</strong></span> <span class='ocrx_word' id='word_1_284' title='bbox 2651 1167 2841 1222; x_wconf 80' lang='lat' dir='ltr'><strong>habent</strong></span> <span class='ocrx_word' id='word_1_285' title='bbox 2887 1169 3050 1222; x_wconf 83' lang='lat' dir='ltr'><strong>vitam</strong></span> <span class='ocrx_word' id='word_1_286' title='bbox 3098 1178 3353 1223; x_wconf 74' lang='lat' dir='ltr'><strong>retentam</strong></span> <span class='ocrx_word' id='word_1_287' title='bbox 3391 1169 3457 1221; x_wconf 72' lang='lat'><strong>&quot;.</strong></span> <span class='ocrx_word' id='word_1_288' title='bbox 3507 1164 3675 1222; x_wconf 79' lang='lat' dir='ltr'><strong>Valde</strong></span> 
     </span>
    </p>
   </div>
   <div class='ocr_carea' id='block_1_40' title="bbox 2089 1259 3673 1330">
    <p class='ocr_par' dir='ltr' id='par_1_40' title="bbox 2089 1259 3673 1330">
     <span class='ocr_line' id='line_1_40' title="bbox 2089 1259 3673 1330; baseline 0.003 -18"><span class='ocrx_word' id='word_1_289' title='bbox 2089 1272 2219 1329; x_wconf 74' lang='lat' dir='ltr'><strong>ergo</strong></span> <span class='ocrx_word' id='word_1_290' title='bbox 2281 1259 2678 1315; x_wconf 86' lang='lat' dir='ltr'><strong>rationabiliter</strong></span> <span class='ocrx_word' id='word_1_291' title='bbox 2730 1260 2972 1316; x_wconf 88' lang='lat' dir='ltr'><strong>secundo</strong></span> <span class='ocrx_word' id='word_1_292' title='bbox 3030 1260 3199 1317; x_wconf 86' lang='lat' dir='ltr'><strong>dicit:</strong></span> <span class='ocrx_word' id='word_1_293' title='bbox 3252 1261 3363 1330; x_wconf 88' lang='lat' dir='ltr'><strong>Ego</strong></span> <span class='ocrx_word' id='word_1_294' title='bbox 3419 1260 3673 1316; x_wconf 82' lang='lat' dir='ltr'><strong>Dominus</strong></span> 
     </span>
    </p>
   </div>
   <div class='ocr_carea' id='block_1_41' title="bbox 2088 1346 3672 1422">
    <p class='ocr_par' dir='ltr' id='par_1_41' title="bbox 2088 1346 3672 1422">
     <span class='ocr_line' id='line_1_41' title="bbox 2088 1346 3672 1422; baseline 0.003 -20"><span class='ocrx_word' id='word_1_295' title='bbox 2088 1346 2228 1403; x_wconf 85' lang='lat' dir='ltr'><strong>Deus</strong></span> <span class='ocrx_word' id='word_1_296' title='bbox 2277 1360 2460 1405; x_wconf 84' lang='lat' dir='ltr'><strong>ves!er.</strong></span> <span class='ocrx_word' id='word_1_297' title='bbox 2518 1349 2845 1407; x_wconf 88' lang='lat' dir='ltr'><strong>Contestans</strong></span> <span class='ocrx_word' id='word_1_298' title='bbox 2883 1351 3010 1422; x_wconf 91' lang='lat' dir='ltr'><strong>quia</strong></span> <span class='ocrx_word' id='word_1_299' title='bbox 3057 1352 3175 1422; x_wconf 89' lang='lat' dir='ltr'><strong>ipse</strong></span> <span class='ocrx_word' id='word_1_300' title='bbox 3227 1351 3495 1407; x_wconf 89' lang='lat' dir='ltr'><strong>Dominus</strong></span> <span class='ocrx_word' id='word_1_301' title='bbox 3532 1392 3548 1418; x_wconf 95' lang='lat'><strong>,</strong></span> <span class='ocrx_word' id='word_1_302' title='bbox 3616 1360 3672 1407; x_wconf 89' lang='lat' dir='ltr'><strong>et</strong></span> 
     </span>
    </p>
   </div>
   <div class='ocr_carea' id='block_1_42' title="bbox 2087 1440 3673 1515">
    <p class='ocr_par' dir='ltr' id='par_1_42' title="bbox 2087 1440 3673 1515">
     <span class='ocr_line' id='line_1_42' title="bbox 2087 1440 3673 1515; baseline 0.001 -21"><span class='ocrx_word' id='word_1_303' title='bbox 2087 1440 2266 1510; x_wconf 87' lang='lat' dir='ltr'><strong>priora</strong></span> <span class='ocrx_word' id='word_1_304' title='bbox 2311 1440 2513 1510; x_wconf 88' lang='lat' dir='ltr'><strong>judicia</strong></span> <span class='ocrx_word' id='word_1_305' title='bbox 2539 1480 2553 1506; x_wconf 87' lang='lat'><strong>,</strong></span> <span class='ocrx_word' id='word_1_306' title='bbox 2606 1443 2693 1500; x_wconf 85' lang='lat' dir='ltr'><strong>vel</strong></span> <span class='ocrx_word' id='word_1_307' title='bbox 2750 1452 3060 1515; x_wconf 64' lang='lat' dir='ltr'><strong>prmeepta,</strong></span> <span class='ocrx_word' id='word_1_308' title='bbox 3104 1451 3159 1500; x_wconf 89' lang='lat' dir='ltr'><strong>et</strong></span> <span class='ocrx_word' id='word_1_309' title='bbox 3205 1445 3506 1514; x_wconf 85' lang='lat' dir='ltr'><strong>posteriora</strong></span> <span class='ocrx_word' id='word_1_310' title='bbox 3542 1459 3673 1499; x_wconf 88' lang='lat' dir='ltr'><strong>san-</strong></span> 
     </span>
    </p>
   </div>
   <div class='ocr_carea' id='block_1_43' title="bbox 2086 1533 3668 1605">
    <p class='ocr_par' dir='ltr' id='par_1_43' title="bbox 2086 1533 3668 1605">
     <span class='ocr_line' id='line_1_43' title="bbox 2086 1533 3668 1605; baseline 0.003 -18"><span class='ocrx_word' id='word_1_311' title='bbox 2086 1533 2240 1597; x_wconf 87' lang='lat' dir='ltr'><strong>civit,</strong></span> <span class='ocrx_word' id='word_1_312' title='bbox 2267 1549 2389 1603; x_wconf 82' lang='lat' dir='ltr'><strong>quae</strong></span> <span class='ocrx_word' id='word_1_313' title='bbox 2417 1534 2508 1605; x_wconf 92' lang='lat' dir='ltr'><strong>qui</strong></span> <span class='ocrx_word' id='word_1_314' title='bbox 2546 1533 2741 1590; x_wconf 84' lang='lat' dir='ltr'><strong>fecerit</strong></span> <span class='ocrx_word' id='word_1_315' title='bbox 2785 1536 2931 1592; x_wconf 84' lang='lat' dir='ltr'><strong>vivet</strong></span> <span class='ocrx_word' id='word_1_316' title='bbox 2970 1536 3026 1590; x_wconf 90' lang='lat' dir='ltr'><strong>in</strong></span> <span class='ocrx_word' id='word_1_317' title='bbox 3066 1535 3168 1591; x_wconf 87' lang='lat' dir='ltr'><strong>eis.</strong></span> <span class='ocrx_word' id='word_1_318' title='bbox 3211 1535 3345 1590; x_wconf 86' lang='lat' dir='ltr'><strong>Nam</strong></span> <span class='ocrx_word' id='word_1_319' title='bbox 3390 1535 3668 1605; x_wconf 87' lang='lat' dir='ltr'><strong>prioribus</strong></span> 
     </span>
    </p>
   </div>
   <div class='ocr_carea' id='block_1_44' title="bbox 2081 1624 3667 1699">
    <p class='ocr_par' dir='ltr' id='par_1_44' title="bbox 2081 1624 3667 1699">
     <span class='ocr_line' id='line_1_44' title="bbox 2081 1624 3667 1699; baseline 0.003 -20"><span class='ocrx_word' id='word_1_320' title='bbox 2081 1624 2347 1694; x_wconf 88' lang='lat' dir='ltr'><strong>judiciis,</strong></span> <span class='ocrx_word' id='word_1_321' title='bbox 2403 1632 2460 1680; x_wconf 92' lang='lat' dir='ltr'><strong>et</strong></span> <span class='ocrx_word' id='word_1_322' title='bbox 2495 1627 2828 1697; x_wconf 69' lang='lat' dir='ltr'><strong>praeceptis,</strong></span> <span class='ocrx_word' id='word_1_323' title='bbox 2891 1627 3013 1683; x_wconf 85' lang='lat' dir='ltr'><strong>vide</strong></span> <span class='ocrx_word' id='word_1_324' title='bbox 3066 1627 3197 1697; x_wconf 88' lang='lat' dir='ltr'><strong>quid</strong></span> <span class='ocrx_word' id='word_1_325' title='bbox 3265 1627 3490 1682; x_wconf 84' lang='lat' dir='ltr'><strong>addidit.</strong></span> <span class='ocrx_word' id='word_1_326' title='bbox 3553 1630 3667 1699; x_wconf 80' lang='lat' dir='ltr'><strong>Ego</strong></span> 
     </span>
    </p>
   </div>
   <div class='ocr_carea' id='block_1_45' title="bbox 2085 1715 2360 1771">
    <p class='ocr_par' dir='ltr' id='par_1_45' title="bbox 2085 1715 2360 1771">
     <span class='ocr_line' id='line_1_45' title="bbox 2085 1715 2360 1771; baseline 0.004 -2"><span class='ocrx_word' id='word_1_327' title='bbox 2085 1715 2360 1771; x_wconf 86' lang='lat' dir='ltr'><strong>Dominus.</strong></span> 
     </span>
    </p>
   </div>
   <div class='ocr_carea' id='block_1_46' title="bbox 2151 1807 3667 1883">
    <p class='ocr_par' dir='ltr' id='par_1_46' title="bbox 2151 1807 3667 1883">
     <span class='ocr_line' id='line_1_46' title="bbox 2151 1807 3667 1883; baseline 0.004 -22"><span class='ocrx_word' id='word_1_328' title='bbox 2151 1807 2313 1865; x_wconf 74' lang='lat' dir='ltr'><strong>Vens.</strong></span> <span class='ocrx_word' id='word_1_329' title='bbox 2345 1808 2498 1864; x_wconf 76' lang='lat'><strong>6-17.</strong></span> <span class='ocrx_word' id='word_1_330' title='bbox 2533 1829 2551 1862; x_wconf 75' lang='grc' dir='ltr'><strong><em>ι</em></strong></span> <span class='ocrx_word' id='word_1_331' title='bbox 2593 1809 2783 1866; x_wconf 90' lang='lat' dir='ltr'><strong>Omnis</strong></span> <span class='ocrx_word' id='word_1_332' title='bbox 2816 1811 2981 1866; x_wconf 89' lang='lat' dir='ltr'><strong>homo</strong></span> <span class='ocrx_word' id='word_1_333' title='bbox 3009 1811 3075 1868; x_wconf 89' lang='lat' dir='ltr'><strong>ad</strong></span> <span class='ocrx_word' id='word_1_334' title='bbox 3109 1812 3415 1883; x_wconf 84' lang='lat' dir='ltr'><strong>proximam</strong></span> <span class='ocrx_word' id='word_1_335' title='bbox 3449 1813 3667 1882; x_wconf 85' lang='lat' dir='ltr'><strong>sangui-</strong></span> 
     </span>
    </p>
   </div>
   <div class='ocr_carea' id='block_1_47' title="bbox 2082 1899 3658 1976">
    <p class='ocr_par' dir='ltr' id='par_1_47' title="bbox 2082 1899 3658 1976">
     <span class='ocr_line' id='line_1_47' title="bbox 2082 1899 3658 1976; baseline 0.004 -23"><span class='ocrx_word' id='word_1_336' title='bbox 2082 1899 2167 1955; x_wconf 89' lang='lat' dir='ltr'><strong>nis</strong></span> <span class='ocrx_word' id='word_1_337' title='bbox 2195 1902 2276 1956; x_wconf 90' lang='lat' dir='ltr'><strong>sui</strong></span> <span class='ocrx_word' id='word_1_338' title='bbox 2318 1918 2429 1956; x_wconf 91' lang='lat' dir='ltr'><strong>non</strong></span> <span class='ocrx_word' id='word_1_339' title='bbox 2457 1903 2700 1966; x_wconf 84' lang='lat' dir='ltr'><strong>accedet,</strong></span> <span class='ocrx_word' id='word_1_340' title='bbox 2732 1915 2793 1958; x_wconf 91' lang='lat' dir='ltr'><strong>ut</strong></span> <span class='ocrx_word' id='word_1_341' title='bbox 2832 1904 3041 1960; x_wconf 87' lang='lat' dir='ltr'><strong>revelet</strong></span> <span class='ocrx_word' id='word_1_342' title='bbox 3086 1905 3490 1975; x_wconf 88' lang='lat' dir='ltr'><strong>turpitudinem</strong></span> <span class='ocrx_word' id='word_1_343' title='bbox 3516 1906 3658 1976; x_wconf 90' lang='lat' dir='ltr'><strong>ejus.</strong></span> 
     </span>
    </p>
   </div>
   <div class='ocr_carea' id='block_1_48' title="bbox 2084 1986 3659 2066">
    <p class='ocr_par' dir='ltr' id='par_1_48' title="bbox 2084 1986 3659 2066">
     <span class='ocr_line' id='line_1_48' title="bbox 2084 1986 3659 2066; baseline 0.007 -26"><span class='ocrx_word' id='word_1_344' title='bbox 2084 1987 2191 2058; x_wconf 81' lang='lat' dir='ltr'><strong>Ego</strong></span> <span class='ocrx_word' id='word_1_345' title='bbox 2224 1990 2506 2045; x_wconf 86' lang='lat' dir='ltr'><strong>Dominus.</strong></span> <span class='ocrx_word' id='word_1_346' title='bbox 2562 1986 2979 2062; x_wconf 74' lang='lat' dir='ltr'><strong>Turpitudinem</strong></span> <span class='ocrx_word' id='word_1_347' title='bbox 3031 1994 3203 2063; x_wconf 87' lang='lat' dir='ltr'><strong>patris</strong></span> <span class='ocrx_word' id='word_1_348' title='bbox 3242 1995 3342 2059; x_wconf 90' lang='lat' dir='ltr'><strong>tui,</strong></span> <span class='ocrx_word' id='word_1_349' title='bbox 3385 2004 3441 2050; x_wconf 88' lang='lat' dir='ltr'><strong>et</strong></span> <span class='ocrx_word' id='word_1_350' title='bbox 3482 1995 3659 2066; x_wconf 89' lang='lat' dir='ltr'><strong>turpi-</strong></span> 
     </span>
    </p>
   </div>
   <div class='ocr_carea' id='block_1_49' title="bbox 2081 2080 3659 2154">
    <p class='ocr_par' dir='ltr' id='par_1_49' title="bbox 2081 2080 3659 2154">
     <span class='ocr_line' id='line_1_49' title="bbox 2081 2080 3659 2154; baseline 0.005 -22"><span class='ocrx_word' id='word_1_351' title='bbox 2081 2080 2325 2135; x_wconf 88' lang='lat' dir='ltr'><strong>tudinem</strong></span> <span class='ocrx_word' id='word_1_352' title='bbox 2383 2082 2575 2136; x_wconf 87' lang='lat' dir='ltr'><strong>matris</strong></span> <span class='ocrx_word' id='word_1_353' title='bbox 2612 2092 2717 2138; x_wconf 65' lang='lat' dir='ltr'><strong>tute</strong></span> <span class='ocrx_word' id='word_1_354' title='bbox 2753 2098 2863 2137; x_wconf 89' lang='lat' dir='ltr'><strong>non</strong></span> <span class='ocrx_word' id='word_1_355' title='bbox 2915 2084 3327 2154; x_wconf 90' lang='lat' dir='ltr'><strong>discooperies:</strong></span> <span class='ocrx_word' id='word_1_356' title='bbox 3361 2094 3537 2140; x_wconf 87' lang='lat' dir='ltr'><strong>mater</strong></span> <span class='ocrx_word' id='word_1_357' title='bbox 3567 2082 3659 2141; x_wconf 80' lang='lat' dir='ltr'><strong>tua</strong></span> 
     </span>
    </p>
   </div>
   <div class='ocr_carea' id='block_1_50' title="bbox 2078 2172 3659 2246">
    <p class='ocr_par' dir='ltr' id='par_1_50' title="bbox 2078 2172 3659 2246">
     <span class='ocr_line' id='line_1_50' title="bbox 2078 2172 3659 2246; baseline 0.005 -23"><span class='ocrx_word' id='word_1_358' title='bbox 2078 2180 2181 2235; x_wconf 85' lang='lat' dir='ltr'><strong>est,</strong></span> <span class='ocrx_word' id='word_1_359' title='bbox 2220 2188 2332 2226; x_wconf 92' lang='lat' dir='ltr'><strong>non</strong></span> <span class='ocrx_word' id='word_1_360' title='bbox 2386 2172 2655 2230; x_wconf 85' lang='lat' dir='ltr'><strong>revelabis</strong></span> <span class='ocrx_word' id='word_1_361' title='bbox 2703 2174 3098 2244; x_wconf 90' lang='lat' dir='ltr'><strong>turpitudinem</strong></span> <span class='ocrx_word' id='word_1_362' title='bbox 3144 2176 3286 2246; x_wconf 87' lang='lat' dir='ltr'><strong>ejus.</strong></span> <span class='ocrx_word' id='word_1_363' title='bbox 3332 2176 3659 2246; x_wconf 86' lang='lat' dir='ltr'><strong>Turpitudi-</strong></span> 
     </span>
    </p>
   </div>
   <div class='ocr_carea' id='block_1_51' title="bbox 2075 2264 3656 2341">
    <p class='ocr_par' dir='ltr' id='par_1_51' title="bbox 2075 2264 3656 2341">
     <span class='ocr_line' id='line_1_51' title="bbox 2075 2264 3656 2341; baseline 0.007 -26"><span class='ocrx_word' id='word_1_364' title='bbox 2075 2277 2201 2316; x_wconf 91' lang='lat' dir='ltr'><strong>nem</strong></span> <span class='ocrx_word' id='word_1_365' title='bbox 2235 2264 2421 2320; x_wconf 85' lang='lat' dir='ltr'><strong>uxoris</strong></span> <span class='ocrx_word' id='word_1_366' title='bbox 2470 2265 2641 2335; x_wconf 92' lang='lat' dir='ltr'><strong>patris</strong></span> <span class='ocrx_word' id='word_1_367' title='bbox 2673 2266 2749 2321; x_wconf 89' lang='lat' dir='ltr'><strong>tui</strong></span> <span class='ocrx_word' id='word_1_368' title='bbox 2783 2282 2891 2321; x_wconf 90' lang='lat' dir='ltr'><strong>non</strong></span> <span class='ocrx_word' id='word_1_369' title='bbox 2953 2267 3342 2339; x_wconf 85' lang='lat' dir='ltr'><strong>disc00peries,</strong></span> <span class='ocrx_word' id='word_1_370' title='bbox 3377 2270 3656 2341; x_wconf 88' lang='lat' dir='ltr'><strong>turpitudo</strong></span> 
     </span>
    </p>
   </div>
   <div class='ocr_carea' id='block_1_52' title="bbox 2075 2353 3656 2428">
    <p class='ocr_par' dir='ltr' id='par_1_52' title="bbox 2075 2353 3656 2428">
     <span class='ocr_line' id='line_1_52' title="bbox 2075 2353 3656 2428; baseline 0.004 -20"><span class='ocrx_word' id='word_1_371' title='bbox 2075 2353 2220 2408; x_wconf 88' lang='lat' dir='ltr'><strong>enim</strong></span> <span class='ocrx_word' id='word_1_372' title='bbox 2264 2355 2437 2426; x_wconf 79' lang='lat' dir='ltr'><strong>patris</strong></span> <span class='ocrx_word' id='word_1_373' title='bbox 2483 2356 2559 2410; x_wconf 92' lang='lat' dir='ltr'><strong>tui</strong></span> <span class='ocrx_word' id='word_1_374' title='bbox 2606 2366 2707 2411; x_wconf 90' lang='lat' dir='ltr'><strong>est.</strong></span> <span class='ocrx_word' id='word_1_375' title='bbox 2751 2355 3168 2428; x_wconf 89' lang='lat' dir='ltr'><strong>Turpitudinem</strong></span> <span class='ocrx_word' id='word_1_376' title='bbox 3221 2360 3425 2414; x_wconf 87' lang='lat' dir='ltr'><strong>sororis</strong></span> <span class='ocrx_word' id='word_1_377' title='bbox 3452 2368 3559 2416; x_wconf 70' lang='lat' dir='ltr'><strong>tua:</strong></span> <span class='ocrx_word' id='word_1_378' title='bbox 3587 2375 3656 2417; x_wconf 87' lang='lat' dir='ltr'><strong>ex</strong></span> 
     </span>
    </p>
   </div>
   <div class='ocr_carea' id='block_1_53' title="bbox 2073 2448 3655 2523">
    <p class='ocr_par' dir='ltr' id='par_1_53' title="bbox 2073 2448 3655 2523">
     <span class='ocr_line' id='line_1_53' title="bbox 2073 2448 3655 2523; baseline 0.004 -23"><span class='ocrx_word' id='word_1_379' title='bbox 2073 2456 2229 2517; x_wconf 87' lang='lat' dir='ltr'><strong>patre</strong></span> <span class='ocrx_word' id='word_1_380' title='bbox 2278 2448 2365 2503; x_wconf 87' lang='lat' dir='ltr'><strong>vel</strong></span> <span class='ocrx_word' id='word_1_381' title='bbox 2404 2463 2470 2502; x_wconf 87' lang='lat' dir='ltr'><strong>ex</strong></span> <span class='ocrx_word' id='word_1_382' title='bbox 2505 2456 2676 2502; x_wconf 90' lang='lat' dir='ltr'><strong>matre</strong></span> <span class='ocrx_word' id='word_1_383' title='bbox 2724 2464 2845 2519; x_wconf 81' lang='lat' dir='ltr'><strong>quae</strong></span> <span class='ocrx_word' id='word_1_384' title='bbox 2882 2448 3028 2504; x_wconf 90' lang='lat' dir='ltr'><strong>domi</strong></span> <span class='ocrx_word' id='word_1_385' title='bbox 3076 2450 3161 2504; x_wconf 88' lang='lat' dir='ltr'><strong>vel</strong></span> <span class='ocrx_word' id='word_1_386' title='bbox 3204 2450 3337 2507; x_wconf 82' lang='lat' dir='ltr'><strong>foris</strong></span> <span class='ocrx_word' id='word_1_387' title='bbox 3364 2451 3545 2523; x_wconf 81' lang='lat' dir='ltr'><strong>genita</strong></span> <span class='ocrx_word' id='word_1_388' title='bbox 3567 2455 3655 2508; x_wconf 88' lang='lat' dir='ltr'><strong>est</strong></span> 
     </span>
    </p>
   </div>
   <div class='ocr_carea' id='block_1_54' title="bbox 2072 2538 3652 2611">
    <p class='ocr_par' dir='ltr' id='par_1_54' title="bbox 2072 2538 3652 2611">
     <span class='ocr_line' id='line_1_54' title="bbox 2072 2538 3652 2611; baseline 0.004 -20"><span class='ocrx_word' id='word_1_389' title='bbox 2072 2553 2184 2591; x_wconf 89' lang='lat' dir='ltr'><strong>non</strong></span> <span class='ocrx_word' id='word_1_390' title='bbox 2245 2539 2534 2595; x_wconf 89' lang='lat' dir='ltr'><strong>rcvelabis.</strong></span> <span class='ocrx_word' id='word_1_391' title='bbox 2590 2538 3010 2611; x_wconf 88' lang='lat' dir='ltr'><strong>Turpitudinem</strong></span> <span class='ocrx_word' id='word_1_392' title='bbox 3065 2540 3188 2598; x_wconf 66' lang='lat' dir='ltr'><strong>ﬁlias</strong></span> <span class='ocrx_word' id='word_1_393' title='bbox 3250 2541 3344 2597; x_wconf 92' lang='lat' dir='ltr'><strong>ﬁlii</strong></span> <span class='ocrx_word' id='word_1_394' title='bbox 3403 2543 3504 2609; x_wconf 89' lang='lat' dir='ltr'><strong>tui,</strong></span> <span class='ocrx_word' id='word_1_395' title='bbox 3566 2541 3652 2598; x_wconf 83' lang='lat' dir='ltr'><strong>vel</strong></span> 
     </span>
    </p>
   </div>
   <div class='ocr_carea' id='block_1_55' title="bbox 2070 2628 3649 2704">
    <p class='ocr_par' dir='ltr' id='par_1_55' title="bbox 2070 2628 3649 2704">
     <span class='ocr_line' id='line_1_55' title="bbox 2070 2628 3649 2704; baseline 0.007 -24"><span class='ocrx_word' id='word_1_396' title='bbox 2070 2628 2251 2698; x_wconf 88' lang='lat' dir='ltr'><strong>neptis</strong></span> <span class='ocrx_word' id='word_1_397' title='bbox 2276 2645 2341 2684; x_wconf 80' lang='lat' dir='ltr'><strong>ex</strong></span> <span class='ocrx_word' id='word_1_398' title='bbox 2372 2628 2499 2696; x_wconf 87' lang='lat' dir='ltr'><strong>ﬁlia,</strong></span> <span class='ocrx_word' id='word_1_399' title='bbox 2518 2644 2626 2683; x_wconf 92' lang='lat' dir='ltr'><strong>non</strong></span> <span class='ocrx_word' id='word_1_400' title='bbox 2650 2630 2935 2698; x_wconf 88' lang='lat' dir='ltr'><strong>revelabis,</strong></span> <span class='ocrx_word' id='word_1_401' title='bbox 2967 2633 3094 2702; x_wconf 87' lang='lat' dir='ltr'><strong>quia</strong></span> <span class='ocrx_word' id='word_1_402' title='bbox 3121 2632 3398 2704; x_wconf 89' lang='lat' dir='ltr'><strong>turpitudo</strong></span> <span class='ocrx_word' id='word_1_403' title='bbox 3424 2643 3516 2689; x_wconf 87' lang='lat' dir='ltr'><strong>tua</strong></span> <span class='ocrx_word' id='word_1_404' title='bbox 3545 2642 3649 2692; x_wconf 84' lang='lat' dir='ltr'><strong>est.</strong></span> 
     </span>
    </p>
   </div>
   <div class='ocr_carea' id='block_1_56' title="bbox 2071 2719 3648 2799">
    <p class='ocr_par' dir='ltr' id='par_1_56' title="bbox 2071 2719 3648 2799">
     <span class='ocr_line' id='line_1_56' title="bbox 2071 2719 3648 2799; baseline 0.006 -26"><span class='ocrx_word' id='word_1_405' title='bbox 2071 2719 2490 2790; x_wconf 89' lang='lat' dir='ltr'><strong>Turpitudinem</strong></span> <span class='ocrx_word' id='word_1_406' title='bbox 2531 2720 2657 2777; x_wconf 85' lang='lat' dir='ltr'><strong>ﬁliae</strong></span> <span class='ocrx_word' id='word_1_407' title='bbox 2690 2721 2874 2780; x_wconf 80' lang='lat' dir='ltr'><strong>uxoris</strong></span> <span class='ocrx_word' id='word_1_408' title='bbox 2906 2723 3075 2794; x_wconf 89' lang='lat' dir='ltr'><strong>patris</strong></span> <span class='ocrx_word' id='word_1_409' title='bbox 3102 2725 3201 2792; x_wconf 88' lang='lat' dir='ltr'><strong>tui,</strong></span> <span class='ocrx_word' id='word_1_410' title='bbox 3234 2742 3396 2797; x_wconf 86' lang='lat' dir='ltr'><strong>quam</strong></span> <span class='ocrx_word' id='word_1_411' title='bbox 3436 2728 3648 2799; x_wconf 86' lang='lat' dir='ltr'><strong>peperit</strong></span> 
     </span>
    </p>
   </div>
   <div class='ocr_carea' id='block_1_57' title="bbox 2069 2812 3651 2889">
    <p class='ocr_par' dir='ltr' id='par_1_57' title="bbox 2069 2812 3651 2889">
     <span class='ocr_line' id='line_1_57' title="bbox 2069 2812 3651 2889; baseline 0.005 -24"><span class='ocrx_word' id='word_1_412' title='bbox 2069 2812 2207 2879; x_wconf 86' lang='lat' dir='ltr'><strong>patri</strong></span> <span class='ocrx_word' id='word_1_413' title='bbox 2242 2821 2354 2879; x_wconf 92' lang='lat' dir='ltr'><strong>tuo,</strong></span> <span class='ocrx_word' id='word_1_414' title='bbox 2397 2822 2565 2869; x_wconf 75' lang='lat' dir='ltr'><strong>etest</strong></span> <span class='ocrx_word' id='word_1_415' title='bbox 2589 2829 2744 2868; x_wconf 89' lang='lat' dir='ltr'><strong>soror</strong></span> <span class='ocrx_word' id='word_1_416' title='bbox 2771 2824 2884 2878; x_wconf 89' lang='lat' dir='ltr'><strong>tua,</strong></span> <span class='ocrx_word' id='word_1_417' title='bbox 2920 2831 3030 2869; x_wconf 87' lang='lat' dir='ltr'><strong>non</strong></span> <span class='ocrx_word' id='word_1_418' title='bbox 3060 2816 3348 2872; x_wconf 87' lang='lat' dir='ltr'><strong>rcvelabis.</strong></span> <span class='ocrx_word' id='word_1_419' title='bbox 3381 2814 3651 2889; x_wconf 87' lang='lat' dir='ltr'><strong>Turpitu-</strong></span> 
     </span>
    </p>
   </div>
   <div class='ocr_carea' id='block_1_58' title="bbox 2068 2906 3648 2980">
    <p class='ocr_par' dir='ltr' id='par_1_58' title="bbox 2068 2906 3648 2980">
     <span class='ocr_line' id='line_1_58' title="bbox 2068 2906 3648 2980; baseline 0.003 -20"><span class='ocrx_word' id='word_1_420' title='bbox 2068 2906 2252 2961; x_wconf 88' lang='lat' dir='ltr'><strong>dinem</strong></span> <span class='ocrx_word' id='word_1_421' title='bbox 2308 2907 2517 2963; x_wconf 88' lang='lat' dir='ltr'><strong>sororis</strong></span> <span class='ocrx_word' id='word_1_422' title='bbox 2564 2907 2738 2978; x_wconf 88' lang='lat' dir='ltr'><strong>patris</strong></span> <span class='ocrx_word' id='word_1_423' title='bbox 2794 2907 2871 2961; x_wconf 91' lang='lat' dir='ltr'><strong>tui</strong></span> <span class='ocrx_word' id='word_1_424' title='bbox 2934 2922 3042 2961; x_wconf 91' lang='lat' dir='ltr'><strong>non</strong></span> <span class='ocrx_word' id='word_1_425' title='bbox 3097 2908 3487 2978; x_wconf 88' lang='lat' dir='ltr'><strong>discooperies,</strong></span> <span class='ocrx_word' id='word_1_426' title='bbox 3522 2909 3648 2980; x_wconf 89' lang='lat' dir='ltr'><strong>quia</strong></span> 
     </span>
    </p>
   </div>
   <div class='ocr_carea' id='block_1_59' title="bbox 2066 2995 3644 3070">
    <p class='ocr_par' dir='ltr' id='par_1_59' title="bbox 2066 2995 3644 3070">
     <span class='ocr_line' id='line_1_59' title="bbox 2066 2995 3644 3070; baseline 0.005 -22"><span class='ocrx_word' id='word_1_427' title='bbox 2066 3010 2194 3052; x_wconf 89' lang='lat' dir='ltr'><strong>caro</strong></span> <span class='ocrx_word' id='word_1_428' title='bbox 2246 3006 2331 3052; x_wconf 89' lang='lat' dir='ltr'><strong>est</strong></span> <span class='ocrx_word' id='word_1_429' title='bbox 2368 2998 2541 3068; x_wconf 83' lang='lat' dir='ltr'><strong>patris</strong></span> <span class='ocrx_word' id='word_1_430' title='bbox 2585 2997 2684 3052; x_wconf 91' lang='lat' dir='ltr'><strong>tui.</strong></span> <span class='ocrx_word' id='word_1_431' title='bbox 2723 2995 3142 3068; x_wconf 89' lang='lat' dir='ltr'><strong>Turpitudinem</strong></span> <span class='ocrx_word' id='word_1_432' title='bbox 3187 3000 3367 3070; x_wconf 89' lang='lat' dir='ltr'><strong>patrui</strong></span> <span class='ocrx_word' id='word_1_433' title='bbox 3422 3001 3500 3055; x_wconf 92' lang='lat' dir='ltr'><strong>tui</strong></span> <span class='ocrx_word' id='word_1_434' title='bbox 3532 3016 3644 3056; x_wconf 88' lang='lat' dir='ltr'><strong>non</strong></span> 
     </span>
    </p>
   </div>
   <div class='ocr_carea' id='block_1_60' title="bbox 2066 3082 3645 3163">
    <p class='ocr_par' dir='ltr' id='par_1_60' title="bbox 2066 3082 3645 3163">
     <span class='ocr_line' id='line_1_60' title="bbox 2066 3082 3645 3163; baseline 0.004 -21"><span class='ocrx_word' id='word_1_435' title='bbox 2066 3090 2354 3153; x_wconf 80' lang='lat' dir='ltr'><strong>revelabis,</strong></span> <span class='ocrx_word' id='word_1_436' title='bbox 2410 3105 2513 3145; x_wconf 88' lang='lat' dir='ltr'><strong>nec</strong></span> <span class='ocrx_word' id='word_1_437' title='bbox 2560 3090 2785 3146; x_wconf 87' lang='lat' dir='ltr'><strong>accedes</strong></span> <span class='ocrx_word' id='word_1_438' title='bbox 2824 3090 2891 3145; x_wconf 87' lang='lat' dir='ltr'><strong>ad</strong></span> <span class='ocrx_word' id='word_1_439' title='bbox 2940 3106 3166 3147; x_wconf 89' lang='lat' dir='ltr'><strong>uxorem</strong></span> <span class='ocrx_word' id='word_1_440' title='bbox 3220 3092 3360 3163; x_wconf 91' lang='lat' dir='ltr'><strong>ejus,</strong></span> <span class='ocrx_word' id='word_1_441' title='bbox 3392 3109 3514 3163; x_wconf 81' lang='lat' dir='ltr'><strong>qua:</strong></span> <span class='ocrx_word' id='word_1_442' title='bbox 3538 3082 3645 3151; x_wconf 78' lang='lat' dir='ltr'><strong>tibi</strong></span> 
     </span>
    </p>
   </div>
   <div class='ocr_carea' id='block_1_61' title="bbox 377 3180 3647 3266">
    <p class='ocr_par' dir='ltr' id='par_1_61' title="bbox 377 3180 3647 3266">
     <span class='ocr_line' id='line_1_61' title="bbox 377 3180 3647 3266; baseline 0.003 -34"><span class='ocrx_word' id='word_1_443' title='bbox 377 3189 432 3233; x_wconf 88' lang='lat' dir='ltr'><strong>et</strong></span> <span class='ocrx_word' id='word_1_444' title='bbox 474 3181 873 3236; x_wconf 86' lang='lat' dir='ltr'><strong>convcrsamini</strong></span> <span class='ocrx_word' id='word_1_445' title='bbox 945 3182 999 3235; x_wconf 91' lang='lat' dir='ltr'><strong>in</strong></span> <span class='ocrx_word' id='word_1_446' title='bbox 1053 3181 1154 3245; x_wconf 91' lang='lat' dir='ltr'><strong>eis,</strong></span> <span class='ocrx_word' id='word_1_447' title='bbox 1220 3189 1277 3236; x_wconf 91' lang='lat' dir='ltr'><strong>et</strong></span> <span class='ocrx_word' id='word_1_448' title='bbox 1327 3181 1478 3238; x_wconf 90' lang='lat' dir='ltr'><strong>nullo</strong></span> <span class='ocrx_word' id='word_1_449' title='bbox 1552 3190 1796 3252; x_wconf 89' lang='lat' dir='ltr'><strong>tempore</strong></span> <span class='ocrx_word' id='word_1_450' title='bbox 1860 3199 2031 3266; x_wconf 60' lang='grc' dir='ltr'><strong>γει-(ε</strong></span> <span class='ocrx_word' id='word_1_451' title='bbox 2064 3180 2326 3237; x_wconf 80' lang='lat' dir='ltr'><strong>amnitate</strong></span> <span class='ocrx_word' id='word_1_452' title='bbox 2381 3180 2749 3252; x_wconf 80' lang='lat' dir='ltr'><strong>coujungitur.</strong></span> <span class='ocrx_word' id='word_1_453' title='bbox 2830 3180 3248 3252; x_wconf 90' lang='lat' dir='ltr'><strong>Turpitudinem</strong></span> <span class='ocrx_word' id='word_1_454' title='bbox 3310 3200 3485 3240; x_wconf 90' lang='lat' dir='ltr'><strong>nurus</strong></span> <span class='ocrx_word' id='word_1_455' title='bbox 3540 3194 3647 3242; x_wconf 69' lang='lat' dir='ltr'><strong>tute</strong></span> 
     </span>
    </p>
   </div>
   <div class='ocr_carea' id='block_1_62' title="bbox 375 3269 1955 3329">
    <p class='ocr_par' dir='ltr' id='par_1_62' title="bbox 375 3269 1955 3329">
     <span class='ocr_line' id='line_1_62' title="bbox 375 3269 1955 3329; baseline 0.004 -6"><span class='ocrx_word' id='word_1_456' title='bbox 375 3269 511 3325; x_wconf 84' lang='lat' dir='ltr'><strong>cetis</strong></span> <span class='ocrx_word' id='word_1_457' title='bbox 563 3270 635 3327; x_wconf 89' lang='lat' dir='ltr'><strong>ab</strong></span> <span class='ocrx_word' id='word_1_458' title='bbox 694 3285 884 3326; x_wconf 88' lang='lat' dir='ltr'><strong>eorum</strong></span> <span class='ocrx_word' id='word_1_459' title='bbox 945 3271 1309 3328; x_wconf 87' lang='lat' dir='ltr'><strong>correctione.</strong></span> <span class='ocrx_word' id='word_1_460' title='bbox 1359 3272 1569 3329; x_wconf 89' lang='lat' dir='ltr'><strong>Deinde</strong></span> <span class='ocrx_word' id='word_1_461' title='bbox 1600 3288 1792 3329; x_wconf 90' lang='lat' dir='ltr'><strong>rursus</strong></span> <span class='ocrx_word' id='word_1_462' title='bbox 1824 3273 1955 3329; x_wconf 90' lang='lat' dir='ltr'><strong>sub-</strong></span> 
     </span>
    </p>
   </div>
   <div class='ocr_carea' id='block_1_63' title="bbox 375 3361 567 3416">
    <p class='ocr_par' dir='ltr' id='par_1_63' title="bbox 375 3361 567 3416">
     <span class='ocr_line' id='line_1_63' title="bbox 375 3361 567 3416; baseline 0.016 -3"><span class='ocrx_word' id='word_1_463' title='bbox 375 3361 515 3415; x_wconf 84' lang='lat' dir='ltr'><strong>didit</strong></span> <span class='ocrx_word' id='word_1_464' title='bbox 552 3379 567 3416; x_wconf 89' lang='lat'><strong>:</strong></span> 
     </span>
    </p>
   </div>
   <div class='ocr_carea' id='block_1_64' title="bbox 446 3453 1954 3523">
    <p class='ocr_par' dir='ltr' id='par_1_64' title="bbox 446 3453 1954 3523">
     <span class='ocr_line' id='line_1_64' title="bbox 446 3453 1954 3523; baseline 0.001 -16"><span class='ocrx_word' id='word_1_465' title='bbox 446 3454 558 3523; x_wconf 85' lang='lat' dir='ltr'><strong>Ego</strong></span> <span class='ocrx_word' id='word_1_466' title='bbox 603 3453 861 3509; x_wconf 86' lang='lat' dir='ltr'><strong>Dominus</strong></span> <span class='ocrx_word' id='word_1_467' title='bbox 912 3455 1055 3509; x_wconf 85' lang='lat' dir='ltr'><strong>Deus</strong></span> <span class='ocrx_word' id='word_1_468' title='bbox 1100 3463 1286 3509; x_wconf 83' lang='lat' dir='ltr'><strong>vester.</strong></span> <span class='ocrx_word' id='word_1_469' title='bbox 1347 3453 1615 3509; x_wconf 86' lang='lat' dir='ltr'><strong>Custodite</strong></span> <span class='ocrx_word' id='word_1_470' title='bbox 1641 3453 1776 3523; x_wconf 81' lang='lat' dir='ltr'><strong>leges</strong></span> <span class='ocrx_word' id='word_1_471' title='bbox 1809 3470 1954 3508; x_wconf 88' lang='lat' dir='ltr'><strong>meas</strong></span> 
     </span>
    </p>
   </div>
   <div class='ocr_carea' id='block_1_65' title="bbox 376 3545 1953 3615">
    <p class='ocr_par' dir='ltr' id='par_1_65' title="bbox 376 3545 1953 3615">
     <span class='ocr_line' id='line_1_65' title="bbox 376 3545 1953 3615; baseline 0.003 -20"><span class='ocrx_word' id='word_1_472' title='bbox 376 3553 533 3611; x_wconf 77' lang='lat' dir='ltr'><strong>atque</strong></span> <span class='ocrx_word' id='word_1_473' title='bbox 556 3545 786 3612; x_wconf 82' lang='lat' dir='ltr'><strong>judicia,</strong></span> <span class='ocrx_word' id='word_1_474' title='bbox 813 3562 929 3612; x_wconf 73' lang='lat' dir='ltr'><strong>qua:</strong></span> <span class='ocrx_word' id='word_1_475' title='bbox 960 3547 1158 3615; x_wconf 74' lang='lat' dir='ltr'><strong>faciens</strong></span> <span class='ocrx_word' id='word_1_476' title='bbox 1184 3547 1359 3608; x_wconf 83' lang='lat' dir='ltr'><strong>homo,</strong></span> <span class='ocrx_word' id='word_1_477' title='bbox 1390 3547 1522 3601; x_wconf 86' lang='lat' dir='ltr'><strong>vivet</strong></span> <span class='ocrx_word' id='word_1_478' title='bbox 1554 3547 1610 3600; x_wconf 91' lang='lat' dir='ltr'><strong>in</strong></span> <span class='ocrx_word' id='word_1_479' title='bbox 1648 3548 1740 3602; x_wconf 92' lang='lat' dir='ltr'><strong>eis.</strong></span> <span class='ocrx_word' id='word_1_480' title='bbox 1766 3546 1953 3601; x_wconf 77' lang='lat' dir='ltr'><strong>Absti-</strong></span> 
     </span>
    </p>
   </div>
   <div class='ocr_carea' id='block_1_66' title="bbox 375 3636 1951 3707">
    <p class='ocr_par' dir='ltr' id='par_1_66' title="bbox 375 3636 1951 3707">
     <span class='ocr_line' id='line_1_66' title="bbox 375 3636 1951 3707; baseline 0.004 -20"><span class='ocrx_word' id='word_1_481' title='bbox 375 3643 571 3689; x_wconf 86' lang='lat' dir='ltr'><strong>nentes</strong></span> <span class='ocrx_word' id='word_1_482' title='bbox 629 3650 730 3691; x_wconf 90' lang='lat' dir='ltr'><strong>nos</strong></span> <span class='ocrx_word' id='word_1_483' title='bbox 770 3637 922 3704; x_wconf 89' lang='lat' dir='ltr'><strong>prius</strong></span> <span class='ocrx_word' id='word_1_484' title='bbox 971 3637 1040 3690; x_wconf 88' lang='lat' dir='ltr'><strong>ab</strong></span> <span class='ocrx_word' id='word_1_485' title='bbox 1088 3636 1591 3692; x_wconf 89' lang='lat' dir='ltr'><strong>abominationibus</strong></span> <span class='ocrx_word' id='word_1_486' title='bbox 1642 3652 1763 3707; x_wconf 61' lang='lat' dir='ltr'><strong>quae</strong></span> <span class='ocrx_word' id='word_1_487' title='bbox 1792 3636 1951 3694; x_wconf 62' lang='lat' dir='ltr'><strong>dictae</strong></span> 
     </span>
    </p>
   </div>
   <div class='ocr_carea' id='block_1_67' title="bbox 373 3727 1950 3798">
    <p class='ocr_par' dir='ltr' id='par_1_67' title="bbox 373 3727 1950 3798">
     <span class='ocr_line' id='line_1_67' title="bbox 373 3727 1950 3798; baseline 0.004 -19"><span class='ocrx_word' id='word_1_488' title='bbox 373 3735 521 3790; x_wconf 84' lang='lat' dir='ltr'><strong>sunt,</strong></span> <span class='ocrx_word' id='word_1_489' title='bbox 570 3727 695 3798; x_wconf 88' lang='lat' dir='ltr'><strong>quia</strong></span> <span class='ocrx_word' id='word_1_490' title='bbox 743 3743 852 3782; x_wconf 89' lang='lat' dir='ltr'><strong>non</strong></span> <span class='ocrx_word' id='word_1_491' title='bbox 901 3734 987 3782; x_wconf 89' lang='lat' dir='ltr'><strong>est</strong></span> <span class='ocrx_word' id='word_1_492' title='bbox 1028 3727 1379 3796; x_wconf 85' lang='lat' dir='ltr'><strong>participatio</strong></span> <span class='ocrx_word' id='word_1_493' title='bbox 1425 3727 1656 3797; x_wconf 73' lang='lat' dir='ltr'><strong>iustitiae</strong></span> <span class='ocrx_word' id='word_1_494' title='bbox 1685 3744 1807 3784; x_wconf 92' lang='lat' dir='ltr'><strong>cum</strong></span> <span class='ocrx_word' id='word_1_495' title='bbox 1840 3730 1950 3785; x_wconf 88' lang='lat' dir='ltr'><strong>ini-</strong></span> 
     </span>
    </p>
   </div>
   <div class='ocr_carea' id='block_1_68' title="bbox 371 3817 1943 3888">
    <p class='ocr_par' dir='ltr' id='par_1_68' title="bbox 371 3817 1943 3888">
     <span class='ocr_line' id='line_1_68' title="bbox 371 3817 1943 3888; baseline 0.002 -16"><span class='ocrx_word' id='word_1_496' title='bbox 371 3818 625 3887; x_wconf 84' lang='lat' dir='ltr'><strong>quitate,</strong></span> <span class='ocrx_word' id='word_1_497' title='bbox 684 3833 860 3888; x_wconf 88' lang='lat' dir='ltr'><strong>neque</strong></span> <span class='ocrx_word' id='word_1_498' title='bbox 910 3817 1130 3873; x_wconf 88' lang='lat' dir='ltr'><strong>luminis</strong></span> <span class='ocrx_word' id='word_1_499' title='bbox 1184 3818 1419 3873; x_wconf 85' lang='lat' dir='ltr'><strong>societas</strong></span> <span class='ocrx_word' id='word_1_500' title='bbox 1477 3818 1545 3872; x_wconf 86' lang='lat' dir='ltr'><strong>ad</strong></span> <span class='ocrx_word' id='word_1_501' title='bbox 1606 3821 1943 3888; x_wconf 74' lang='lat' dir='ltr'><strong>tenebras”,</strong></span> 
     </span>
    </p>
   </div>
   <div class='ocr_carea' id='block_1_69' title="bbox 371 3907 1944 3979">
    <p class='ocr_par' dir='ltr' id='par_1_69' title="bbox 371 3907 1944 3979">
     <span class='ocr_line' id='line_1_69' title="bbox 371 3907 1944 3979; baseline 0.001 -17"><span class='ocrx_word' id='word_1_502' title='bbox 371 3924 549 3978; x_wconf 89' lang='lat' dir='ltr'><strong>neque</strong></span> <span class='ocrx_word' id='word_1_503' title='bbox 597 3908 774 3978; x_wconf 86' lang='lat' dir='ltr'><strong>placet</strong></span> <span class='ocrx_word' id='word_1_504' title='bbox 822 3907 869 3961; x_wconf 92' lang='lat' dir='ltr'><strong>ei</strong></span> <span class='ocrx_word' id='word_1_505' title='bbox 915 3916 974 3963; x_wconf 91' lang='lat' dir='ltr'><strong>ut</strong></span> <span class='ocrx_word' id='word_1_506' title='bbox 1019 3908 1108 3976; x_wconf 90' lang='lat' dir='ltr'><strong>qui</strong></span> <span class='ocrx_word' id='word_1_507' title='bbox 1178 3908 1379 3979; x_wconf 84' lang='lat' dir='ltr'><strong>gentile</strong></span> <span class='ocrx_word' id='word_1_508' title='bbox 1427 3907 1709 3977; x_wconf 87' lang='lat' dir='ltr'><strong>quodlibet</strong></span> <span class='ocrx_word' id='word_1_509' title='bbox 1746 3910 1944 3965; x_wconf 87' lang='lat' dir='ltr'><strong>malum</strong></span> 
     </span>
    </p>
   </div>
   <div class='ocr_carea' id='block_1_70' title="bbox 370 3999 1943 4073">
    <p class='ocr_par' dir='ltr' id='par_1_70' title="bbox 370 3999 1943 4073">
     <span class='ocr_line' id='line_1_70' title="bbox 370 3999 1943 4073; baseline 0.003 -20"><span class='ocrx_word' id='word_1_510' title='bbox 370 4001 918 4070; x_wconf 84' lang='lat' dir='ltr'><strong>observationemque</strong></span> <span class='ocrx_word' id='word_1_511' title='bbox 967 4000 1195 4063; x_wconf 90' lang='lat' dir='ltr'><strong>studet,</strong></span> <span class='ocrx_word' id='word_1_512' title='bbox 1250 3999 1469 4069; x_wconf 84' lang='lat' dir='ltr'><strong>gloriari</strong></span> <span class='ocrx_word' id='word_1_513' title='bbox 1532 4000 1620 4055; x_wconf 75' lang='lat' dir='ltr'><strong>de.</strong></span> <span class='ocrx_word' id='word_1_514' title='bbox 1653 4001 1788 4073; x_wconf 81' lang='lat' dir='ltr'><strong>legis</strong></span> <span class='ocrx_word' id='word_1_515' title='bbox 1848 4003 1943 4059; x_wconf 90' lang='lat' dir='ltr'><strong>Dei</strong></span> 
     </span>
    </p>
   </div>
   <div class='ocr_carea' id='block_1_71' title="bbox 370 4092 1944 4161">
    <p class='ocr_par' dir='ltr' id='par_1_71' title="bbox 370 4092 1944 4161">
     <span class='ocr_line' id='line_1_71' title="bbox 370 4092 1944 4161; baseline 0 -11"><span class='ocrx_word' id='word_1_516' title='bbox 370 4096 597 4150; x_wconf 85' lang='lat' dir='ltr'><strong>scientia</strong></span> <span class='ocrx_word' id='word_1_517' title='bbox 641 4095 857 4158; x_wconf 86' lang='lat' dir='ltr'><strong>debeat,</strong></span> <span class='ocrx_word' id='word_1_518' title='bbox 892 4103 1023 4148; x_wconf 91' lang='lat' dir='ltr'><strong>tunc</strong></span> <span class='ocrx_word' id='word_1_519' title='bbox 1062 4093 1281 4149; x_wconf 90' lang='lat' dir='ltr'><strong>demum</strong></span> <span class='ocrx_word' id='word_1_520' title='bbox 1319 4092 1543 4161; x_wconf 90' lang='lat' dir='ltr'><strong>judiciis</strong></span> <span class='ocrx_word' id='word_1_521' title='bbox 1578 4092 1670 4150; x_wconf 89' lang='lat' dir='ltr'><strong>Dei</strong></span> <span class='ocrx_word' id='word_1_522' title='bbox 1725 4104 1944 4150; x_wconf 88' lang='lat' dir='ltr'><strong>utamur</strong></span> 
     </span>
    </p>
   </div>
   <div class='ocr_carea' id='block_1_72' title="bbox 367 4182 1941 4258">
    <p class='ocr_par' dir='ltr' id='par_1_72' title="bbox 367 4182 1941 4258">
     <span class='ocr_line' id='line_1_72' title="bbox 367 4182 1941 4258; baseline -0.001 -16"><span class='ocrx_word' id='word_1_523' title='bbox 367 4198 423 4243; x_wconf 89' lang='lat' dir='ltr'><strong>et</strong></span> <span class='ocrx_word' id='word_1_524' title='bbox 459 4188 765 4258; x_wconf 74' lang='lat' dir='ltr'><strong>prmceptis.</strong></span> <span class='ocrx_word' id='word_1_525' title='bbox 803 4186 996 4251; x_wconf 86' lang='lat' dir='ltr'><strong>Qualia</strong></span> <span class='ocrx_word' id='word_1_526' title='bbox 1027 4195 1208 4239; x_wconf 88' lang='lat' dir='ltr'><strong>autem</strong></span> <span class='ocrx_word' id='word_1_527' title='bbox 1252 4182 1363 4237; x_wconf 91' lang='lat' dir='ltr'><strong>sint</strong></span> <span class='ocrx_word' id='word_1_528' title='bbox 1398 4184 1630 4251; x_wconf 86' lang='lat' dir='ltr'><strong>judicia,</strong></span> <span class='ocrx_word' id='word_1_529' title='bbox 1669 4194 1723 4241; x_wconf 89' lang='lat' dir='ltr'><strong>et</strong></span> <span class='ocrx_word' id='word_1_530' title='bbox 1761 4186 1941 4256; x_wconf 84' lang='lat' dir='ltr'><strong>qualia</strong></span> 
     </span>
    </p>
   </div>
   <div class='ocr_carea' id='block_1_73' title="bbox 369 4277 1938 4353">
    <p class='ocr_par' dir='ltr' id='par_1_73' title="bbox 369 4277 1938 4353">
     <span class='ocr_line' id='line_1_73' title="bbox 369 4277 1938 4353; baseline -0.003 -15"><span class='ocrx_word' id='word_1_531' title='bbox 369 4291 658 4351; x_wconf 69' lang='lat' dir='ltr'><strong>pmcepta,</strong></span> <span class='ocrx_word' id='word_1_532' title='bbox 709 4295 830 4353; x_wconf 67' lang='lat' dir='ltr'><strong>qua:</strong></span> <span class='ocrx_word' id='word_1_533' title='bbox 882 4279 1090 4335; x_wconf 80' lang='lat' dir='ltr'><strong>faciens</strong></span> <span class='ocrx_word' id='word_1_534' title='bbox 1134 4278 1300 4332; x_wconf 92' lang='lat' dir='ltr'><strong>homo</strong></span> <span class='ocrx_word' id='word_1_535' title='bbox 1347 4277 1491 4332; x_wconf 75' lang='lat' dir='ltr'><strong>vivet</strong></span> <span class='ocrx_word' id='word_1_536' title='bbox 1535 4277 1589 4331; x_wconf 93' lang='lat' dir='ltr'><strong>in</strong></span> <span class='ocrx_word' id='word_1_537' title='bbox 1636 4277 1737 4341; x_wconf 90' lang='lat' dir='ltr'><strong>eis,</strong></span> <span class='ocrx_word' id='word_1_538' title='bbox 1780 4285 1839 4331; x_wconf 92' lang='lat' dir='ltr'><strong>ut</strong></span> <span class='ocrx_word' id='word_1_539' title='bbox 1882 4287 1938 4334; x_wconf 89' lang='lat' dir='ltr'><strong>tu</strong></span> 
     </span>
    </p>
   </div>
   <div class='ocr_carea' id='block_1_74' title="bbox 363 4369 1939 4446">
    <p class='ocr_par' dir='ltr' id='par_1_74' title="bbox 363 4369 1939 4446">
     <span class='ocr_line' id='line_1_74' title="bbox 363 4369 1939 4446; baseline -0.001 -16"><span class='ocrx_word' id='word_1_540' title='bbox 363 4382 664 4446; x_wconf 68' lang='lat' dir='ltr'><strong>eognosdas</strong></span> <span class='ocrx_word' id='word_1_541' title='bbox 716 4373 842 4443; x_wconf 81' lang='lat' dir='ltr'><strong>quia</strong></span> <span class='ocrx_word' id='word_1_542' title='bbox 879 4388 987 4426; x_wconf 89' lang='lat' dir='ltr'><strong>non</strong></span> <span class='ocrx_word' id='word_1_543' title='bbox 1023 4371 1130 4425; x_wconf 88' lang='lat' dir='ltr'><strong>Deo</strong></span> <span class='ocrx_word' id='word_1_544' title='bbox 1173 4371 1366 4433; x_wconf 88' lang='lat' dir='ltr'><strong>donas,</strong></span> <span class='ocrx_word' id='word_1_545' title='bbox 1399 4369 1661 4425; x_wconf 90' lang='lat' dir='ltr'><strong>obediens</strong></span> <span class='ocrx_word' id='word_1_546' title='bbox 1685 4370 1787 4440; x_wconf 77' lang='lat' dir='ltr'><strong>legi</strong></span> <span class='ocrx_word' id='word_1_547' title='bbox 1820 4372 1939 4441; x_wconf 87' lang='lat' dir='ltr'><strong>ejus</strong></span> 
     </span>
    </p>
   </div>
   <div class='ocr_carea' id='block_1_75' title="bbox 364 4462 1936 4534">
    <p class='ocr_par' dir='ltr' id='par_1_75' title="bbox 364 4462 1936 4534">
     <span class='ocr_line' id='line_1_75' title="bbox 364 4462 1936 4534; baseline -0.001 -15"><span class='ocrx_word' id='word_1_548' title='bbox 364 4477 421 4522; x_wconf 80' lang='lat' dir='ltr'><strong>et</strong></span> <span class='ocrx_word' id='word_1_549' title='bbox 470 4468 750 4534; x_wconf 85' lang='lat' dir='ltr'><strong>complens</strong></span> <span class='ocrx_word' id='word_1_550' title='bbox 807 4465 925 4529; x_wconf 82' lang='lat' dir='ltr'><strong>ejus</strong></span> <span class='ocrx_word' id='word_1_551' title='bbox 978 4462 1182 4533; x_wconf 85' lang='lat' dir='ltr'><strong>judicia</strong></span> <span class='ocrx_word' id='word_1_552' title='bbox 1226 4471 1281 4517; x_wconf 88' lang='lat' dir='ltr'><strong>et</strong></span> <span class='ocrx_word' id='word_1_553' title='bbox 1344 4470 1638 4532; x_wconf 64' lang='lat' dir='ltr'><strong>praecepta,</strong></span> <span class='ocrx_word' id='word_1_554' title='bbox 1679 4463 1773 4518; x_wconf 89' lang='lat' dir='ltr'><strong>sed</strong></span> <span class='ocrx_word' id='word_1_555' title='bbox 1809 4464 1936 4521; x_wconf 89' lang='lat' dir='ltr'><strong>tibi-</strong></span> 
     </span>
    </p>
   </div>
   <div class='ocr_carea' id='block_1_76' title="bbox 2066 3271 3646 3347">
    <p class='ocr_par' dir='ltr' id='par_1_76' title="bbox 2066 3271 3646 3347">
     <span class='ocr_line' id='line_1_76' title="bbox 2066 3271 3646 3347; baseline 0.004 -21"><span class='ocrx_word' id='word_1_556' title='bbox 2066 3287 2179 3327; x_wconf 91' lang='lat' dir='ltr'><strong>non</strong></span> <span class='ocrx_word' id='word_1_557' title='bbox 2204 3271 2504 3337; x_wconf 87' lang='lat' dir='ltr'><strong>revelabis,</strong></span> <span class='ocrx_word' id='word_1_558' title='bbox 2539 3273 2666 3343; x_wconf 89' lang='lat' dir='ltr'><strong>quia</strong></span> <span class='ocrx_word' id='word_1_559' title='bbox 2687 3287 2825 3327; x_wconf 87' lang='lat' dir='ltr'><strong>uxor</strong></span> <span class='ocrx_word' id='word_1_560' title='bbox 2855 3272 2948 3326; x_wconf 90' lang='lat' dir='ltr'><strong>ﬁlii</strong></span> <span class='ocrx_word' id='word_1_561' title='bbox 2981 3274 3057 3328; x_wconf 91' lang='lat' dir='ltr'><strong>tui</strong></span> <span class='ocrx_word' id='word_1_562' title='bbox 3088 3284 3192 3339; x_wconf 82' lang='lat' dir='ltr'><strong>est,</strong></span> <span class='ocrx_word' id='word_1_563' title='bbox 3223 3290 3328 3330; x_wconf 90' lang='lat' dir='ltr'><strong>nec</strong></span> <span class='ocrx_word' id='word_1_564' title='bbox 3357 3276 3646 3347; x_wconf 91' lang='lat' dir='ltr'><strong>discoope-</strong></span> 
     </span>
    </p>
   </div>
   <div class='ocr_carea' id='block_1_77' title="bbox 2066 3358 3645 3431">
    <p class='ocr_par' dir='ltr' id='par_1_77' title="bbox 2066 3358 3645 3431">
     <span class='ocr_line' id='line_1_77' title="bbox 2066 3358 3645 3431; baseline 0.007 -20"><span class='ocrx_word' id='word_1_565' title='bbox 2066 3359 2174 3414; x_wconf 84' lang='lat' dir='ltr'><strong>ries</strong></span> <span class='ocrx_word' id='word_1_566' title='bbox 2200 3358 2554 3429; x_wconf 80' lang='lat' dir='ltr'><strong>ignominiam</strong></span> <span class='ocrx_word' id='word_1_567' title='bbox 2604 3360 2744 3431; x_wconf 89' lang='lat' dir='ltr'><strong>ejus.</strong></span> <span class='ocrx_word' id='word_1_568' title='bbox 2774 3359 3188 3430; x_wconf 88' lang='lat' dir='ltr'><strong>Turpitudinem</strong></span> <span class='ocrx_word' id='word_1_569' title='bbox 3238 3364 3427 3420; x_wconf 81' lang='lat' dir='ltr'><strong>uxoris</strong></span> <span class='ocrx_word' id='word_1_570' title='bbox 3458 3365 3645 3423; x_wconf 83' lang='lat' dir='ltr'><strong>fratris</strong></span> 
     </span>
    </p>
   </div>
   <div class='ocr_carea' id='block_1_78' title="bbox 2065 3450 3638 3521">
    <p class='ocr_par' dir='ltr' id='par_1_78' title="bbox 2065 3450 3638 3521">
     <span class='ocr_line' id='line_1_78' title="bbox 2065 3450 3638 3521; baseline 0.006 -17"><span class='ocrx_word' id='word_1_571' title='bbox 2065 3450 2145 3504; x_wconf 85' lang='lat' dir='ltr'><strong>tui</strong></span> <span class='ocrx_word' id='word_1_572' title='bbox 2196 3465 2307 3504; x_wconf 91' lang='lat' dir='ltr'><strong>non</strong></span> <span class='ocrx_word' id='word_1_573' title='bbox 2356 3451 2647 3515; x_wconf 88' lang='lat' dir='ltr'><strong>revelabis,</strong></span> <span class='ocrx_word' id='word_1_574' title='bbox 2695 3451 2821 3521; x_wconf 87' lang='lat' dir='ltr'><strong>quia</strong></span> <span class='ocrx_word' id='word_1_575' title='bbox 2856 3451 3139 3521; x_wconf 86' lang='lat' dir='ltr'><strong>turpitudo</strong></span> <span class='ocrx_word' id='word_1_576' title='bbox 3181 3454 3370 3511; x_wconf 83' lang='lat' dir='ltr'><strong>fratris</strong></span> <span class='ocrx_word' id='word_1_577' title='bbox 3403 3457 3479 3512; x_wconf 87' lang='lat' dir='ltr'><strong>tui</strong></span> <span class='ocrx_word' id='word_1_578' title='bbox 3535 3467 3638 3514; x_wconf 89' lang='lat' dir='ltr'><strong>est.</strong></span> 
     </span>
    </p>
   </div>
   <div class='ocr_carea' id='block_1_79' title="bbox 2064 3535 3641 3615">
    <p class='ocr_par' dir='ltr' id='par_1_79' title="bbox 2064 3535 3641 3615">
     <span class='ocr_line' id='line_1_79' title="bbox 2064 3535 3641 3615; baseline 0.008 -24"><span class='ocrx_word' id='word_1_579' title='bbox 2064 3535 2481 3608; x_wconf 89' lang='lat' dir='ltr'><strong>Turpitudinem</strong></span> <span class='ocrx_word' id='word_1_580' title='bbox 2568 3539 2753 3594; x_wconf 78' lang='lat' dir='ltr'><strong>uxoris</strong></span> <span class='ocrx_word' id='word_1_581' title='bbox 2814 3549 2959 3607; x_wconf 70' lang='lat' dir='ltr'><strong>tum,</strong></span> <span class='ocrx_word' id='word_1_582' title='bbox 3030 3551 3085 3597; x_wconf 89' lang='lat' dir='ltr'><strong>ct</strong></span> <span class='ocrx_word' id='word_1_583' title='bbox 3146 3543 3268 3599; x_wconf 78' lang='lat' dir='ltr'><strong>ﬁlia:</strong></span> <span class='ocrx_word' id='word_1_584' title='bbox 3350 3546 3471 3615; x_wconf 88' lang='lat' dir='ltr'><strong>ejus</strong></span> <span class='ocrx_word' id='word_1_585' title='bbox 3528 3564 3641 3604; x_wconf 85' lang='lat' dir='ltr'><strong>non</strong></span> 
     </span>
    </p>
   </div>
   <div class='ocr_carea' id='block_1_80' title="bbox 2061 3632 3638 3709">
    <p class='ocr_par' dir='ltr' id='par_1_80' title="bbox 2061 3632 3638 3709">
     <span class='ocr_line' id='line_1_80' title="bbox 2061 3632 3638 3709; baseline 0.007 -23"><span class='ocrx_word' id='word_1_586' title='bbox 2061 3632 2349 3688; x_wconf 87' lang='lat' dir='ltr'><strong>revelabis.</strong></span> <span class='ocrx_word' id='word_1_587' title='bbox 2387 3633 2576 3687; x_wconf 90' lang='lat' dir='ltr'><strong>Filiam</strong></span> <span class='ocrx_word' id='word_1_588' title='bbox 2620 3633 2711 3687; x_wconf 86' lang='lat' dir='ltr'><strong>ﬁlii</strong></span> <span class='ocrx_word' id='word_1_589' title='bbox 2743 3633 2883 3701; x_wconf 85' lang='lat' dir='ltr'><strong>ejus,</strong></span> <span class='ocrx_word' id='word_1_590' title='bbox 2924 3643 2979 3689; x_wconf 87' lang='lat' dir='ltr'><strong>et</strong></span> <span class='ocrx_word' id='word_1_591' title='bbox 3014 3635 3178 3690; x_wconf 79' lang='lat' dir='ltr'><strong>ﬁliam</strong></span> <span class='ocrx_word' id='word_1_592' title='bbox 3225 3636 3351 3693; x_wconf 75' lang='lat' dir='ltr'><strong>lilia:</strong></span> <span class='ocrx_word' id='word_1_593' title='bbox 3376 3640 3497 3709; x_wconf 91' lang='lat' dir='ltr'><strong>ejus</strong></span> <span class='ocrx_word' id='word_1_594' title='bbox 3527 3658 3638 3697; x_wconf 89' lang='lat' dir='ltr'><strong>non</strong></span> 
     </span>
    </p>
   </div>
   <div class='ocr_carea' id='block_1_81' title="bbox 2060 3721 3637 3797">
    <p class='ocr_par' dir='ltr' id='par_1_81' title="bbox 2060 3721 3637 3797">
     <span class='ocr_line' id='line_1_81' title="bbox 2060 3721 3637 3797; baseline 0.007 -23"><span class='ocrx_word' id='word_1_595' title='bbox 2060 3736 2265 3789; x_wconf 87' lang='lat' dir='ltr'><strong>sumes,</strong></span> <span class='ocrx_word' id='word_1_596' title='bbox 2296 3728 2355 3774; x_wconf 92' lang='lat' dir='ltr'><strong>ut</strong></span> <span class='ocrx_word' id='word_1_597' title='bbox 2387 3721 2596 3776; x_wconf 84' lang='lat' dir='ltr'><strong>revclcs</strong></span> <span class='ocrx_word' id='word_1_598' title='bbox 2627 3721 2981 3792; x_wconf 81' lang='lat' dir='ltr'><strong>ignominiam</strong></span> <span class='ocrx_word' id='word_1_599' title='bbox 3013 3723 3154 3794; x_wconf 88' lang='lat' dir='ltr'><strong>ejus,</strong></span> <span class='ocrx_word' id='word_1_600' title='bbox 3183 3726 3309 3797; x_wconf 83' lang='lat' dir='ltr'><strong>quia</strong></span> <span class='ocrx_word' id='word_1_601' title='bbox 3333 3742 3463 3784; x_wconf 88' lang='lat' dir='ltr'><strong>caro</strong></span> <span class='ocrx_word' id='word_1_602' title='bbox 3494 3728 3637 3785; x_wconf 82' lang='lat' dir='ltr'><strong>illius</strong></span> 
     </span>
    </p>
   </div>
   <div class='ocr_carea' id='block_1_82' title="bbox 2059 3820 3629 3868">
    <p class='ocr_par' dir='ltr' id='par_1_82' title="bbox 2059 3820 3629 3868">
     <span class='ocr_line' id='line_1_82' title="bbox 2059 3820 3629 3868; baseline 0.003 -1"><span class='ocrx_word' id='word_1_603' title='bbox 2059 3822 2206 3868; x_wconf 85' lang='lat' dir='ltr'><strong>sunt.</strong></span> <span class='ocrx_word' id='word_1_604' title='bbox 2246 3832 2264 3865; x_wconf 72' lang='grc' dir='ltr'><strong><em>ι</em></strong></span> <span class='ocrx_word' id='word_1_605' title='bbox 3624 3820 3629 3825; x_wconf 88' lang='grc'><em>’</em></span> 
     </span>
    </p>
   </div>
   <div class='ocr_carea' id='block_1_83' title="bbox 2126 3902 3631 3981">
    <p class='ocr_par' dir='ltr' id='par_1_83' title="bbox 2126 3902 3631 3981">
     <span class='ocr_line' id='line_1_83' title="bbox 2126 3902 3631 3981; baseline 0.008 -25"><span class='ocrx_word' id='word_1_606' title='bbox 2126 3902 2281 3969; x_wconf 86' lang='lat' dir='ltr'><strong>Quod</strong></span> <span class='ocrx_word' id='word_1_607' title='bbox 2323 3921 2437 3960; x_wconf 91' lang='lat' dir='ltr'><strong>non</strong></span> <span class='ocrx_word' id='word_1_608' title='bbox 2488 3903 2811 3975; x_wconf 76' lang='lat' dir='ltr'><strong>negligenda</strong></span> <span class='ocrx_word' id='word_1_609' title='bbox 2856 3905 2967 3959; x_wconf 90' lang='lat' dir='ltr'><strong>sint</strong></span> <span class='ocrx_word' id='word_1_610' title='bbox 3025 3921 3086 3961; x_wconf 83' lang='lat' dir='ltr'><strong>ca</strong></span> <span class='ocrx_word' id='word_1_611' title='bbox 3128 3923 3250 3977; x_wconf 64' lang='lat' dir='ltr'><strong>quae</strong></span> <span class='ocrx_word' id='word_1_612' title='bbox 3289 3912 3631 3981; x_wconf 80' lang='lat' dir='ltr'><strong>sancientur,</strong></span> 
     </span>
    </p>
   </div>
   <div class='ocr_carea' id='block_1_84' title="bbox 2056 3993 3632 4072">
    <p class='ocr_par' dir='ltr' id='par_1_84' title="bbox 2056 3993 3632 4072">
     <span class='ocr_line' id='line_1_84' title="bbox 2056 3993 3632 4072; baseline 0.008 -25"><span class='ocrx_word' id='word_1_613' title='bbox 2056 3993 2404 4050; x_wconf 84' lang='lat' dir='ltr'><strong>manifestum</strong></span> <span class='ocrx_word' id='word_1_614' title='bbox 2455 4002 2539 4050; x_wconf 90' lang='lat' dir='ltr'><strong>est</strong></span> <span class='ocrx_word' id='word_1_615' title='bbox 2569 4012 2633 4050; x_wconf 82' lang='lat' dir='ltr'><strong>ex</strong></span> <span class='ocrx_word' id='word_1_616' title='bbox 2662 4010 2730 4050; x_wconf 93' lang='lat' dir='ltr'><strong>eo</strong></span> <span class='ocrx_word' id='word_1_617' title='bbox 2758 3996 2901 4065; x_wconf 87' lang='lat' dir='ltr'><strong>quod</strong></span> <span class='ocrx_word' id='word_1_618' title='bbox 2930 3995 3127 4053; x_wconf 88' lang='lat' dir='ltr'><strong>iterum</strong></span> <span class='ocrx_word' id='word_1_619' title='bbox 3157 3999 3292 4055; x_wconf 85' lang='lat' dir='ltr'><strong>dixit</strong></span> <span class='ocrx_word' id='word_1_620' title='bbox 3324 4017 3340 4055; x_wconf 90' lang='lat'><strong>:</strong></span> <span class='ocrx_word' id='word_1_621' title='bbox 3382 4000 3494 4072; x_wconf 82' lang='lat' dir='ltr'><strong>Ego</strong></span> <span class='ocrx_word' id='word_1_622' title='bbox 3526 4005 3632 4059; x_wconf 88' lang='lat' dir='ltr'><strong>Do-</strong></span> 
     </span>
    </p>
   </div>
   <div class='ocr_carea' id='block_1_85' title="bbox 2056 4085 3630 4166">
    <p class='ocr_par' dir='ltr' id='par_1_85' title="bbox 2056 4085 3630 4166">
     <span class='ocr_line' id='line_1_85' title="bbox 2056 4085 3630 4166; baseline 0.009 -29"><span class='ocrx_word' id='word_1_623' title='bbox 2056 4086 2246 4139; x_wconf 88' lang='lat' dir='ltr'><strong>minus.</strong></span> <span class='ocrx_word' id='word_1_624' title='bbox 2282 4085 2435 4140; x_wconf 88' lang='lat' dir='ltr'><strong>Facit</strong></span> <span class='ocrx_word' id='word_1_625' title='bbox 2472 4097 2652 4141; x_wconf 89' lang='lat' dir='ltr'><strong>autem</strong></span> <span class='ocrx_word' id='word_1_626' title='bbox 2691 4087 2796 4142; x_wconf 91' lang='lat' dir='ltr'><strong>hoc</strong></span> <span class='ocrx_word' id='word_1_627' title='bbox 2825 4086 3037 4159; x_wconf 84' lang='lat' dir='ltr'><strong>Moyses</strong></span> <span class='ocrx_word' id='word_1_628' title='bbox 3061 4131 3075 4153; x_wconf 95' lang='lat'><strong>,</strong></span> <span class='ocrx_word' id='word_1_629' title='bbox 3111 4089 3223 4145; x_wconf 92' lang='lat' dir='ltr'><strong>imo</strong></span> <span class='ocrx_word' id='word_1_630' title='bbox 3268 4092 3499 4162; x_wconf 89' lang='lat' dir='ltr'><strong>spiritus</strong></span> <span class='ocrx_word' id='word_1_631' title='bbox 3536 4096 3630 4166; x_wconf 88' lang='lat' dir='ltr'><strong>qui</strong></span> 
     </span>
    </p>
   </div>
   <div class='ocr_carea' id='block_1_86' title="bbox 2053 4174 3628 4255">
    <p class='ocr_par' dir='ltr' id='par_1_86' title="bbox 2053 4174 3628 4255">
     <span class='ocr_line' id='line_1_86' title="bbox 2053 4174 3628 4255; baseline 0.008 -25"><span class='ocrx_word' id='word_1_632' title='bbox 2053 4174 2110 4230; x_wconf 92' lang='lat' dir='ltr'><strong>in</strong></span> <span class='ocrx_word' id='word_1_633' title='bbox 2145 4191 2211 4231; x_wconf 90' lang='lat' dir='ltr'><strong>eo</strong></span> <span class='ocrx_word' id='word_1_634' title='bbox 2253 4176 2597 4246; x_wconf 88' lang='lat' dir='ltr'><strong>loquebatur,</strong></span> <span class='ocrx_word' id='word_1_635' title='bbox 2639 4186 2699 4232; x_wconf 90' lang='lat' dir='ltr'><strong>ut</strong></span> <span class='ocrx_word' id='word_1_636' title='bbox 2724 4193 2830 4232; x_wconf 91' lang='lat' dir='ltr'><strong>non</strong></span> <span class='ocrx_word' id='word_1_637' title='bbox 2873 4178 3293 4250; x_wconf 88' lang='lat' dir='ltr'><strong>despicerentur</strong></span> <span class='ocrx_word' id='word_1_638' title='bbox 3325 4200 3447 4255; x_wconf 77' lang='lat' dir='ltr'><strong>quae</strong></span> <span class='ocrx_word' id='word_1_639' title='bbox 3473 4187 3628 4244; x_wconf 89' lang='lat' dir='ltr'><strong>dice-</strong></span> 
     </span>
    </p>
   </div>
   <div class='ocr_carea' id='block_1_87' title="bbox 2051 4268 3625 4343">
    <p class='ocr_par' dir='ltr' id='par_1_87' title="bbox 2051 4268 3625 4343">
     <span class='ocr_line' id='line_1_87' title="bbox 2051 4268 3625 4343; baseline 0.008 -20"><span class='ocrx_word' id='word_1_640' title='bbox 2051 4268 2271 4334; x_wconf 85' lang='lat' dir='ltr'><strong>bantur,</strong></span> <span class='ocrx_word' id='word_1_641' title='bbox 2314 4268 2619 4325; x_wconf 87' lang='lat' dir='ltr'><strong>dicentibus</strong></span> <span class='ocrx_word' id='word_1_642' title='bbox 2647 4271 2997 4340; x_wconf 74' lang='lat' dir='ltr'><strong>Quibusdam,</strong></span> <span class='ocrx_word' id='word_1_643' title='bbox 3040 4272 3166 4343; x_wconf 89' lang='lat' dir='ltr'><strong>quia</strong></span> <span class='ocrx_word' id='word_1_644' title='bbox 3199 4272 3445 4343; x_wconf 78' lang='lat' dir='ltr'><strong>Moyseos</strong></span> <span class='ocrx_word' id='word_1_645' title='bbox 3476 4290 3625 4336; x_wconf 87' lang='lat' dir='ltr'><strong>sunt.</strong></span> 
     </span>
    </p>
   </div>
   <div class='ocr_carea' id='block_1_88' title="bbox 2048 4358 3625 4439">
    <p class='ocr_par' dir='ltr' id='par_1_88' title="bbox 2048 4358 3625 4439">
     <span class='ocr_line' id='line_1_88' title="bbox 2048 4358 3625 4439; baseline 0.009 -24"><span class='ocrx_word' id='word_1_646' title='bbox 2048 4358 2170 4416; x_wconf 86' lang='lat' dir='ltr'><strong>Non</strong></span> <span class='ocrx_word' id='word_1_647' title='bbox 2216 4370 2347 4417; x_wconf 86' lang='lat' dir='ltr'><strong>sunt</strong></span> <span class='ocrx_word' id='word_1_648' title='bbox 2388 4372 2569 4418; x_wconf 90' lang='lat' dir='ltr'><strong>autem</strong></span> <span class='ocrx_word' id='word_1_649' title='bbox 2605 4363 2726 4434; x_wconf 89' lang='lat' dir='ltr'><strong>ejus</strong></span> <span class='ocrx_word' id='word_1_650' title='bbox 2766 4364 2886 4419; x_wconf 79' lang='lat' dir='ltr'><strong>haec</strong></span> <span class='ocrx_word' id='word_1_651' title='bbox 2932 4380 3054 4435; x_wconf 81' lang='lat' dir='ltr'><strong>quae</strong></span> <span class='ocrx_word' id='word_1_652' title='bbox 3083 4367 3499 4439; x_wconf 67' lang='lat' dir='ltr'><strong>prmeipiuntur,</strong></span> <span class='ocrx_word' id='word_1_653' title='bbox 3531 4373 3625 4429; x_wconf 86' lang='lat' dir='ltr'><strong>sed</strong></span> 
     </span>
    </p>
   </div>
   <div class='ocr_carea' id='block_1_89' title="bbox 2047 4457 3623 4531">
    <p class='ocr_par' dir='ltr' id='par_1_89' title="bbox 2047 4457 3623 4531">
     <span class='ocr_line' id='line_1_89' title="bbox 2047 4457 3623 4531; baseline 0.009 -20"><span class='ocrx_word' id='word_1_654' title='bbox 2047 4457 2165 4523; x_wconf 90' lang='lat' dir='ltr'><strong>Dei,</strong></span> <span class='ocrx_word' id='word_1_655' title='bbox 2223 4474 2347 4517; x_wconf 90' lang='lat' dir='ltr'><strong>cum</strong></span> <span class='ocrx_word' id='word_1_656' title='bbox 2386 4472 2733 4531; x_wconf 86' lang='lat' dir='ltr'><strong>summopere</strong></span> <span class='ocrx_word' id='word_1_657' title='bbox 2778 4461 2925 4531; x_wconf 86' lang='lat' dir='ltr'><strong>quod</strong></span> <span class='ocrx_word' id='word_1_658' title='bbox 2950 4462 3230 4519; x_wconf 85' lang='lat' dir='ltr'><strong>inventum</strong></span> <span class='ocrx_word' id='word_1_659' title='bbox 3263 4476 3347 4521; x_wconf 89' lang='lat' dir='ltr'><strong>est</strong></span> <span class='ocrx_word' id='word_1_660' title='bbox 3381 4468 3623 4524; x_wconf 89' lang='lat' dir='ltr'><strong>studium</strong></span> 
     </span>
    </p>
   </div>
   <div class='ocr_carea' id='block_1_90' title="bbox 361 4550 3623 4631">
    <p class='ocr_par' dir='ltr' id='par_1_90' title="bbox 361 4550 3623 4631">
     <span class='ocr_line' id='line_1_90' title="bbox 361 4550 3623 4631; baseline 0 -20"><span class='ocrx_word' id='word_1_661' title='bbox 361 4559 617 4627; x_wconf 82' lang='lat' dir='ltr'><strong>metipsi:</strong></span> <span class='ocrx_word' id='word_1_662' title='bbox 672 4567 729 4614; x_wconf 92' lang='lat' dir='ltr'><strong>tu</strong></span> <span class='ocrx_word' id='word_1_663' title='bbox 764 4558 911 4614; x_wconf 88' lang='lat' dir='ltr'><strong>enim</strong></span> <span class='ocrx_word' id='word_1_664' title='bbox 955 4556 1009 4612; x_wconf 89' lang='lat' dir='ltr'><strong>in</strong></span> <span class='ocrx_word' id='word_1_665' title='bbox 1067 4556 1145 4612; x_wconf 91' lang='lat' dir='ltr'><strong>eis</strong></span> <span class='ocrx_word' id='word_1_666' title='bbox 1186 4554 1358 4619; x_wconf 89' lang='lat' dir='ltr'><strong>vives,</strong></span> <span class='ocrx_word' id='word_1_667' title='bbox 1390 4553 1686 4611; x_wconf 88' lang='lat' dir='ltr'><strong>virtutibus</strong></span> <span class='ocrx_word' id='word_1_668' title='bbox 1712 4571 1935 4626; x_wconf 87' lang='lat' dir='ltr'><strong>operam</strong></span> <span class='ocrx_word' id='word_1_669' title='bbox 1972 4563 2012 4619; x_wconf 75' lang='lat'><strong><em>9</em></strong></span> <span class='ocrx_word' id='word_1_670' title='bbox 2041 4550 2347 4607; x_wconf 84' lang='lat' dir='ltr'><strong>adhibitum</strong></span> <span class='ocrx_word' id='word_1_671' title='bbox 2384 4551 2481 4631; x_wconf 18' lang='lat' dir='ltr'><strong>‘sit,</strong></span> <span class='ocrx_word' id='word_1_672' title='bbox 2516 4560 2577 4605; x_wconf 93' lang='lat' dir='ltr'><strong>ut</strong></span> <span class='ocrx_word' id='word_1_673' title='bbox 2617 4552 2798 4607; x_wconf 85' lang='lat' dir='ltr'><strong>littera</strong></span> <span class='ocrx_word' id='word_1_674' title='bbox 2834 4567 3023 4607; x_wconf 89' lang='lat' dir='ltr'><strong>eorum</strong></span> <span class='ocrx_word' id='word_1_675' title='bbox 3071 4569 3515 4621; x_wconf 75' lang='lat' dir='ltr'><strong>conservaretur.</strong></span> <span class='ocrx_word' id='word_1_676' title='bbox 3567 4572 3623 4616; x_wconf 83' lang='lat' dir='ltr'><strong>et</strong></span> 
     </span>
    </p>
   </div>
   <div class='ocr_carea' id='block_1_91' title="bbox 361 4644 1936 4719">
    <p class='ocr_par' dir='ltr' id='par_1_91' title="bbox 361 4644 1936 4719">
     <span class='ocr_line' id='line_1_91' title="bbox 361 4644 1936 4719; baseline 0 -19"><span class='ocrx_word' id='word_1_677' title='bbox 361 4648 519 4714; x_wconf 89' lang='lat' dir='ltr'><strong>dans,</strong></span> <span class='ocrx_word' id='word_1_678' title='bbox 567 4664 666 4718; x_wconf 89' lang='lat' dir='ltr'><strong>per</strong></span> <span class='ocrx_word' id='word_1_679' title='bbox 699 4664 839 4719; x_wconf 87' lang='lat' dir='ltr'><strong>quas</strong></span> <span class='ocrx_word' id='word_1_680' title='bbox 882 4657 1086 4706; x_wconf 66' lang='lat' dir='ltr'><strong>interna</strong></span> <span class='ocrx_word' id='word_1_681' title='bbox 1118 4647 1226 4702; x_wconf 81' lang='lat' dir='ltr'><strong>vita</strong></span> <span class='ocrx_word' id='word_1_682' title='bbox 1273 4644 1589 4701; x_wconf 88' lang='lat' dir='ltr'><strong>hominibus</strong></span> <span class='ocrx_word' id='word_1_683' title='bbox 1624 4655 1936 4717; x_wconf 60' lang='lat' dir='ltr'><strong>praestatur.</strong></span> 
     </span>
    </p>
   </div>
   <div class='ocr_carea' id='block_1_92' title="bbox 362 4736 1938 4810">
    <p class='ocr_par' dir='ltr' id='par_1_92' title="bbox 362 4736 1938 4810">
     <span class='ocr_line' id='line_1_92' title="bbox 362 4736 1938 4810; baseline -0.001 -16"><span class='ocrx_word' id='word_1_684' title='bbox 362 4739 469 4795; x_wconf 76' lang='lat' dir='ltr'><strong>Sed</strong></span> <span class='ocrx_word' id='word_1_685' title='bbox 504 4741 672 4808; x_wconf 73' lang='lat' dir='ltr'><strong>qurcri</strong></span> <span class='ocrx_word' id='word_1_686' title='bbox 716 4739 1149 4810; x_wconf 86' lang='lat' dir='ltr'><strong>pertractarique</strong></span> <span class='ocrx_word' id='word_1_687' title='bbox 1200 4736 1426 4808; x_wconf 79' lang='lat' dir='ltr'><strong>dignum</strong></span> <span class='ocrx_word' id='word_1_688' title='bbox 1458 4744 1544 4791; x_wconf 90' lang='lat' dir='ltr'><strong>est</strong></span> <span class='ocrx_word' id='word_1_689' title='bbox 1611 4752 1709 4792; x_wconf 91' lang='lat' dir='ltr'><strong>cur</strong></span> <span class='ocrx_word' id='word_1_690' title='bbox 1738 4736 1794 4793; x_wconf 87' lang='lat' dir='ltr'><strong>in</strong></span> <span class='ocrx_word' id='word_1_691' title='bbox 1825 4751 1938 4793; x_wconf 93' lang='lat' dir='ltr'><strong>uno</strong></span> 
     </span>
    </p>
   </div>
   <div class='ocr_carea' id='block_1_93' title="bbox 360 4826 1936 4902">
    <p class='ocr_par' dir='ltr' id='par_1_93' title="bbox 360 4826 1936 4902">
     <span class='ocr_line' id='line_1_93' title="bbox 360 4826 1936 4902; baseline -0.003 -15"><span class='ocrx_word' id='word_1_692' title='bbox 360 4833 479 4887; x_wconf 84' lang='lat' dir='ltr'><strong>loco</strong></span> <span class='ocrx_word' id='word_1_693' title='bbox 507 4832 642 4902; x_wconf 73' lang='lat' dir='ltr'><strong>legis</strong></span> <span class='ocrx_word' id='word_1_694' title='bbox 684 4831 770 4886; x_wconf 86' lang='lat' dir='ltr'><strong>bis</strong></span> <span class='ocrx_word' id='word_1_695' title='bbox 802 4831 960 4894; x_wconf 82' lang='lat' dir='ltr'><strong>dixit,</strong></span> <span class='ocrx_word' id='word_1_696' title='bbox 1002 4830 1117 4885; x_wconf 89' lang='lat' dir='ltr'><strong>ﬁeri</strong></span> <span class='ocrx_word' id='word_1_697' title='bbox 1162 4826 1366 4898; x_wconf 88' lang='lat' dir='ltr'><strong>judicia</strong></span> <span class='ocrx_word' id='word_1_698' title='bbox 1412 4841 1531 4890; x_wconf 90' lang='lat' dir='ltr'><strong>sua,</strong></span> <span class='ocrx_word' id='word_1_699' title='bbox 1565 4836 1623 4881; x_wconf 90' lang='lat' dir='ltr'><strong>et</strong></span> <span class='ocrx_word' id='word_1_700' title='bbox 1663 4837 1936 4898; x_wconf 66' lang='lat' dir='ltr'><strong>prmecpta</strong></span> 
     </span>
    </p>
   </div>
   <div class='ocr_carea' id='block_1_94' title="bbox 358 4910 1935 4987">
    <p class='ocr_par' dir='ltr' id='par_1_94' title="bbox 358 4910 1935 4987">
     <span class='ocr_line' id='line_1_94' title="bbox 358 4910 1935 4987; baseline -0.004 -8"><span class='ocrx_word' id='word_1_701' title='bbox 358 4938 457 4981; x_wconf 83' lang='lat' dir='ltr'><strong>sua</strong></span> <span class='ocrx_word' id='word_1_702' title='bbox 513 4910 820 4980; x_wconf 69' lang='lat' dir='ltr'><strong>Custodiri‘l</strong></span> <span class='ocrx_word' id='word_1_703' title='bbox 872 4920 969 4976; x_wconf 79' lang='lat' dir='ltr'><strong>Vel</strong></span> <span class='ocrx_word' id='word_1_704' title='bbox 1022 4935 1120 4975; x_wconf 88' lang='lat' dir='ltr'><strong>cur</strong></span> <span class='ocrx_word' id='word_1_705' title='bbox 1170 4916 1259 4973; x_wconf 90' lang='lat' dir='ltr'><strong>bis</strong></span> <span class='ocrx_word' id='word_1_706' title='bbox 1307 4914 1475 4984; x_wconf 90' lang='lat' dir='ltr'><strong>dicat,</strong></span> <span class='ocrx_word' id='word_1_707' title='bbox 1515 4916 1632 4987; x_wconf 83' lang='lat' dir='ltr'><strong>Ego</strong></span> <span class='ocrx_word' id='word_1_708' title='bbox 1670 4916 1935 4973; x_wconf 90' lang='lat' dir='ltr'><strong>Dominus</strong></span> 
     </span>
    </p>
   </div>
   <div class='ocr_carea' id='block_1_95' title="bbox 358 5007 1932 5073">
    <p class='ocr_par' dir='ltr' id='par_1_95' title="bbox 358 5007 1932 5073">
     <span class='ocr_line' id='line_1_95' title="bbox 358 5007 1932 5073; baseline -0.004 -4"><span class='ocrx_word' id='word_1_709' title='bbox 358 5015 541 5073; x_wconf 79' lang='lat' dir='ltr'><strong>Deus?</strong></span> <span class='ocrx_word' id='word_1_710' title='bbox 568 5015 807 5071; x_wconf 85' lang='lat' dir='ltr'><strong>Putasne</strong></span> <span class='ocrx_word' id='word_1_711' title='bbox 829 5012 1018 5069; x_wconf 84' lang='lat' dir='ltr'><strong>eadem</strong></span> <span class='ocrx_word' id='word_1_712' title='bbox 1038 5008 1331 5066; x_wconf 80' lang='lat' dir='ltr'><strong>iterando?</strong></span> <span class='ocrx_word' id='word_1_713' title='bbox 1356 5007 1679 5063; x_wconf 85' lang='lat' dir='ltr'><strong>Nullatenus</strong></span> <span class='ocrx_word' id='word_1_714' title='bbox 1702 5025 1715 5062; x_wconf 89' lang='lat'><strong>:</strong></span> <span class='ocrx_word' id='word_1_715' title='bbox 1748 5008 1932 5063; x_wconf 84' lang='lat' dir='ltr'><strong>brevis</strong></span> 
     </span>
    </p>
   </div>
   <div class='ocr_carea' id='block_1_96' title="bbox 353 5101 1928 5172">
    <p class='ocr_par' dir='ltr' id='par_1_96' title="bbox 353 5101 1928 5172">
     <span class='ocr_line' id='line_1_96' title="bbox 353 5101 1928 5172; baseline -0.004 -9"><span class='ocrx_word' id='word_1_716' title='bbox 353 5114 441 5163; x_wconf 86' lang='lat' dir='ltr'><strong>est</strong></span> <span class='ocrx_word' id='word_1_717' title='bbox 490 5108 639 5163; x_wconf 86' lang='lat' dir='ltr'><strong>enim</strong></span> <span class='ocrx_word' id='word_1_718' title='bbox 677 5106 857 5161; x_wconf 86' lang='lat' dir='ltr'><strong>omnis</strong></span> <span class='ocrx_word' id='word_1_719' title='bbox 884 5103 1064 5160; x_wconf 87' lang='lat' dir='ltr'><strong>divina</strong></span> <span class='ocrx_word' id='word_1_720' title='bbox 1112 5101 1425 5172; x_wconf 88' lang='lat' dir='ltr'><strong>Scriptura;</strong></span> <span class='ocrx_word' id='word_1_721' title='bbox 1464 5101 1699 5156; x_wconf 84' lang='lat' dir='ltr'><strong>maxime</strong></span> <span class='ocrx_word' id='word_1_722' title='bbox 1747 5108 1928 5156; x_wconf 77' lang='lat' dir='ltr'><strong>tamen</strong></span> 
     </span>
    </p>
   </div>
   <div class='ocr_carea' id='block_1_97' title="bbox 352 5187 1929 5266">
    <p class='ocr_par' dir='ltr' id='par_1_97' title="bbox 352 5187 1929 5266">
     <span class='ocr_line' id='line_1_97' title="bbox 352 5187 1929 5266; baseline -0.003 -16"><span class='ocrx_word' id='word_1_723' title='bbox 352 5194 758 5266; x_wconf 73' lang='lat' dir='ltr'><strong>hiclegislator.</strong></span> <span class='ocrx_word' id='word_1_724' title='bbox 792 5194 932 5249; x_wconf 90' lang='lat' dir='ltr'><strong>sicut</strong></span> <span class='ocrx_word' id='word_1_725' title='bbox 957 5192 1048 5265; x_wconf 90' lang='lat' dir='ltr'><strong>qui</strong></span> <span class='ocrx_word' id='word_1_726' title='bbox 1078 5192 1245 5246; x_wconf 89' lang='lat' dir='ltr'><strong>multa</strong></span> <span class='ocrx_word' id='word_1_727' title='bbox 1275 5190 1523 5244; x_wconf 91' lang='lat' dir='ltr'><strong>dicturus</strong></span> <span class='ocrx_word' id='word_1_728' title='bbox 1551 5198 1689 5252; x_wconf 88' lang='lat' dir='ltr'><strong>erat,</strong></span> <span class='ocrx_word' id='word_1_729' title='bbox 1719 5187 1823 5243; x_wconf 82' lang='lat' dir='ltr'><strong>fuit</strong></span> <span class='ocrx_word' id='word_1_730' title='bbox 1859 5188 1929 5245; x_wconf 90' lang='lat' dir='ltr'><strong>de</strong></span> 
     </span>
    </p>
   </div>
   <div class='ocr_carea' id='block_1_98' title="bbox 351 5281 1923 5353">
    <p class='ocr_par' dir='ltr' id='par_1_98' title="bbox 351 5281 1923 5353">
     <span class='ocr_line' id='line_1_98' title="bbox 351 5281 1923 5353; baseline -0.005 -10"><span class='ocrx_word' id='word_1_731' title='bbox 351 5287 619 5343; x_wconf 80' lang='lat' dir='ltr'><strong>brevitate</strong></span> <span class='ocrx_word' id='word_1_732' title='bbox 670 5285 991 5345; x_wconf 88' lang='lat' dir='ltr'><strong>sollicitus:</strong></span> <span class='ocrx_word' id='word_1_733' title='bbox 1037 5282 1161 5353; x_wconf 90' lang='lat' dir='ltr'><strong>quia</strong></span> <span class='ocrx_word' id='word_1_734' title='bbox 1205 5281 1313 5336; x_wconf 92' lang='lat' dir='ltr'><strong>duo</strong></span> <span class='ocrx_word' id='word_1_735' title='bbox 1370 5290 1497 5334; x_wconf 92' lang='lat' dir='ltr'><strong>sunt</strong></span> <span class='ocrx_word' id='word_1_736' title='bbox 1555 5286 1877 5336; x_wconf 90' lang='lat' dir='ltr'><strong>testamenta</strong></span> <span class='ocrx_word' id='word_1_737' title='bbox 1908 5324 1923 5349; x_wconf 90' lang='lat'><strong>,</strong></span> 
     </span>
    </p>
   </div>
   <div class='ocr_carea' id='block_1_99' title="bbox 349 5372 1921 5442">
    <p class='ocr_par' dir='ltr' id='par_1_99' title="bbox 349 5372 1921 5442">
     <span class='ocr_line' id='line_1_99' title="bbox 349 5372 1921 5442; baseline -0.004 -9"><span class='ocrx_word' id='word_1_738' title='bbox 349 5377 522 5436; x_wconf 74' lang='lat' dir='ltr'><strong>Vetus</strong></span> <span class='ocrx_word' id='word_1_739' title='bbox 550 5388 602 5435; x_wconf 89' lang='lat' dir='ltr'><strong>et</strong></span> <span class='ocrx_word' id='word_1_740' title='bbox 645 5378 882 5442; x_wconf 79' lang='lat' dir='ltr'><strong>Novum,</strong></span> <span class='ocrx_word' id='word_1_741' title='bbox 916 5374 1064 5430; x_wconf 90' lang='lat' dir='ltr'><strong>unde</strong></span> <span class='ocrx_word' id='word_1_742' title='bbox 1093 5382 1148 5429; x_wconf 89' lang='lat' dir='ltr'><strong>et</strong></span> <span class='ocrx_word' id='word_1_743' title='bbox 1209 5373 1327 5442; x_wconf 88' lang='lat' dir='ltr'><strong>ipse</strong></span> <span class='ocrx_word' id='word_1_744' title='bbox 1363 5385 1463 5442; x_wconf 90' lang='lat' dir='ltr'><strong>per</strong></span> <span class='ocrx_word' id='word_1_745' title='bbox 1500 5372 1794 5427; x_wconf 79' lang='lat' dir='ltr'><strong>leremiam</strong></span> <span class='ocrx_word' id='word_1_746' title='bbox 1833 5373 1921 5427; x_wconf 78' lang='lat' dir='ltr'><strong>dl-</strong></span> 
     </span>
    </p>
   </div>
   <div class='ocr_carea' id='block_1_100' title="bbox 346 5468 1922 5527">
    <p class='ocr_par' dir='ltr' id='par_1_100' title="bbox 346 5468 1922 5527">
     <span class='ocr_line' id='line_1_100' title="bbox 346 5468 1922 5527; baseline -0.004 -2"><span class='ocrx_word' id='word_1_747' title='bbox 346 5473 465 5527; x_wconf 81' lang='lat' dir='ltr'><strong>xit:</strong></span> <span class='ocrx_word' id='word_1_748' title='bbox 500 5472 648 5527; x_wconf 87' lang='lat' dir='ltr'><strong>Dabo</strong></span> <span class='ocrx_word' id='word_1_749' title='bbox 681 5471 820 5525; x_wconf 86' lang='lat' dir='ltr'><strong>vobis</strong></span> <span class='ocrx_word' id='word_1_750' title='bbox 852 5476 1219 5524; x_wconf 86' lang='lat' dir='ltr'><strong>testamentum</strong></span> <span class='ocrx_word' id='word_1_751' title='bbox 1267 5481 1475 5526; x_wconf 90' lang='lat' dir='ltr'><strong>novum,</strong></span> <span class='ocrx_word' id='word_1_752' title='bbox 1508 5482 1611 5519; x_wconf 84' lang='lat' dir='ltr'><strong>non</strong></span> <span class='ocrx_word' id='word_1_753' title='bbox 1637 5468 1922 5519; x_wconf 81' lang='lat' dir='ltr'><strong>secundum</strong></span> 
     </span>
    </p>
   </div>
   <div class='ocr_carea' id='block_1_101' title="bbox 344 5555 1926 5630">
    <p class='ocr_par' dir='ltr' id='par_1_101' title="bbox 344 5555 1926 5630">
     <span class='ocr_line' id='line_1_101' title="bbox 344 5555 1926 5630; baseline -0.005 -14"><span class='ocrx_word' id='word_1_754' title='bbox 344 5572 719 5623; x_wconf 72' lang='lat' dir='ltr'><strong>testamentum</strong></span> <span class='ocrx_word' id='word_1_755' title='bbox 786 5559 923 5630; x_wconf 83' lang='lat' dir='ltr'><strong>quod</strong></span> <span class='ocrx_word' id='word_1_756' title='bbox 963 5557 1082 5611; x_wconf 83' lang='lat' dir='ltr'><strong>dedi</strong></span> <span class='ocrx_word' id='word_1_757' title='bbox 1129 5555 1365 5625; x_wconf 78' lang='lat' dir='ltr'><strong>patribus</strong></span> <span class='ocrx_word' id='word_1_758' title='bbox 1400 5557 1600 5615; x_wconf 84' lang='lat' dir='ltr'><strong>vestris,</strong></span> <span class='ocrx_word' id='word_1_759' title='bbox 1630 5556 1684 5608; x_wconf 80' lang='lat' dir='ltr'><strong>in</strong></span> <span class='ocrx_word' id='word_1_760' title='bbox 1712 5556 1795 5609; x_wconf 78' lang='lat' dir='ltr'><strong>die</strong></span> <span class='ocrx_word' id='word_1_761' title='bbox 1822 5571 1926 5623; x_wconf 83' lang='lat' dir='ltr'><strong>qua</strong></span> 
     </span>
    </p>
   </div>
   <div class='ocr_carea' id='block_1_102' title="bbox 343 5648 1921 5727">
    <p class='ocr_par' dir='ltr' id='par_1_102' title="bbox 343 5648 1921 5727">
     <span class='ocr_line' id='line_1_102' title="bbox 343 5648 1921 5727; baseline -0.004 -17"><span class='ocrx_word' id='word_1_762' title='bbox 343 5656 669 5727; x_wconf 84' lang='lat' dir='ltr'><strong>apprehendi</strong></span> <span class='ocrx_word' id='word_1_763' title='bbox 699 5669 913 5708; x_wconf 84' lang='lat' dir='ltr'><strong>manum</strong></span> <span class='ocrx_word' id='word_1_764' title='bbox 937 5667 1136 5714; x_wconf 85' lang='lat' dir='ltr'><strong>eorum,</strong></span> <span class='ocrx_word' id='word_1_765' title='bbox 1170 5657 1223 5703; x_wconf 88' lang='lat' dir='ltr'><strong>ut</strong></span> <span class='ocrx_word' id='word_1_766' title='bbox 1253 5648 1519 5702; x_wconf 82' lang='lat' dir='ltr'><strong>educerem</strong></span> <span class='ocrx_word' id='word_1_767' title='bbox 1546 5648 1662 5701; x_wconf 82' lang='lat' dir='ltr'><strong>illos</strong></span> <span class='ocrx_word' id='word_1_768' title='bbox 1687 5649 1749 5702; x_wconf 83' lang='lat' dir='ltr'><strong>de</strong></span> <span class='ocrx_word' id='word_1_769' title='bbox 1780 5658 1921 5703; x_wconf 77' lang='lat' dir='ltr'><strong>terra</strong></span> 
     </span>
    </p>
   </div>
   <div class='ocr_carea' id='block_1_103' title="bbox 415 5790 1684 5862">
    <p class='ocr_par' dir='ltr' id='par_1_103' title="bbox 415 5790 1684 5862">
     <span class='ocr_line' id='line_1_103' title="bbox 415 5790 1684 5862; baseline -0.007 -7"><span class='ocrx_word' id='word_1_770' title='bbox 415 5803 457 5836; x_wconf 78' lang='grc'><strong><em>⁸³</em></strong></span> <span class='ocrx_word' id='word_1_771' title='bbox 493 5798 831 5862; x_wconf 55' lang='grc' dir='ltr'><strong>ΕκοοὶιΑἰιι,</strong></span> <span class='ocrx_word' id='word_1_772' title='bbox 867 5795 953 5849; x_wconf 78' lang='lat' dir='ltr'><strong>l5.</strong></span> <span class='ocrx_word' id='word_1_773' title='bbox 1059 5796 1101 5827; x_wconf 79' lang='grc'>³³</span> <span class='ocrx_word' id='word_1_774' title='bbox 1139 5793 1291 5847; x_wconf 81' lang='lat' dir='ltr'><strong>Deut.</strong></span> <span class='ocrx_word' id='word_1_775' title='bbox 1335 5809 1482 5857; x_wconf 78' lang='lat' dir='ltr'><strong>xrtu,</strong></span> <span class='ocrx_word' id='word_1_776' title='bbox 1528 5790 1684 5846; x_wconf 64' lang='lat' dir='ltr'><strong>D-li.</strong></span> 
     </span>
    </p>
   </div>
   <div class='ocr_carea' id='block_1_104' title="bbox 344 5873 556 5938">
    <p class='ocr_par' dir='ltr' id='par_1_104' title="bbox 344 5873 556 5938">
     <span class='ocr_line' id='line_1_104' title="bbox 344 5873 556 5938; baseline 0.005 -13"><span class='ocrx_word' id='word_1_777' title='bbox 344 5873 432 5938; x_wconf 76' lang='lat'><strong>39,</strong></span> <span class='ocrx_word' id='word_1_778' title='bbox 467 5873 556 5926; x_wconf 68' lang='lat' dir='ltr'><strong>to.</strong></span> 
     </span>
    </p>
   </div>
   <div class='ocr_carea' id='block_1_105' title="bbox 1795 5789 2299 5857">
    <p class='ocr_par' dir='ltr' id='par_1_105' title="bbox 1795 5789 2299 5857">
     <span class='ocr_line' id='line_1_105' title="bbox 1795 5789 2299 5857; baseline -0.006 -13"><span class='ocrx_word' id='word_1_779' title='bbox 1795 5791 1837 5823; x_wconf 74' lang='grc' dir='ltr'>υ</span> <span class='ocrx_word' id='word_1_780' title='bbox 1864 5789 1906 5844; x_wconf 88' lang='lat' dir='ltr'><strong>u</strong></span> <span class='ocrx_word' id='word_1_781' title='bbox 1929 5789 2055 5846; x_wconf 75' lang='lat' dir='ltr'><strong>Cor.</strong></span> <span class='ocrx_word' id='word_1_782' title='bbox 2102 5806 2176 5857; x_wconf 70' lang='grc' dir='ltr'><strong>νε,</strong></span> <span class='ocrx_word' id='word_1_783' title='bbox 2216 5790 2299 5844; x_wconf 74' lang='lat' dir='ltr'><strong>it.</strong></span> 
     </span>
    </p>
   </div>
   <div class='ocr_carea' id='block_1_106' title="bbox 2041 4639 3619 4711">
    <p class='ocr_par' dir='ltr' id='par_1_106' title="bbox 2041 4639 3619 4711">
     <span class='ocr_line' id='line_1_106' title="bbox 2041 4639 3619 4711; baseline 0.006 -16"><span class='ocrx_word' id='word_1_784' title='bbox 2041 4640 2299 4711; x_wconf 87' lang='lat' dir='ltr'><strong>spiritalis</strong></span> <span class='ocrx_word' id='word_1_785' title='bbox 2340 4640 2672 4698; x_wconf 82' lang='lat' dir='ltr'><strong>intellectus.</strong></span> <span class='ocrx_word' id='word_1_786' title='bbox 2716 4639 2871 4698; x_wconf 88' lang='lat' dir='ltr'><strong>Unde</strong></span> <span class='ocrx_word' id='word_1_787' title='bbox 2899 4656 3084 4700; x_wconf 91' lang='lat' dir='ltr'><strong>nostra</strong></span> <span class='ocrx_word' id='word_1_788' title='bbox 3124 4648 3415 4703; x_wconf 86' lang='lat' dir='ltr'><strong>translatio</strong></span> <span class='ocrx_word' id='word_1_789' title='bbox 3440 4649 3619 4705; x_wconf 86' lang='lat' dir='ltr'><strong>dicit:</strong></span> 
     </span>
    </p>
   </div>
   <div class='ocr_carea' id='block_1_107' title="bbox 2040 4730 3620 4808">
    <p class='ocr_par' dir='ltr' id='par_1_107' title="bbox 2040 4730 3620 4808">
     <span class='ocr_line' id='line_1_107' title="bbox 2040 4730 3620 4808; baseline 0.005 -23"><span class='ocrx_word' id='word_1_790' title='bbox 2040 4730 2232 4787; x_wconf 88' lang='lat' dir='ltr'><strong>Omnis</strong></span> <span class='ocrx_word' id='word_1_791' title='bbox 2260 4733 2424 4789; x_wconf 87' lang='lat' dir='ltr'><strong>homo</strong></span> <span class='ocrx_word' id='word_1_792' title='bbox 2449 4734 2516 4789; x_wconf 88' lang='lat' dir='ltr'><strong>ad</strong></span> <span class='ocrx_word' id='word_1_793' title='bbox 2539 4733 2842 4805; x_wconf 78' lang='lat' dir='ltr'><strong>proximam</strong></span> <span class='ocrx_word' id='word_1_794' title='bbox 2887 4736 3174 4808; x_wconf 76' lang='lat' dir='ltr'><strong>sanguinis</strong></span> <span class='ocrx_word' id='word_1_795' title='bbox 3201 4740 3288 4793; x_wconf 90' lang='lat' dir='ltr'><strong>sui</strong></span> <span class='ocrx_word' id='word_1_796' title='bbox 3324 4754 3436 4793; x_wconf 89' lang='lat' dir='ltr'><strong>non</strong></span> <span class='ocrx_word' id='word_1_797' title='bbox 3456 4754 3620 4793; x_wconf 76' lang='lat' dir='ltr'><strong>acce-</strong></span> 
     </span>
    </p>
   </div>
   <div class='ocr_carea' id='block_1_108' title="bbox 2036 4818 3620 4896">
    <p class='ocr_par' dir='ltr' id='par_1_108' title="bbox 2036 4818 3620 4896">
     <span class='ocr_line' id='line_1_108' title="bbox 2036 4818 3620 4896; baseline 0.004 -22"><span class='ocrx_word' id='word_1_798' title='bbox 2036 4818 2150 4888; x_wconf 89' lang='lat' dir='ltr'><strong>det,</strong></span> <span class='ocrx_word' id='word_1_799' title='bbox 2202 4830 2265 4876; x_wconf 91' lang='lat' dir='ltr'><strong>ut</strong></span> <span class='ocrx_word' id='word_1_800' title='bbox 2321 4824 2525 4880; x_wconf 85' lang='lat' dir='ltr'><strong>revelet</strong></span> <span class='ocrx_word' id='word_1_801' title='bbox 2580 4823 2978 4892; x_wconf 88' lang='lat' dir='ltr'><strong>turpitudinem</strong></span> <span class='ocrx_word' id='word_1_802' title='bbox 3032 4825 3175 4894; x_wconf 85' lang='lat' dir='ltr'><strong>ejus.</strong></span> <span class='ocrx_word' id='word_1_803' title='bbox 3258 4826 3620 4896; x_wconf 70' lang='lat' dir='ltr'><strong>Septuaginta</strong></span> 
     </span>
    </p>
   </div>
   <div class='ocr_carea' id='block_1_109' title="bbox 2033 4913 3618 4979">
    <p class='ocr_par' dir='ltr' id='par_1_109' title="bbox 2033 4913 3618 4979">
     <span class='ocr_line' id='line_1_109' title="bbox 2033 4913 3618 4979; baseline 0.004 -13"><span class='ocrx_word' id='word_1_804' title='bbox 2033 4913 2241 4967; x_wconf 88' lang='lat' dir='ltr'><strong>edunt:</strong></span> <span class='ocrx_word' id='word_1_805' title='bbox 2275 4913 2462 4979; x_wconf 79' lang='lat' dir='ltr'><strong>Homo,</strong></span> <span class='ocrx_word' id='word_1_806' title='bbox 2523 4917 2675 4970; x_wconf 81' lang='lat' dir='ltr'><strong>homo</strong></span> <span class='ocrx_word' id='word_1_807' title='bbox 2713 4917 2786 4971; x_wconf 87' lang='lat' dir='ltr'><strong>ad</strong></span> <span class='ocrx_word' id='word_1_808' title='bbox 2819 4933 3026 4971; x_wconf 83' lang='lat' dir='ltr'><strong>omnem</strong></span> <span class='ocrx_word' id='word_1_809' title='bbox 3058 4920 3409 4971; x_wconf 82' lang='lat' dir='ltr'><strong>domesticam</strong></span> <span class='ocrx_word' id='word_1_810' title='bbox 3435 4920 3618 4973; x_wconf 84' lang='lat' dir='ltr'><strong>carnis</strong></span> 
     </span>
    </p>
   </div>
   <div class='ocr_carea' id='block_1_110' title="bbox 2034 5001 3615 5078">
    <p class='ocr_par' dir='ltr' id='par_1_110' title="bbox 2034 5001 3615 5078">
     <span class='ocr_line' id='line_1_110' title="bbox 2034 5001 3615 5078; baseline 0.004 -22"><span class='ocrx_word' id='word_1_811' title='bbox 2034 5001 2198 5070; x_wconf 84' lang='lat' dir='ltr'><strong>ipsius</strong></span> <span class='ocrx_word' id='word_1_812' title='bbox 2244 5020 2347 5059; x_wconf 89' lang='lat' dir='ltr'><strong>non</strong></span> <span class='ocrx_word' id='word_1_813' title='bbox 2392 5008 2621 5070; x_wconf 82' lang='lat' dir='ltr'><strong>accedet,</strong></span> <span class='ocrx_word' id='word_1_814' title='bbox 2672 5015 2732 5061; x_wconf 88' lang='lat' dir='ltr'><strong>ut</strong></span> <span class='ocrx_word' id='word_1_815' title='bbox 2771 5008 2984 5078; x_wconf 81' lang='lat' dir='ltr'><strong>aperiat</strong></span> <span class='ocrx_word' id='word_1_816' title='bbox 3028 5010 3430 5077; x_wconf 83' lang='lat' dir='ltr'><strong>turpitudinem.</strong></span> <span class='ocrx_word' id='word_1_817' title='bbox 3478 5008 3615 5063; x_wconf 86' lang='lat' dir='ltr'><strong>Pro-</strong></span> 
     </span>
    </p>
   </div>
   <div class='ocr_carea' id='block_1_111' title="bbox 2032 5097 3615 5169">
    <p class='ocr_par' dir='ltr' id='par_1_111' title="bbox 2032 5097 3615 5169">
     <span class='ocr_line' id='line_1_111' title="bbox 2032 5097 3615 5169; baseline 0.004 -21"><span class='ocrx_word' id='word_1_818' title='bbox 2032 5105 2221 5162; x_wconf 88' lang='lat' dir='ltr'><strong>pterea</strong></span> <span class='ocrx_word' id='word_1_819' title='bbox 2249 5097 2490 5153; x_wconf 87' lang='lat' dir='ltr'><strong>secundo</strong></span> <span class='ocrx_word' id='word_1_820' title='bbox 2530 5098 2798 5166; x_wconf 87' lang='lat' dir='ltr'><strong>dicentes,</strong></span> <span class='ocrx_word' id='word_1_821' title='bbox 2845 5099 3000 5154; x_wconf 82' lang='lat' dir='ltr'><strong>homo</strong></span> <span class='ocrx_word' id='word_1_822' title='bbox 3026 5099 3201 5160; x_wconf 78' lang='lat' dir='ltr'><strong>homo,</strong></span> <span class='ocrx_word' id='word_1_823' title='bbox 3246 5108 3309 5152; x_wconf 87' lang='lat' dir='ltr'><strong>ut</strong></span> <span class='ocrx_word' id='word_1_824' title='bbox 3345 5101 3615 5169; x_wconf 77' lang='lat' dir='ltr'><strong>qtiemad-</strong></span> 
     </span>
    </p>
   </div>
   <div class='ocr_carea' id='block_1_112' title="bbox 2031 5187 3612 5261">
    <p class='ocr_par' dir='ltr' id='par_1_112' title="bbox 2031 5187 3612 5261">
     <span class='ocr_line' id='line_1_112' title="bbox 2031 5187 3612 5261; baseline 0.004 -20"><span class='ocrx_word' id='word_1_825' title='bbox 2031 5187 2249 5242; x_wconf 89' lang='lat' dir='ltr'><strong>modum</strong></span> <span class='ocrx_word' id='word_1_826' title='bbox 2304 5196 2388 5242; x_wconf 86' lang='lat' dir='ltr'><strong>est</strong></span> <span class='ocrx_word' id='word_1_827' title='bbox 2444 5190 2610 5244; x_wconf 86' lang='lat' dir='ltr'><strong>homo</strong></span> <span class='ocrx_word' id='word_1_828' title='bbox 2659 5190 2881 5261; x_wconf 82' lang='lat' dir='ltr'><strong>duplex,</strong></span> <span class='ocrx_word' id='word_1_829' title='bbox 2926 5190 3005 5245; x_wconf 91' lang='lat' dir='ltr'><strong>sic</strong></span> <span class='ocrx_word' id='word_1_830' title='bbox 3045 5189 3422 5259; x_wconf 72' lang='lat' dir='ltr'><strong>intelligantur</strong></span> <span class='ocrx_word' id='word_1_831' title='bbox 3461 5200 3518 5247; x_wconf 89' lang='lat' dir='ltr'><strong>et</strong></span> <span class='ocrx_word' id='word_1_832' title='bbox 3546 5208 3612 5248; x_wconf 84' lang='lat' dir='ltr'><strong>ea</strong></span> 
     </span>
    </p>
   </div>
   <div class='ocr_carea' id='block_1_113' title="bbox 2026 5278 3611 5352">
    <p class='ocr_par' dir='ltr' id='par_1_113' title="bbox 2026 5278 3611 5352">
     <span class='ocr_line' id='line_1_113' title="bbox 2026 5278 3611 5352; baseline 0.007 -21"><span class='ocrx_word' id='word_1_833' title='bbox 2026 5293 2150 5348; x_wconf 81' lang='lat' dir='ltr'><strong>quae</strong></span> <span class='ocrx_word' id='word_1_834' title='bbox 2178 5278 2508 5333; x_wconf 76' lang='lat' dir='ltr'><strong>sanciuntur‘</strong></span> <span class='ocrx_word' id='word_1_835' title='bbox 2524 5295 2645 5335; x_wconf 88' lang='lat' dir='ltr'><strong>esse</strong></span> <span class='ocrx_word' id='word_1_836' title='bbox 2668 5280 2903 5346; x_wconf 87' lang='lat' dir='ltr'><strong>duplicia</strong></span> <span class='ocrx_word' id='word_1_837' title='bbox 2929 5323 2944 5347; x_wconf 92' lang='lat'><strong>,</strong></span> <span class='ocrx_word' id='word_1_838' title='bbox 2975 5290 3342 5352; x_wconf 82' lang='lat' dir='ltr'><strong>oportereque</strong></span> <span class='ocrx_word' id='word_1_839' title='bbox 3372 5294 3428 5341; x_wconf 87' lang='lat' dir='ltr'><strong>et</strong></span> <span class='ocrx_word' id='word_1_840' title='bbox 3454 5296 3611 5342; x_wconf 72' lang='lat' dir='ltr'><strong>exte~</strong></span> 
     </span>
    </p>
   </div>
   <div class='ocr_carea' id='block_1_114' title="bbox 2029 5370 3608 5441">
    <p class='ocr_par' dir='ltr' id='par_1_114' title="bbox 2029 5370 3608 5441">
     <span class='ocr_line' id='line_1_114' title="bbox 2029 5370 3608 5441; baseline 0.005 -16"><span class='ocrx_word' id='word_1_841' title='bbox 2029 5371 2226 5426; x_wconf 85' lang='lat' dir='ltr'><strong>riorem</strong></span> <span class='ocrx_word' id='word_1_842' title='bbox 2256 5386 2446 5426; x_wconf 86' lang='lat' dir='ltr'><strong>eorum</strong></span> <span class='ocrx_word' id='word_1_843' title='bbox 2480 5370 2695 5433; x_wconf 77' lang='lat' dir='ltr'><strong>faciem,</strong></span> <span class='ocrx_word' id='word_1_844' title='bbox 2729 5380 2785 5425; x_wconf 85' lang='lat' dir='ltr'><strong>et</strong></span> <span class='ocrx_word' id='word_1_845' title='bbox 2815 5371 3133 5426; x_wconf 86' lang='lat' dir='ltr'><strong>interiorem</strong></span> <span class='ocrx_word' id='word_1_846' title='bbox 3167 5387 3359 5429; x_wconf 87' lang='lat' dir='ltr'><strong>eorum</strong></span> <span class='ocrx_word' id='word_1_847' title='bbox 3384 5373 3608 5441; x_wconf 72' lang='lat' dir='ltr'><strong>faciem.</strong></span> 
     </span>
    </p>
   </div>
   <div class='ocr_carea' id='block_1_115' title="bbox 2030 5463 3607 5541">
    <p class='ocr_par' dir='ltr' id='par_1_115' title="bbox 2030 5463 3607 5541">
     <span class='ocr_line' id='line_1_115' title="bbox 2030 5463 3607 5541; baseline 0.004 -22"><span class='ocrx_word' id='word_1_848' title='bbox 2030 5473 2086 5519; x_wconf 92' lang='lat' dir='ltr'><strong>et</strong></span> <span class='ocrx_word' id='word_1_849' title='bbox 2112 5464 2428 5519; x_wconf 87' lang='lat' dir='ltr'><strong>interiorem</strong></span> <span class='ocrx_word' id='word_1_850' title='bbox 2453 5463 2971 5531; x_wconf 85' lang='lat' dir='ltr'><strong>contemplationem</strong></span> <span class='ocrx_word' id='word_1_851' title='bbox 2993 5464 3293 5528; x_wconf 85' lang='lat' dir='ltr'><strong>custodire,</strong></span> <span class='ocrx_word' id='word_1_852' title='bbox 3327 5477 3389 5523; x_wconf 86' lang='lat' dir='ltr'><strong>ut</strong></span> <span class='ocrx_word' id='word_1_853' title='bbox 3409 5483 3607 5541; x_wconf 76' lang='lat' dir='ltr'><strong>magna</strong></span> 
     </span>
    </p>
   </div>
   <div class='ocr_carea' id='block_1_116' title="bbox 2032 5551 3609 5629">
    <p class='ocr_par' dir='ltr' id='par_1_116' title="bbox 2032 5551 3609 5629">
     <span class='ocr_line' id='line_1_116' title="bbox 2032 5551 3609 5629; baseline 0.003 -19"><span class='ocrx_word' id='word_1_854' title='bbox 2032 5562 2292 5625; x_wconf 86' lang='lat' dir='ltr'><strong>rectaque</strong></span> <span class='ocrx_word' id='word_1_855' title='bbox 2346 5554 2431 5609; x_wconf 87' lang='lat' dir='ltr'><strong>lex</strong></span> <span class='ocrx_word' id='word_1_856' title='bbox 2467 5551 2796 5609; x_wconf 83' lang='lat' dir='ltr'><strong>exteriorem</strong></span> <span class='ocrx_word' id='word_1_857' title='bbox 2836 5552 3265 5623; x_wconf 83' lang='lat' dir='ltr'><strong>interioremque</strong></span> <span class='ocrx_word' id='word_1_858' title='bbox 3311 5571 3609 5629; x_wconf 78' lang='lat' dir='ltr'><strong>componat</strong></span> 
     </span>
    </p>
   </div>
   <div class='ocr_carea' id='block_1_117' title="bbox 2033 5644 3606 5720">
    <p class='ocr_par' dir='ltr' id='par_1_117' title="bbox 2033 5644 3606 5720">
     <span class='ocr_line' id='line_1_117' title="bbox 2033 5644 3606 5720; baseline 0.001 -18"><span class='ocrx_word' id='word_1_859' title='bbox 2033 5648 2331 5703; x_wconf 85' lang='lat' dir='ltr'><strong>hominem.</strong></span> <span class='ocrx_word' id='word_1_860' title='bbox 2387 5645 2496 5702; x_wconf 86' lang='lat' dir='ltr'><strong>Sed</strong></span> <span class='ocrx_word' id='word_1_861' title='bbox 2550 5659 2614 5699; x_wconf 89' lang='lat' dir='ltr'><strong>ea</strong></span> <span class='ocrx_word' id='word_1_862' title='bbox 2660 5644 2881 5714; x_wconf 86' lang='lat' dir='ltr'><strong>quidem</strong></span> <span class='ocrx_word' id='word_1_863' title='bbox 2930 5660 3052 5715; x_wconf 67' lang='lat' dir='ltr'><strong>quae</strong></span> <span class='ocrx_word' id='word_1_864' title='bbox 3078 5646 3215 5701; x_wconf 77' lang='lat' dir='ltr'><strong>foris</strong></span> <span class='ocrx_word' id='word_1_865' title='bbox 3245 5656 3335 5703; x_wconf 90' lang='lat' dir='ltr'><strong>est</strong></span> <span class='ocrx_word' id='word_1_866' title='bbox 3360 5649 3499 5720; x_wconf 74' lang='lat' dir='ltr'><strong>legis</strong></span> <span class='ocrx_word' id='word_1_867' title='bbox 3522 5650 3606 5707; x_wconf 61' lang='lat' dir='ltr'><strong>fac</strong></span> 
     </span>
    </p>
   </div>
   <div class='ocr_carea' id='block_1_118' title="bbox 2416 5785 3603 5855">
    <p class='ocr_par' dir='ltr' id='par_1_118' title="bbox 2416 5785 3603 5855">
     <span class='ocr_line' id='line_1_118' title="bbox 2416 5785 3603 5855; baseline -0.004 -9"><span class='ocrx_word' id='word_1_868' title='bbox 2416 5787 2461 5819; x_wconf 73' lang='lat'><strong>&quot;‘</strong></span> <span class='ocrx_word' id='word_1_869' title='bbox 2489 5789 2691 5844; x_wconf 81' lang='lat' dir='ltr'><strong>Iercm.</strong></span> <span class='ocrx_word' id='word_1_870' title='bbox 2727 5801 2887 5853; x_wconf 58' lang='grc' dir='ltr'><strong>χχχι,</strong></span> <span class='ocrx_word' id='word_1_871' title='bbox 2930 5787 3019 5851; x_wconf 79' lang='lat' dir='ltr'><strong>3i,</strong></span> <span class='ocrx_word' id='word_1_872' title='bbox 3054 5785 3141 5842; x_wconf 72' lang='grc'><strong>52.</strong></span> <span class='ocrx_word' id='word_1_873' title='bbox 3249 5789 3295 5821; x_wconf 80' lang='grc'><strong><em>⁸⁵</em></strong></span> <span class='ocrx_word' id='word_1_874' title='bbox 3322 5788 3479 5845; x_wconf 84' lang='lat' dir='ltr'><strong>Joan.</strong></span> <span class='ocrx_word' id='word_1_875' title='bbox 3524 5804 3603 5855; x_wconf 83' lang='grc' dir='ltr'><strong>ν’,</strong></span> 
     </span>
    </p>
   </div>
  </div>
