4038 6182
438 330 569 420 toti
639 435 642 439 ῗ

1629 364 1989 427 HESYCHII
2029 370 2494 434 PRESBYTER!

3553 364 3692 433 1012

432 477 565 532 cies.
604 476 884 533 l’roxlmos
910 475 1174 547 sanguine
1202 479 1431 550 nuptiali
1465 480 1612 535 coitu
1644 483 1858 539 misceri
1892 499 2016 553 pro-
2044 493 2088 549 Α
2119 497 2201 544 ros
2260 490 2619 557 cnumemvir,
2675 505 2799 545 cum
2853 489 3161 546 carnalibus
3218 496 3273 543 ει
3315 486 3437 542 illos
3478 494 3699 555 oportet

441 564 612 629 bibet,
668 566 792 636 quia
849 574 903 619 et
954 565 1059 620 hoc
1106 567 1329 622 tenebat
1355 569 1497 638 apud
1524 579 1731 640 gentes,
1783 587 2015 641 quarum

434 669 631 714 terram
670 659 723 711 in
756 658 1129 713 hereditatem
1154 662 1315 718 Jesus
1338 663 1569 728 accepit.
1606 662 1810 720 Servus
1834 676 2014 721 autem

434 750 734 807 carnalium
780 751 1124 821 voluptatum
1169 751 1332 807 Israel
1374 763 1513 816 erat.
1552 755 1628 810 ita
1661 766 1720 811 ut
1759 756 2014 813 Moabiti-

433 857 525 897 cas
553 842 817 896 mulieres
835 841 1233 910 desiderantes,
1266 844 1605 917 Beelpbegor
1642 848 1787 903 idolo
1816 849 2011 904 immo-

432 934 630 997 larent,
663 933 811 1002 quod
848 934 917 988 ab
943 935 1076 1004 ipsis
1106 936 1391 991 colebatur
1418 938 1483 1000 η,
1516 947 1572 992 et
1605 950 1889 995 accusaret
1914 956 2010 995 eos

428 1024 588 1089 Osee,
618 1040 680 1079 ac
708 1024 917 1079 diceret
951 1026 1019 1080 de
1044 1026 1123 1081 eis
1149 1045 1163 1081 :
1222 1026 1417 1082 Omnes
1456 1029 1837 1097 adulterantes,
1867 1033 2006 1085 sicut

428 1116 663 1170 clibanus
684 1117 874 1171 ardens
892 1118 957 1171 ³⁷.
1004 1117 1071 1171 Et
1118 1117 1320 1173 iterum
1354 1118 1498 1174 Deus
1531 1120 1612 1175 sic
1639 1121 1705 1176 ad
1732 1136 1827 1176 eos
1853 1122 2006 1177 dice-

428 1217 542 1262 ret:
575 1208 696 1262 Non
720 1210 941 1264 visitabo
966 1227 1125 1281 super
1148 1210 1291 1278 [ilius
1322 1224 1541 1279 vestras,
1569 1215 1695 1267 dum
1729 1216 2006 1285 fornicata:

424 1302 639 1372 fuerint,
694 1314 745 1358 et
802 1321 959 1373 super
995 1322 1213 1373 sponsas
1269 1318 1485 1371 vestras,
1546 1325 1665 1362 cum
1691 1308 2004 1364 adulterata:

424 1398 618 1468 fuerint
636 1397 702 1463 ³⁸,
750 1398 1167 1468 quoniam'ipsi
1209 1415 1333 1454 curn
1384 1401 1765 1456 meretricibus
1813 1417 2002 1457 versa-

420 1488 642 1555 bantur,
699 1497 755 1545 et
809 1505 935 1545 cum
989 1491 1316 1547 effeminatis
1377 1494 1774 1548 sacriﬁcabant.
1814 1493 1919 1548 Sed
1949 1503 2004 1548 et

419 1580 683 1636 Jeremias
734 1582 866 1637 dicit
904 1583 974 1638 ad
1017 1593 1186 1639 totam
1230 1585 1570 1640 Jerusalem:
1620 1585 1803 1640 Facies
1832 1602 2002 1640 mere-

420 1675 567 1728 tricis
594 1677 738 1745 facta
775 1685 849 1730 est
884 1678 977 1731 tibi
994 1678 1059 1733 ³⁸.
1089 1678 1243 1733 Unde
1281 1688 1338 1734 et
1379 1680 1461 1734 eis
1498 1680 1756 1736 mulieres
1800 1680 2001 1735 multas

419 1766 667 1837 accipere
707 1779 1042 1839 praeceptum
1085 1780 1224 1836 erat,
1273 1780 1333 1826 ut
1376 1786 1476 1841 per
1527 1772 1633 1827 hoc
1695 1772 1889 1827 saltem
1930 1772 2000 1827 ab

419 1858 722 1914 alienarum
770 1861 1066 1917 mulierum
1116 1862 1599 1929 fornicationibus,
1631 1873 1687 1919 et
1715 1864 2002 1919 adulteriis

417 1951 778 2011 abstinerent.
807 1954 935 2015 Ideo
978 1971 1107 2026 ergo
1155 1970 1302 2010 nunc
1333 1956 1555 2027 longum
1604 1957 1850 2011 extendit
1880 1971 2002 2011 ser-

417 2060 658 2111 monem,
713 2054 769 2102 et
818 2058 1198 2117 generationes
1255 2065 1352 2120 per
1382 2050 1630 2105 ordinem
1659 2050 1998 2121 exsequitur,

417 2136 618 2211 quibus
662 2138 947 2204 continere
990 2154 1049 2194 se
1088 2140 1323 2195 debeant
1370 2157 1402 2195 a
1448 2143 1832 2197 commistione
1863 2157 1999 2197 con-

417 2229 657 2292 cubitus,
692 2231 1035 2301 praecipiens.
1073 2231 1145 2287 Ut
1178 2234 1495 2289 ostenderet
1526 2235 1842 2289 mandatum
1877 2250 2000 2290 esse

416 2322 813 2388 necessarium,
848 2322 992 2391 ipsas
1023 2323 1379 2393 cognationes
1409 2323 1742 2389 dinumerat,
1771 2323 1827 2377 in
1858 2337 1998 2377 enu-

417 2413 781 2467 merationem
814 2428 1032 2468 causam
1092 2415 1392 2469 sanctionis
1427 2413 1805 2482 manifestans,
1849 2415 1996 2484 quod

416 2503 623 2567 studet,
685 2514 743 2558 ut
786 2520 895 2558 non
961 2504 1369 2559 confundantur
1435 2507 1846 2577 generationes,
1896 2521 2000 2562 nec

415 2596 734 2668 dispeream
765 2594 1129 2662 hereditates,
1173 2613 1351 2666 neque
1392 2596 1555 2652 frater
1590 2605 1645 2652 et
1670 2606 1828 2667 pater
1853 2595 1995 2651 idem

417 2687 596 2755 ﬁeret,
650 2686 1010 2757 ejusdemque
1070 2696 1219 2742 esset
1269 2703 1404 2741 uxor
1431 2697 1487 2743 et
1525 2698 1719 2743 mater.
1756 2688 1998 2758 Utraque

418 2781 564 2835 enim
619 2780 735 2835 haec
775 2779 1123 2844 eveniebant,
1150 2779 1194 2834 si
1224 2780 1472 2838 eamdem
1502 2780 1727 2835 uxorem
1762 2789 1917 2851 pater
1943 2790 1999 2836 et

416 2872 562 2926 filius
592 2871 934 2936 habuissent,
981 2886 1047 2925 ex
1076 2886 1251 2941 eaque
1301 2870 1442 2927 ﬁlios
1483 2881 1889 2942 procreassent.
1917 2870 1997 2925 Ex

416 2965 530 3020 tilio
583 2964 729 3019 enim
788 2964 1023 3034 genitus,
1077 2970 1184 3018 tam
1225 2972 1431 3034 patrem
1479 2964 1780 3036 genitorem
1812 2978 1997 3030 suum,

415 3072 577 3128 quam
625 3055 846 3109 fratrem
897 3055 1083 3116 habet,
1134 3054 1336 3125 quippe
1381 3057 1471 3127 qui
1505 3070 1571 3110 ex
1596 3071 1659 3111 ea
1698 3064 1861 3110 natus
1890 3064 1993 3122 est,

2119 582 2312 652 accipi.
2338 583 2416 638 De
2442 583 2640 653 quibus
2661 579 2862 640 Paulus
2892 580 3025 636 dicit
3049 598 3063 634 :
3096 577 3400 633 Sermonem
3430 592 3496 630 ne
3518 576 3707 657 iners:

2117 676 2345 745 paveris,
2375 677 2467 730 sed
2501 677 2710 731 obsecra
2761 683 2816 729 ut
2852 682 3078 743 patrem,
3117 671 3337 741 juvenes
3387 676 3452 724 ut
3478 670 3692 739 fratres,

2117 783 2251 822 anus
2304 777 2361 821 ut
2411 776 2626 831 matres,
2679 765 2992 835 juvenculas
3035 773 3092 818 ut
3125 778 3328 818 sorores
3363 760 3431 813 “.
3483 758 3693 813 Deinde

2114 869 2366 917 cunctam
2424 860 2600 925 nobis,
2656 859 2746 929 qui
2800 858 2989 914 ﬁdeles
3029 870 3242 921 sumus,
3282 869 3407 909 cum
3431 852 3691 907 omnibus

2113 953 2204 1023 qui
2247 952 2492 1022 ejusdem
2519 960 2647 1006 sunt
2682 950 2828 1017 ﬁdei,
2861 948 3187 1018 conquirere
3219 945 3449 1015 cupiens
3486 959 3687 1015 cogna-

2113 1047 2341 1107 tionem,
2386 1045 2465 1099 sic
2496 1058 2684 1098 rursus
2713 1041 2849 1098 dicit
2878 1039 3073 1096 :Multi
3105 1054 3267 1111 unum
3295 1052 3484 1105 corpus
3507 1052 3687 1089 sumas

2110 1136 2166 1188 in
2194 1135 2421 1199 Christo,
2442 1133 2637 1204 singuli
2679 1141 2878 1193 autem,
2928 1129 3065 1183 alter
3117 1128 3336 1181 alterius
3368 1125 3601 1179 membra
3615 1125 3681 1177 “.

2110 1226 2265 1283 Unde
2299 1236 2351 1282 et
2395 1226 2644 1296 impium,
2691 1223 2933 1278 revelare
2958 1220 3250 1291 cujuslibet
3299 1218 3684 1288 praedictorum

2111 1320 2526 1389 turpitudinem,
2553 1305 2873 1388 appellavit,
2907 1314 3035 1383 quia
3056 1311 3318 1383 spiritalis
3342 1310 3685 1382 cognationis

2107 1409 2483 1480 prmvaricatio
2513 1409 2581 1463 ad
2615 1407 2899 1463 Dominum
2922 1404 3117 1470 tendit,
3146 1412 3433 1475 postquam
3459 1418 3583 1458 cum
3618 1418 3685 1457 eo
3721 1409 3741 1429 ‘

2108 1504 2375 1559 habemus
2419 1502 2801 1573 cognationem
2860 1498 3094 1575 vinculis
3139 1482 3540 1567 spirit‘ualibus.
3577 1495 3683 1552 Vc-

2108 1605 2413 1651 rumtamen
2439 1609 2510 1648 ne
2556 1593 2661 1647 hoc
2702 1589 2981 1661 praeterire
3026 1594 3243 1658 oportet
3284 1601 3412 1640 eum
3455 1584 3551 1654 qui
3598 1584 3683 1639 di-

2105 1689 2339 1759 ligenter
2369 1685 2663 1741 meditatur
2685 1683 2819 1754 legis
2845 1679 3083 1751 eloquia,
3106 1678 3229 1748 quia
3255 1676 3560 1732 secundum
3592 1676 3693 1730 Se-.

2104 1754 2386 1851 piuaginta
2406 1779 2594 1834 decem
2632 1775 2895 1846 graduum
2931 1770 3279 1843 cognationis
3306 1784 3600 1824 numerum
3625 1754 3713 1822 in.

2104 1872 2362 1943 praesenti
2405 1869 2586 1940 posuit
2640 1866 2959 1938 legislator,
3012 1864 3171 1933 cujus
3226 1861 3442 1916 numeri
3497 1862 3681 1916 omnia

2105 1961 2359 2015 mandata
2405 1966 2534 2014 sunt
2564 1957 2721 2027 legis,
2744 1954 3045 2010 ostendens
3068 1952 3196 2023 quia
3223 1952 3473 2022 quisquis
3506 1951 3685 2021 turpi—

2103 2053 2347 2107 tudinem
2397 2049 2621 2113 revelat,
2677 2046 2994 2108 carnalium,
3029 2043 3415 2114 spiritualium,
3465 2042 3547 2096 vel
3581 2057 3681 2097 co-

2102 2153 2413 2215 gnatorum,
2456 2142 2620 2195 totius
2647 2138 2780 2209 legis
2809 2136 3089 2191 invenitur
3119 2149 3242 2190 esse
3285 2144 3674 2204 transgressor.

2101 2235 2315 2304 Quare?
2337 2234 2463 2304 quia
2501 2232 2739 2286 alienum
2782 2236 2867 2284 est
2894 2244 2926 2283 a
2959 2228 3225 2283 cbaritate
3257 2227 3396 2296 quod
3418 2226 3530 2297 agit
3553 2241 3682 2295 qua:

2098 2338 2185 2385 est
2205 2329 2340 2400 legis
2381 2324 2682 2398 plenitudo.
2739 2320 2851 2375 Hoc
2877 2328 2962 2377 est
3019 2320 3166 2391 quod
3193 2320 3269 2374 ait
3296 2318 3534 2373 Paulus:
3562 2317 3685 2371 Non

2100 2422 2423 2478 adulterabls
2447 2437 2466 2475 :
2500 2419 2617 2474 Non
2673 2417 2901 2473 occides:
2932 2413 3050 2468 Non
3087 2412 3287 2482 furtum
3328 2411 3488 2481 [acies
3512 2426 3530 2462 :
3565 2408 3686 2464 Non

2099 2514 2445 2582 concupisces.
2482 2510 2549 2565 Et
2598 2510 2645 2563 si
2697 2504 2835 2577 quod
2870 2513 2945 2559 est
2975 2504 3125 2558 aliud
3151 2502 3489 2564 mandatum,
3514 2501 3568 2553 in
3588 2500 3685 2553 hoc

2097 2606 2251 2660 verba
2298 2606 2630 2658 instauratur
2671 2617 2691 2655 :
2740 2599 2938 2670 Diliges
2981 2596 3281 2667 proximum
3345 2601 3493 2646 tuum
3545 2592 3680 2644 sicut

2099 2700 2343 2766 teipsum.
2375 2695 2598 2750 Dilectlo
2624 2692 2852 2764 proximi
2884 2689 3084 2744 malum
3117 2702 3222 2741 non
3251 2693 3525 2755 operatur.
3556 2681 3681 2736 Ple-

2098 2795 2280 2848 nitudo
2309 2806 2429 2861 ergo
2459 2789 2585 2859 legis
2602 2797 2675 2842 est
2695 2786 2905 2841 dilectio
2918 2783 2984 2836 “.
3034 2780 3257 2835 Planior
3286 2787 3472 2833 autem
3503 2775 3576 2830 sit
3595 2774 3680 2828 in-

2099 2885 2368 2949 tellectus,
2394 2881 2436 2937 si
2466 2882 2635 2950 ipsam
2673 2874 3357 2949 perserutemurlitteram.

2169 2977 2353 3032 Omnis
2377 2976 2530 3030 homo
2553 2975 2621 3028 ad
2637 2979 2931 3043 proximam
2951 2968 3225 3042 sanguinis
3245 2967 3328 3021 sui
3350 2982 3451 3019 non
3465 2963 3681 3018 accedet

2099 3081 2154 3126 ut
2198 3068 2384 3124 revelet
2415 3065 2791 3136 turpitudinem
2821 3064 2955 3133 ejus.
2991 3063 3062 3118 Ut
3103 3075 3214 3116 non
3256 3057 3583 3113 accedamus
3610 3054 3680 3109 ad

410 3164 540 3219 quas
596 3159 653 3204 et
712 3149 861 3201 illum
913 3148 1148 3218 peperit,
1204 3156 1259 3203 et
1311 3164 1451 3203 uxor
1476 3149 1597 3220 ejus
1643 3147 1993 3217 simulatque

2100 3171 2358 3236 cognatos
2402 3161 2456 3215 in
2486 3159 2601 3230 lege
2650 3156 2990 3229 cognationis
3025 3159 3439 3225 prmsumentes,
3477 3156 3533 3202 et
3582 3162 3683 3217 per

414 3248 590 3304 mater
639 3241 760 3296 fuit.
828 3240 953 3297 Haec
1016 3251 1199 3296 autem
1259 3257 1326 3296 ex
1372 3240 1581 3295 nefaria
1637 3250 1990 3312 cognatorum

414 3334 816 3402 commistione,
850 3345 907 3389 et
941 3335 1045 3390 alia
1080 3335 1163 3389 his
1198 3334 1459 3390 eveniunt
1507 3333 1728 3387 similia.
1764 3331 1996 3402 Pr0pter

415 3425 562 3498 quod
588 3436 839 3482 avertere
863 3442 892 3481 a
938 3427 1028 3480 tali
1059 3426 1471 3496 conjunctione,
1504 3437 1561 3480 et
1584 3425 1734 3480 coitu
1767 3424 1992 3479 volens:

492 3518 913 3590 Turpitudinem,
936 3519 1132 3590 inquit,
1162 3520 1330 3589 patris
1352 3519 1431 3573 tui
1468 3526 1518 3572 et
1539 3517 1731 3572 matris
1763 3526 1866 3570 tua:
1893 3532 1996 3569 non

413 3612 755 3680 discooperies
776 3651 790 3673 .
819 3612 1008 3667 eadem
1038 3618 1094 3665 et
1121 3611 1176 3665 in
1210 3610 1671 3680 subsequentibus
1696 3610 1765 3664 de
1797 3624 1996 3664 nover-

414 3717 500 3765 ca,
532 3710 588 3755 et
617 3715 826 3765 sorore,
862 3711 916 3755 et
946 3716 1111 3767 nuru,
1146 3710 1202 3754 et
1226 3689 1347 3755 aliis
1377 3700 1655 3764 omnibus,
1702 3699 1995 3755 revelatio-

414 3808 540 3849 nem
575 3792 930 3863 turpitudinis
978 3793 1174 3848 horum
1207 3792 1654 3862 conjunctionem
1690 3790 1991 3861 appellans.

414 3884 492 3940 Ex
531 3886 638 3946 hoc
687 3900 943 3942 sermone
965 3886 1240 3950 erubesci,
1272 3892 1328 3939 et
1358 3885 1555 3948 averti,
1588 3884 1704 3939 sive
1740 3882 1869 3940 odio
1893 3882 1993 3937 ba-

410 3977 526 4035 beri
559 3978 722 4033 debet
749 3982 930 4034 omnis
963 3978 1279 4049 bujusmodi
1303 3976 1509 4033 faciens
1537 3977 1806 4032 actiones.

481 4070 740 4127 Similiter
769 4082 819 4126 et
852 4072 987 4126 illud
1032 4080 1321 4142 opportune
1351 4071 1661 4125 intuendum
1699 4078 1794 4131 est,
1857 4070 1995 4133 quod

406 4164 619 4221 dicens:
652 4163 837 4220 Omnis
863 4167 1016 4219 homo
1054 4167 1126 4219 ad
1152 4166 1450 4234 proximam
1483 4164 1756 4234 sanguinis
1779 4163 1861 4215 sui
1891 4177 1993 4214 non

408 4258 640 4320 accedet,
668 4267 726 4312 ut
747 4257 935 4317 revelet
971 4257 1349 4326 turpitudinem
1386 4256 1520 4325 ejus.
1551 4252 1810 4309 Addidit:
1878 4250 1992 4323 Ego

408 4351 683 4407 Dominus.
722 4353 791 4406 Et
821 4351 952 4421 quid
994 4367 1133 4424 opus
1166 4360 1284 4407 erat
1308 4351 1414 4407 hoc
1441 4350 1588 4416 addi,
1625 4366 1752 4405 curn
1791 4348 1987 4414 semel,

407 4452 463 4497 et
493 4442 598 4497 hoc
631 4442 790 4498 initio
819 4444 1103 4513 praesentis
1136 4443 1438 4500 sanctionis
1479 4440 1715 4497 dixerit:
1749 4440 1863 4511 Ego
1889 4439 1991 4493 Do-

2098 3258 2203 3312 boc
2221 3269 2316 3311 eos
2341 3259 2636 3315 tentantes,
2669 3265 2733 3304 ac
2763 3248 2964 3304 deinde
2993 3247 3237 3302 actiones
3265 3256 3455 3297 eorum
3485 3250 3681 3309 turpes

2096 3355 2507 3421 cognoscentes,
2531 3344 2826 3415 prodamus
2859 3356 2971 3396 eos.
3004 3338 3163 3395 Unde
3186 3346 3240 3391 et
3270 3334 3434 3389 nimis
3463 3346 3678 3401 oppor—

2097 3453 2229 3498 tune
2274 3438 2516 3496 subdidit
2555 3454 2568 3490 :
2610 3437 2720 3507 Ego
2774 3434 3052 3488 Dominus.
3090 3430 3151 3485 1d
3186 3438 3268 3484 est
3315 3424 3681 3481 manifestans

2097 3535 2382 3591 hominum
2425 3538 2668 3601 peccata,
2700 3539 3042 3598 quaecunque
3076 3519 3309 3577 confessi
3346 3515 3551 3572 fuerint
3579 3522 3682 3579 ιρι

2095 3626 2304 3697 orando
2333 3622 2708 3699 exposuerint,
2753 3630 2939 3690 tegens
2967 3623 3023 3671 et
3071 3614 3364 3683 dissipans,
3406 3610 3476 3664 ita
3510 3615 3576 3661 ut
3608 3621 3682 3660 ne

2095 3722 2313 3791 quidem
2332 3697 2620 3787 vestigium
2650 3728 2837 3768 eorum
2862 3708 3181 3779 reperiatur.
3202 3703 3340 3771 Quia
3368 3715 3500 3771 ergo
3529 3697 3681 3753 mul-

2095 3790 2212 3870 tum
2243 3825 2431 3867 eorum
2456 3824 2577 3878 quae
2607 3820 2752 3860 nunc
2791 3802 2998 3858 sancita
3041 3808 3186 3860 sunt,
3233 3796 3442 3850 lucrum
3480 3790 3682 3846 didici-

2096 3920 2239 3966 mus,
2275 3902 2340 3955 ad
2372 3916 2434 3954 ca
2463 3914 2585 3968 qua:
2618 3903 2925 3964 sequuntur
2955 3900 3319 3945 transeamus.

2165 3992 2560 4065 Turpitudinem
2591 3988 2767 4043 uxoris
2804 4000 2906 4040 tute
2938 3992 2985 4037 et
3036 3982 3163 4051 ﬁlia:
3196 3979 3311 4048 ejus
3340 3992 3441 4030 non
3471 3972 3679 4027 reuela-

2095 4089 2193 4153 bis,
2229 4095 2275 4139 et
2304 4083 2475 4153 ﬁliam
2501 4080 2598 4150 ﬁlii
2626 4078 2761 4147 ejus,
2792 4086 2839 4129 et
2863 4074 3032 4143 ﬁliam
3064 4070 3190 4140 lilia:
3220 4068 3334 4137 ejus
3357 4081 3459 4118 non
3476 4077 3677 4124 sumes,

2098 4187 2151 4232 ut
2197 4173 2386 4230 reveles
2428 4170 2774 4243 ignominiam
2807 4166 2942 4235 ejus,
2967 4164 3090 4235 quia
3121 4175 3244 4214 caro
3278 4157 3422 4211 illius
3442 4162 3587 4219 sunt,
3626 4160 3679 4207 et

2096 4267 2219 4322 talis
2247 4266 2415 4320 coitus
2439 4264 2660 4316 incestus
2687 4268 2783 4313 est.
2816 4254 3192 4312 Necessarium
3217 4266 3348 4320 ergo
3380 4250 3486 4303 hoc
3515 4260 3677 4300 man-

2092 4360 2281 4416 datum
2300 4357 2577 4429 lcgislator
2597 4353 2779 4426 posuit
2808 4370 2822 4406 :
2846 4367 2935 4421 qui
2959 4349 3104 4404 enim
3132 4359 3257 4401 cum
3280 4353 3455 4398 matre
3477 4348 3533 4395 et
3564 4336 3679 4392 ﬁlia

2093 4428 2376 4511 miscetur,
2424 4457 2480 4503 et
2522 4447 2590 4500 de
2632 4453 2861 4513 utraque
2906 4441 3046 4496 ﬁlios
3090 4441 3337 4510 generat,
3387 4428 3680 4487 confundit

408 4538 581 4593 minus
628 4537 771 4593 Deus
810 4548 970 4592 vester
989 4539 1012 4579 ν
1041 4537 1152 4593 Sed
1190 4550 1380 4609 aperte
1410 4538 1542 4593 illud
1564 4536 1830 4604 ostendit,
1858 4535 1985 4607 quia
2025 4523 2067 4581 Ι)
2095 4544 2215 4614 ipse
2248 4539 2648 4612 generationes.
2679 4534 2782 4601 Qui
2807 4534 2951 4589 enim
2976 4533 3043 4587 de
3070 4539 3247 4584 matre
3268 4527 3318 4582 ei
3341 4530 3681 4597 generant-ut

406 4626 454 4682 is
477 4627 568 4697 qui
599 4627 717 4683 haec
750 4627 951 4693 sanxit,
983 4628 1099 4699 ipse
1137 4635 1220 4683 est
1254 4628 1348 4701 qui
1371 4628 1530 4684 nobis
1552 4643 1720 4684 carne
1746 4626 1987 4697 conjun-

405 4728 527 4773 ctus
551 4729 658 4785 est,
696 4728 1005 4791 nostraeque
1044 4720 1388 4790 cognationis
1428 4719 1662 4775 eﬁectus
1691 4729 1777 4774 est
1816 4718 1987 4789 parti-

403 4828 556 4883 ceps.
591 4812 744 4868 Unde
793 4812 1056 4882 injustum
1089 4821 1177 4868 est
1205 4822 1265 4868 ut
1311 4812 1747 4884 magnitudinem
1786 4826 1989 4881 cogna-

404 4906 568 4961 tionis
595 4906 715 4976 ejus
757 4906 1099 4976 injuriemus.
1142 4907 1279 4962 (lum
1310 4918 1492 4961 autem
1539 4907 1655 4961 haec
1688 4905 1764 4960 ita
1795 4920 1853 4960 se
1892 4905 1989 4959 ha-

402 4996 590 5061 beant,
624 4998 1045 5069 intelligendum
1093 5006 1179 5052 est
1229 4996 1428 5052 sanciri
1479 4996 1799 5066 spiritaliter
1831 5012 1845 5049 :
1877 5009 1989 5049 non

403 5091 522 5144 vult
601 5090 753 5146 enim
808 5106 911 5146 nos
990 5090 1242 5145 revelare
1300 5087 1558 5159 quaelibet
1633 5095 1897 5158 peccata,
1959 5102 1989 5141 a

404 5185 670 5255 cognatis,
719 5184 981 5240 amicisve
1030 5182 1193 5238 nobis
1222 5198 1344 5253 qure
1389 5183 1596 5239 credita
1626 5181 1849 5242 fuerint,
1886 5194 1991 5234 nec

401 5276 634 5346 prodere
668 5285 856 5347 turpes
879 5277 1124 5333 actiones
1152 5276 1392 5340 illorum,
1426 5291 1496 5332 ne
1543 5275 1685 5331 forte
1718 5274 1991 5344 patiamur

402 5366 549 5437 quod
594 5368 790 5432 Cham,
836 5370 930 5439 qui
987 5370 1159 5440 patris
1204 5368 1509 5425 nuditatem
1565 5367 1761 5423 videns
1779 5366 1846 5432 ⁸ο,
1878 5379 1989 5420 ιιοιι

402 5465 707 5534 cooperuit,
737 5465 833 5539 sed
860 5465 1120 5521 fratribus
1141 5465 1430 5537 egrediens
1444 5461 1720 5534 patefecit.
1745 5459 1804 5515 in
1834 5466 1988 5529 patre

402 5569 533 5624 ergo
561 5562 619 5608 et
648 5562 844 5617 matre,
878 5564 935 5611 et
966 5571 1179 5621 sorore,
1217 5569 1575 5626 quoscunque
1618 5552 1757 5609 alios
1788 5562 1989 5619 cogna-

474 5754 521 5786 ³⁴
561 5756 723 5810 Num.
759 5770 883 5815 xxv.
918 5757 1003 5811 .‘il.
1112 5759 1156 5790 ⁸⁷
1180 5758 1320 5814 Osee
1351 5777 1447 5821 vn.
1483 5759 1536 5814 ιι.

404 5821 497 5878 ιιι
525 5824 653 5883 (lor.
683 5840 787 5893 Ill,
824 5825 907 5880 li.
987 5827 1031 5859 "
1056 5824 1212 5884 Rom.
1246 5844 1363 5896 xm,
1392 5830 1447 5898 9,
1474 5831 1555 5885 l0.

2092 4612 2210 4700 ﬁlii,
2250 4631 2446 4686 fratres
2500 4641 2690 4684 eorum
2725 4625 2817 4696 qui
2864 4629 3196 4696 generantur
3236 4635 3305 4673 ex
3330 4615 3517 4672 uxoris
3565 4612 3679 4667 ﬁlia

2092 4725 2256 4784 simul
2312 4734 2477 4794 atque
2528 4723 2585 4777 bi
2630 4720 2786 4775 ﬁunt.
2820 4718 3116 4786 Patresque
3157 4712 3408 4769 similiter
3458 4716 3516 4762 et
3560 4708 3676 4769 avi,

2090 4820 2312 4891 quando
2327 4833 2452 4874 cum
2481 4826 2675 4881 matre,
2704 4822 2759 4869 et
2798 4813 2918 4882 ejus
2945 4821 3109 4881 nepte
3130 4808 3317 4865 coiens
3346 4813 3501 4877 pater
3530 4802 3678 4857 ﬁlio-

2093 4930 2237 4980 rum,
2275 4913 2368 4983 qui
2410 4927 2476 4967 ex
2525 4917 2751 4979 utraque
2795 4906 2962 4978 geniti
3010 4913 3157 4970 sunt,
3203 4901 3367 4958 fuerit
3416 4899 3675 4955 eﬁ'ectus.

2089 5009 2207 5065 Non
2237 5015 2417 5061 autem
2445 5001 2656 5068 matris,
2688 5011 2743 5057 ct
2769 5000 2910 5066 ﬁliae,
2950 5008 3006 5053 et
3038 4996 3219 5067 neptis
3249 4992 3676 5064 turpitudinem,

2092 5099 2293 5156 malum
2327 5093 2680 5160 desiderium,
2721 5091 3099 5160 actionemque
3123 5103 3188 5142 ex
3213 5082 3489 5141 desiderio
3511 5078 3676 5152 geni-

2090 5200 2199 5245 tam
2232 5186 2621 5259 intelligamus,
2653 5199 2773 5255 quae
2805 5181 2872 5236 ad
2903 5179 3172 5236 actionem
3201 5176 3361 5232 aliam
3395 5171 3677 5244 egreditur

2090 5278 2463 5351 maligniorem
2514 5284 2678 5350 atque
2731 5272 3017 5343 majorem.
3070 5269 3163 5323 Ait
3205 5267 3352 5322 enim
3398 5263 3668 5320 lacubus:

2091 5369 2518 5439 Concupiscentia
2549 5384 2666 5421 cum
2704 5373 2953 5435 concepta
2984 5362 3163 5433 fuerit,
3194 5360 3340 5429 parit
3372 5364 3669 5427 peccatum,

2092 5473 2366 5535 peccatum
2400 5472 2572 5517 autem
2608 5476 2724 5513 cum
2758 5464 3182 5511 consummatum
3209 5452 3365 5524 fuerit
3397 5489 3413 5513 ,
3454 5453 3671 5518 generat

2092 5564 2311 5613 mortem
2334 5554 2378 5585 “
2414 5571 2426 5607 :
2459 5567 2579 5623 quae
2620 5559 2703 5607 est
2741 5545 2995 5604 desiderii
3035 5560 3230 5617 nepos,
3260 5543 3403 5613 quod
3442 5538 3542 5596 tibi
3579 5552 3672 5591 se-

1629 5762 1674 5793 ³⁸
1711 5760 1849 5818 Osee
1894 5777 1967 5830 iv,

2169 5760 2212 5795 ”
2236 5760 2440 5814 Jcrem.
2477 5773 2558 5823 tn,
2594 5756 2648 5811 3.
2727 5756 2769 5789 δ’
2800 5755 2938 5813 Gen.
2977 5769 3031 5821 ι,
3063 5751 3160 5831 ἢ
3232 5751 3275 5783 ⁸⁸
3311 5746 3489 5804 lTiIn.
3517 5739 3572 5815 θ,
3607 5745 3665 5800 9.
