4038 6182
390 320 518 384 1013

1540 338 1616 397 IN
1659 336 2102 397 LEVITICUM.
2128 358 2197 368 -·-
2237 334 2381 392 LIB.
2413 334 2478 396 ν.

3513 323 3644 384 1014

387 436 622 489 cundum
675 441 843 506 ipsam
891 439 1175 498 hlstoriam
1224 455 1279 500 et
1339 444 1676 516 Scripturam
1720 448 1960 502 divinam
1992 456 2035 512 Α
2066 443 2417 498 dimittantur
2436 461 2524 498 vos
2553 461 2654 497 non
2685 444 2827 506 bene,
2850 442 2941 496 sed
2967 442 3238 498 excludere
3254 456 3340 496 vos
3368 439 3543 492 volunt
3572 442 3636 494 ⁸⁸.

388 528 756 584 ostendemus.
782 531 1115 604 Concupivit
1147 551 1278 606 ergo
1303 537 1472 592 David
1510 537 1651 594 Uria:
1685 555 1912 594 uxorem
1944 558 1956 592 :

387 635 514 674 ecce
583 623 787 688 peccati
817 633 992 678 mater
1040 629 1503 698 concupiscentia.
1552 630 1962 700 Concupiscens

386 713 686 770 moechatus
721 724 805 770 est
837 732 850 767 :
877 727 1105 771 matrem
1141 719 1245 774 ﬁlia
1277 723 1564 776 subsecuta
1596 732 1698 778 est.
1732 724 1960 780 Adulte-

387 814 538 860 ratus
597 809 840 864 occidit:
895 811 1128 878 pessima
1174 813 1630 881 concupiscentia
1662 814 1957 870 mortiferas

385 911 505 963 qua:
555 899 832 966 praecessit
887 901 1086 970 neptis.
1140 901 1284 955 Nihil
1329 919 1460 973 ergo
1503 904 1695 958 horum
1731 906 1960 970 revelari

386 987 500 1040 vult
523 1005 536 1040 :
561 1004 738 1058 neque
754 991 896 1045 enim
916 1001 1133 1062 Oportet
1153 994 1524 1062 proximorum
1548 997 1698 1065 prodi
1719 1008 1959 1066 peccata,

388 1079 482 1134 sed
528 1079 808 1136 admoneri
843 1084 1014 1154 magis
1055 1100 1170 1150 eos,
1213 1096 1270 1140 et
1303 1087 1370 1142 ad
1406 1087 1722 1142 memoriam
1773 1104 1961 1144 eorum

389 1183 662 1234 revocare,
711 1187 834 1226 cum
870 1174 1016 1228 dicat
1051 1177 1345 1244 Apostolus
1377 1194 1390 1230 :
1423 1175 1661 1241 Fratres,
1685 1179 1730 1232 si
1781 1181 1965 1247 depre-

389 1258 573 1312 hensus
606 1261 762 1330 fuerit
804 1266 916 1334 quis
953 1283 1018 1320 ea:
1038 1268 1176 1320 vobis
1218 1269 1273 1322 in
1301 1269 1481 1340 aliquo
1519 1271 1728 1336 delicto,
1763 1290 1852 1327 vos
1876 1275 1964 1342 qui

387 1349 654 1417 spiritales
678 1356 818 1417 estis,
849 1357 1092 1413 instruite
1121 1361 1424 1429 hujusmodi
1463 1363 1516 1416 in
1561 1365 1750 1431 spiritu
1771 1365 1962 1419 lenita-

393 1442 478 1506 tis,
532 1446 868 1500 considerans
900 1449 1143 1513 teipsum,
1174 1468 1236 1506 ne
1275 1463 1324 1506 et
1371 1464 1428 1507 tu
1469 1456 1682 1510 tenteris
1704 1457 1769 1510 ⁸⁵.
1804 1456 1965 1513 Vides

390 1533 514 1600 quia
544 1550 652 1588 non
689 1537 887 1592 frustra
914 1540 1186 1610 legislator
1224 1543 1444 1598 dicebat
1475 1563 1487 1598 :
1523 1545 1660 1600 Caro
1699 1555 1789 1600 tua
1821 1558 1961 1603 sunt.

388 1619 696 1680 Ostendens
731 1627 856 1694 quia
897 1640 1187 1700 cognatum
1231 1634 1390 1688 nobis
1436 1636 1859 1705 quodammodo,
1909 1647 1967 1692 et

387 1712 648 1770 familiare
676 1726 779 1782 est,
821 1734 1067 1788 peccare,
1104 1733 1324 1793 propter
1354 1726 1494 1794 quod
1525 1727 1760 1794 compati
1807 1729 1964 1783 nobis

385 1804 614 1860 invicem
639 1809 899 1866 debemus
922 1823 1231 1881 peccantes.
1258 1815 1390 1870 Nam
1415 1815 1617 1872 Paulus
1642 1820 1966 1889 dispensans

386 1895 488 1950 hoc
509 1899 651 1967 quod
684 1917 832 1958 nunc
859 1903 1062 1958 dictum
1091 1918 1192 1968 est,
1219 1908 1456 1964 subdidit
1489 1928 1501 1964 :
1540 1910 1766 1965 Invicem
1803 1929 1964 1967 onera

381 1999 552 2043 ucstra
613 2002 840 2058 portate,
882 2005 928 2048 et
973 1998 1048 2049 sic
1077 1999 1432 2069 adimplebitis
1474 2000 1635 2073 legem
1672 2001 1960 2058 Christi“.

383 2075 501 2146 Ipse
527 2092 657 2149 ergo
689 2093 910 2149 peccata
935 2095 1118 2139 nostra
1149 2089 1409 2156 portavit.
1436 2089 1539 2155 Qui
1593 2101 1776 2146 autem
1826 2110 1965 2150 onus

383 2169 611 2236 proximi
646 2183 844 2240 portat,
874 2186 929 2230 et
962 2178 1188 2248 suscipit
1214 2180 1266 2233 in
1296 2183 1593 2252 semetipso
1628 2183 1809 2242 fratris
1833 2203 1962 2257 pce-

382 2268 522 2319 cata.
553 2278 663 2316 non
694 2265 812 2319 haec
843 2268 1043 2335 prodit,
1084 2285 1188 2325 nec
1217 2273 1442 2338 revelat,
1470 2275 1566 2328 sed
1619 2277 1786 2347 magis
1812 2279 1964 2334 cohi—

383 2350 492 2413 bet.
521 2361 576 2407 et
601 2356 780 2411 verbis
806 2360 1219 2417 medicinalibus
1241 2373 1416 2430 curat,
1446 2375 1500 2420 et
1525 2367 1667 2422 sicut
1691 2371 1965 2438 propriam

384 2441 754 2501 inﬁrmitatem
784 2451 1257 2508 exhortationibus
1282 2455 1534 2527 benignis
1559 2460 1828 2515 exhaurit.
1853 2461 1966 2516 Un-

381 2534 448 2588 de
480 2539 742 2606 pr0pbeta
769 2540 940 2597 Isaias
956 2543 1022 2598 de
1049 2544 1329 2602 Salvatore
1349 2549 1535 2603 dicens
1559 2568 1572 2602 :
1597 2551 1722 2606 Vere
1745 2566 1963 2622 peccata

381 2635 560 2680 nostra
585 2629 694 2695 ipse
719 2633 970 2698 portavit,
992 2635 1232 2691 subdidit
1258 2655 1270 2690 :
1294 2637 1362 2690 Et
1378 2655 1475 2706 pro
1494 2644 1965 2712 transgressoribus

382 2719 581 2787 rogarit
615 2721 676 2776 *⁷.
701 2723 874 2795 Allligi
919 2726 1084 2796 igitur
1107 2737 1161 2782 et
1193 2745 1410 2799 gemere
1435 2733 1697 2788 debemus
1731 2751 1828 2804 pro
1881 2737 1962 2792 eis

381 2809 471 2878 qui
506 2810 570 2863 ad
609 2827 824 2880 pravam
867 2831 1109 2884 operam,
1145 2821 1638 2892 cogitationemque
1692 2829 1962 2898 progressi

381 2910 527 2965 sunt,
561 2917 664 2956 non
700 2915 881 2960 autem
920 2911 1032 2964 haec
1064 2913 1433 2969 manifestare.

455 2991 591 3048 Vens
634 2994 714 3051 IS.
751 3015 769 3048 ι
801 2997 1057 3056 Sororem
1082 3005 1268 3058 uxoris
1293 3015 1397 3060 tua:
1427 3006 1480 3060 in
1506 3009 1814 3078 pellicatum
1840 3013 1962 3080 ejus

382 3097 489 3134 non
504 3084 760 3154 accipies,
796 3105 895 3145 nec
911 3093 1176 3149 revelabis
1201 3097 1590 3165 turpitudinem
1616 3101 1756 3170 ejus.
1781 3103 1960 3158 adhuc
1991 3126 2032 3184 (ς

383 3172 470 3227 ila
507 3177 740 3232 vivente.
791 3199 810 3232 ι

457 3265 619 3322 Recte
651 3269 765 3324 huic
783 3273 1194 3344 praecipiuntur,
1215 3284 1342 3347 quia
1367 3281 1421 3333 in
1456 3295 1589 3349 pace
1617 3283 1836 3338 vocavit
1859 3299 1962 3340 nos

385 3359 644 3416 Dominus
667 3365 829 3420 Deus.
868 3367 970 3433 Qui
1000 3370 1145 3424 enim
1183 3388 1308 3427 cum
1344 3375 1597 3430 omnibus
1639 3393 1741 3432 nos
1771 3394 1962 3448 pacem

383 3451 580 3507 habere
615 3457 748 3520 vult,
792 3458 954 3512 etiam
979 3477 1073 3528 per
1100 3462 1323 3517 Paulum
1359 3464 1547 3520 dicens
1577 3485 1589 3518 :
1618 3464 1678 3520 Si
1720 3470 1963 3536 possibile

382 3551 477 3601 est.
513 3547 650 3613 quod
685 3564 749 3601 ea:
776 3550 913 3603 vobis
943 3562 1038 3616 est,
1069 3570 1187 3606 cum
1211 3555 1448 3609 omnibus
1471 3557 1765 3612 hominibus
1783 3576 1964 3628 pacem

382 3633 563 3689 habete
591 3637 657 3705 ",
688 3639 859 3694 multo
903 3643 1072 3712 magis
1107 3646 1345 3713 placatos
1385 3662 1485 3701 nos
1519 3649 1632 3702 vult
1670 3663 1790 3705 esse
1837 3667 1960 3708 cum

383 3726 665 3795 proximis,
697 3732 842 3800 quod
872 3735 1163 3796 subvertit,
1204 3736 1250 3790 si
1270 3736 1432 3790 simul
1461 3738 1585 3806 quis
1614 3740 1764 3794 uxori
1804 3757 1961 3797 soro-

385 3817 536 3887 rique
563 3820 682 3889 ejus
699 3822 977 3894 jungatur,
1019 3835 1078 3880 ut
1107 3841 1322 3882 sorores
1350 3828 1509 3884 simul
1535 3830 1801 3896 habitent,
1831 3843 1886 3888 et
1905 3843 1963 3889 ut

384 3909 524 3964 Inter
536 3911 698 3968 simul
713 3914 1021 3972 habitantes
1035 3920 1302 3974 excitetur
1317 3922 1487 3987 zelus,
1519 3925 1661 3980 unde
1684 3926 1960 3982 contentio

385 4003 604 4074 rixaque
635 4017 944 4078 generatur.
977 4009 1104 4065 Post
1142 4011 1246 4068 hoc
1275 4013 1358 4068 lex
1388 4015 1520 4070 illud
1557 4018 1820 4088 praecipit,
1851 4035 1961 4075 non

380 4104 632 4164 oportere
654 4098 708 4152 in
733 4098 959 4155 Iudaica
986 4103 1402 4160 conversatione
1427 4108 1851 4164 ecclesiasticam
1872 4125 1963 4166 ae-

383 4181 585 4252 cipere,
609 4203 708 4242 nec
730 4189 891 4242 simul
918 4192 1140 4258 pascha.
1172 4193 1314 4262 quod
1347 4193 1400 4248 in
1431 4195 1599 4266 ﬁgura
1627 4209 1712 4254 est
1741 4216 1866 4255 cum
1895 4216 1962 4256 eo

381 4281 522 4347 quod
543 4295 624 4337 est
641 4283 1003 4356 intelligibile,
1023 4288 1320 4355 celebrare,
1338 4306 1442 4347 nec
1464 4292 1810 4350 festivitatem
1837 4313 1960 4369 azy-

382 4387 593 4428 morum
637 4378 999 4445 celebrantes,
1031 4381 1230 4438 Christi
1258 4385 1417 4453 pauis
1457 4400 1670 4442 ctenam
1714 4403 1956 4456 sumere,

381 4480 500 4533 qua:
524 4477 652 4522 sunt
669 4485 792 4523 vera
811 4484 1018 4542 azyma,
1034 4488 1134 4528 nec
1151 4475 1625 4533 circumcisionem
1641 4479 1799 4536 simul
1822 4498 1962 4552 pra-

381 4555 561 4610 dicare
576 4567 630 4612 et
648 4560 934 4630 baptisma.
959 4563 1335 4623 Memoramini
1353 4584 1482 4641 ergo
1511 4571 1656 4626 illius
1671 4573 1763 4642 qui
1781 4573 1956 4632 dixit::

383 4646 516 4702 Ecce
539 4667 628 4719 ego
645 4653 842 4708 Paulus
858 4659 972 4712 dico
992 4659 1152 4725 vobis,
1167 4661 1212 4715 si
1227 4661 1702 4731 eircumcidamini,
1722 4665 1960 4722 Christus

381 4739 522 4794 vobis
540 4743 670 4796 nihil
686 4753 891 4812 prodest
909 4749 976 4808 ⁸³,
1001 4751 1108 4805 Sed
1133 4760 1187 4806 ct
1211 4752 1255 4805 si
1280 4751 1420 4808 forte
1439 4754 1563 4823 quis
1585 4753 1808 4810 Judaica
1826 4772 1959 4812 con-

382 4832 690 4889 versatione
708 4851 837 4891 usus
857 4846 962 4901 est,
981 4840 1302 4911 negligenda
1323 4857 1440 4896 eam
1461 4842 1766 4907 mortiﬁcet,
1794 4843 1846 4898 id
1873 4855 1958 4899 est

380 4921 625 4979 viliorem
649 4935 810 4995 atque
827 4927 1159 4984 inefﬁcacem
1188 4931 1398 4994 reddat,
1431 4939 1485 4984 et
1509 4940 1638 4986 tunc
1655 4931 1707 4986 ei
1731 4947 1853 5000 qum
1871 4941 1956 4986 est

381 5013 636 5070 Ecclesia:
669 5019 983 5083 misceatur,
1017 5036 1138 5089 quae
1177 5037 1330 5076 soror
1358 5023 1522 5087 illius,
1541 5037 1663 5090 quae
1704 5022 1954 5078 eamdem

381 5103 554 5173 legem
585 5105 766 5170 habet,
786 5108 1118 5178 eosdemque
1141 5110 1270 5181 legit
1291 5111 1606 5179 prophetas,
1639 5110 1736 5165 sed
1760 5113 1954 5167 aemula

379 5205 484 5259 est,
503 5212 613 5252 non
634 5200 778 5268 quod
809 5200 922 5270 ipsa
944 5201 1170 5268 zeletur,
1199 5205 1292 5257 sed
1316 5204 1459 5272 quod
1489 5204 1603 5259 haec
1623 5203 1764 5258 illius
1780 5205 1954 5262 zelum

381 5287 616 5356 patiatur
650 5308 663 5343 :
698 5292 825 5361 quia
855 5293 1057 5348 divitiae
1084 5295 1202 5362 ejus
1231 5295 1298 5348 ad
1327 5310 1424 5348 nos
1455 5311 1552 5365 per
1583 5295 1753 5366 ipsam
1785 5297 1954 5353 devo-

380 5379 508 5434 luta:
532 5392 679 5451 sunt,
700 5386 753 5438 in
778 5394 989 5440 tantum
1007 5395 1062 5440 ιιι
1084 5384 1280 5441 Paulus
1304 5386 1370 5440 de
1388 5387 1470 5442 his
1496 5387 1589 5456 qui
1613 5404 1678 5442 ex
1717 5389 1954 5458 circum-

380 5471 586 5530 cisione
603 5485 752 5539 sunt,
777 5479 842 5532 ad
867 5478 1084 5534 Galatas
1103 5478 1194 5548 qui
1211 5494 1273 5533 ex
1286 5480 1537 5548 gentibus
1553 5487 1709 5534 erant
1727 5480 1952 5535 diceret:

466 5638 512 5673 ⁸⁸
536 5640 650 5694 Gal.
674 5655 746 5701 vv,
773 5641 816 5693 l.

392 5709 632 5771 sxx,l5.

893 5639 939 5672 “
965 5641 1093 5696 ibid.
1119 5642 1173 5697 2.
1249 5643 1293 5676 δ’
1327 5643 1426 5698 lsa.
1459 5659 1572 5700 LIII.
1606 5645 1639 5698 4
1673 5651 1727 5696 ct
1755 5643 1838 5695 η.
1916 5643 1960 5674 δ’
1985 5645 2142 5698 Rom.
2178 5664 2271 5708 xu.
2321 5649 2401 5704 18.

710 5711 886 5764 "Act.
925 5728 1018 5775 vn,
1048 5712 1133 5766 49.
1211 5714 1256 5745 ⁸³
1286 5715 1447 5767 Amos
1476 5710 1633 5776 v,26.
1681 5713 1753 5743 "‘
1782 5712 1798 5765 l
1830 5710 1964 5766 Tim.
2000 5731 2070 5776 vi,
2097 5715 2178 5769 ιι).

2063 531 2198 599 Quia
2235 545 2414 590 autem
2454 549 2563 589 non
2609 533 2846 588 Ecclesia
2895 531 3228 601 Synagogam
3273 529 3500 595 zelatur,
3544 530 3638 582 sed

2063 623 2179 692 ipsa
2209 639 2238 676 a
2263 623 2542 695 Synagoga
2563 623 2736 677 zelum
2758 620 2982 691 patitur,
3002 619 3346 674 manifestum
3370 629 3452 674 est
3479 634 3544 673 ex
3577 634 3642 672 eo

2066 714 2211 782 quod
2240 730 2349 768 non
2370 716 2607 769 secunda
2639 730 2773 769 uxor
2796 713 3006 783 primm,
3031 712 3124 766 sed
3156 710 3332 780 prima
3359 710 3552 766 aemula
3575 712 3646 765 sit

2066 806 2319 860 secundae
2341 845 2357 871 ,
2401 806 2544 860 sicut
2581 822 2647 861 ex
2671 805 2942 861 desiderio
2971 804 3072 858 viri
3090 803 3533 874 subingrediente
3554 821 3645 859 so-

2065 898 2138 951 let
2162 917 2174 950 :
2195 897 2512 952 undeetLia
2534 898 2808 952 zelabatur
2826 895 3050 950 Rachel.
3085 893 3222 951 Vide
3261 904 3443 948 autem
3468 896 3645 964 qualia

2066 989 2335 1059 legislator
2381 989 2658 1042 subdidit:
2699 989 2919 1043 Etcum
2965 986 3235 1042 dixisset:
3273 985 3351 1038 Da
3403 987 3532 1039 mihi
3579 987 3643 1041 de

2067 1080 2431 1149 mandragoris
2483 1080 2582 1148 ﬁlii
2610 1081 2707 1143 tui,
2736 1079 3344 1148 respondit:Parumne
3365 1080 3458 1132 tibi
3501 1080 3647 1134 vide-

2068 1179 2154 1221 tur
2177 1171 2315 1238 quod
2340 1169 2676 1237 praeripueris
2710 1170 2962 1223 maritum
2979 1170 3105 1223 milii
3124 1172 3166 1202 ⁸⁸
3188 1170 3211 1224 ?
3242 1169 3443 1240 Aperte
3465 1179 3648 1225 autem

2068 1261 2185 1315 haec
2213 1262 2523 1317 aemulantis
2545 1263 2710 1317 verba
2732 1272 2880 1316 sunt.

2140 1349 2301 1404 Vens.
2330 1352 2518 1407 19-25.
2565 1371 2584 1402 ‹
2632 1353 2712 1407 Ad
2753 1353 3038 1410 mulierem
3073 1368 3192 1422 qua:
3244 1355 3449 1423 patitur
3494 1371 3648 1410 men-

2067 1449 2215 1493 strua
2247 1455 2352 1493 non
2385 1442 2632 1505 accedes,
2666 1458 2766 1497 nec
2781 1444 2988 1498 reveles
3007 1443 3307 1500 foeditatem
3341 1446 3480 1514 ejus.
3509 1447 3645 1502 Cum

2069 1547 2237 1586 uxore
2277 1532 2506 1601 proximi
2540 1534 2614 1608 tui
2654 1549 2762 1587 non
2798 1534 2984 1597 coibis,
3027 1551 3130 1590 nec
3162 1536 3384 1590 seminis
3416 1540 3646 1592 commi-

2069 1623 2242 1678 stione
2263 1624 2642 1678 maculaberis.
2678 1625 2751 1678 De
2768 1624 2973 1680 semine
2993 1633 3084 1681 tuo
3111 1642 3217 1682 non
3243 1627 3396 1682 dabis
3419 1637 3470 1683 ul
3515 1644 3646 1683 con-

2069 1724 2312 1769 secretur
2331 1714 2474 1773 idolo
2493 1715 2722 1782 Molocli,
2746 1735 2764 1766 ι
2805 1717 2910 1782 vel,
2946 1717 3244 1772 secundum
3271 1717 3646 1789 Septuaginta,

1997 1795 2041 1854 Β
2071 1805 2267 1862 Prlesto
2313 1825 2420 1862 esse
2455 1809 2701 1878 principi.
2743 1829 2760 1860 ‹
2806 1807 2914 1864 Nec
2947 1810 3156 1880 pollues
3187 1825 3388 1865 nomen
3417 1811 3512 1866 Dci
3547 1813 3645 1866 tui.

2069 1898 2178 1969 Ego
2199 1898 2478 1954 Dominus.
2515 1901 2650 1955 Cum
2685 1901 2925 1955 masculo
2959 1917 3068 1956 non
3103 1903 3341 1957 dormies
3374 1902 3520 1958 coitu
3567 1902 3649 1958 fe-

2069 1993 2271 2055 mineo,
2295 1991 2422 2061 quia
2453 1991 2788 2047 abominatio
2821 2001 2926 2047 est.
2953 1992 3087 2048 Cum
3123 1994 3271 2048 omni
3313 2009 3509 2064 pecore
3536 2010 3645 2050 non

2068 2080 2258 2146 coibis,
2278 2097 2381 2136 nec
2402 2083 2765 2138 maculaberis
2779 2098 2900 2138 cum
2922 2099 3006 2138 eo.
3037 2085 3230 2140 Mulier
3244 2101 3351 2141 non
3391 2101 3646 2142 succum-

2070 2175 2157 2228 bet
2181 2174 2453 2243 jumento,
2483 2191 2586 2230 nec
2615 2176 2934 2231 miscebitur
2961 2177 3030 2241 ei,
3062 2177 3187 2247 quia
3216 2179 3393 2233 scelus
3417 2188 3519 2236 est.
3557 2198 3576 2232 ι

2139 2264 2284 2320 Bene
2312 2266 2430 2322 haec
2473 2268 2937 2337 interpretationis
2977 2270 3116 2338 sl.on
3158 2269 3447 2340 conjuncta
3495 2282 3642 2328 sunt.

2068 2355 2314 2412 Praesens
2336 2373 2465 2430 ergo
2491 2358 2812 2429 legislatoris
2853 2359 3084 2414 intentio
3123 2367 3208 2416 est
3233 2377 3262 2415 a
3307 2362 3643 2428 libidinibus.

2067 2456 2123 2501 et
2165 2447 2391 2502 nefariis
2434 2449 2930 2516 commistionibus,
2960 2457 3070 2504 eta
3117 2450 3478 2508 fornicatione
3536 2462 3645 2509 tam

2067 2539 2309 2594 sensibili
2339 2557 2499 2610 quam
2556 2539 2874 2613 inielligibili
2903 2543 3160 2598 cohibere
3187 2559 3311 2598 eum
3337 2545 3428 2614 qui
3450 2546 3646 2618 accipit

2067 2628 2261 2699 legem.
2278 2629 2412 2684 Eum
2441 2640 2727 2700 propterea
2751 2647 2860 2686 non
2885 2634 3140 2704 praecepit
3167 2635 3217 2688 ei
3253 2650 3374 2704 quae
3404 2637 3460 2690 in
3486 2653 3647 2692 men-

2069 2720 2205 2774 truis
2232 2722 2532 2776 constituta
2555 2732 2638 2776 est
2663 2731 2886 2792 propter
2917 2723 3269 2794 pollutionem
3297 2727 3644 2793 concubitus,

2066 2820 2257 2866 contra
2281 2812 2451 2883 legem
2477 2815 2714 2878 misceri,
2750 2815 2842 2868 sed
2874 2830 2976 2869 nec
3003 2815 3154 2870 uxori
3185 2816 3418 2886 proximi
3452 2805 3648 2874 :ad'ul-

2067 2903 2262 2956 tcrinm
2319 2903 2463 2956 cnim
2522 2903 2621 2958 ista
2667 2905 2992 2971 commistio,
3029 2921 3139 2960 non
3191 2907 3501 2979 conjugium
3540 2918 3645 2966 est.

2067 2993 2222 3048 Unde
2244 3009 2366 3048 cum
2397 2995 2622 3051 dixisset
2646 3013 2659 3050 :

2137 3083 2270 3140 Cum
2324 3103 2482 3141 uxore
2523 3089 2749 3156 proximi
2784 3092 2860 3144 tui
2899 3107 3000 3144 non
3039 3092 3218 3159 coibis,
3243 3093 3450 3150 addidit
3486 3112 3500 3147 :
3541 3093 3649 3150 Nec

2065 3177 2280 3230 seminis
2335 3181 2700 3235 commistione
2760 3184 3128 3239 maculaberis.
3163 3183 3276 3242 Hoc
3325 3186 3646 3257 explanatis,

2065 3267 2191 3336 quia
2214 3267 2327 3336 jam
2359 3285 2468 3325 non
2503 3281 2588 3327 est
2624 3273 2972 3346 conjugium;
3006 3286 3185 3347 negue
3209 3278 3354 3333 enim
3385 3278 3650 3348 polluerat

2065 3375 2190 3415 eum
2223 3363 2314 3432 qui
2359 3366 2819 3422 commiscebatur
2847 3385 2861 3433 ;
2891 3369 3017 3439 quia
3048 3370 3370 3426 honorabile
3410 3379 3496 3426 est
3513 3387 3650 3427 con-

2058 3452 2290 3520 jugium,
2326 3463 2380 3508 ct
2420 3463 2570 3510 torus
2612 3457 2990 3512 inimacnlatus
3027 3477 3040 3512 :
3086 3458 3182 3512 sed
3228 3474 3354 3513 cum
3405 3459 3648 3514 sensibili

2066 3540 2442 3610 fornicatione,
2464 3555 2517 3599 et
2537 3546 2605 3599 ab
2623 3546 3080 3618 intelligibilinos
3093 3562 3378 3603 removere
3402 3550 3647 3606 maximo

2064 3635 2247 3690 studio
2295 3637 2504 3702 nititur,
2554 3649 2776 3708 propter
2815 3640 2961 3709 quod
3005 3639 3248 3694 subdidit
3287 3658 3298 3694 :
3336 3640 3414 3695 Ds
3453 3643 3649 3696 semine

2065 3736 2155 3780 tuo
2197 3744 2301 3782 non
2343 3729 2492 3783 dabis
2532 3731 2726 3787 servire
2761 3730 2980 3791 Moloch,
3012 3732 3147 3795 sive,
3180 3739 3240 3786 ut
3270 3730 3646 3803 Septuaginta.

2067 3815 2328 3888 Principi.
2365 3819 2465 3874 Cui
2519 3831 2698 3876 autem
2746 3822 3003 3892 principi,
3055 3830 3238 3878 nostra
3287 3822 3570 3877 translatio
3593 3835 3647 3878 et

2066 3909 2259 3979 reliqui
2303 3911 2637 3981 interpretes
2680 3912 3060 3966 ostenderunt.
3086 3911 3193 3980 Ipsi
3221 3914 3370 3968 enim
3402 3911 3644 3973 Moloch,

2063 4015 2164 4070 pro
2181 4016 2248 4056 eo
2272 4002 2414 4071 quod
2437 4003 2792 4073 estprincipi,
2817 4019 3059 4059 consone
3091 4005 3407 4060 ediderunt.
3438 4004 3644 4058 Idolum

2063 4101 2246 4148 autem
2290 4095 2406 4150 hoc
2453 4095 2624 4151 fuisse
2662 4097 2828 4150 etiam
2879 4096 3192 4166 Stephanus
3222 4097 3268 4130 ”
3293 4097 3644 4161 concionans,

2063 4187 2296 4242 maxime
2325 4189 2490 4244 Amos
2522 4198 2650 4245 ante
2681 4205 2805 4244 eum
2842 4189 3199 4258 prephetans,
3230 4189 3644 4253 demonstravit.

2063 4277 2314 4333 ait.enim
2343 4297 2355 4333 :
2383 4280 2450 4335 Et
2493 4282 2745 4351 portastis
2789 4281 3188 4336 tabernaculum
3227 4281 3425 4336 Molocli
3455 4291 3644 4343 vestro,

2062 4369 2439 4440 et.imaginem
2496 4373 2760 4428 idolorum
2811 4383 3125 4439 uestrorum,
3168 4375 3311 4428 sidus
3352 4371 3448 4426 Dei
3488 4374 3646 4428 vestri

2063 4461 2255 4533 fecistis
2287 4463 2425 4517 vobis
2449 4464 2512 4521 ⁸³.
2552 4464 2750 4528 Semen
2783 4477 2964 4522 autem
2996 4482 3108 4520 non
3150 4475 3327 4523 solum
3363 4477 3642 4538 cognatos,

2063 4554 2158 4608 sed
2193 4569 2413 4610 omnem
2462 4566 2705 4612 nostram
2735 4559 3006 4615 actionem
3049 4570 3104 4614 et
3134 4559 3435 4614 doctrinam
3487 4558 3645 4614 intel-

2061 4647 2310 4718 ligamus,
2362 4656 2422 4703 ut
2451 4664 2555 4705 nec
2592 4651 2863 4706 actionem
2902 4661 3144 4706 nostram
3182 4651 3376 4706 demus
3425 4650 3490 4704 ad
3529 4665 3645 4703 ser-

2062 4740 2321 4794 viendum
2346 4739 2525 4804 idolis,
2549 4741 2677 4810 quia
2706 4741 2862 4796 radix
2883 4744 3118 4796 omnium
3151 4742 3410 4795 malorum
3436 4740 3643 4808 atpidi-

2059 4841 2162 4893 tas.
2195 4847 2310 4902 qua:
2332 4841 2406 4886 est
2432 4832 2695 4886 idolorum
2709 4834 2928 4887 seruitus
2950 4835 3014 4886 “.
3045 4832 3152 4886 Sed
3178 4848 3282 4886 nec
3302 4831 3430 4886 talia
3447 4831 3640 4884 docea-

2060 4942 2199 4990 mus,
2221 4942 2342 4995 qua:
2367 4928 2433 4980 ad
2459 4928 2663 4982 erroris
2685 4928 2952 4983 idolorum
2973 4928 3310 4997 impietatem
3338 4923 3638 4992 pertinent.

2060 5017 2152 5071 Sic
2187 5016 2331 5072 enim
2369 5018 2624 5088 intelligis
2661 5034 2768 5073 non
2800 5027 3053 5088 oportere
3097 5017 3166 5070 ad
3203 5017 3486 5070 mulierem
3517 5030 3639 5082 qnze

2059 5111 2114 5164 in
2146 5111 2438 5165 menstruis
2462 5111 2759 5166 constituta
2780 5118 2882 5173 est,
2921 5107 3152 5180 ingredi,
3184 5108 3252 5162 ad
3287 5104 3635 5161 revelandam

2060 5205 2451 5275 turpitudinem
2495 5206 2636 5275 ejus,
2668 5216 2728 5262 ut
2763 5204 2954 5261 nonin
3003 5217 3246 5258 errorem
3299 5216 3635 5272 paganorum

2061 5313 2161 5354 nos
2210 5297 2556 5352 misceamus.
2608 5298 2782 5368 Hujus
2809 5295 2955 5352 enim
2990 5294 3218 5366 ﬁguram
3265 5309 3474 5366 gerere,
3517 5310 3637 5349 eam

2059 5406 2180 5460 qua:
2197 5391 2252 5444 in
2271 5389 2566 5444 menstruis
2582 5390 2878 5444 constituta
2889 5395 2992 5452 est,
3007 5387 3258 5457 superius
3271 5387 3637 5456 ostendimus,

2062 5499 2185 5540 cum
2217 5483 2284 5541 de
2323 5480 2698 5547 menstruatis,
2730 5489 2786 5536 et
2822 5479 3029 5535 ﬂuxum
3059 5479 3338 5550 sanguinis
3381 5479 3636 5550 patienti»-

2483 5649 2524 5680 δ’
2553 5650 2668 5707 Gal.
2705 5669 2752 5717 v,
2777 5653 2831 5706 2.

2909 5657 2953 5688 '°
2988 5660 3102 5723 Gal.
3141 5677 3211 5727 iv,
3243 5663 3326 5718 I7.
3420 5668 3461 5701 ⁸³
3489 5669 3624 5725 Gen.
