4038 6182
469 336 606 419 tota

1653 354 2016 416 HESYCHII
2056 353 2525 416 PRESBYTERI

3575 333 3713 419 tam

464 469 569 521 bus
619 466 961 531 mulieribus,
999 456 1404 534 interpretandi
1464 463 1790 517 necessitate
1856 477 2038 517 sermo
2069 474 2108 526 Α
2141 472 2374 534 oportet,
2432 479 2532 519 nec
2565 463 2783 519 dissolvi
2831 465 2950 534 ejus
2999 480 3159 535 quam
3202 465 3366 520 habet
3409 465 3462 518 in
3513 465 3712 521 virtute

465 558 683 627 habitus
707 567 809 612 est.
844 557 948 612 Sed
983 571 1084 613 nec
1126 556 1430 611 revolemus
1470 555 1766 610 foeditatem
1807 556 1947 623 ejus,
1981 539 2039 608 iit

461 667 571 712 non
599 651 864 712 dicamus,
881 663 1057 718 neque
1075 649 1408 703 deducamus
1434 649 1502 702 ad
1527 648 1766 702 medium
1796 647 2039 702 actiones

463 757 650 794 eorum
681 741 870 802 malas,
901 755 1010 794 nou
1039 740 1191 809 quasi
1222 740 1302 794 eis
1345 749 1648 810 parcentes,
1694 740 1789 794 sed
1817 747 2040 809 propter

463 847 556 886 eos
589 832 680 899 qui
727 831 974 894 audiunt,
1023 831 1146 900 quia
1189 840 1352 885 nocet
1403 831 1769 885 audientibus.
1815 831 2041 899 Propter

462 923 606 992 quod
638 922 769 976 dicit
803 921 1003 977 Paulus
1031 940 1044 976 :
1073 921 1203 986 Qua:
1225 924 1362 976 enim
1382 924 1434 975 in
1465 923 1661 975 occulto
1693 923 1756 974 ab
1786 924 1858 974 eis
1885 923 2037 990 ﬁunt,

463 1024 616 1082 turpe
637 1025 707 1066 est
737 1013 925 1067 dicere.
952 1012 1053 1067 Sed
1069 1024 1116 1067 et
1145 1029 1358 1066 umorem
1378 1015 1604 1082 proximi
1627 1014 1962 1082 refugiamus,
1984 1018 2040 1063 ut

464 1119 566 1157 non
591 1103 860 1170 polluatur
888 1107 942 1158 in
972 1121 1033 1158 ea
1046 1105 1116 1168 ⁸⁸,
1136 1105 1350 1174 gentilis
1383 1103 1702 1158 videlicetet
1725 1103 2038 1167 idololatrae,

463 1194 554 1262 qui
569 1196 847 1264 proximus
861 1205 1066 1263 noster,
1083 1205 1305 1266 prOptcr
1326 1202 1574 1249 naturam
1595 1203 1647 1249 et
1664 1195 2039 1265 cognationem

465 1286 682 1342 dicitur.
703 1288 931 1358 Propter
950 1290 1094 1360 quod
1114 1298 1167 1344 et
1185 1288 1447 1342 Dominus
1470 1287 1758 1357 inquisitus
1780 1302 1808 1340 a
1831 1285 2039 1340 Scriba:

465 1381 535 1434 Et
556 1381 670 1450 quis
709 1389 785 1436 est
814 1383 1084 1450 promimus
1125 1398 1269 1436 meus
1301 1382 1347 1412 ⁵⁸
1371 1382 1394 1434 ?
1419 1396 1543 1434 eum
1574 1380 1664 1449 qui
1691 1378 2044 1434 descenderat

465 1473 535 1527 ab
565 1472 863 1528 Jerusalem
913 1473 970 1528 in
999 1473 1242 1538 Jericho,
1291 1483 1345 1528 et
1382 1474 1435 1526 in
1475 1473 1714 1527 latrones
1754 1471 2039 1535 inciderat,

465 1565 718 1619 videlicet
763 1567 1059 1630 daemones,
1092 1573 1148 1620 et
1181 1581 1358 1635 neque
1401 1581 1430 1619 a
1471 1565 1773 1628 sacerdote,
1809 1577 1985 1632 neque
2011 1577 2042 1616 a

467 1653 652 1709 Levita
667 1665 888 1711 sanatus
915 1666 1016 1728 est,
1041 1658 1134 1714 sed
1159 1657 1516 1721 Samaritano,
1551 1655 1858 1726 proximum
1883 1653 2037 1707 dixit.

466 1745 603 1800 Cum
646 1747 810 1817 huius
857 1763 986 1818 ergo
1032 1749 1258 1804 muliere
1301 1764 1407 1802 non
1457 1747 1806 1811 concumbes,
1859 1756 1918 1800 ut
1949 1746 2039 1800 tali

467 1837 694 1892 seminis
741 1841 1122 1895 commistione
1165 1842 1456 1897 maculeris
1505 1860 1518 1895 :
1571 1851 1768 1896 utnon
1802 1857 2041 1912 pagano-

466 1941 586 1979 rum
620 1928 900 1996 sapientiee
931 1931 983 1983 in
1013 1939 1222 1984 tantum
1258 1933 1749 1998 communicemus,
1783 1948 1962 2002 neque
1984 1933 2040 1987 in

465 2024 677 2070 tantum
705 2019 760 2072 in
795 2035 856 2073 ea
881 2021 1280 2088 incumbamus,
1316 2035 1376 2077 ut
1403 2025 1637 2092 aliquam
1681 2023 2041 2094 pollutionem

465 2123 535 2162 ex
561 2123 624 2162 ea
653 2109 707 2162 in
731 2111 982 2179 dogmate
1012 2114 1421 2180 conquiramus,
1469 2131 1571 2169 nec
1602 2115 1906 2184 polluantus
1942 2131 2043 2170 no-

465 2217 590 2254 men
642 2201 733 2256 Dei
780 2205 973 2268 nostri,
1027 2206 1170 2274 quod
1208 2206 1570 2260 communiter
1618 2206 1672 2259 in
1705 2207 1884 2260 omnia
1923 2222 2044 2276 quae

464 2290 608 2345 dicta
664 2301 792 2346 sunt
824 2293 1208 2366 intelligamus.
1240 2295 1377 2362 Quia
1427 2298 1627 2367 polluet
1673 2315 1870 2353 nomen
1924 2298 2040 2364 Dei,

464 2394 576 2435 non
617 2382 792 2436 solum
839 2383 1216 2441 fornicationis
1265 2389 1622 2458 turpitudine,
1678 2398 1733 2443 et
1772 2390 2041 2459 aliquibus

464 2472 775 2527 actionibus
803 2474 1072 2529 idolorum
1119 2487 1301 2543 utens,
1339 2480 1431 2532 sed
1474 2480 1592 2534 etsi
1631 2481 1752 2549 quis
1783 2496 1844 2534 ex
1879 2497 2042 2551 paga-

463 2576 663 2616 norum
697 2577 907 2630 errore,
938 2576 993 2620 et
1019 2583 1079 2620 ea
1113 2583 1234 2636 qua:
1279 2571 1581 2639 appellatur
1623 2572 1764 2639 apud
1807 2586 1899 2625 eos
1921 2571 2042 2640 phi-

466 2652 730 2721 losophla,
749 2643 1154 2714 isubiutroducit
1173 2661 1228 2714 in
1279 2662 1456 2716 divina
1484 2662 1734 2717 Ecclesia:
1756 2664 2037 2734 dogmata:

463 2747 610 2817 quod
633 2748 849 2816 quidam
873 2751 1161 2819 patientes,
1200 2755 1251 2808 in
1278 2765 1476 2809 sortem
1503 2757 1880 2811 haereticorum
1906 2759 2040 2828 lapsi

465 2853 614 2906 sunt,
653 2851 708 2896 et
746 2841 873 2897 facti
905 2854 1033 2900 sunt
1065 2856 1215 2900 extra
1238 2847 1552 2914 Ecclesium,
1585 2857 1769 2919 utpote
1799 2853 2043 2920 polluen-

465 2943 549 2988 tes
591 2949 791 2989 nomen
827 2935 940 2998 Dei,
986 2936 1038 2991 id
1087 2947 1166 2992 est
1203 2939 1528 3008 injuriautes
1558 2953 1613 2995 et
1641 2943 2041 3011 quodammodo

466 3024 880 3092 coinquinantes
915 3043 927 3078 :
961 3027 1086 3094 quia
1115 3043 1224 3080 non
1251 3038 1467 3097 oportet
1494 3047 1553 3084 ea
1581 3048 1701 3100 quae
1728 3042 1854 3086 sunt
1895 3049 2039 3088 mor-

2142 556 2602 625 perseverantiam
2654 576 2667 610 :
2707 556 2810 611 hoc
2854 558 3003 611 enim
3063 567 3366 627 opportune
3425 572 3550 622 cum
3598 557 3711 611 viro

2143 647 2393 702 muliebri
2426 647 2570 702 coitu
2606 648 2823 702 misceri
2857 648 3196 718 intelligitur.
3226 645 3331 702 Sed
3359 648 3711 717 quemadmo-

2141 739 2269 791 dum
2319 740 2480 793 aliuu't
2524 739 2893 794 eﬂ'eminatum
2941 741 3054 794 ﬁeri
3088 756 3195 793 non
3223 739 3483 810 oportuit,
3516 740 3583 794 ita
3615 757 3710 794 nec

2141 828 2367 883 nefariis
2407 830 2776 898 voluptatibus
2823 831 3162 900 requiescere
3198 852 3212 887 :
3245 848 3366 901 qua:
3405 843 3551 885 recte
3582 848 3708 901 qua-

2141 921 2424 989 drupedia,
2468 932 2657 991 utpote
2687 923 2742 976 in
2769 933 2962 977 terram
3008 924 3362 988 intendentia,
3391 935 3447 979 et
3476 925 3709 979 actiones

2142 1028 2262 1081 quae
2280 1015 2451 1068 virum
2477 1017 2725 1080 deceant,
2750 1031 2856 1069 non
2876 1015 3318 1081 habentes,dicta
3339 1025 3502 1069 sunt:
3527 1015 3578 1068 in
3605 1026 3707 1069 ter-

2142 1123 2256 1160 ram
2279 1109 2424 1162 enim
2449 1109 2740 1163 intendunt
2758 1109 3151 1178 quadrupedis,
3168 1117 3222 1163 et
3243 1124 3504 1162 manuum
3531 1120 3707 1163 carent

2143 1214 2265 1263 usu,
2289 1215 2412 1269 quas
2444 1201 2498 1254 in
2518 1201 2760 1256 actiones
2789 1202 2976 1273 dignas
3013 1201 3325 1256 hominibus
3354 1201 3706 1270 accipiuntur,

2141 1290 2268 1359 quia
2291 1289 2508 1359 proprie
2554 1292 2833 1345 hominum
2864 1302 2948 1346 est
2989 1292 3244 1345 manibus
3290 1292 3557 1347 laborare.
3597 1293 3707 1347 Non

2143 1395 2272 1450 ergo
2299 1389 2515 1450 oportet
2539 1398 2660 1436 cum
2693 1382 2778 1436 his
2805 1383 2952 1437 coire
2978 1399 3044 1437 ex
3074 1383 3274 1452 quibus
3288 1383 3410 1452 quis
3436 1384 3707 1451 polluitur.

2143 1469 2245 1535 Qui
2287 1470 2434 1524 enim
2458 1480 2704 1525 moratur
2729 1472 2785 1525 in
2808 1472 3283 1537 delectationibus,
3317 1472 3434 1527 sive
3464 1472 3710 1542 volupta-

2144 1560 2308 1625 tibus,
2337 1561 2410 1614 ita
2437 1569 2498 1614 ut
2525 1563 2851 1617 concumbat
2884 1563 2937 1617 in
2973 1565 3074 1628 eis,
3117 1565 3205 1618 hic
3228 1579 3414 1618 semen
3439 1564 3712 1620 eﬂ‘undere

2142 1652 2360 1718 dicitur,
2398 1661 2622 1724 propter
2649 1655 2772 1721 hoc,
2815 1656 2941 1726 quia
2985 1657 3204 1726 pellitur
3224 1657 3290 1710 ab
3320 1658 3421 1720 eis,
3453 1657 3566 1710 sive
3589 1657 3715 1724 quia

2143 1746 2441 1802 delectatur
2486 1747 2542 1800 in
2597 1747 2696 1812 eis,
2757 1757 2812 1803 et
2863 1749 3130 1819 frequenti
3182 1764 3281 1803 usu
3342 1748 3714 1814 scminatcos,

2143 1839 2564 1908 quodammodo,
2609 1849 2701 1894 aut
2727 1841 2794 1896 ab
2827 1842 2904 1895 eis
2944 1842 3243 1896 seminatur
3284 1841 3494 1895 semine
3521 1842 3716 1910 aliquo,

2143 1930 2286 1999 quod
2318 1931 2571 1986 inimicus
2616 1933 3016 1988 dormientibus
3049 1934 3205 1987 nobis
3235 1943 3287 1987 et
3319 1933 3720 2004 negligentibus

2145 2021 2200 2075 in
2234 2021 2499 2076 mundum
2536 2023 2786 2089 seminat,
2818 2024 3065 2094 polluens
3098 2024 3272 2088 valde,
3300 2025 3371 2078 ita
3404 2031 3463 2076 ut
3494 2039 3523 2076 a
3561 2037 3720 2076 sacro

2147 2115 2495 2170 tabernaculo
2539 2117 2730 2171 debeat
2768 2117 2889 2183 hic,
2924 2117 3014 2185 qui
3047 2117 3171 2170 talis
3213 2127 3314 2179 est,
3359 2127 3416 2170 ut
3466 2115 3714 2185 pollucus

2143 2206 2360 2274 expelli,
2405 2207 2726 2277 alienasque
2774 2223 2895 2262 esse
2932 2208 3255 2262 adominica
3294 2223 3432 2267 area,
3467 2207 3554 2275 qui
3611 2221 3716 2276 per

2143 2299 2343 2352 malum
2377 2315 2562 2354 semen
2590 2299 2767 2354 factus
2793 2313 2877 2355 est
2902 2301 3127 2353 zizania.
3162 2299 3356 2370 Legem
3393 2308 3572 2352 autem
3605 2313 3718 2350 non

2143 2394 2227 2448 vir
2252 2393 2421 2456 solus,
2451 2393 2546 2446 sed
2571 2393 2768 2446 mulier
2796 2393 3106 2447 necessarie
3163 2391 3402 2445 custodit
3437 2413 3447 2444 :
3483 2389 3572 2442 illa
3611 2389 3724 2442 uti-

2143 2499 2248 2553 que
2274 2499 2435 2552 quam
2465 2483 2722 2537 Salomon
2755 2484 2955 2549 laudat,
2996 2483 3187 2536 Mulier
3217 2483 3350 2535 bona
3368 2483 3721 2544 benedicatur,

2143 2576 2394 2630 timorem
2444 2575 2537 2629 Dei
2597 2575 2802 2628 laudat.
2859 2573 3138 2628 Mulierem
3189 2577 3398 2645 fortem,
3449 2574 3547 2636 ait,
3607 2573 3725 2645 quis

2143 2667 2367 2720 inveniet
2408 2666 2488 2719 ‘°?
2530 2665 3001 2731 Quemadmodum
3038 2667 3334 2730 masculus,
3366 2666 3586 2735 quando
3623 2680 3723 2719 sua

2143 2756 2485 2820 custodierit,
2511 2757 2850 2827 gesseritque
2883 2757 2987 2810 sibi
3050 2757 3234 2826 digna,
3270 2757 3544 2827 significat
3594 2757 3721 2809 ani-

2143 2863 2286 2900 mam
2349 2847 2404 2900 in
2462 2848 2758 2902 virtutibus
2791 2849 3185 2902 constitutam:
3237 2849 3317 2902 sic
3384 2859 3440 2902 et
3500 2849 3720 2913 mulier,

2143 2939 2360 3008 quando
2387 2939 2438 2992 in
2476 2940 2640 2994 nullis
2669 2954 2726 2993 se
2752 2940 3032 2995 miscuerit
3057 2940 3437 3006 muliebribus,
3465 2941 3725 3010 quoniam

2144 3033 2404 3102 grandem
2432 3042 2488 3089 et
2518 3035 2651 3098 hate,
2683 3043 2974 3105 antequam
3033 3036 3515 3105 transgrederetur
3554 3035 3727 3089 Crea-

465 3123 705 3177 tuor-um,
753 3129 919 3184 super
960 3117 1124 3170 vitam
1168 3118 1447 3184 inducere,
1483 3124 1574 3177 sed
1625 3126 2039 3181 custodiendum
2065 3146 2113 3204 ο
2144 3132 2317 3178 torem
2348 3140 2527 3191 suum,
2556 3126 2875 3196 dignitatem
2909 3127 3135 3195 accepit,
3211 3135 3269 3180 ut
3329 3127 3569 3196 adjntrix
3618 3127 3725 3180 viri

465 3213 548 3258 est
584 3203 730 3261 Pauli
762 3206 1094 3273 mandatum,
1127 3210 1389 3279 scriptum
1423 3227 1448 3264 a
1484 3213 1686 3283 Spiritu
1717 3233 1730 3269 :
1763 3215 1889 3280 Qum
1917 3235 2043 3285 par-

467 3298 703 3364 tiripatio
730 3297 954 3365 justititc
1001 3300 1071 3352 ad
1123 3302 1453 3368 iniquitatem
1484 3306 1510 3356 .9
1536 3313 1628 3358 aut
1672 3323 1788 3376 qua:
1828 3311 2045 3364 societas

467 3388 658 3443 Christi
683 3389 752 3441 ad
785 3389 1022 3443 Belial"
1048 3392 1206 3447 ?Hoe
1231 3394 1375 3448 enim
1405 3403 1460 3449 et
1491 3397 1607 3465 ipse
1641 3399 2044 3466 quodammodo

466 3478 738 3547 legislator
751 3480 1058 3550 signiﬁcans
1088 3482 1142 3535 in
1165 3483 1250 3538 his
1277 3499 1399 3554 quae
1423 3487 1565 3541 dicta
1588 3498 1733 3556 sunt,
1772 3491 2039 3546 subdidit:

469 3567 580 3635 Ego
605 3568 875 3648 Dominus.
904 3571 1005 3636 Qui
1051 3572 1276 3642 gloriam
1325 3575 1502 3629 habeo
1549 3579 1801 3633 omnibus
1831 3581 2042 3635 incom-

465 3660 870 3724 tuunicabilem,
912 3673 1118 3731 quanto
1159 3665 1330 3735 magis
1353 3667 1814 3739 d:emonibus,qui
1853 3688 2043 3727 corru-

464 3761 647 3821 ptores
679 3761 807 3807 sunt
833 3754 1155 3821 animarum,
1185 3766 1239 3812 et
1270 3758 1425 3813 idolis
1457 3762 1835 3830 eorum?lpsis
1859 3774 2039 3818 autem

464 3841 646 3896 verbis
696 3844 1030 3899 sanctionem
1080 3847 1456 3902 terribiliorem
1501 3849 1652 3916 facit,
1679 3867 1745 3906 ex
1787 3867 1853 3907 eo
1896 3855 2040 3922 quod

465 3931 698 3987 mediam
727 3949 868 3998 eam.
892 3936 1034 3991 sicut
1054 3937 1253 4003 cernis,
1282 3939 1364 3994 his
1385 3940 1453 3994 de
1477 3941 1676 4010 quibus
1703 3958 1849 3998 nunc
1867 3943 2041 4014 loqui-

467 4031 572 4087 tur,
616 4027 813 4094 posuit.
866 4025 1304 4084 Prtecedentibns
1354 4033 1555 4103 quippe
1586 4035 1672 4088 his
1715 4051 1835 4104 qua:
1878 4037 2040 4091 modo

460 4117 705 4189 discussa
734 4128 878 4182 sunt,
902 4135 1092 4173 rursus
1120 4124 1406 4190 proponit:
1437 4124 1574 4188 Quia
1599 4141 1707 4178 non
1731 4127 1890 4180 debet
1915 4143 2038 4180 cum

460 4207 704 4264 masculo
733 4207 871 4262 virili
902 4209 1049 4262 coitu
1077 4211 1386 4272 concumbi,
1417 4213 1510 4266 sed
1542 4228 1644 4267 nec
1685 4230 1809 4267 cum
1841 4231 2039 4283 pecore

461 4298 614 4363 coiri,
647 4299 957 4354 necessarie
987 4299 1041 4353 in
1069 4301 1172 4354 hoc
1197 4309 1429 4372 utroque
1460 4305 1750 4370 mandans,
1774 4315 2034 4376 tanquam

458 4397 750 4458 utrumque
783 4398 972 4444 contra
1019 4399 1267 4446 naturam
1319 4403 1421 4448 est.
1469 4393 1578 4450 Sed
1638 4397 1864 4468 insuper
1909 4401 2035 4470 quia

2146 3214 2545 3268 nominaretur.
2603 3215 2834 3283 Pmpter
2898 3215 3043 3284 quod
3093 3214 3385 3267 scelestum
3434 3223 3519 3267 est
3559 3213 3724 3277 hanc,

2145 3319 2265 3373 quae
2295 3305 2418 3358 talis
2446 3313 2549 3370 est,
2590 3304 2801 3359 libidini
2845 3306 3143 3360 substerni.
3205 3305 3358 3360 Coire
3408 3321 3558 3376 ergo,
3615 3322 3729 3360 suc-

2145 3399 2382 3452 cumbere
2413 3399 2580 3454 edidit
2614 3399 2993 3468 Symmachus.

2216 3492 2377 3546 Vens.
2407 3491 2600 3546 24-96.
2635 3511 2653 3542 ς
2694 3490 2771 3546 Ne
2819 3492 3138 3561 pollnamini
3164 3493 3216 3546 in
3248 3493 3725 3563 omnibusquibus

2143 3584 2526 3638 contaminatae
2553 3593 2683 3637 sunt
2723 3594 2933 3654 gentes,
2991 3601 3126 3654 quas
3169 3600 3269 3657 ego
3322 3587 3538 3656 eiiciam
3594 3597 3728 3643 ante

2141 3684 2495 3743 conspectum
2534 3685 2800 3738 vestrum,
2833 3692 2863 3730 e
2914 3679 3111 3746 quibus
3165 3679 3366 3747 polluta
3427 3689 3510 3733 cst
3553 3691 3723 3742 terra.

2142 3763 2299 3831 cujus
2359 3780 2458 3834 ego
2513 3765 2717 3818 scelera
2768 3766 2971 3830 vitabo,
3024 3776 3082 3820 ut
3139 3779 3355 3822 evomat
3387 3769 3726 3824 habitatores

2140 3870 2289 3910 suos.
2322 3854 2610 3910 Custodite
2642 3856 2882 3925 legitima
2920 3874 3059 3923 mea,
3095 3866 3259 3928 atque
3282 3860 3504 3930 judicia.
3540 3879 3556 3911 ι

2211 3946 2328 3999 Non
2355 3961 2520 4015 parvo
2544 3947 2704 4001 modo
2723 3948 2891 4016 pollui
2930 3948 2983 4002 in
3010 3951 3286 4018 praedictis
3311 3952 3571 4019 peccatis,
3634 3951 3722 4004 in-

2140 4036 2402 4108 dignatio,
2436 4047 2490 4092 et
2522 4054 2684 4107 plena
2706 4055 2827 4108 quae
2859 4040 3025 4094 in'cis
3075 4041 3298 4094 deﬁnita
3327 4050 3433 4109 est,
3489 4043 3725 4096 demon-

2140 4136 2306 4192 strat;
2342 4127 2394 4180 in
2434 4129 2583 4181 nullo
2600 4129 2746 4182 enim
2769 4144 2958 4183 eorum
2995 4137 3216 4199 oportet
3250 4129 3442 4199 pollui,
3476 4147 3603 4184 nam
3627 4133 3725 4201 qui

2141 4219 2194 4272 in
2225 4235 2334 4273 uno
2359 4221 2596 4290 pollutus
2620 4221 2802 4287 fuerit,
2837 4223 2891 4275 in
2926 4223 3181 4276 omnibus
3205 4231 3260 4276 et
3282 4223 3560 4292 polluitur.
3582 4223 3725 4287 Quia

2141 4325 2204 4367 ea
2255 4328 2376 4382 quae
2404 4313 2509 4368 sibi
2537 4315 2602 4368 ad
2642 4313 2878 4368 invicem
2902 4315 3192 4384 conjuncta
3224 4324 3372 4381 sunt,
3403 4316 3490 4369 lex
3529 4326 3723 4370 osten-

2139 4404 2268 4459 dere
2301 4406 2548 4474 cuplons,
2576 4407 2629 4459 in
2665 4421 2834 4459 unum
2863 4407 3046 4460 omnia
3085 4408 3323 4477 collegit,
3359 4424 3482 4477 qua:
3516 4409 3567 4461 in
3593 4421 3719 4462 tan-

454 4473 826 4571 iumentortlm
854 4487 940 4571 fisi
966 4488 1018 4533 el
1049 4489 1108 4543 ιιι
1134 4481 1218 4535 vir
1239 4482 1356 4536 Viro
1384 4482 1528 4539 ﬁndo
1548 4486 1693 4540 OOilIl
1724 4486 2034 4554 misceatur.
2070 4503 2114 4558 1)
2144 4506 2257 4554 tum
2281 4473 2408 4552 sunt
2444 4499 2652 4568 gravia,
2695 4507 2754 4551 ut
2784 4504 2974 4569 gentes
3025 4473 3265 4570 integras
3291 4473 3610 4571 perderent,
3662 4513 3724 4557 et

456 4566 600 4635 quod
649 4565 964 4637 fugiendum
1006 4577 1168 4638 atque
1214 4572 1612 4630 adversandum
1660 4584 1761 4631 est.
1825 4577 1932 4633 Sed
1980 4589 2036 4635 et

457 4657 659 4712 Paulus
689 4659 790 4713 hoc
815 4659 1225 4729 demonstravit,
1257 4665 1323 4718 ad
1368 4681 1585 4736 poenam
1617 4683 1681 4724 ea
1708 4670 1928 4735 docens,
1978 4683 2035 4728 et

457 4746 592 4808 iram
624 4749 810 4812 Dei,et
831 4751 1188 4820 perditionem
1218 4757 1671 4814 committentium
1705 4763 1907 4833 peragi.
1927 4764 2031 4819 Sed

455 4851 512 4896 et
548 4841 737 4911 reliqui
768 4843 1093 4911 interpretes
1114 4861 1211 4915 pro
1242 4848 1632 4914 abominabilis,
1671 4853 2031 4924 Symmachus

454 4934 736 5004 ine/fabile,
782 4935 974 5006 Aqui-la
1004 4939 1270 5009 infectum,
1301 4943 1588 4999 ediderunt
1617 4963 1630 4998 :
1660 4947 1764 5001 hoc
1809 4949 2027 5018 quidem

453 5028 686 5093 actione,
719 5028 852 5092 illud
902 5039 1083 5101 autem
1113 5034 1278 5088 verbo
1309 5035 1392 5088 vel
1423 5037 1736 5091 narratione
1767 5053 1873 5092 non
1906 5056 2028 5095 esse

455 5121 738 5188 portabile,
766 5137 868 5176 nec
889 5122 1188 5193 legitimum
1208 5126 1472 5182 dicentes.
1491 5128 1601 5183 Nos
1623 5139 1802 5185 autem
1838 5144 2032 5202 praeter

457 5209 593 5275 haec,
612 5214 912 5268 masculum
930 5215 1020 5281 qui
1046 5215 1217 5270 virilia
1238 5218 1366 5286 agit,
1383 5220 1744 5291 intelligamus
1759 5225 2031 5280 hominem

454 5304 522 5357 de
549 5320 658 5372 quo
692 5304 852 5378 David
889 5307 1105 5363 dicebat
1139 5327 1152 5362 :
1182 5309 1378 5366 Beatus
1409 5315 1488 5366 uir
1535 5318 1623 5383 qui
1665 5333 1766 5369 non
1809 5321 1938 5370 abiit
1975 5319 2034 5371 iu

455 5397 671 5450 consilio
704 5399 988 5468 impiorum
1014 5401 1062 5434 ⁵⁸
1094 5419 1108 5468 ;
1146 5412 1202 5457 et
1251 5420 1487 5460 rursus:
1532 5405 1658 5460 Fiat
1707 5427 1893 5463 manus
1935 5421 2026 5464 tua

453 5503 609 5558 super
649 5490 819 5544 virum
859 5493 1087 5556 dextera:
1113 5503 1217 5550 tum
1247 5497 1313 5549 '9.
1375 5499 1533 5554 Hunc
1575 5501 1874 5556 effeminari
1920 5518 2026 5556 non

525 5709 572 5740 ⁸⁸
596 5707 990 5786 Ephes._v,_l‘2.
1078 5716 1123 5747 ⁸⁸
1147 5717 1280 5773 Luc.
1317 5737 1367 5785 χ,
1405 5723 1494 5786 ‘27,
1521 5725 1608 5779 29.

455 5793 606 5840 xxxi,
641 5779 726 5833 10.
802 5779 845 5809 ⁸⁸
877 5780 1036 5837 Rom.
1068 5787 1289 5852 vnt,22.

1715 5726 1756 5756 ⁵⁷
1792 5725 1835 5779 ll
1865 5726 1990 5780 Cor.
2039 5744 2107 5793 vt,
2154 5728 2236 5782 15.

2142 4599 2340 4644 terra
2363 4591 2689 4660 polluerent,
2716 4591 3090 4661 pollutamque
3119 4593 3302 4662 respui
3344 4593 3612 4660 facerent,
3661 4602 3722 4648 et

2139 4696 2237 4736 eos
2269 4682 2440 4751 quiin
2479 4698 2542 4736 ea
2574 4683 2698 4736 talia
2738 4683 3159 4744 commiserunt.
3217 4696 3497 4739 evomeret
3553 4695 3722 4756 atque

2139 4781 2416 4838 renueret,
2443 4788 2550 4826 non
2591 4775 2716 4842 quia
2742 4781 2957 4843 poterat
3003 4775 3274 4844 expellere
3299 4791 3329 4828 a
3359 4791 3441 4839 se,
3460 4778 3547 4831 vel
3582 4792 3721 4831 evo-
3775 4820 3788 4830 .

2138 4877 2308 4925 mere,
2341 4862 2445 4927 vel,
2464 4863 2606 4916 sicut
2637 4863 2976 4919 Theodotlon
3001 4865 3190 4928 edidit,
3215 4882 3456 4936 respuere
3489 4885 3596 4929 eos,
3622 4871 3720 4924 sed

2133 4955 2260 5024 quia
2276 4954 2496 5010 eosdem
2514 4965 2776 5011 nocentes
2797 4957 3102 5027 ingemiscit
3118 4960 3443 5013 naturaliter
3459 4959 3513 5014 in
3536 4968 3723 5016 trans-

2129 5049 2505 5118 gressionihus
2564 5050 2699 5112 suis,
2756 5051 3222 5119 quemadmodum
3280 5051 3481 5106 Paulus
3533 5053 3716 5107 dicit:

2133 5139 2271 5204 Quia
2334 5141 2448 5210 ipsa
2493 5150 2737 5194 creatura
2789 5143 3100 5210 ingemiscit,
3155 5152 3204 5196 et
3262 5145 3494 5212 parturit
3554 5161 3722 5215 usque

2137 5247 2272 5283 nunc
2295 5233 2361 5284 σί.
2395 5230 2538 5285 Deus
2606 5241 2786 5287 autem
2814 5242 2922 5287 tam
2980 5235 3240 5304 gemitum
3291 5235 3409 5299 ejus
3451 5236 3715 5304 vindicat,

2134 5337 2292 5393 quam
2324 5323 2494 5394 legem
2531 5340 2707 5389 suam,
2742 5335 2795 5381 et
2825 5335 3154 5389 creaturam,
3186 5338 3377 5398 utpote
3411 5331 3714 5398 propriam,

2135 5427 2255 5482 qua:
2281 5413 2618 5468 demonstrat
2655 5430 2720 5470 ex
2783 5417 2866 5469 his
2899 5432 3020 5485 qua:
3082 5433 3229 5473 nunc
3292 5419 3428 5472 dixit
3476 5438 3489 5471 :
3544 5415 3716 5487 Cujus

2137 5520 2232 5574 ego
2291 5505 2485 5558 scelera
2509 5507 2733 5560 visitabo
2761 5525 2778 5562 :
2805 5517 2860 5562 et
2905 5509 3007 5562 hoc
3050 5521 3236 5578 aperte
3299 5511 3536 5564 ostendit
3584 5513 3713 5580 quia

2345 5729 2388 5760 ⁵⁸
2423 5728 2564 5784 Psal.
2593 5747 2627 5794 ι,
2675 5731 2717 5782 l.
2826 5731 2868 5761 "
2894 5729 3035 5784 Psal.
3067 5747 3250 5796 LXXIX,
3283 5731 3364 5784 18.
3478 5731 3521 5760 “
3548 5730 3713 5787 [νς-ον.
