4038 6182
356 289 501 356 1017

1522 285 1602 347 ΙΝ
1637 286 2076 348 LEVITICUM.
2118 311 2187 321 --
2219 286 2364 346 LIB.
2404 286 2474 349 V.

3486 283 3624 348 1013

351 424 387 465 a
421 409 546 465 Deo
572 410 831 464 virtutem
868 417 1012 461 terra
1031 403 1319 461 evomendi
1340 417 1433 458 eos
1452 401 1549 472 qui
1577 401 1633 456 in
1663 401 1948 471 eainjuste
1978 409 2024 465 Α
2052 403 2156 460 bus
2183 412 2422 475 oportet,
2464 411 2519 459 et
2544 403 2859 459 nullatenus
2884 403 3008 459 hinc
3067 401 3250 458 facere
3302 414 3424 470 qua:
3475 400 3621 455 cole-

354 510 558 574 agunt,
588 510 817 569 accepit.
857 486 1010 553 [inde
1042 507 1101 553 et
1136 497 1435 552 crabrones
1476 493 1530 547 in
1583 492 1944 562 perditionem

354 593 732 648 habitantium
756 590 1034 660 produxit,
1053 604 1192 657 «quos
1214 587 1380 641 etiam
1398 599 1459 639 se
1492 584 1789 638 immittere
1817 590 1946 640 ante

350 684 567 740 faciem
620 684 855 737 illioram
886 681 1056 736 lsrael
1081 690 1270 735 contra
1299 676 1650 732 Amorrhaos
1691 684 1748 728 et
1812 673 1946 728 reli-

350 794 499 846 quas
524 786 717 848 gentes
745 791 842 845 per
872 772 1281 830 Deuteronomii
1315 770 1512 825 librum
1540 783 1642 822 nos
1659 767 1847 822 decuit
1873 767 1942 818 η.

350 870 424 924 Et
452 871 577 924 haec
600 867 820 937 quidem
852 878 954 919 nos
986 864 1144 918 docet
1166 878 1263 932 per
1299 862 1538 915 litteram
1571 860 1675 913 lex‘.
1712 856 1810 911 llis
1838 872 1945 910 au-

348 966 469 1012 tem
492 958 789 1024 conjuncta
826 964 973 1016 sunt,
1001 961 1057 1006 et
1098 967 1202 1005 non
1235 948 1534 1013 contraria,
1573 949 1618 1000 si
1650 961 1748 1017 per
1777 946 1944 1015 spiri-

350 1049 529 1104 talem
571 1047 909 1101 intellectum
943 1053 1132 1115 gentes
1170 1044 1224 1096 in
1259 1042 1345 1095 bis
1371 1041 1628 1095 omnibus
1680 1038 1938 1107 pollutas,

349 1139 644 1193 dmmones
667 1136 1134 1198 intellexerimus;
1190 1139 1381 1205 gentes
1413 1131 1686 1200 siquidem
1739 1131 1793 1185 hi
1824 1146 1949 1199 pro-

352 1239 485 1299 pter
512 1228 917 1283 multitudinem
950 1227 1210 1281 dicuntur
1238 1240 1251 1277 :
1319 1237 1444 1278 cum
1470 1222 1617 1276 enim
1640 1222 1806 1276 nimis
1835 1221 1945 1275 sint

350 1318 561 1388 iniqui,
592 1327 648 1372 et
686 1317 833 1371 omni
899 1317 1153 1370 laetantur
1190 1312 1413 1377 malitia,
1469 1311 1705 1365 maxime
1763 1318 1943 1364 tamen

351 1404 751 1469 fornicatione.
784 1416 839 1463 et
861 1406 1069 1461 nefaria
1099 1404 1483 1468 fornicatione,
1521 1419 1585 1457 ac
1612 1401 1784 1456 multo
1819 1417 1937 1455 ma-

352 1502 443 1571 gis
473 1500 775 1555 idololatria
804 1499 1046 1569 gaudent
1071 1512 1086 1548 :
1119 1496 1242 1565 quia
1274 1496 1332 1550 in
1359 1496 1445 1549 his
1466 1509 1666 1565 corpus
1687 1503 1741 1548 et
1762 1492 1943 1547 anima

352 1591 673 1646 maculatur
705 1598 760 1643 et
782 1598 926 1643 totus
961 1588 1145 1650 homo,
1181 1586 1273 1655 qui
1294 1594 1436 1639 terra
1461 1576 1788 1653 appellatur,
1840 1597 1944 1650 per

355 1682 469 1735 hoc
512 1681 797 1751 polluitur.
830 1679 937 1733 Sed
984 1678 1170 1732 visitat
1201 1677 1345 1731 Deus
1410 1686 1635 1738 terram,
1687 1673 1943 1727 videlicet

2047 497 2562 565 bantantiquiores,
2584 498 2678 567 qui
2732 505 2932 551 terram
2991 502 3234 549 nostram
3290 492 3621 562 polluerunt.

2048 588 2115 643 lli
2143 600 2274 660 ergo
2291 588 2627 658 antiquiores
2646 586 2804 642 nobis
2859 594 2988 640 sunt
3025 585 3080 637 in
3103 583 3440 647 conditione,
3490 581 3620 651 quia

2049 678 2347 734 invisibiles
2381 685 2815 734 suntcreaturae.
2872 674 3191 730 Polluerunt
3223 682 3405 727 autem
3439 672 3622 727 homi-

2048 788 2179 826 num
2218 786 2410 843 genus,
2447 769 2870 825 inobedientiam
2908 768 2957 823 ei
3017 766 3212 831 Adam,
3250 774 3306 819 et
3352 764 3456 817 alia
3498 771 3624 832 post

2048 864 2201 918 illum
2223 864 2361 917 mala
2407 872 2781 934 suggerentes,
2826 861 3005 917 veluti‘
3042 857 3412 917 mendacium,
3444 855 3622 908 homi-

2047 953 2248 1009 cidium
2278 960 2339 1019 et,
2361 965 2698 1021 quaecunque
2752 951 2840 1005 his
2872 948 3072 1003 similia
3107 954 3257 1012 sunt,
3290 944 3364 999 ita
3399 949 3461 997 ut
3515 944 3622 995 Do-

2047 1046 2230 1100 minus
2252 1046 2318 1099 de
2346 1044 2562 1099 diabolo
2586 1043 2795 1097 diceret
2828 1060 2840 1095 :
2867 1040 2966 1095 Ille
2989 1041 3055 1094 ab
3085 1039 3243 1092 initio
3290 1035 3519 1089 mendax
3573 1042 3624 1088 et

2045 1135 2306 1189 homicida
2330 1143 2406 1187 est
2445 1134 2511 1187 ⁸⁷.
2545 1132 2945 1203 Suggesserunt
3001 1138 3184 1184 autem
3215 1127 3295 1182 eis
3330 1127 3423 1196 qui
3471 1140 3630 1179 men-

2049 1236 2157 1281 tem
2183 1226 2448 1280 lubricam
2483 1235 2539 1280 et
2579 1234 2894 1295 vergentem
2922 1222 2990 1276 ad
3048 1221 3252 1275 malum
3295 1218 3573 1273 habebant
3607 1232 3621 1267 :

2047 1334 2173 1373 nam
2212 1333 2314 1372 nec
2339 1317 2496 1381 Abel,
2530 1332 2632 1371 nec
2660 1315 2814 1380 Seth,
2839 1329 2943 1369 nec
2976 1312 3187 1376 Enoch,
3224 1326 3327 1366 nec
3348 1308 3484 1373 Noe,
3520 1322 3625 1363 nec

2047 1402 2169 1467 aliis
2197 1412 2360 1482 justis
2384 1426 2672 1481 suggerere
2701 1418 3017 1479 potuerunt,
3060 1406 3145 1462 vel
3175 1404 3345 1475 magis
3399 1417 3623 1474 sugges-

2048 1513 2258 1569 serunt,
2284 1503 2379 1559 sed
2395 1517 2504 1555 non
2536 1501 2914 1564 obtinuerunt,
2963 1498 3056 1553 sed
3095 1495 3240 1551 irrisi
3273 1503 3402 1549 sunt
3424 1495 3491 1547 ab
3517 1493 3622 1553 eis,

2042 1604 2103 1649 et
2145 1602 2513 1649 recesserunt.
2561 1591 2746 1659 Neque
2793 1588 2939 1642 enim
2995 1584 3202 1640 inimici
3263 1582 3621 1653 cogitationes

2048 1682 2722 1755 ignorantjusti,sicutait
2755 1679 2998 1733 Paulus:
3046 1677 3165 1731 Non
3219 1676 3356 1729 enim
3412 1674 3623 1743 ignora-

356 1771 648 1827 hominum
681 1785 872 1838 genus,
899 1776 955 1822 et
984 1769 1187 1832 scelus,
1221 1769 1324 1832 vel,
1353 1779 1413 1821 ut
1436 1765 1815 1836 Septuaginta.
1849 1765 1937 1817 in-

2046 1794 2160 1831 mus
2182 1777 2522 1846 cogitationes
2545 1775 2658 1843 ejus
2687 1774 2753 1826 θδ.
2779 1773 3033 1827 Scientes
3067 1778 3251 1823 autem
3283 1783 3399 1830 eos,
3432 1767 3500 1819 ab
3542 1764 3624 1819 eis

347 1860 630 1929 justitiam
675 1859 788 1928 ejus
832 1858 888 1912 in
951 1873 1093 1919 eam,
1137 1857 1189 1911 id
1218 1866 1467 1927 cst,quze
1520 1856 1588 1910 ab
1622 1856 1758 1925 ipsa,
1787 1864 1842 1908 et
1887 1854 1941 1906 in

355 1951 711 2021 semetipsum
733 1950 1093 2005 committitur
1129 1966 1142 2002 :
1183 1949 1251 2004 ab
1273 1964 1337 2003 ea
1375 1949 1597 2018 quidem
1626 1948 1717 2017 qui
1746 1947 1814 2001 ab
1843 1947 1937 2000 bo-

357 2043 605 2097 minibus
626 2050 757 2096 sunt
791 2050 1101 2111 peccantes,
1131 2049 1187 2094 et
1215 2040 1257 2095 si
1288 2056 1318 2093 a
1356 2040 1718 2104 daemonibus,
1751 2047 1807 2092 et
1839 2039 1943 2092 hoc

356 2136 758 2203 protrahuntur
788 2134 841 2187 in
863 2133 1181 2202 semetipsa.
1247 2133 1373 2202 quia
1426 2131 1758 2201 accipientes
1783 2145 1944 2185 occa-

358 2222 577 2275 sionem
608 2222 684 2275 illi
712 2236 778 2275 ex
801 2230 991 2275 nostra
1026 2206 1377 2291 negligentia,
1416 2221 1799 2275 contumeliam
1854 2220 1940 2274 in-

358 2323 565 2382 gerunt
596 2325 801 2370 nostra:
827 2325 1060 2370 naturae.
1094 2315 1199 2370 Sed
1257 2314 1514 2368 visitante
1543 2313 1655 2367 Deo
1689 2328 1787 2383 per
1823 2311 1942 2366 Sal-

361 2406 566 2460 vaturis
592 2408 909 2474 adventura,
949 2409 1017 2463 de
1046 2424 1155 2478 quo
1183 2406 1476 2461 Zacharias
1498 2404 1733 2468 dicebat,
1809 2414 1942 2474 pro-

360 2502 597 2568 plietans
624 2499 685 2553 in
712 2501 899 2570 januis
924 2516 1048 2556 esse
1080 2499 1291 2555 Domini
1320 2499 1659 2552 nativitatem
1692 2513 1704 2548 :
1746 2496 1941 2549 Visito-

355 2593 435 2645 uit
464 2607 557 2644 nos
616 2592 788 2645 oriens
849 2609 913 2647 ex
946 2591 1058 2646 alto
1085 2592 1148 2647 ".
1202 2590 1544 2644 llabitatores
1571 2604 1702 2643 suos
1753 2598 1941 2642 nostra

354 2691 576 2746 natura,
611 2682 663 2736 id
693 2692 798 2746 est,
828 2699 925 2738 eos
958 2684 1049 2754 qui
1069 2700 1189 2739 eam
1225 2692 1372 2737 sorte
1424 2693 1807 2751 perceperunt,
1854 2682 1937 2735 vel

352 2775 411 2829 in
443 2789 504 2828 ea
524 2790 756 2844 quorum
778 2775 1082 2844 principem
1112 2776 1314 2829 malum
1338 2773 1505 2828 David
1536 2772 1775 2842 ﬁgurans
1793 2773 1939 2840 psal-

351 2868 553 2923 lebat:
599 2865 755 2922 Sedet
799 2868 856 2921 in
913 2867 1121 2921 insidiis
1174 2882 1292 2919 cum
1324 2865 1575 2919 divitibus
1628 2866 1683 2916 in
1721 2863 1940 2917 orcaltis

350 2970 412 3012 ut
460 2959 744 3028 interﬁciat
801 2959 1241 3024 innocentem“,
1305 2960 1381 3012 ita
1442 2966 1500 3011 ut
1553 2956 1657 3027 ipsi
1725 2957 1935 3026 expulsi

346 3051 635 3106 dicerent:
670 3048 730 3105 Si
765 3050 914 3119 ejicis
937 3067 1048 3115 nos,
1081 3051 1232 3104 mitte
1252 3065 1345 3103 nos
1382 3049 1437 3101 in
1487 3064 1697 3119 gregem
1753 3063 1937 3114 porco-
1964 3087 2005 3143 ε

348 3160 469 3197 rum
494 3143 558 3196 “.
592 3141 820 3211 PrOptcr
848 3142 993 3212 quod
1029 3142 1308 3196 custodire
1361 3141 1534 3213 legem
1572 3156 1790 3194 omnem
1839 3156 1935 3209 per

347 3236 572 3305 Moysen
609 3235 947 3304 propalatam
994 3244 1050 3289 ct
1114 3242 1388 3303 praecepta
1440 3232 1768 3300 evangelicae
1815 3246 1939 3285 con-

349 3325 679 3380 versationis
708 3328 994 3390 dcbcmus,
1040 3336 1228 3397 utpote
1259 3326 1353 3394 qui
1394 3326 1557 3378 talem
1587 3325 1657 3378 ab
1694 3340 1761 3379 eo
1806 3340 1937 3395 per-

351 3418 583 3486 cipimus
616 3419 1008 3473 visitationem.

425 3507 588 3561 Vnus.
620 3509 812 3562 20-29.
836 3528 853 3559 ‹
888 3509 955 3561 Et
989 3524 1095 3561 non
1118 3508 1281 3561 facxet
1315 3524 1383 3562 ex
1435 3507 1693 3561 omnibus
1748 3506 1937 3561 admo-

352 3599 657 3653 nitionibus
689 3600 828 3662 istis,
880 3608 988 3654 tam
1035 3599 1293 3668 indigena
1347 3614 1511 3667 quam
1562 3599 1792 3652 colonus
1841 3598 1933 3667 qui

352 3689 736 3758 peregrinatur
763 3690 910 3758 apud
935 3705 1050 3744 eos.
1079 3687 1283 3743 Omnes
1316 3690 1461 3743 enim
1522 3689 1937 3745 exsecrationes

350 3779 486 3832 istas
517 3781 765 3833 fecerunt
789 3780 988 3834 accola:
1013 3789 1174 3834 terra:
1204 3782 1294 3849 qui
1320 3780 1546 3834 fuerunt
1573 3791 1701 3835 ante
1734 3796 1850 3849 vos,
1881 3789 1937 3835 et

349 3868 663 3937 polluerunt
688 3886 830 3925 eam.
882 3872 1086 3926 Cavete
1132 3888 1262 3943 ergo
1309 3888 1381 3928 ne
1434 3881 1489 3927 et
1541 3889 1639 3928 vos
1690 3874 1939 3930 similiter

350 3973 589 4027 evomat,
626 3980 752 4019 cum
785 3966 935 4035 paria
959 3965 1206 4023 feceritis
1240 3969 1379 4023 sicut
1433 3969 1676 4024 evomuit
1718 3978 1936 4040 gentem

347 4070 469 4125 quae
508 4058 610 4112 fuit
672 4068 799 4113 ante
845 4077 961 4116 vos.
997 4060 1191 4117 Omnis
1242 4064 1424 4117 anima
1468 4080 1589 4133 qua:
1633 4064 1827 4118 fecerit
1868 4064 1937 4117 de

345 4150 851 4208 abominationibus
896 4153 1019 4208 istis
1051 4156 1349 4225 quidpiam,
1399 4156 1596 4225 peribit
1637 4155 1706 4210 de
1753 4156 1951 4210 mcdio'

344 4241 531 4312 populi
566 4244 671 4298 sui.
706 4265 724 4296 ι
1140 4298 1143 4301 .

419 4334 665 4389 lleiterat
707 4346 764 4391 et
818 4337 1027 4393 stabilit
1083 4339 1276 4411 legem,
1340 4351 1396 4395 et
1448 4342 1933 4396 comminationcm

2045 1880 2104 1919 sc
2142 1864 2475 1927 custodiunt.
2504 1862 2609 1917 Sed
2634 1862 2756 1916 illos
2785 1860 3005 1931 quidem
3043 1856 3400 1926 intelligibilis
3436 1862 3621 1907 nostra

2044 1967 2188 2011 terra
2215 1956 2433 2009 visitata
2473 1972 2502 2009 a
2540 1955 2672 2019 Deo,
2720 1969 2816 2023 per
2842 1950 3140 2006 Salvatoris
3163 1949 3458 2002 adventum
3491 1961 3623 2000 evo-

2043 2051 2205 2106 muit.
2248 2051 2477 2119 Propter
2505 2048 2653 2115 quod
2686 2060 2790 2102 nec
2822 2044 2984 2102 venia
3008 2043 3102 2096 tali
3143 2055 3291 2095 nunc
3318 2040 3515 2110 dignus
3538 2047 3625 2093 est

2045 2141 2171 2195 talia
2190 2156 2447 2209 peccans,
2474 2137 2622 2210 quia,
2642 2144 2929 2207 postquam
2957 2132 3219 2191 destructi
3255 2141 3385 2187 sunt
3403 2130 3495 2201 qui
3521 2143 3624 2185 nos

2044 2233 2334 2297 seducunt,
2371 2241 2423 2287 et
2463 2240 2747 2302 postquam
2783 2227 3028 2284 evomuit
3059 2241 3157 2281 eos
3185 2232 3352 2287 terra,
3400 2238 3502 2276 nos
3559 2237 3623 2276 ea

2043 2340 2164 2397 qua:
2185 2325 2255 2381 ad
2284 2339 2379 2379 eos
2414 2322 2694 2395 pertinent
2731 2320 3031 2384 imitamur,
3089 2327 3147 2372 et
3194 2316 3430 2385 patimur
3474 2310 3622 2381 quod

2047 2417 2310 2473 Dominus
2341 2415 2600 2471 dicebat:
2656 2413 2816 2469 Fiunt
2876 2410 3158 2465 novissima
3205 2406 3427 2460 hominis
3476 2403 3622 2457 illius

2043 2509 2303 2563 deteriora
2323 2506 2583 2578 prioribus
2613 2505 2678 2557 ⁶⁹.
2698 2503 2765 2561 Hi
2794 2503 2943 2561 enim
2970 2500 3085 2571 «qui
3109 2509 3232 2572 post
3251 2496 3619 2569 evangelicum

2046 2596 2486 2665 prazdicationem
2515 2595 2571 2649 in
2612 2609 2729 2656 eas,
2757 2608 2880 2663 quae
2917 2592 3062 2648 dicta
3110 2597 3261 2653 sunt,
3313 2587 3622 2657 impietatcs

2043 2696 2401 2745 excesserunt
2434 2697 2489 2742 et
2522 2688 2753 2753 scelera,
2775 2686 2891 2741 sive
2915 2684 3377 2744 abominationes,
3396 2687 3623 2750 propter

2041 2777 2269 2835 nimiam
2334 2778 2404 2833 ab
2453 2779 2533 2833 eis
2589 2776 2680 2831 Dei
2725 2775 3094 2839 aversionom,
3127 2782 3277 2831 recte
3332 2771 3459 2827 dicti
3493 2778 3626 2823 sunt

2041 2870 2168 2928 mali
2189 2888 2203 2938 ;
2224 2879 2365 2927 terra
2396 2871 2658 2925 abhorret
2684 2878 2741 2925 et
2768 2877 2988 2925 evomat
3009 2868 3132 2923 illos
3163 2885 3178 2921 :
3211 2881 3321 2921 non
3344 2866 3489 2919 enim
3513 2865 3621 2933 iam

2041 2964 2096 3019 in
2124 2963 2404 3021 hominum
2437 2961 2709 3032 portione,
2778 2960 2871 3017 sed
2942 2960 2996 3014 in
3051 2961 3359 3015 daemonum
3398 2956 3623 3011 ordina-

2042 3054 2247 3108 buntur
2282 3073 2297 3107 :
2329 3052 2630 3123 perdentur
2651 3049 2800 3105 enim
2823 3065 3011 3107 eorum
3060 3050 3281 3103 animm.
3305 3047 3418 3102 lloc
3437 3055 3621 3101 autem

2040 3146 2092 3203 iu
2135 3147 2384 3221 gelteuna
2414 3142 2493 3208 fit,
2517 3143 2609 3197 ubi
2642 3142 2878 3201 maxime
2900 3142 3057 3198 locus
3085 3148 3142 3195 et
3164 3156 3285 3195 sors
3309 3140 3619 3195 daemonum

2040 3247 2145 3301 est,
2160 3238 2306 3308 quod
2322 3237 2634 3293 manifestat
2648 3234 2917 3302 Dominus
2930 3235 3122 3293 dicens
3142 3252 3155 3287 :
3182 3234 3445 3289 Discedite
3466 3249 3498 3284 a
3520 3247 3621 3296 me,

2039 3328 2327 3394 maledicti,
2358 3329 2417 3381 in
2440 3327 2613 3396 ignem
2641 3335 2918 3395 internum,
2952 3325 3043 3394 qui
3073 3332 3301 3392 paratus
3319 3330 3392 3381 est
3411 3320 3627 3377 diabolo

2039 3430 2087 3474 et
2105 3419 2309 3490 angelis
2338 3420 2454 3488 ejus
2481 3420 2549 3473 7°.

2114 3515 2271 3573 Vsus.
2310 3513 2397 3569 50.
2440 3532 2457 3565 ‹
2494 3511 2778 3568 Custoditc
2832 3510 3091 3571 mandata
3137 3524 3276 3571 mea,
3314 3508 3483 3564 nolite
3540 3506 3623 3561 fa-

2038 3622 2165 3663 cere
2212 3622 2336 3675 quae
2374 3604 2625 3663 iecerunt
2675 3604 2730 3659 lti
2758 3603 2854 3672 qui
2908 3602 3134 3656 fuerunt
3162 3609 3292 3655 ante
3322 3614 3437 3662 vos,
3471 3607 3624 3654 etne

2039 3699 2358 3770 polluamini
2398 3698 2454 3751 in
2512 3697 2613 3753 eis.
2653 3695 2766 3771 Εεο
2821 3710 2947 3755 sum
3006 3692 3275 3749 Dominus
3328 3689 3473 3745 licus
3527 3704 3622 3743 vc-

2039 3801 2174 3849 ster.
2213 3812 2232 3845 »
2825 3811 2829 3817 ·

2113 3885 2251 3940 Vere
2277 3887 2334 3939 in
2365 3885 2564 3939 duobus
2597 3892 2644 3936 et
2677 3883 2841 3936 tribus
2864 3884 3081 3939 testibus
3107 3890 3212 3937 stat
3272 3896 3425 3935 cuine
3504 3894 3622 3931 uer-

2038 3979 2158 4032 bum
2187 3978 2256 4032 Ἠ.
2285 3976 2398 4031 lloc
2430 3992 2560 4046 ergo
2585 3976 2860 4046 legislator
2925 3975 3250 4028 conlirmare
3288 3972 3498 4034 volens,
3552 3970 3621 4024 de

2039 4069 2249 4124 eisdem
2279 4070 2439 4123 tertio
2461 4069 2743 4139 praecepit.
3490 4072 3491 4075 “

2114 4159 2404 4226 Custodite,
2441 4160 2640 4229 inquit,
2678 4161 2935 4213 mandata
2964 4155 3279 4219 mea,nolite
3313 4157 3485 4227 chere
3501 4167 3619 4223 qua:

2042 4250 2350 4323 fecerunt/ti
2389 4250 2479 4320 qui
2506 4253 2716 4321 fuerunt
2765 4259 2888 4304 ante
2930 4266 3037 4304 vos.
3077 4248 3143 4303 Ut
3192 4246 3443 4300 ostendat
3492 4244 3619 4313 quia

2039 4356 2149 4395 non
2182 4340 2423 4395 hominis
2457 4342 2773 4410 cujuslibet,
2804 4342 2898 4397 sed
2952 4340 3127 4411 ipsius
3170 4339 3265 4393 Dei
3297 4344 3427 4391 sunt
3459 4351 3621 4389 man-

344 4425 653 4481 coniirmat.
689 4428 862 4484 Etiam
898 4431 1013 4485 hinc
1037 4447 1227 4487 rursus
1249 4432 1477 4496 addens,
1514 4450 1733 4504 poenam
1771 4452 1925 4489 tuan»
1963 4434 2006 4488 D
2033 4432 2187 4488 data.
2228 4432 2332 4499 Qui
2385 4436 2660 4503 quomodo
2707 4435 2904 4490 debeat
2932 4434 3220 4499 custodiri,
3258 4450 3369 4488 non
3426 4432 3618 4495 verba,

343 4515 437 4570 dat
471 4525 698 4585 terrere,
745 4530 801 4575 et
832 4523 1044 4593 erigere
1097 4540 1197 4579 nos
1246 4527 1436 4581 volens
1481 4527 1547 4581 ad
1605 4528 1822 4584 vitanda
1864 4544 1929 4583 ea

341 4620 464 4675 quae
483 4610 675 4676 vetuit,
707 4620 766 4666 ut
792 4629 903 4669 non
933 4615 1003 4681 ei,
1029 4632 1192 4686 quam
1221 4618 1584 4673 comminatus
1610 4628 1717 4686 est,
1751 4636 1929 4691 poenae

342 4698 718 4769 subjiciamur.
745 4704 878 4771 Qua:
913 4716 999 4762 est
1027 4710 1172 4762 enim
1202 4711 1317 4764 haec
1346 4713 1543 4767 animae
1568 4714 1844 4782 perditio?
1872 4713 1926 4768 id

340 4798 444 4855 est,
469 4806 635 4861 quam
669 4795 758 4850 hic
789 4800 998 4866 peccati
1025 4801 1295 4869 praevenit
1318 4818 1488 4867 mors,
1524 4805 1764 4874 complet
1795 4819 1925 4875 ergo

341 4881 395 4935 in
428 4882 674 4940 futurum
701 4888 971 4957 gehenna.
1023 4893 1115 4947 Ait
1151 4892 1295 4947 enim
1361 4893 1625 4948 Dominus
1657 4912 1672 4948 :
1731 4894 1926 4950 Timete

339 4992 458 5029 eum
502 4979 592 5048 qui
618 4989 784 5049 potest
806 4991 854 5035 et
882 4998 1068 5053 corpus
1112 4994 1160 5037 et
1191 4985 1429 5039 animam
1473 4989 1693 5053 perdere
1743 4987 1799 5039 in
1847 5004 1929 5056 ge-

338 5069 511 5123 henna
540 5072 605 5126 “.
635 5071 869 5143 Propter
887 5075 1031 5143 quod
1065 5085 1171 5130 tam
1234 5077 1489 5143 incolam,
1523 5080 1577 5132 id
1638 5088 1741 5141 est,
1801 5095 1924 5134 eum

338 5159 481 5229 quia
515 5162 763 5229 patribus
793 5164 849 5218 in
869 5166 984 5237 lege
1014 5168 1256 5221 nutritus
1295 5176 1397 5234 est,
1452 5178 1508 5222 et
1566 5168 1634 5222 ab
1696 5169 1925 5225 infantia

337 5256 534 5307 doctus
562 5264 648 5308 est
676 5257 908 5319 litteras,
946 5273 1108 5328 quam
1137 5259 1490 5328 proselytum,
1527 5261 1692 5331 etqui
1720 5262 1923 5331 adjun-

334 5352 454 5399 ctus
478 5356 564 5401 cst
595 5349 774 5415 nobis,
798 5350 849 5405 id
868 5358 973 5415 est,
1000 5366 1126 5405 cum
1146 5352 1237 5421 qui
1262 5350 1643 5409 deforisnobis
1668 5354 1919 5424 adjectus

336 5449 441 5503 οδε,
471 5439 563 5507 qui
597 5438 833 5496 interius
863 5458 1079 5507 sumus,
1110 5444 1365 5499 recedere
1390 5445 1460 5501 ab
1492 5447 1919 5503 abominationi-

410 5614 462 5687 ‘_'_
486 5615 645 5687 Deut.
685 5635 782 5681 vn,
823 5620 913 5685 20,
991 5622 1035 5654 ⁸³
1062 5621 1194 5676 Luc.
1227 5639 1263 5687 ι,
1296 5623 1386 5677 28.

1469 5623 1512 5656 εδ
1541 5624 1686 5679 Psal.
1715 5644 1788 5691 ix,
1812 5629 1865 5682 5'.

339 5684 384 5716 “'
418 5683 463 5738 ll
487 5684 614 5741 Cor.
646 5704 719 5751 xi,
746 5691 831 5743 ll.

911 5663 913 5677 .
991 5632 1035 5654 δ’
1062 5632 1194 5676 Luc.
1227 5639 1263 5687 ι,
1296 5632 1386 5677 28.
1469 5632 1512 5656 δ’
1541 5632 1686 5679 Psal.
1715 5644 1788 5691 ix,
1812 5632 1865 5682 5'.
1971 5632 2014 5663 ⁸⁸
2046 5632 2233 5688 Matth.
2268 5652 2384 5696 vut.
2407 5636 2494 5689 El.

911 5692 954 5723 69
987 5690 1152 5723 until.
1210 5709 1279 5723 ν..
1341 5697 1403 5723 tr:
1501 5697 1736 5723 vou...n.
1797 5715 1899 5723 -.-.-.
1954 5702 2002 5723 ιι
2110 5706 2150 5723 η.
2188 5707 2226 5723 η
2272 5708 2329 5723 η.

986 5690 1175 5747 Matth.
1208 5709 1301 5760 xu,
1334 5697 1421 5753 4:3.
1501 5697 1547 5729 ⁷⁰
1569 5690 1919 5767 Mattlnnv,
1944 5702 2030 5754 ll.

2036 4527 2131 4581 sed
2167 4542 2356 4596 opere,
2408 4526 2725 4582 incarnatus
2779 4542 2878 4598 per
2931 4543 3087 4584 suam
3144 4525 3616 4583 conversationem

2036 4620 2300 4675 ostendit.
2335 4618 2405 4674 Ut
2437 4635 2548 4674 non
2583 4620 2845 4676 faciamus
2884 4632 3065 4676 autem
3097 4620 3280 4675 omnia
3310 4633 3432 4689 quae
3472 4616 3619 4670 fece-

1996 4744 2005 4753 ι
2036 4720 2167 4768 runt
2198 4712 2251 4766 hi
2298 4715 2389 4782 qui
2424 4713 2648 4768 fuerunt
2677 4722 2805 4769 ante
2858 4729 2983 4778 nos,
3021 4711 3338 4768 necessarie
3362 4707 3573 4762 addidit
3601 4745 3617 4771 ,

2036 4814 2098 4860 ut
2122 4805 2389 4861 sciremus
2416 4809 2542 4876 quia
2570 4808 2786 4863 veniam
2821 4806 3183 4877 peccantibus
3220 4819 3330 4858 non
3366 4807 3613 4871 praestat.

2034 4896 2192 4963 Quod
2224 4899 2598 4967 praecedentes
2629 4900 2720 4953 alii
2749 4898 2969 4969 quidam
2993 4897 3189 4951 similia
3212 4892 3448 4964 posteris
3464 4906 3619 4944 com-

2035 4990 2304 5045 miserunt
2330 5001 2552 5060 peccata
2581 5011 2594 5047 :
2624 4993 2861 5063 primum
2922 4991 3165 5063 quidem,
3196 4986 3320 5057 quia
3354 5000 3460 5039 nec
3512 4983 3619 5037 illis

2032 5082 2192 5138 venia
2221 5083 2343 5138 data
2381 5094 2485 5147 est,
2513 5086 2609 5140 sed
2640 5085 2818 5153 pinnis
2837 5080 3186 5139 condemnati
3205 5086 3335 5133 sunt
3356 5094 3369 5141 ;
3394 5074 3615 5140 deinde,

2033 5177 2161 5248 quia
2193 5177 2622 5245 prmccdentium
2651 5192 2810 5247 poena
2830 5174 3106 5230 suﬂiciens
3136 5179 3257 5227 erat
3291 5172 3357 5225 ad
3381 5186 3617 5239 sequen-

2035 5280 2119 5325 tes
2145 5270 2527 5341 corrigendos;
2563 5274 2790 5342 insuper
2843 5269 2969 5340 quia
3005 5270 3118 5324 Deo
3148 5267 3216 5321 dc
3246 5266 3454 5321 eisdem
3480 5282 3615 5321 con-

2032 5372 2268 5419 lestante
2299 5379 2444 5433 saepe
2476 5380 2575 5434 per
2611 5365 2806 5435 legem,
2839 5372 2890 5417 et
2926 5360 3255 5431 Prophetas,
3281 5369 3334 5414 et
3368 5359 3615 5430 Evange-

2030 5455 2121 5522 lia,
2142 5456 2430 5526 oportebat
2445 5455 2513 5511 ad
2535 5454 2902 5511 obedientiam
2926 5453 3067 5509 ﬂecti
3099 5451 3398 5523 quamlibet
3415 5451 3610 5505 durum

2576 5636 2617 5663 ““'
2646 5635 2832 5692 Matth.
2859 5654 2911 5703 Χ,
2945 5635 3029 5690 9-8.

3115 5636 3160 5666 ⁸⁷
3187 5636 3345 5689 loan.
3369 5649 3487 5698 vm,
3520 5631 3609 5686 Ili.

2110 5706 2152 5734 '”
2184 5707 2373 5760 Matth.
2400 5723 2552 5773 xvm,
2588 5708 2672 5761 lli.
3203 5711 3207 5714 ’
