  <div class='ocr_page' id='page_1' title='image "/cluster/home/n/w/nwhite01/storage/ocr_20150623/93/hvd.32044054128533/523.png"; bbox 0 0 4038 6182; ppageno 0'>
   <div class='ocr_carea' id='block_1_1' title="bbox 413 268 554 332">
    <p class='ocr_par' dir='ltr' id='par_1_1' title="bbox 413 268 554 332">
     <span class='ocr_line' id='line_1_1' title="bbox 413 268 554 332; baseline 0 0"><span class='ocrx_word' id='word_1_1' title='bbox 413 268 554 332; x_wconf 83' lang='grc'><strong>1019</strong></span> 
     </span>
    </p>
   </div>
   <div class='ocr_carea' id='block_1_2' title="bbox 1604 258 2477 351">
    <p class='ocr_par' dir='ltr' id='par_1_2' title="bbox 1604 258 2477 351">
     <span class='ocr_line' id='line_1_2' title="bbox 1604 258 2477 351; baseline -0.01 -26"><span class='ocrx_word' id='word_1_2' title='bbox 1604 261 1966 340; x_wconf 81' lang='lat' dir='ltr'><strong>HESYCHII</strong></span> <span class='ocrx_word' id='word_1_3' title='bbox 2005 258 2477 351; x_wconf 75' lang='lat' dir='ltr'><strong>PRESBYTERI</strong></span> 
     </span>
    </p>
   </div>
   <div class='ocr_carea' id='block_1_3' title="bbox 3539 246 3681 312">
    <p class='ocr_par' dir='ltr' id='par_1_3' title="bbox 3539 246 3681 312">
     <span class='ocr_line' id='line_1_3' title="bbox 3539 246 3681 312; baseline 0.014 -2"><span class='ocrx_word' id='word_1_4' title='bbox 3539 246 3681 312; x_wconf 76' lang='lat'><strong>1020</strong></span> 
     </span>
    </p>
   </div>
   <div class='ocr_carea' id='block_1_4' title="bbox 408 365 3690 454">
    <p class='ocr_par' dir='ltr' id='par_1_4' title="bbox 408 365 3690 454">
     <span class='ocr_line' id='line_1_4' title="bbox 408 365 3690 454; baseline -0.006 -11"><span class='ocrx_word' id='word_1_5' title='bbox 408 404 522 443; x_wconf 84' lang='lat' dir='ltr'><strong>cor.</strong></span> <span class='ocrx_word' id='word_1_6' title='bbox 558 385 662 441; x_wconf 88' lang='lat' dir='ltr'><strong>Sed</strong></span> <span class='ocrx_word' id='word_1_7' title='bbox 700 384 824 441; x_wconf 89' lang='lat' dir='ltr'><strong>vide</strong></span> <span class='ocrx_word' id='word_1_8' title='bbox 851 385 1049 454; x_wconf 83' lang='lat' dir='ltr'><strong>quibus</strong></span> <span class='ocrx_word' id='word_1_9' title='bbox 1097 392 1421 453; x_wconf 69' lang='lat' dir='ltr'><strong>prmsentem</strong></span> <span class='ocrx_word' id='word_1_10' title='bbox 1453 381 1798 438; x_wconf 72' lang='lat' dir='ltr'><strong>sanctionem</strong></span> <span class='ocrx_word' id='word_1_11' title='bbox 1849 395 1986 435; x_wconf 84' lang='lat' dir='ltr'><strong>con-</strong></span> <span class='ocrx_word' id='word_1_12' title='bbox 2018 389 2060 443; x_wconf 75' lang='grc' dir='ltr'><strong>Α</strong></span> <span class='ocrx_word' id='word_1_13' title='bbox 2091 379 2233 437; x_wconf 85' lang='lat' dir='ltr'><strong>estis,</strong></span> <span class='ocrx_word' id='word_1_14' title='bbox 2269 387 2317 430; x_wconf 86' lang='lat' dir='ltr'><strong>et</strong></span> <span class='ocrx_word' id='word_1_15' title='bbox 2352 376 2569 444; x_wconf 84' lang='lat' dir='ltr'><strong>spiritus</strong></span> <span class='ocrx_word' id='word_1_16' title='bbox 2600 371 2694 426; x_wconf 85' lang='lat' dir='ltr'><strong>Dei</strong></span> <span class='ocrx_word' id='word_1_17' title='bbox 2743 370 2948 424; x_wconf 83' lang='lat' dir='ltr'><strong>habitat</strong></span> <span class='ocrx_word' id='word_1_18' title='bbox 2998 370 3054 424; x_wconf 83' lang='lat' dir='ltr'><strong>in</strong></span> <span class='ocrx_word' id='word_1_19' title='bbox 3115 368 3299 423; x_wconf 74' lang='lat' dir='ltr'><strong>vobis!</strong></span> <span class='ocrx_word' id='word_1_20' title='bbox 3365 365 3690 437; x_wconf 81' lang='lat' dir='ltr'><strong>Quicunque</strong></span> 
     </span>
    </p>
   </div>
   <div class='ocr_carea' id='block_1_5' title="bbox 338 475 869 552">
    <p class='ocr_par' dir='ltr' id='par_1_5' title="bbox 338 475 869 552">
     <span class='ocr_line' id='line_1_5' title="bbox 338 475 869 552; baseline -0.015 -16"><span class='ocrx_word' id='word_1_21' title='bbox 338 546 345 552; x_wconf 41' lang='grc'>,</span> <span class='ocrx_word' id='word_1_22' title='bbox 409 476 647 535; x_wconf 75' lang='lat' dir='ltr'><strong>ﬁrmavit</strong></span> <span class='ocrx_word' id='word_1_23' title='bbox 668 475 869 530; x_wconf 79' lang='lat' dir='ltr'><strong>verbis.</strong></span> 
     </span>
    </p>
   </div>
   <div class='ocr_carea' id='block_1_6' title="bbox 482 560 1995 637">
    <p class='ocr_par' dir='ltr' id='par_1_6' title="bbox 482 560 1995 637">
     <span class='ocr_line' id='line_1_6' title="bbox 482 560 1995 637; baseline -0.007 -14"><span class='ocrx_word' id='word_1_24' title='bbox 482 567 563 623; x_wconf 77' lang='lat' dir='ltr'><strong>Ne</strong></span> <span class='ocrx_word' id='word_1_25' title='bbox 589 566 904 637; x_wconf 84' lang='lat' dir='ltr'><strong>polluantini</strong></span> <span class='ocrx_word' id='word_1_26' title='bbox 931 566 985 620; x_wconf 88' lang='lat' dir='ltr'><strong>in</strong></span> <span class='ocrx_word' id='word_1_27' title='bbox 1010 567 1104 631; x_wconf 86' lang='lat' dir='ltr'><strong>eis,</strong></span> <span class='ocrx_word' id='word_1_28' title='bbox 1143 566 1269 636; x_wconf 88' lang='lat' dir='ltr'><strong>quia</strong></span> <span class='ocrx_word' id='word_1_29' title='bbox 1298 580 1391 634; x_wconf 86' lang='lat' dir='ltr'><strong>ego</strong></span> <span class='ocrx_word' id='word_1_30' title='bbox 1415 578 1533 617; x_wconf 90' lang='lat' dir='ltr'><strong>sum</strong></span> <span class='ocrx_word' id='word_1_31' title='bbox 1577 560 1833 616; x_wconf 75' lang='lat' dir='ltr'><strong>Dominus</strong></span> <span class='ocrx_word' id='word_1_32' title='bbox 1857 560 1995 614; x_wconf 86' lang='lat' dir='ltr'><strong>Deus</strong></span> 
     </span>
    </p>
   </div>
   <div class='ocr_carea' id='block_1_7' title="bbox 414 652 1990 728">
    <p class='ocr_par' dir='ltr' id='par_1_7' title="bbox 414 652 1990 728">
     <span class='ocr_line' id='line_1_7' title="bbox 414 652 1990 728; baseline -0.007 -12"><span class='ocrx_word' id='word_1_33' title='bbox 414 670 615 725; x_wconf 83' lang='lat' dir='ltr'><strong>uester,</strong></span> <span class='ocrx_word' id='word_1_34' title='bbox 660 674 851 715; x_wconf 91' lang='lat' dir='ltr'><strong>omnes</strong></span> <span class='ocrx_word' id='word_1_35' title='bbox 881 674 975 715; x_wconf 90' lang='lat' dir='ltr'><strong>vos</strong></span> <span class='ocrx_word' id='word_1_36' title='bbox 1032 673 1061 713; x_wconf 91' lang='lat' dir='ltr'><strong>a</strong></span> <span class='ocrx_word' id='word_1_37' title='bbox 1109 656 1408 728; x_wconf 75' lang='lat' dir='ltr'><strong>pollutione</strong></span> <span class='ocrx_word' id='word_1_38' title='bbox 1461 655 1730 710; x_wconf 88' lang='lat' dir='ltr'><strong>mundare</strong></span> <span class='ocrx_word' id='word_1_39' title='bbox 1780 652 1990 707; x_wconf 90' lang='lat' dir='ltr'><strong>volens.</strong></span> 
     </span>
    </p>
   </div>
   <div class='ocr_carea' id='block_1_8' title="bbox 415 746 1995 821">
    <p class='ocr_par' dir='ltr' id='par_1_8' title="bbox 415 746 1995 821">
     <span class='ocr_line' id='line_1_8' title="bbox 415 746 1995 821; baseline -0.006 -13"><span class='ocrx_word' id='word_1_40' title='bbox 415 752 552 821; x_wconf 88' lang='lat' dir='ltr'><strong>Quia</strong></span> <span class='ocrx_word' id='word_1_41' title='bbox 580 751 871 821; x_wconf 77' lang='lat' dir='ltr'><strong>imaginem</strong></span> <span class='ocrx_word' id='word_1_42' title='bbox 906 751 1025 821; x_wconf 84' lang='lat' dir='ltr'><strong>ejus</strong></span> <span class='ocrx_word' id='word_1_43' title='bbox 1055 749 1376 804; x_wconf 74' lang='lat' dir='ltr'><strong>circumdati</strong></span> <span class='ocrx_word' id='word_1_44' title='bbox 1422 763 1634 813; x_wconf 90' lang='lat' dir='ltr'><strong>sumus,</strong></span> <span class='ocrx_word' id='word_1_45' title='bbox 1682 755 1737 802; x_wconf 92' lang='lat' dir='ltr'><strong>et</strong></span> <span class='ocrx_word' id='word_1_46' title='bbox 1787 746 1995 816; x_wconf 88' lang='lat' dir='ltr'><strong>polluta</strong></span> 
     </span>
    </p>
   </div>
   <div class='ocr_carea' id='block_1_9' title="bbox 416 838 1991 915">
    <p class='ocr_par' dir='ltr' id='par_1_9' title="bbox 416 838 1991 915">
     <span class='ocr_line' id='line_1_9' title="bbox 416 838 1991 915; baseline -0.002 -22"><span class='ocrx_word' id='word_1_47' title='bbox 416 843 635 915; x_wconf 82' lang='lat' dir='ltr'><strong>quidem</strong></span> <span class='ocrx_word' id='word_1_48' title='bbox 702 858 785 908; x_wconf 84' lang='lat' dir='ltr'><strong>ea,</strong></span> <span class='ocrx_word' id='word_1_49' title='bbox 838 857 869 897; x_wconf 90' lang='lat' dir='ltr'><strong>a</strong></span> <span class='ocrx_word' id='word_1_50' title='bbox 922 840 1167 911; x_wconf 90' lang='lat' dir='ltr'><strong>qualibet</strong></span> <span class='ocrx_word' id='word_1_51' title='bbox 1206 854 1417 904; x_wconf 90' lang='lat' dir='ltr'><strong>earum,</strong></span> <span class='ocrx_word' id='word_1_52' title='bbox 1469 854 1592 909; x_wconf 68' lang='lat' dir='ltr'><strong>quae</strong></span> <span class='ocrx_word' id='word_1_53' title='bbox 1626 838 1810 892; x_wconf 67' lang='lat' dir='ltr'><strong>vetitze</strong></span> <span class='ocrx_word' id='word_1_54' title='bbox 1840 846 1991 901; x_wconf 92' lang='lat' dir='ltr'><strong>sunt,</strong></span> 
     </span>
    </p>
   </div>
   <div class='ocr_carea' id='block_1_10' title="bbox 417 928 1993 995">
    <p class='ocr_par' dir='ltr' id='par_1_10' title="bbox 417 928 1993 995">
     <span class='ocr_line' id='line_1_10' title="bbox 417 928 1993 995; baseline -0.006 -4"><span class='ocrx_word' id='word_1_55' title='bbox 417 937 686 991; x_wconf 87' lang='lat' dir='ltr'><strong>malarum</strong></span> <span class='ocrx_word' id='word_1_56' title='bbox 719 944 774 990; x_wconf 92' lang='lat' dir='ltr'><strong>et</strong></span> <span class='ocrx_word' id='word_1_57' title='bbox 806 933 1143 988; x_wconf 86' lang='lat' dir='ltr'><strong>nefariarum</strong></span> <span class='ocrx_word' id='word_1_58' title='bbox 1170 931 1407 995; x_wconf 81' lang='lat' dir='ltr'><strong>actione,</strong></span> <span class='ocrx_word' id='word_1_59' title='bbox 1459 930 1768 986; x_wconf 80' lang='lat' dir='ltr'><strong>necessarie</strong></span> <span class='ocrx_word' id='word_1_60' title='bbox 1800 928 1993 983; x_wconf 87' lang='lat' dir='ltr'><strong>irasci-</strong></span> 
     </span>
    </p>
   </div>
   <div class='ocr_carea' id='block_1_11' title="bbox 421 1018 1994 1088">
    <p class='ocr_par' dir='ltr' id='par_1_11' title="bbox 421 1018 1994 1088">
     <span class='ocr_line' id='line_1_11' title="bbox 421 1018 1994 1088; baseline -0.006 -7"><span class='ocrx_word' id='word_1_61' title='bbox 421 1037 552 1081; x_wconf 90' lang='lat' dir='ltr'><strong>tur:</strong></span> <span class='ocrx_word' id='word_1_62' title='bbox 582 1024 784 1079; x_wconf 90' lang='lat' dir='ltr'><strong>munda</strong></span> <span class='ocrx_word' id='word_1_63' title='bbox 812 1032 997 1077; x_wconf 88' lang='lat' dir='ltr'><strong>autem</strong></span> <span class='ocrx_word' id='word_1_64' title='bbox 1050 1029 1393 1087; x_wconf 89' lang='lat' dir='ltr'><strong>conservata,</strong></span> <span class='ocrx_word' id='word_1_65' title='bbox 1442 1018 1498 1072; x_wconf 91' lang='lat' dir='ltr'><strong>in</strong></span> <span class='ocrx_word' id='word_1_66' title='bbox 1561 1028 1769 1073; x_wconf 90' lang='lat' dir='ltr'><strong>tantum</strong></span> <span class='ocrx_word' id='word_1_67' title='bbox 1814 1018 1994 1088; x_wconf 88' lang='lat' dir='ltr'><strong>placet</strong></span> 
     </span>
    </p>
   </div>
   <div class='ocr_carea' id='block_1_12' title="bbox 423 1106 1996 1181">
    <p class='ocr_par' dir='ltr' id='par_1_12' title="bbox 423 1106 1996 1181">
     <span class='ocr_line' id='line_1_12' title="bbox 423 1106 1996 1181; baseline -0.005 -11"><span class='ocrx_word' id='word_1_68' title='bbox 423 1126 487 1171; x_wconf 82' lang='lat' dir='ltr'><strong>ut</strong></span> <span class='ocrx_word' id='word_1_69' title='bbox 513 1115 676 1171; x_wconf 87' lang='lat' dir='ltr'><strong>etiam</strong></span> <span class='ocrx_word' id='word_1_70' title='bbox 701 1114 970 1169; x_wconf 86' lang='lat' dir='ltr'><strong>inhabitet</strong></span> <span class='ocrx_word' id='word_1_71' title='bbox 999 1113 1054 1168; x_wconf 92' lang='lat' dir='ltr'><strong>in</strong></span> <span class='ocrx_word' id='word_1_72' title='bbox 1084 1112 1262 1176; x_wconf 88' lang='lat' dir='ltr'><strong>nobis,</strong></span> <span class='ocrx_word' id='word_1_73' title='bbox 1286 1110 1431 1181; x_wconf 87' lang='lat' dir='ltr'><strong>quod</strong></span> <span class='ocrx_word' id='word_1_74' title='bbox 1461 1109 1774 1164; x_wconf 81' lang='lat' dir='ltr'><strong>manifestat</strong></span> <span class='ocrx_word' id='word_1_75' title='bbox 1797 1106 1996 1163; x_wconf 76' lang='lat' dir='ltr'><strong>Paulus</strong></span> 
     </span>
    </p>
   </div>
   <div class='ocr_carea' id='block_1_13' title="bbox 422 1197 1994 1277">
    <p class='ocr_par' dir='ltr' id='par_1_13' title="bbox 422 1197 1994 1277">
     <span class='ocr_line' id='line_1_13' title="bbox 422 1197 1994 1277; baseline -0.008 -14"><span class='ocrx_word' id='word_1_76' title='bbox 422 1216 716 1277; x_wconf 87' lang='lat' dir='ltr'><strong>utrumque</strong></span> <span class='ocrx_word' id='word_1_77' title='bbox 745 1224 760 1273; x_wconf 91' lang='lat'><strong>;</strong></span> <span class='ocrx_word' id='word_1_78' title='bbox 804 1204 880 1261; x_wconf 89' lang='lat' dir='ltr'><strong>ait</strong></span> <span class='ocrx_word' id='word_1_79' title='bbox 910 1219 1039 1277; x_wconf 89' lang='lat' dir='ltr'><strong>ergo</strong></span> <span class='ocrx_word' id='word_1_80' title='bbox 1063 1204 1180 1260; x_wconf 88' lang='lat' dir='ltr'><strong>sic:</strong></span> <span class='ocrx_word' id='word_1_81' title='bbox 1212 1202 1437 1257; x_wconf 73' lang='lat' dir='ltr'><strong>Nescitis</strong></span> <span class='ocrx_word' id='word_1_82' title='bbox 1467 1202 1591 1272; x_wconf 83' lang='lat' dir='ltr'><strong>quia</strong></span> <span class='ocrx_word' id='word_1_83' title='bbox 1612 1197 1863 1269; x_wconf 73' lang='lat' dir='ltr'><strong>templum</strong></span> <span class='ocrx_word' id='word_1_84' title='bbox 1900 1198 1994 1252; x_wconf 86' lang='lat' dir='ltr'><strong>Dei</strong></span> 
     </span>
    </p>
   </div>
   <div class='ocr_carea' id='block_1_14' title="bbox 450 1374 3233 1411">
    <p class='ocr_par' dir='ltr' id='par_1_14' title="bbox 450 1374 3233 1411">
     <span class='ocr_line' id='line_1_14' title="bbox 450 1374 3233 1411; baseline -0 -21"><span class='ocrx_word' id='word_1_85' title='bbox 450 1374 3233 1411; x_wconf 84' lang='lat'><strong>____________________________.___________._</strong></span> 
     </span>
    </p>
   </div>
   <div class='ocr_carea' id='block_1_15' title="bbox 2105 458 3685 539">
    <p class='ocr_par' dir='ltr' id='par_1_15' title="bbox 2105 458 3685 539">
     <span class='ocr_line' id='line_1_15' title="bbox 2105 458 3685 539; baseline -0.006 -15"><span class='ocrx_word' id='word_1_86' title='bbox 2105 486 2226 539; x_wconf 78' lang='lat' dir='ltr'><strong>ergo</strong></span> <span class='ocrx_word' id='word_1_87' title='bbox 2247 468 2494 537; x_wconf 86' lang='lat' dir='ltr'><strong>templum</strong></span> <span class='ocrx_word' id='word_1_88' title='bbox 2540 464 2635 518; x_wconf 86' lang='lat' dir='ltr'><strong>Dei</strong></span> <span class='ocrx_word' id='word_1_89' title='bbox 2656 462 2948 525; x_wconf 79' lang='lat' dir='ltr'><strong>violaverit,</strong></span> <span class='ocrx_word' id='word_1_90' title='bbox 3007 462 3269 530; x_wconf 86' lang='lat' dir='ltr'><strong>disperdet</strong></span> <span class='ocrx_word' id='word_1_91' title='bbox 3323 460 3471 516; x_wconf 83' lang='lat' dir='ltr'><strong>illum</strong></span> <span class='ocrx_word' id='word_1_92' title='bbox 3516 458 3685 522; x_wconf 83' lang='lat' dir='ltr'><strong>Deus.</strong></span> 
     </span>
    </p>
   </div>
   <div class='ocr_carea' id='block_1_16' title="bbox 2106 551 3686 627">
    <p class='ocr_par' dir='ltr' id='par_1_16' title="bbox 2106 551 3686 627">
     <span class='ocr_line' id='line_1_16' title="bbox 2106 551 3686 627; baseline -0.005 -15"><span class='ocrx_word' id='word_1_93' title='bbox 2106 557 2357 627; x_wconf 82' lang='lat' dir='ltr'><strong>templum</strong></span> <span class='ocrx_word' id='word_1_94' title='bbox 2406 555 2546 609; x_wconf 87' lang='lat' dir='ltr'><strong>enim</strong></span> <span class='ocrx_word' id='word_1_95' title='bbox 2604 553 2701 607; x_wconf 88' lang='lat' dir='ltr'><strong>Dei</strong></span> <span class='ocrx_word' id='word_1_96' title='bbox 2748 561 2991 607; x_wconf 83' lang='lat' dir='ltr'><strong>sanctum</strong></span> <span class='ocrx_word' id='word_1_97' title='bbox 3013 559 3109 615; x_wconf 78' lang='lat' dir='ltr'><strong>est,</strong></span> <span class='ocrx_word' id='word_1_98' title='bbox 3173 552 3313 621; x_wconf 83' lang='lat' dir='ltr'><strong>quod</strong></span> <span class='ocrx_word' id='word_1_99' title='bbox 3340 551 3465 604; x_wconf 86' lang='lat' dir='ltr'><strong>estis</strong></span> <span class='ocrx_word' id='word_1_100' title='bbox 3492 567 3583 605; x_wconf 79' lang='lat' dir='ltr'><strong>vos</strong></span> <span class='ocrx_word' id='word_1_101' title='bbox 3610 551 3686 604; x_wconf 74' lang='lat'><strong>7’.</strong></span> 
     </span>
    </p>
   </div>
   <div class='ocr_carea' id='block_1_17' title="bbox 2103 641 3688 715">
    <p class='ocr_par' dir='ltr' id='par_1_17' title="bbox 2103 641 3688 715">
     <span class='ocr_line' id='line_1_17' title="bbox 2103 641 3688 715; baseline -0.005 -11"><span class='ocrx_word' id='word_1_102' title='bbox 2103 648 2548 704; x_wconf 89' lang='lat' dir='ltr'><strong>Consummatam</strong></span> <span class='ocrx_word' id='word_1_103' title='bbox 2586 659 2715 715; x_wconf 83' lang='lat' dir='ltr'><strong>ergo</strong></span> <span class='ocrx_word' id='word_1_104' title='bbox 2761 641 3249 698; x_wconf 83' lang='lat' dir='ltr'><strong>sanctiﬁcationem</strong></span> <span class='ocrx_word' id='word_1_105' title='bbox 3282 641 3688 707; x_wconf 86' lang='lat' dir='ltr'><strong>custodientes,</strong></span> 
     </span>
    </p>
   </div>
   <div class='ocr_carea' id='block_1_18' title="bbox 2102 732 3691 796">
    <p class='ocr_par' dir='ltr' id='par_1_18' title="bbox 2102 732 3691 796">
     <span class='ocr_line' id='line_1_18' title="bbox 2102 732 3691 796; baseline -0.004 0"><span class='ocrx_word' id='word_1_106' title='bbox 2102 749 2273 796; x_wconf 89' lang='lat' dir='ltr'><strong>totam</strong></span> <span class='ocrx_word' id='word_1_107' title='bbox 2296 742 2351 794; x_wconf 92' lang='lat' dir='ltr'><strong>in</strong></span> <span class='ocrx_word' id='word_1_108' title='bbox 2405 739 2566 794; x_wconf 86' lang='lat' dir='ltr'><strong>nobis</strong></span> <span class='ocrx_word' id='word_1_109' title='bbox 2615 738 2883 792; x_wconf 82' lang='lat' dir='ltr'><strong>habemus</strong></span> <span class='ocrx_word' id='word_1_110' title='bbox 2942 735 3345 789; x_wconf 87' lang='lat' dir='ltr'><strong>inhabitantem</strong></span> <span class='ocrx_word' id='word_1_111' title='bbox 3398 732 3691 789; x_wconf 85' lang='lat' dir='ltr'><strong>Trinitatis</strong></span> 
     </span>
    </p>
   </div>
   <div class='ocr_carea' id='block_1_19' title="bbox 2102 822 3693 905">
    <p class='ocr_par' dir='ltr' id='par_1_19' title="bbox 2102 822 3693 905">
     <span class='ocr_line' id='line_1_19' title="bbox 2102 822 3693 905; baseline -0.006 -18"><span class='ocrx_word' id='word_1_112' title='bbox 2102 831 2526 905; x_wconf 87' lang='lat' dir='ltr'><strong>plenitudinem,</strong></span> <span class='ocrx_word' id='word_1_113' title='bbox 2552 829 2598 883; x_wconf 91' lang='lat' dir='ltr'><strong>si</strong></span> <span class='ocrx_word' id='word_1_114' title='bbox 2636 838 2816 883; x_wconf 88' lang='lat' dir='ltr'><strong>tamen</strong></span> <span class='ocrx_word' id='word_1_115' title='bbox 2861 825 3123 894; x_wconf 82' lang='lat' dir='ltr'><strong>templum</strong></span> <span class='ocrx_word' id='word_1_116' title='bbox 3157 822 3252 878; x_wconf 92' lang='lat' dir='ltr'><strong>Dei</strong></span> <span class='ocrx_word' id='word_1_117' title='bbox 3287 838 3502 889; x_wconf 86' lang='lat' dir='ltr'><strong>sumus,</strong></span> <span class='ocrx_word' id='word_1_118' title='bbox 3530 824 3693 878; x_wconf 88' lang='lat' dir='ltr'><strong>vide-</strong></span> 
     </span>
    </p>
   </div>
   <div class='ocr_carea' id='block_1_20' title="bbox 2102 913 3691 985">
    <p class='ocr_par' dir='ltr' id='par_1_20' title="bbox 2102 913 3691 985">
     <span class='ocr_line' id='line_1_20' title="bbox 2102 913 3691 985; baseline -0.009 -4"><span class='ocrx_word' id='word_1_119' title='bbox 2102 926 2231 981; x_wconf 89' lang='lat' dir='ltr'><strong>licet</strong></span> <span class='ocrx_word' id='word_1_120' title='bbox 2268 924 2464 984; x_wconf 87' lang='lat' dir='ltr'><strong>Patris.</strong></span> <span class='ocrx_word' id='word_1_121' title='bbox 2511 919 2714 974; x_wconf 85' lang='lat' dir='ltr'><strong>Christi</strong></span> <span class='ocrx_word' id='word_1_122' title='bbox 2741 927 2926 980; x_wconf 82' lang='lat' dir='ltr'><strong>autem</strong></span> <span class='ocrx_word' id='word_1_123' title='bbox 2984 930 3187 985; x_wconf 87' lang='lat' dir='ltr'><strong>corpus</strong></span> <span class='ocrx_word' id='word_1_124' title='bbox 3221 921 3277 969; x_wconf 92' lang='lat' dir='ltr'><strong>et</strong></span> <span class='ocrx_word' id='word_1_125' title='bbox 3302 913 3574 979; x_wconf 89' lang='lat' dir='ltr'><strong>membra,</strong></span> <span class='ocrx_word' id='word_1_126' title='bbox 3629 922 3691 967; x_wconf 89' lang='lat' dir='ltr'><strong>et</strong></span> 
     </span>
    </p>
   </div>
   <div class='ocr_carea' id='block_1_21' title="bbox 2102 1004 3689 1088">
    <p class='ocr_par' dir='ltr' id='par_1_21' title="bbox 2102 1004 3689 1088">
     <span class='ocr_line' id='line_1_21' title="bbox 2102 1004 3689 1088; baseline -0.009 -16"><span class='ocrx_word' id='word_1_127' title='bbox 2102 1017 2343 1088; x_wconf 82' lang='lat' dir='ltr'><strong>Spiritus</strong></span> <span class='ocrx_word' id='word_1_128' title='bbox 2370 1023 2595 1070; x_wconf 85' lang='lat' dir='ltr'><strong>sanctus</strong></span> <span class='ocrx_word' id='word_1_129' title='bbox 2624 1013 2679 1066; x_wconf 83' lang='lat' dir='ltr'><strong>in</strong></span> <span class='ocrx_word' id='word_1_130' title='bbox 2714 1011 2872 1065; x_wconf 89' lang='lat' dir='ltr'><strong>nobis</strong></span> <span class='ocrx_word' id='word_1_131' title='bbox 2928 1006 3163 1074; x_wconf 86' lang='lat' dir='ltr'><strong>habitat,</strong></span> <span class='ocrx_word' id='word_1_132' title='bbox 3205 1006 3261 1060; x_wconf 93' lang='lat' dir='ltr'><strong>in</strong></span> <span class='ocrx_word' id='word_1_133' title='bbox 3292 1005 3515 1061; x_wconf 91' lang='lat' dir='ltr'><strong>Christo</strong></span> <span class='ocrx_word' id='word_1_134' title='bbox 3551 1004 3689 1060; x_wconf 86' lang='lat' dir='ltr'><strong>Jesu</strong></span> 
     </span>
    </p>
   </div>
   <div class='ocr_carea' id='block_1_22' title="bbox 2102 1095 3688 1170">
    <p class='ocr_par' dir='ltr' id='par_1_22' title="bbox 2102 1095 3688 1170">
     <span class='ocr_line' id='line_1_22' title="bbox 2102 1095 3688 1170; baseline -0.009 -7"><span class='ocrx_word' id='word_1_135' title='bbox 2102 1107 2331 1163; x_wconf 88' lang='lat' dir='ltr'><strong>Domino</strong></span> <span class='ocrx_word' id='word_1_136' title='bbox 2363 1114 2574 1165; x_wconf 90' lang='lat' dir='ltr'><strong>nostro,</strong></span> <span class='ocrx_word' id='word_1_137' title='bbox 2616 1101 2807 1156; x_wconf 86' lang='lat' dir='ltr'><strong>cuiest</strong></span> <span class='ocrx_word' id='word_1_138' title='bbox 2826 1099 3019 1170; x_wconf 78' lang='lat' dir='ltr'><strong>gloria,</strong></span> <span class='ocrx_word' id='word_1_139' title='bbox 3044 1098 3242 1163; x_wconf 87' lang='lat' dir='ltr'><strong>honor,</strong></span> <span class='ocrx_word' id='word_1_140' title='bbox 3277 1105 3334 1153; x_wconf 92' lang='lat' dir='ltr'><strong>et</strong></span> <span class='ocrx_word' id='word_1_141' title='bbox 3356 1110 3606 1168; x_wconf 77' lang='lat' dir='ltr'><strong>regnum,</strong></span> <span class='ocrx_word' id='word_1_142' title='bbox 3626 1095 3688 1148; x_wconf 87' lang='lat' dir='ltr'><strong>in</strong></span> 
     </span>
    </p>
   </div>
   <div class='ocr_carea' id='block_1_23' title="bbox 2104 1194 2905 1253">
    <p class='ocr_par' dir='ltr' id='par_1_23' title="bbox 2104 1194 2905 1253">
     <span class='ocr_line' id='line_1_23' title="bbox 2104 1194 2905 1253; baseline -0.009 0"><span class='ocrx_word' id='word_1_143' title='bbox 2104 1197 2300 1253; x_wconf 75' lang='lat' dir='ltr'><strong>sa~cola</strong></span> <span class='ocrx_word' id='word_1_144' title='bbox 2331 1196 2682 1251; x_wconf 77' lang='lat' dir='ltr'><strong>saeculorum.</strong></span> <span class='ocrx_word' id='word_1_145' title='bbox 2709 1194 2905 1247; x_wconf 81' lang='lat' dir='ltr'><strong>Amen.</strong></span> 
     </span>
    </p>
   </div>
   <div class='ocr_carea' id='block_1_24' title="bbox 3248 1366 3647 1405">
    <p class='ocr_par' dir='ltr' id='par_1_24' title="bbox 3248 1366 3647 1405">
     <span class='ocr_line' id='line_1_24' title="bbox 3248 1366 3647 1405; baseline -0.005 0"><span class='ocrx_word' id='word_1_146' title='bbox 3248 1366 3647 1405; x_wconf 53' lang='lat'><strong>—-‘:._1-‘</strong></span> 
     </span>
    </p>
   </div>
   <div class='ocr_carea' id='block_1_25' title="bbox 1508 1538 2567 1637">
    <p class='ocr_par' dir='ltr' id='par_1_25' title="bbox 1508 1538 2567 1637">
     <span class='ocr_line' id='line_1_25' title="bbox 1508 1538 2567 1637; baseline -0.01 0"><span class='ocrx_word' id='word_1_147' title='bbox 1508 1544 1922 1637; x_wconf 76' lang='lat' dir='ltr'><strong>LIBER</strong></span> <span class='ocrx_word' id='word_1_148' title='bbox 2014 1538 2567 1631; x_wconf 85' lang='lat' dir='ltr'><strong>SEXTUS.</strong></span> 
     </span>
    </p>
   </div>
   <div class='ocr_carea' id='block_1_26' title="bbox 1009 1916 1427 1979">
    <p class='ocr_par' dir='ltr' id='par_1_26' title="bbox 1009 1916 1427 1979">
     <span class='ocr_line' id='line_1_26' title="bbox 1009 1916 1427 1979; baseline -0.002 -2"><span class='ocrx_word' id='word_1_149' title='bbox 1009 1916 1427 1979; x_wconf 62' lang='lat' dir='ltr'><strong>PREFATIO.</strong></span> 
     </span>
    </p>
   </div>
   <div class='ocr_carea' id='block_1_27' title="bbox 495 2056 2002 2130">
    <p class='ocr_par' dir='ltr' id='par_1_27' title="bbox 495 2056 2002 2130">
     <span class='ocr_line' id='line_1_27' title="bbox 495 2056 2002 2130; baseline -0.006 -14"><span class='ocrx_word' id='word_1_150' title='bbox 495 2061 710 2130; x_wconf 84' lang='lat' dir='ltr'><strong>Quanta</strong></span> <span class='ocrx_word' id='word_1_151' title='bbox 738 2062 881 2117; x_wconf 89' lang='lat' dir='ltr'><strong>bona</strong></span> <span class='ocrx_word' id='word_1_152' title='bbox 913 2060 980 2116; x_wconf 90' lang='lat' dir='ltr'><strong>ad</strong></span> <span class='ocrx_word' id='word_1_153' title='bbox 1010 2061 1421 2115; x_wconf 86' lang='lat' dir='ltr'><strong>meditationem</strong></span> <span class='ocrx_word' id='word_1_154' title='bbox 1445 2058 1581 2130; x_wconf 90' lang='lat' dir='ltr'><strong>legis</strong></span> <span class='ocrx_word' id='word_1_155' title='bbox 1612 2067 1669 2112; x_wconf 87' lang='lat' dir='ltr'><strong>et</strong></span> <span class='ocrx_word' id='word_1_156' title='bbox 1725 2056 2002 2124; x_wconf 86' lang='lat' dir='ltr'><strong>interpre-</strong></span> 
     </span>
    </p>
   </div>
   <div class='ocr_carea' id='block_1_28' title="bbox 426 2147 2003 2218">
    <p class='ocr_par' dir='ltr' id='par_1_28' title="bbox 426 2147 2003 2218">
     <span class='ocr_line' id='line_1_28' title="bbox 426 2147 2003 2218; baseline -0.005 -9"><span class='ocrx_word' id='word_1_157' title='bbox 426 2155 686 2210; x_wconf 82' lang='lat' dir='ltr'><strong>tationem</strong></span> <span class='ocrx_word' id='word_1_158' title='bbox 727 2162 968 2208; x_wconf 90' lang='lat' dir='ltr'><strong>mentem</strong></span> <span class='ocrx_word' id='word_1_159' title='bbox 1056 2152 1473 2216; x_wconf 81' lang='lat' dir='ltr'><strong>transferentes,</strong></span> <span class='ocrx_word' id='word_1_160' title='bbox 1522 2151 1816 2215; x_wconf 88' lang='lat' dir='ltr'><strong>lucremur,</strong></span> <span class='ocrx_word' id='word_1_161' title='bbox 1871 2147 2003 2218; x_wconf 91' lang='lat' dir='ltr'><strong>quid</strong></span> 
     </span>
    </p>
   </div>
   <div class='ocr_carea' id='block_1_29' title="bbox 415 2243 1997 2317">
    <p class='ocr_par' dir='ltr' id='par_1_29' title="bbox 415 2243 1997 2317">
     <span class='ocr_line' id='line_1_29' title="bbox 415 2243 1997 2317; baseline -0.001 -18"><span class='ocrx_word' id='word_1_162' title='bbox 415 2254 563 2317; x_wconf 80' lang='lat' dir='ltr'><strong>‘opus</strong></span> <span class='ocrx_word' id='word_1_163' title='bbox 583 2254 667 2301; x_wconf 91' lang='lat' dir='ltr'><strong>est</strong></span> <span class='ocrx_word' id='word_1_164' title='bbox 693 2245 919 2301; x_wconf 81' lang='lat' dir='ltr'><strong>dicere?</strong></span> <span class='ocrx_word' id='word_1_165' title='bbox 949 2243 1134 2315; x_wconf 86' lang='lat' dir='ltr'><strong>Neque</strong></span> <span class='ocrx_word' id='word_1_166' title='bbox 1155 2244 1301 2300; x_wconf 91' lang='lat' dir='ltr'><strong>enim</strong></span> <span class='ocrx_word' id='word_1_167' title='bbox 1332 2245 1511 2299; x_wconf 87' lang='lat' dir='ltr'><strong>solum</strong></span> <span class='ocrx_word' id='word_1_168' title='bbox 1537 2243 1770 2299; x_wconf 84' lang='lat' dir='ltr'><strong>virtutes</strong></span> <span class='ocrx_word' id='word_1_169' title='bbox 1792 2257 1997 2299; x_wconf 87' lang='lat' dir='ltr'><strong>conse-</strong></span> 
     </span>
    </p>
   </div>
   <div class='ocr_carea' id='block_1_30' title="bbox 424 2335 2002 2406">
    <p class='ocr_par' dir='ltr' id='par_1_30' title="bbox 424 2335 2002 2406">
     <span class='ocr_line' id='line_1_30' title="bbox 424 2335 2002 2406; baseline -0.001 -15"><span class='ocrx_word' id='word_1_170' title='bbox 424 2338 665 2406; x_wconf 85' lang='lat' dir='ltr'><strong>quimur,</strong></span> <span class='ocrx_word' id='word_1_171' title='bbox 705 2336 802 2393; x_wconf 83' lang='lat' dir='ltr'><strong>sed</strong></span> <span class='ocrx_word' id='word_1_172' title='bbox 831 2346 888 2392; x_wconf 90' lang='lat' dir='ltr'><strong>et</strong></span> <span class='ocrx_word' id='word_1_173' title='bbox 916 2337 1056 2392; x_wconf 89' lang='lat' dir='ltr'><strong>mala</strong></span> <span class='ocrx_word' id='word_1_174' title='bbox 1084 2337 1388 2398; x_wconf 90' lang='lat' dir='ltr'><strong>renuimus,</strong></span> <span class='ocrx_word' id='word_1_175' title='bbox 1456 2352 1524 2391; x_wconf 82' lang='lat' dir='ltr'><strong>ex</strong></span> <span class='ocrx_word' id='word_1_176' title='bbox 1584 2336 1750 2406; x_wconf 88' lang='lat' dir='ltr'><strong>hujus</strong></span> <span class='ocrx_word' id='word_1_177' title='bbox 1796 2335 2002 2400; x_wconf 84' lang='lat' dir='ltr'><strong>studio,</strong></span> 
     </span>
    </p>
   </div>
   <div class='ocr_carea' id='block_1_31' title="bbox 428 2425 2002 2496">
    <p class='ocr_par' dir='ltr' id='par_1_31' title="bbox 428 2425 2002 2496">
     <span class='ocr_line' id='line_1_31' title="bbox 428 2425 2002 2496; baseline 0.001 -17"><span class='ocrx_word' id='word_1_178' title='bbox 428 2442 644 2481; x_wconf 88' lang='lat' dir='ltr'><strong>necnon</strong></span> <span class='ocrx_word' id='word_1_179' title='bbox 705 2441 946 2481; x_wconf 87' lang='lat' dir='ltr'><strong>amorem</strong></span> <span class='ocrx_word' id='word_1_180' title='bbox 1004 2427 1340 2496; x_wconf 89' lang='lat' dir='ltr'><strong>acquirimus</strong></span> <span class='ocrx_word' id='word_1_181' title='bbox 1384 2425 1500 2489; x_wconf 87' lang='lat' dir='ltr'><strong>Dei,</strong></span> <span class='ocrx_word' id='word_1_182' title='bbox 1541 2425 2002 2496; x_wconf 86' lang='lat' dir='ltr'><strong>pulchritudinem</strong></span> 
     </span>
    </p>
   </div>
   <div class='ocr_carea' id='block_1_32' title="bbox 427 2516 2006 2587">
    <p class='ocr_par' dir='ltr' id='par_1_32' title="bbox 427 2516 2006 2587">
     <span class='ocr_line' id='line_1_32' title="bbox 427 2516 2006 2587; baseline 0.001 -17"><span class='ocrx_word' id='word_1_183' title='bbox 427 2517 706 2585; x_wconf 69' lang='lat' dir='ltr'><strong>sapientia:</strong></span> <span class='ocrx_word' id='word_1_184' title='bbox 735 2517 857 2586; x_wconf 86' lang='lat' dir='ltr'><strong>ejus</strong></span> <span class='ocrx_word' id='word_1_185' title='bbox 885 2518 1177 2583; x_wconf 81' lang='lat' dir='ltr'><strong>discentes,</strong></span> <span class='ocrx_word' id='word_1_186' title='bbox 1209 2517 1479 2587; x_wconf 87' lang='lat' dir='ltr'><strong>simulque</strong></span> <span class='ocrx_word' id='word_1_187' title='bbox 1505 2532 1534 2571; x_wconf 91' lang='lat' dir='ltr'><strong>a</strong></span> <span class='ocrx_word' id='word_1_188' title='bbox 1558 2516 1807 2571; x_wconf 72' lang='lat' dir='ltr'><strong>saeculari</strong></span> <span class='ocrx_word' id='word_1_189' title='bbox 1853 2516 2006 2571; x_wconf 90' lang='lat' dir='ltr'><strong>fumo</strong></span> 
     </span>
    </p>
   </div>
   <div class='ocr_carea' id='block_1_33' title="bbox 425 2608 2006 2679">
    <p class='ocr_par' dir='ltr' id='par_1_33' title="bbox 425 2608 2006 2679">
     <span class='ocr_line' id='line_1_33' title="bbox 425 2608 2006 2679; baseline 0.001 -17"><span class='ocrx_word' id='word_1_190' title='bbox 425 2608 646 2662; x_wconf 84' lang='lat' dir='ltr'><strong>oculum</strong></span> <span class='ocrx_word' id='word_1_191' title='bbox 681 2608 878 2663; x_wconf 64' lang='lat' dir='ltr'><strong>animae</strong></span> <span class='ocrx_word' id='word_1_192' title='bbox 908 2608 1219 2671; x_wconf 86' lang='lat' dir='ltr'><strong>liberamus,</strong></span> <span class='ocrx_word' id='word_1_193' title='bbox 1257 2620 1313 2664; x_wconf 90' lang='lat' dir='ltr'><strong>et</strong></span> <span class='ocrx_word' id='word_1_194' title='bbox 1339 2609 1705 2679; x_wconf 86' lang='lat' dir='ltr'><strong>corruptionis</strong></span> <span class='ocrx_word' id='word_1_195' title='bbox 1752 2609 2006 2663; x_wconf 73' lang='lat' dir='ltr'><strong>humana:</strong></span> 
     </span>
    </p>
   </div>
   <div class='ocr_carea' id='block_1_34' title="bbox 430 2694 2001 2764">
    <p class='ocr_par' dir='ltr' id='par_1_34' title="bbox 430 2694 2001 2764">
     <span class='ocr_line' id='line_1_34' title="bbox 430 2694 2001 2764; baseline -0.001 -14"><span class='ocrx_word' id='word_1_196' title='bbox 430 2696 701 2751; x_wconf 87' lang='lat' dir='ltr'><strong>sustinere</strong></span> <span class='ocrx_word' id='word_1_197' title='bbox 731 2710 1012 2750; x_wconf 86' lang='lat' dir='ltr'><strong>cessamus</strong></span> <span class='ocrx_word' id='word_1_198' title='bbox 1033 2695 1349 2764; x_wconf 83' lang='lat' dir='ltr'><strong>imperium,</strong></span> <span class='ocrx_word' id='word_1_199' title='bbox 1371 2707 1428 2749; x_wconf 89' lang='lat' dir='ltr'><strong>et</strong></span> <span class='ocrx_word' id='word_1_200' title='bbox 1462 2695 1782 2749; x_wconf 84' lang='lat' dir='ltr'><strong>excedimus</strong></span> <span class='ocrx_word' id='word_1_201' title='bbox 1842 2694 2001 2749; x_wconf 87' lang='lat' dir='ltr'><strong>dein-</strong></span> 
     </span>
    </p>
   </div>
   <div class='ocr_carea' id='block_1_35' title="bbox 433 2785 2008 2857">
    <p class='ocr_par' dir='ltr' id='par_1_35' title="bbox 433 2785 2008 2857">
     <span class='ocr_line' id='line_1_35' title="bbox 433 2785 2008 2857; baseline 0 -16"><span class='ocrx_word' id='word_1_202' title='bbox 433 2800 565 2857; x_wconf 91' lang='lat' dir='ltr'><strong>ceps</strong></span> <span class='ocrx_word' id='word_1_203' title='bbox 595 2785 875 2851; x_wconf 87' lang='lat' dir='ltr'><strong>homines,</strong></span> <span class='ocrx_word' id='word_1_204' title='bbox 908 2800 1076 2841; x_wconf 90' lang='lat' dir='ltr'><strong>carne</strong></span> <span class='ocrx_word' id='word_1_205' title='bbox 1108 2786 1231 2847; x_wconf 89' lang='lat' dir='ltr'><strong>hac,</strong></span> <span class='ocrx_word' id='word_1_206' title='bbox 1263 2800 1386 2854; x_wconf 63' lang='lat' dir='ltr'><strong>quae</strong></span> <span class='ocrx_word' id='word_1_207' title='bbox 1428 2794 1600 2839; x_wconf 79' lang='lat' dir='ltr'><strong>estex</strong></span> <span class='ocrx_word' id='word_1_208' title='bbox 1636 2793 1850 2840; x_wconf 89' lang='lat' dir='ltr'><strong>terrena</strong></span> <span class='ocrx_word' id='word_1_209' title='bbox 1888 2801 2008 2841; x_wconf 62' lang='grc' dir='ltr'><strong>πιθα</strong></span> 
     </span>
    </p>
   </div>
   <div class='ocr_carea' id='block_1_36' title="bbox 435 2876 2007 2947">
    <p class='ocr_par' dir='ltr' id='par_1_36' title="bbox 435 2876 2007 2947">
     <span class='ocr_line' id='line_1_36' title="bbox 435 2876 2007 2947; baseline -0.001 -14"><span class='ocrx_word' id='word_1_210' title='bbox 435 2878 593 2944; x_wconf 91' lang='lat' dir='ltr'><strong>teria,</strong></span> <span class='ocrx_word' id='word_1_211' title='bbox 622 2877 876 2933; x_wconf 80' lang='lat' dir='ltr'><strong>viventes</strong></span> <span class='ocrx_word' id='word_1_212' title='bbox 900 2876 1211 2941; x_wconf 89' lang='lat' dir='ltr'><strong>sublimius,</strong></span> <span class='ocrx_word' id='word_1_213' title='bbox 1268 2876 1355 2931; x_wconf 85' lang='lat' dir='ltr'><strong>vel</strong></span> <span class='ocrx_word' id='word_1_214' title='bbox 1384 2876 1556 2947; x_wconf 86' lang='lat' dir='ltr'><strong>magis</strong></span> <span class='ocrx_word' id='word_1_215' title='bbox 1585 2876 1850 2932; x_wconf 88' lang='lat' dir='ltr'><strong>ellicimur</strong></span> <span class='ocrx_word' id='word_1_216' title='bbox 1906 2877 2007 2932; x_wconf 91' lang='lat' dir='ltr'><strong>bo-</strong></span> 
     </span>
    </p>
   </div>
   <div class='ocr_carea' id='block_1_37' title="bbox 433 2967 2011 3037">
    <p class='ocr_par' dir='ltr' id='par_1_37' title="bbox 433 2967 2011 3037">
     <span class='ocr_line' id='line_1_37' title="bbox 433 2967 2011 3037; baseline -0.001 -13"><span class='ocrx_word' id='word_1_217' title='bbox 433 2970 629 3025; x_wconf 89' lang='lat' dir='ltr'><strong>mines.</strong></span> <span class='ocrx_word' id='word_1_218' title='bbox 660 2968 911 3024; x_wconf 81' lang='lat' dir='ltr'><strong>Hominis</strong></span> <span class='ocrx_word' id='word_1_219' title='bbox 926 2968 1074 3023; x_wconf 91' lang='lat' dir='ltr'><strong>enim</strong></span> <span class='ocrx_word' id='word_1_220' title='bbox 1102 2976 1186 3022; x_wconf 91' lang='lat' dir='ltr'><strong>est</strong></span> <span class='ocrx_word' id='word_1_221' title='bbox 1211 2967 1476 3022; x_wconf 77' lang='lat' dir='ltr'><strong>rationale</strong></span> <span class='ocrx_word' id='word_1_222' title='bbox 1501 2967 2011 3037; x_wconf 84' lang='lat' dir='ltr'><strong>contemplativum-</strong></span> 
     </span>
    </p>
   </div>
   <div class='ocr_carea' id='block_1_38' title="bbox 433 3058 2011 3131">
    <p class='ocr_par' dir='ltr' id='par_1_38' title="bbox 433 3058 2011 3131">
     <span class='ocr_line' id='line_1_38' title="bbox 433 3058 2011 3131; baseline -0.001 -16"><span class='ocrx_word' id='word_1_223' title='bbox 433 3075 541 3130; x_wconf 86' lang='lat' dir='ltr'><strong>que</strong></span> <span class='ocrx_word' id='word_1_224' title='bbox 580 3060 882 3131; x_wconf 89' lang='lat' dir='ltr'><strong>proprium,</strong></span> <span class='ocrx_word' id='word_1_225' title='bbox 918 3060 1064 3115; x_wconf 91' lang='lat' dir='ltr'><strong>unde</strong></span> <span class='ocrx_word' id='word_1_226' title='bbox 1093 3069 1150 3113; x_wconf 90' lang='lat' dir='ltr'><strong>et</strong></span> <span class='ocrx_word' id='word_1_227' title='bbox 1170 3059 1241 3115; x_wconf 89' lang='lat' dir='ltr'><strong>ad</strong></span> <span class='ocrx_word' id='word_1_228' title='bbox 1283 3058 1581 3130; x_wconf 82' lang='lat' dir='ltr'><strong>imaginem</strong></span> <span class='ocrx_word' id='word_1_229' title='bbox 1632 3059 1730 3114; x_wconf 87' lang='lat' dir='ltr'><strong>Dei</strong></span> <span class='ocrx_word' id='word_1_230' title='bbox 1791 3068 2011 3114; x_wconf 89' lang='lat' dir='ltr'><strong>creatus</strong></span> 
     </span>
    </p>
   </div>
   <div class='ocr_carea' id='block_1_39' title="bbox 434 3149 2013 3221">
    <p class='ocr_par' dir='ltr' id='par_1_39' title="bbox 434 3149 2013 3221">
     <span class='ocr_line' id='line_1_39' title="bbox 434 3149 2013 3221; baseline -0.001 -15"><span class='ocrx_word' id='word_1_231' title='bbox 434 3151 659 3206; x_wconf 89' lang='lat' dir='ltr'><strong>dicitur.</strong></span> <span class='ocrx_word' id='word_1_232' title='bbox 686 3149 813 3206; x_wconf 69' lang='lat' dir='ltr'><strong>Haec</strong></span> <span class='ocrx_word' id='word_1_233' title='bbox 842 3159 1028 3206; x_wconf 88' lang='lat' dir='ltr'><strong>autem</strong></span> <span class='ocrx_word' id='word_1_234' title='bbox 1057 3150 1217 3205; x_wconf 87' lang='lat' dir='ltr'><strong>nobis</strong></span> <span class='ocrx_word' id='word_1_235' title='bbox 1255 3165 1354 3221; x_wconf 88' lang='lat' dir='ltr'><strong>per</strong></span> <span class='ocrx_word' id='word_1_236' title='bbox 1388 3151 1629 3205; x_wconf 90' lang='lat' dir='ltr'><strong>studium</strong></span> <span class='ocrx_word' id='word_1_237' title='bbox 1679 3160 1738 3205; x_wconf 92' lang='lat' dir='ltr'><strong>et</strong></span> <span class='ocrx_word' id='word_1_238' title='bbox 1772 3166 2013 3220; x_wconf 81' lang='lat' dir='ltr'><strong>occupa-</strong></span> 
     </span>
    </p>
   </div>
   <div class='ocr_carea' id='block_1_40' title="bbox 439 3240 2085 3312">
    <p class='ocr_par' dir='ltr' id='par_1_40' title="bbox 439 3240 2085 3312">
     <span class='ocr_line' id='line_1_40' title="bbox 439 3240 2085 3312; baseline 0.002 -18"><span class='ocrx_word' id='word_1_239' title='bbox 439 3241 643 3296; x_wconf 87' lang='lat' dir='ltr'><strong>tionem</strong></span> <span class='ocrx_word' id='word_1_240' title='bbox 668 3240 811 3296; x_wconf 80' lang='lat' dir='ltr'><strong>circa</strong></span> <span class='ocrx_word' id='word_1_241' title='bbox 840 3241 1067 3297; x_wconf 85' lang='lat' dir='ltr'><strong>verbum</strong></span> <span class='ocrx_word' id='word_1_242' title='bbox 1096 3241 1190 3297; x_wconf 87' lang='lat' dir='ltr'><strong>Dei</strong></span> <span class='ocrx_word' id='word_1_243' title='bbox 1229 3241 1581 3311; x_wconf 91' lang='lat' dir='ltr'><strong>proveniunt.</strong></span> <span class='ocrx_word' id='word_1_244' title='bbox 1617 3241 1844 3311; x_wconf 89' lang='lat' dir='ltr'><strong>Propter</strong></span> <span class='ocrx_word' id='word_1_245' title='bbox 1862 3243 2009 3312; x_wconf 87' lang='lat' dir='ltr'><strong>quod</strong></span> <span class='ocrx_word' id='word_1_246' title='bbox 2040 3244 2085 3306; x_wconf 78' lang='lat' dir='ltr'><strong>c</strong></span> 
     </span>
    </p>
   </div>
   <div class='ocr_carea' id='block_1_41' title="bbox 440 3327 2010 3400">
    <p class='ocr_par' dir='ltr' id='par_1_41' title="bbox 440 3327 2010 3400">
     <span class='ocr_line' id='line_1_41' title="bbox 440 3327 2010 3400; baseline 0.003 -19"><span class='ocrx_word' id='word_1_247' title='bbox 440 3327 662 3383; x_wconf 82' lang='lat' dir='ltr'><strong>chitici</strong></span> <span class='ocrx_word' id='word_1_248' title='bbox 693 3328 816 3383; x_wconf 84' lang='lat' dir='ltr'><strong>libri</strong></span> <span class='ocrx_word' id='word_1_249' title='bbox 845 3330 1130 3400; x_wconf 86' lang='lat' dir='ltr'><strong>sequentia</strong></span> <span class='ocrx_word' id='word_1_250' title='bbox 1157 3344 1566 3400; x_wconf 78' lang='lat' dir='ltr'><strong>percurramus,</strong></span> <span class='ocrx_word' id='word_1_251' title='bbox 1590 3330 1824 3385; x_wconf 90' lang='lat' dir='ltr'><strong>multum</strong></span> <span class='ocrx_word' id='word_1_252' title='bbox 1845 3331 2010 3400; x_wconf 86' lang='lat' dir='ltr'><strong>juva-</strong></span> 
     </span>
    </p>
   </div>
   <div class='ocr_carea' id='block_1_42' title="bbox 437 3419 2012 3491">
    <p class='ocr_par' dir='ltr' id='par_1_42' title="bbox 437 3419 2012 3491">
     <span class='ocr_line' id='line_1_42' title="bbox 437 3419 2012 3491; baseline 0.002 -17"><span class='ocrx_word' id='word_1_253' title='bbox 437 3435 566 3474; x_wconf 90' lang='lat' dir='ltr'><strong>men</strong></span> <span class='ocrx_word' id='word_1_254' title='bbox 591 3419 1267 3491; x_wconf 73' lang='lat' dir='ltr'><strong>legentibusconferentia.</strong></span> <span class='ocrx_word' id='word_1_255' title='bbox 1296 3422 1389 3476; x_wconf 90' lang='lat' dir='ltr'><strong>Dei</strong></span> <span class='ocrx_word' id='word_1_256' title='bbox 1409 3421 1559 3476; x_wconf 90' lang='lat' dir='ltr'><strong>enim</strong></span> <span class='ocrx_word' id='word_1_257' title='bbox 1584 3429 1715 3476; x_wconf 90' lang='lat' dir='ltr'><strong>sunt</strong></span> <span class='ocrx_word' id='word_1_258' title='bbox 1732 3423 2012 3490; x_wconf 88' lang='lat' dir='ltr'><strong>mandata,</strong></span> 
     </span>
    </p>
   </div>
   <div class='ocr_carea' id='block_1_43' title="bbox 437 3502 2015 3587">
    <p class='ocr_par' dir='ltr' id='par_1_43' title="bbox 437 3502 2015 3587">
     <span class='ocr_line' id='line_1_43' title="bbox 437 3502 2015 3587; baseline 0.005 -22"><span class='ocrx_word' id='word_1_259' title='bbox 437 3512 753 3567; x_wconf 87' lang='lat' dir='ltr'><strong>adumbrata</strong></span> <span class='ocrx_word' id='word_1_260' title='bbox 776 3514 998 3583; x_wconf 89' lang='lat' dir='ltr'><strong>quidem</strong></span> <span class='ocrx_word' id='word_1_261' title='bbox 1026 3514 1081 3569; x_wconf 91' lang='lat' dir='ltr'><strong>in</strong></span> <span class='ocrx_word' id='word_1_262' title='bbox 1113 3515 1360 3584; x_wconf 89' lang='lat' dir='ltr'><strong>pluribus</strong></span> <span class='ocrx_word' id='word_1_263' title='bbox 1383 3502 1609 3587; x_wconf 86' lang='lat' dir='ltr'><strong>propter</strong></span> <span class='ocrx_word' id='word_1_264' title='bbox 1640 3516 2015 3573; x_wconf 76' lang='lat' dir='ltr'><strong>inﬁrmitatem</strong></span> 
     </span>
    </p>
   </div>
   <div class='ocr_carea' id='block_1_44' title="bbox 439 3605 2016 3678">
    <p class='ocr_par' dir='ltr' id='par_1_44' title="bbox 439 3605 2016 3678">
     <span class='ocr_line' id='line_1_44' title="bbox 439 3605 2016 3678; baseline 0.001 -18"><span class='ocrx_word' id='word_1_265' title='bbox 439 3606 623 3674; x_wconf 81' lang='lat' dir='ltr'><strong>pepuli</strong></span> <span class='ocrx_word' id='word_1_266' title='bbox 651 3605 963 3662; x_wconf 75' lang='lat' dir='ltr'><strong>Judaeorum</strong></span> <span class='ocrx_word' id='word_1_267' title='bbox 993 3609 1053 3663; x_wconf 89' lang='lat' dir='ltr'><strong>in</strong></span> <span class='ocrx_word' id='word_1_268' title='bbox 1097 3608 1323 3664; x_wconf 89' lang='lat' dir='ltr'><strong>littera:</strong></span> <span class='ocrx_word' id='word_1_269' title='bbox 1373 3608 1771 3678; x_wconf 80' lang='lat' dir='ltr'><strong>perfectionem</strong></span> <span class='ocrx_word' id='word_1_270' title='bbox 1831 3615 2016 3662; x_wconf 90' lang='lat' dir='ltr'><strong>autem</strong></span> 
     </span>
    </p>
   </div>
   <div class='ocr_carea' id='block_1_45' title="bbox 439 3698 2018 3772">
    <p class='ocr_par' dir='ltr' id='par_1_45' title="bbox 439 3698 2018 3772">
     <span class='ocr_line' id='line_1_45' title="bbox 439 3698 2018 3772; baseline 0.003 -21"><span class='ocrx_word' id='word_1_271' title='bbox 439 3698 744 3752; x_wconf 88' lang='lat' dir='ltr'><strong>secundum</strong></span> <span class='ocrx_word' id='word_1_272' title='bbox 771 3699 1009 3757; x_wconf 86' lang='lat' dir='ltr'><strong>litteram</strong></span> <span class='ocrx_word' id='word_1_273' title='bbox 1057 3701 1297 3757; x_wconf 86' lang='lat' dir='ltr'><strong>intuenti</strong></span> <span class='ocrx_word' id='word_1_274' title='bbox 1344 3710 1628 3772; x_wconf 66' lang='lat' dir='ltr'><strong>praestant,</strong></span> <span class='ocrx_word' id='word_1_275' title='bbox 1682 3709 1738 3756; x_wconf 91' lang='lat' dir='ltr'><strong>et</strong></span> <span class='ocrx_word' id='word_1_276' title='bbox 1774 3715 2018 3757; x_wconf 86' lang='lat' dir='ltr'><strong>consona</strong></span> 
     </span>
    </p>
   </div>
   <div class='ocr_carea' id='block_1_46' title="bbox 440 3789 2019 3867">
    <p class='ocr_par' dir='ltr' id='par_1_46' title="bbox 440 3789 2019 3867">
     <span class='ocr_line' id='line_1_46' title="bbox 440 3789 2019 3867; baseline 0.004 -26"><span class='ocrx_word' id='word_1_277' title='bbox 440 3789 796 3846; x_wconf 89' lang='lat' dir='ltr'><strong>inveniuntur</strong></span> <span class='ocrx_word' id='word_1_278' title='bbox 811 3807 896 3858; x_wconf 91' lang='lat' dir='ltr'><strong>ea,</strong></span> <span class='ocrx_word' id='word_1_279' title='bbox 929 3808 1051 3863; x_wconf 75' lang='lat' dir='ltr'><strong>qua:</strong></span> <span class='ocrx_word' id='word_1_280' title='bbox 1073 3808 1174 3865; x_wconf 88' lang='lat' dir='ltr'><strong>per</strong></span> <span class='ocrx_word' id='word_1_281' title='bbox 1209 3792 1430 3867; x_wconf 76' lang='lat' dir='ltr'><strong>Moysen</strong></span> <span class='ocrx_word' id='word_1_282' title='bbox 1452 3795 1596 3851; x_wconf 88' lang='lat' dir='ltr'><strong>dicta</strong></span> <span class='ocrx_word' id='word_1_283' title='bbox 1642 3803 1794 3860; x_wconf 90' lang='lat' dir='ltr'><strong>sunt,</strong></span> <span class='ocrx_word' id='word_1_284' title='bbox 1846 3794 1893 3850; x_wconf 89' lang='lat' dir='ltr'><strong>si</strong></span> <span class='ocrx_word' id='word_1_285' title='bbox 1933 3794 2019 3849; x_wconf 87' lang='lat' dir='ltr'><strong>in-</strong></span> 
     </span>
    </p>
   </div>
   <div class='ocr_carea' id='block_1_47' title="bbox 442 3885 1171 3958">
    <p class='ocr_par' dir='ltr' id='par_1_47' title="bbox 442 3885 1171 3958">
     <span class='ocr_line' id='line_1_47' title="bbox 442 3885 1171 3958; baseline 0.005 -21"><span class='ocrx_word' id='word_1_286' title='bbox 442 3891 828 3954; x_wconf 88' lang='lat' dir='ltr'><strong>terpretentur,</strong></span> <span class='ocrx_word' id='word_1_287' title='bbox 860 3885 965 3942; x_wconf 85' lang='lat' dir='ltr'><strong>Eva</strong></span> <span class='ocrx_word' id='word_1_288' title='bbox 973 3887 1171 3958; x_wconf 86' lang='lat' dir='ltr'><strong>ngelio.</strong></span> 
     </span>
    </p>
   </div>
   <div class='ocr_carea' id='block_1_48' title="bbox 1013 4043 1420 4102">
    <p class='ocr_par' dir='ltr' id='par_1_48' title="bbox 1013 4043 1420 4102">
     <span class='ocr_line' id='line_1_48' title="bbox 1013 4043 1420 4102; baseline -0.002 -1"><span class='ocrx_word' id='word_1_289' title='bbox 1013 4043 1237 4102; x_wconf 80' lang='lat' dir='ltr'><strong>CAPUT</strong></span> <span class='ocrx_word' id='word_1_290' title='bbox 1275 4045 1420 4101; x_wconf 80' lang='lat' dir='ltr'><strong>XIX.</strong></span> 
     </span>
    </p>
   </div>
   <div class='ocr_carea' id='block_1_49' title="bbox 516 4203 2024 4278">
    <p class='ocr_par' dir='ltr' id='par_1_49' title="bbox 516 4203 2024 4278">
     <span class='ocr_line' id='line_1_49' title="bbox 516 4203 2024 4278; baseline 0.002 -20"><span class='ocrx_word' id='word_1_291' title='bbox 516 4203 674 4259; x_wconf 72' lang='lat' dir='ltr'><strong>Vens.</strong></span> <span class='ocrx_word' id='word_1_292' title='bbox 709 4204 821 4259; x_wconf 68' lang='grc'><strong>1-4.</strong></span> <span class='ocrx_word' id='word_1_293' title='bbox 846 4220 865 4255; x_wconf 80' lang='lat' dir='ltr'><strong>t</strong></span> <span class='ocrx_word' id='word_1_294' title='bbox 904 4203 1146 4258; x_wconf 92' lang='lat' dir='ltr'><strong>Locutus</strong></span> <span class='ocrx_word' id='word_1_295' title='bbox 1178 4211 1264 4259; x_wconf 90' lang='lat' dir='ltr'><strong>est</strong></span> <span class='ocrx_word' id='word_1_296' title='bbox 1289 4204 1556 4260; x_wconf 90' lang='lat' dir='ltr'><strong>Dominus</strong></span> <span class='ocrx_word' id='word_1_297' title='bbox 1584 4205 1653 4260; x_wconf 90' lang='lat' dir='ltr'><strong>ad</strong></span> <span class='ocrx_word' id='word_1_298' title='bbox 1687 4204 1905 4278; x_wconf 83' lang='lat' dir='ltr'><strong>Moysen</strong></span> <span class='ocrx_word' id='word_1_299' title='bbox 1936 4206 2024 4261; x_wconf 92' lang='lat' dir='ltr'><strong>di-</strong></span> 
     </span>
    </p>
   </div>
   <div class='ocr_carea' id='block_1_50' title="bbox 2038 1759 2113 1776">
    <p class='ocr_par' dir='ltr' id='par_1_50' title="bbox 2038 1759 2113 1776">
     <span class='ocr_line' id='line_1_50' title="bbox 2038 1759 2113 1776; baseline 0 -3"><span class='ocrx_word' id='word_1_300' title='bbox 2038 1759 2113 1776; x_wconf 67' lang='grc'><strong>..-</strong></span> 
     </span>
    </p>
   </div>
   <div class='ocr_carea' id='block_1_51' title="bbox 2030 1900 3674 1976">
    <p class='ocr_par' dir='ltr' id='par_1_51' title="bbox 2030 1900 3674 1976">
     <span class='ocr_line' id='line_1_51' title="bbox 2030 1900 3674 1976; baseline -0.003 -16"><span class='ocrx_word' id='word_1_301' title='bbox 2030 1911 2071 1971; x_wconf 78' lang='grc' dir='ltr'><strong>Β</strong></span> <span class='ocrx_word' id='word_1_302' title='bbox 2102 1907 2420 1975; x_wconf 84' lang='lat' dir='ltr'><strong>sionemque</strong></span> <span class='ocrx_word' id='word_1_303' title='bbox 2437 1901 2723 1976; x_wconf 83' lang='lat' dir='ltr'><strong>removet),</strong></span> <span class='ocrx_word' id='word_1_304' title='bbox 2737 1901 3226 1959; x_wconf 84' lang='lat' dir='ltr'><strong>sanctificationem</strong></span> <span class='ocrx_word' id='word_1_305' title='bbox 3246 1900 3674 1972; x_wconf 76' lang='lat' dir='ltr'><strong>consequimini;</strong></span> 
     </span>
    </p>
   </div>
   <div class='ocr_carea' id='block_1_52' title="bbox 2103 1994 3689 2068">
    <p class='ocr_par' dir='ltr' id='par_1_52' title="bbox 2103 1994 3689 2068">
     <span class='ocr_line' id='line_1_52' title="bbox 2103 1994 3689 2068; baseline -0.002 -15"><span class='ocrx_word' id='word_1_306' title='bbox 2103 2007 2327 2053; x_wconf 83' lang='lat' dir='ltr'><strong>sanctus</strong></span> <span class='ocrx_word' id='word_1_307' title='bbox 2362 2006 2546 2052; x_wconf 89' lang='lat' dir='ltr'><strong>autem</strong></span> <span class='ocrx_word' id='word_1_308' title='bbox 2569 1997 2827 2068; x_wconf 86' lang='lat' dir='ltr'><strong>conjungi</strong></span> <span class='ocrx_word' id='word_1_309' title='bbox 2877 1994 3126 2068; x_wconf 87' lang='lat' dir='ltr'><strong>profanis</strong></span> <span class='ocrx_word' id='word_1_310' title='bbox 3150 2010 3260 2051; x_wconf 90' lang='lat' dir='ltr'><strong>non</strong></span> <span class='ocrx_word' id='word_1_311' title='bbox 3282 1995 3500 2064; x_wconf 89' lang='lat' dir='ltr'><strong>patitur.</strong></span> <span class='ocrx_word' id='word_1_312' title='bbox 3549 1994 3689 2050; x_wconf 85' lang='lat' dir='ltr'><strong>Pro-</strong></span> 
     </span>
    </p>
   </div>
   <div class='ocr_carea' id='block_1_53' title="bbox 2103 2088 3687 2161">
    <p class='ocr_par' dir='ltr' id='par_1_53' title="bbox 2103 2088 3687 2161">
     <span class='ocr_line' id='line_1_53' title="bbox 2103 2088 3687 2161; baseline -0.003 -16"><span class='ocrx_word' id='word_1_313' title='bbox 2103 2101 2289 2161; x_wconf 88' lang='lat' dir='ltr'><strong>pterea</strong></span> <span class='ocrx_word' id='word_1_314' title='bbox 2318 2090 2517 2144; x_wconf 89' lang='lat' dir='ltr'><strong>Paulus</strong></span> <span class='ocrx_word' id='word_1_315' title='bbox 2540 2090 2759 2145; x_wconf 76' lang='lat' dir='ltr'><strong>dicebat</strong></span> <span class='ocrx_word' id='word_1_316' title='bbox 2791 2106 2803 2142; x_wconf 89' lang='lat'><strong>:</strong></span> <span class='ocrx_word' id='word_1_317' title='bbox 2849 2089 3080 2144; x_wconf 78' lang='lat' dir='ltr'><strong>Nescitis</strong></span> <span class='ocrx_word' id='word_1_318' title='bbox 3113 2089 3240 2160; x_wconf 88' lang='lat' dir='ltr'><strong>quia</strong></span> <span class='ocrx_word' id='word_1_319' title='bbox 3287 2088 3531 2158; x_wconf 85' lang='lat' dir='ltr'><strong>templum</strong></span> <span class='ocrx_word' id='word_1_320' title='bbox 3585 2088 3687 2142; x_wconf 76' lang='lat' dir='ltr'><strong>Dei</strong></span> 
     </span>
    </p>
   </div>
   <div class='ocr_carea' id='block_1_54' title="bbox 2103 2178 3692 2247">
    <p class='ocr_par' dir='ltr' id='par_1_54' title="bbox 2103 2178 3692 2247">
     <span class='ocr_line' id='line_1_54' title="bbox 2103 2178 3692 2247; baseline -0.003 -11"><span class='ocrx_word' id='word_1_321' title='bbox 2103 2182 2224 2236; x_wconf 86' lang='lat' dir='ltr'><strong>estis</strong></span> <span class='ocrx_word' id='word_1_322' title='bbox 2245 2181 2331 2235; x_wconf 84' lang='lat' dir='ltr'><strong>?et</strong></span> <span class='ocrx_word' id='word_1_323' title='bbox 2361 2181 2579 2247; x_wconf 86' lang='lat' dir='ltr'><strong>spiritus</strong></span> <span class='ocrx_word' id='word_1_324' title='bbox 2612 2178 2710 2232; x_wconf 72' lang='lat' dir='ltr'><strong>Dei</strong></span> <span class='ocrx_word' id='word_1_325' title='bbox 2762 2179 2966 2233; x_wconf 85' lang='lat' dir='ltr'><strong>habitat</strong></span> <span class='ocrx_word' id='word_1_326' title='bbox 3036 2179 3091 2232; x_wconf 88' lang='lat' dir='ltr'><strong>in</strong></span> <span class='ocrx_word' id='word_1_327' title='bbox 3150 2178 3325 2232; x_wconf 78' lang='lat' dir='ltr'><strong>vobis?</strong></span> <span class='ocrx_word' id='word_1_328' title='bbox 3374 2178 3692 2247; x_wconf 75' lang='lat' dir='ltr'><strong>Quicunque</strong></span> 
     </span>
    </p>
   </div>
   <div class='ocr_carea' id='block_1_55' title="bbox 2104 2270 3692 2342">
    <p class='ocr_par' dir='ltr' id='par_1_55' title="bbox 2104 2270 3692 2342">
     <span class='ocr_line' id='line_1_55' title="bbox 2104 2270 3692 2342; baseline -0.001 -17"><span class='ocrx_word' id='word_1_329' title='bbox 2104 2282 2281 2327; x_wconf 88' lang='lat' dir='ltr'><strong>autem</strong></span> <span class='ocrx_word' id='word_1_330' title='bbox 2320 2272 2571 2341; x_wconf 83' lang='lat' dir='ltr'><strong>templum</strong></span> <span class='ocrx_word' id='word_1_331' title='bbox 2614 2272 2831 2326; x_wconf 86' lang='lat' dir='ltr'><strong>Domini</strong></span> <span class='ocrx_word' id='word_1_332' title='bbox 2874 2270 3169 2338; x_wconf 80' lang='lat' dir='ltr'><strong>violaverit,</strong></span> <span class='ocrx_word' id='word_1_333' title='bbox 3223 2271 3485 2342; x_wconf 85' lang='lat' dir='ltr'><strong>disperdet</strong></span> <span class='ocrx_word' id='word_1_334' title='bbox 3536 2270 3692 2324; x_wconf 87' lang='lat' dir='ltr'><strong>illum</strong></span> 
     </span>
    </p>
   </div>
   <div class='ocr_carea' id='block_1_56' title="bbox 2106 2362 3691 2434">
    <p class='ocr_par' dir='ltr' id='par_1_56' title="bbox 2106 2362 3691 2434">
     <span class='ocr_line' id='line_1_56' title="bbox 2106 2362 3691 2434; baseline -0.003 -15"><span class='ocrx_word' id='word_1_335' title='bbox 2106 2365 2266 2419; x_wconf 86' lang='lat' dir='ltr'><strong>Deus.</strong></span> <span class='ocrx_word' id='word_1_336' title='bbox 2288 2364 2555 2432; x_wconf 81' lang='lat' dir='ltr'><strong>Templum</strong></span> <span class='ocrx_word' id='word_1_337' title='bbox 2580 2364 2718 2417; x_wconf 88' lang='lat' dir='ltr'><strong>enim</strong></span> <span class='ocrx_word' id='word_1_338' title='bbox 2742 2363 2836 2416; x_wconf 89' lang='lat' dir='ltr'><strong>Dei</strong></span> <span class='ocrx_word' id='word_1_339' title='bbox 2853 2373 3093 2416; x_wconf 85' lang='lat' dir='ltr'><strong>sanctum</strong></span> <span class='ocrx_word' id='word_1_340' title='bbox 3112 2370 3205 2429; x_wconf 84' lang='lat' dir='ltr'><strong>est,</strong></span> <span class='ocrx_word' id='word_1_341' title='bbox 3227 2364 3364 2434; x_wconf 88' lang='lat' dir='ltr'><strong>quod</strong></span> <span class='ocrx_word' id='word_1_342' title='bbox 3379 2363 3500 2416; x_wconf 85' lang='lat' dir='ltr'><strong>estis</strong></span> <span class='ocrx_word' id='word_1_343' title='bbox 3517 2378 3606 2417; x_wconf 77' lang='lat' dir='ltr'><strong>vos</strong></span> <span class='ocrx_word' id='word_1_344' title='bbox 3625 2362 3691 2414; x_wconf 82' lang='grc'><strong>⁷³.</strong></span> 
     </span>
    </p>
   </div>
   <div class='ocr_carea' id='block_1_57' title="bbox 2185 2453 3693 2525">
    <p class='ocr_par' dir='ltr' id='par_1_57' title="bbox 2185 2453 3693 2525">
     <span class='ocr_line' id='line_1_57' title="bbox 2185 2453 3693 2525; baseline -0.001 -16"><span class='ocrx_word' id='word_1_345' title='bbox 2185 2454 2645 2525; x_wconf 65' lang='lat' dir='ltr'><strong>Superazdiiicans</strong></span> <span class='ocrx_word' id='word_1_346' title='bbox 2668 2463 2853 2508; x_wconf 88' lang='lat' dir='ltr'><strong>autem</strong></span> <span class='ocrx_word' id='word_1_347' title='bbox 2878 2454 3135 2508; x_wconf 87' lang='lat' dir='ltr'><strong>mandata</strong></span> <span class='ocrx_word' id='word_1_348' title='bbox 3167 2469 3337 2525; x_wconf 89' lang='lat' dir='ltr'><strong>super</strong></span> <span class='ocrx_word' id='word_1_349' title='bbox 3362 2454 3468 2509; x_wconf 90' lang='lat' dir='ltr'><strong>hoc</strong></span> <span class='ocrx_word' id='word_1_350' title='bbox 3492 2453 3693 2509; x_wconf 88' lang='lat' dir='ltr'><strong>funda-</strong></span> 
     </span>
    </p>
   </div>
   <div class='ocr_carea' id='block_1_58' title="bbox 2108 2547 3687 2618">
    <p class='ocr_par' dir='ltr' id='par_1_58' title="bbox 2108 2547 3687 2618">
     <span class='ocr_line' id='line_1_58' title="bbox 2108 2547 3687 2618; baseline 0.001 -17"><span class='ocrx_word' id='word_1_351' title='bbox 2108 2556 2376 2611; x_wconf 84' lang='lat' dir='ltr'><strong>mentum,</strong></span> <span class='ocrx_word' id='word_1_352' title='bbox 2427 2558 2579 2601; x_wconf 75' lang='lat' dir='ltr'><strong>extra</strong></span> <span class='ocrx_word' id='word_1_353' title='bbox 2631 2547 2775 2616; x_wconf 88' lang='lat' dir='ltr'><strong>quod</strong></span> <span class='ocrx_word' id='word_1_354' title='bbox 2821 2562 2984 2601; x_wconf 91' lang='lat' dir='ltr'><strong>nemo</strong></span> <span class='ocrx_word' id='word_1_355' title='bbox 3029 2556 3214 2618; x_wconf 90' lang='lat' dir='ltr'><strong>potest</strong></span> <span class='ocrx_word' id='word_1_356' title='bbox 3261 2562 3469 2618; x_wconf 91' lang='lat' dir='ltr'><strong>ponere</strong></span> <span class='ocrx_word' id='word_1_357' title='bbox 3497 2547 3687 2603; x_wconf 87' lang='lat' dir='ltr'><strong>aliud:</strong></span> 
     </span>
    </p>
   </div>
   <div class='ocr_carea' id='block_1_59' title="bbox 2115 2638 3691 2709">
    <p class='ocr_par' dir='ltr' id='par_1_59' title="bbox 2115 2638 3691 2709">
     <span class='ocr_line' id='line_1_59' title="bbox 2115 2638 3691 2709; baseline 0 -16"><span class='ocrx_word' id='word_1_358' title='bbox 2115 2638 2493 2709; x_wconf 84' lang='lat' dir='ltr'><strong>Unusquisque,</strong></span> <span class='ocrx_word' id='word_1_359' title='bbox 2536 2638 2632 2704; x_wconf 88' lang='lat' dir='ltr'><strong>ait,</strong></span> <span class='ocrx_word' id='word_1_360' title='bbox 2677 2648 2907 2708; x_wconf 87' lang='lat' dir='ltr'><strong>patrem,</strong></span> <span class='ocrx_word' id='word_1_361' title='bbox 2956 2649 3005 2693; x_wconf 84' lang='lat' dir='ltr'><strong>et</strong></span> <span class='ocrx_word' id='word_1_362' title='bbox 3045 2651 3266 2694; x_wconf 87' lang='lat' dir='ltr'><strong>matrem</strong></span> <span class='ocrx_word' id='word_1_363' title='bbox 3300 2641 3454 2694; x_wconf 71' lang='lat' dir='ltr'><strong>sua‘m</strong></span> <span class='ocrx_word' id='word_1_364' title='bbox 3486 2641 3691 2693; x_wconf 81' lang='lat' dir='ltr'><strong>timeat.</strong></span> 
     </span>
    </p>
   </div>
   <div class='ocr_carea' id='block_1_60' title="bbox 2108 2728 3696 2803">
    <p class='ocr_par' dir='ltr' id='par_1_60' title="bbox 2108 2728 3696 2803">
     <span class='ocr_line' id='line_1_60' title="bbox 2108 2728 3696 2803; baseline 0.001 -20"><span class='ocrx_word' id='word_1_365' title='bbox 2108 2728 2213 2784; x_wconf 88' lang='lat' dir='ltr'><strong>Per</strong></span> <span class='ocrx_word' id='word_1_366' title='bbox 2242 2730 2731 2785; x_wconf 79' lang='lat' dir='ltr'><strong>sanctificationem</strong></span> <span class='ocrx_word' id='word_1_367' title='bbox 2764 2732 2984 2801; x_wconf 89' lang='lat' dir='ltr'><strong>quidem</strong></span> <span class='ocrx_word' id='word_1_368' title='bbox 3038 2748 3230 2803; x_wconf 88' lang='lat' dir='ltr'><strong>puram</strong></span> <span class='ocrx_word' id='word_1_369' title='bbox 3269 2742 3511 2788; x_wconf 89' lang='lat' dir='ltr'><strong>mentem</strong></span> <span class='ocrx_word' id='word_1_370' title='bbox 3569 2748 3696 2803; x_wconf 83' lang='lat' dir='ltr'><strong>erga</strong></span> 
     </span>
    </p>
   </div>
   <div class='ocr_carea' id='block_1_61' title="bbox 2109 2819 3698 2893">
    <p class='ocr_par' dir='ltr' id='par_1_61' title="bbox 2109 2819 3698 2893">
     <span class='ocr_line' id='line_1_61' title="bbox 2109 2819 3698 2893; baseline -0.001 -16"><span class='ocrx_word' id='word_1_371' title='bbox 2109 2819 2425 2877; x_wconf 87' lang='lat' dir='ltr'><strong>Creatorem</strong></span> <span class='ocrx_word' id='word_1_372' title='bbox 2453 2821 2742 2888; x_wconf 81' lang='lat' dir='ltr'><strong>mandans,</strong></span> <span class='ocrx_word' id='word_1_373' title='bbox 2780 2837 2876 2891; x_wconf 89' lang='lat' dir='ltr'><strong>per</strong></span> <span class='ocrx_word' id='word_1_374' title='bbox 2907 2824 3171 2878; x_wconf 87' lang='lat' dir='ltr'><strong>honorem</strong></span> <span class='ocrx_word' id='word_1_375' title='bbox 3216 2831 3400 2879; x_wconf 87' lang='lat' dir='ltr'><strong>autem</strong></span> <span class='ocrx_word' id='word_1_376' title='bbox 3436 2823 3608 2893; x_wconf 84' lang='lat' dir='ltr'><strong>patris</strong></span> <span class='ocrx_word' id='word_1_377' title='bbox 3639 2830 3698 2877; x_wconf 87' lang='lat' dir='ltr'><strong>et</strong></span> 
     </span>
    </p>
   </div>
   <div class='ocr_carea' id='block_1_62' title="bbox 2110 2914 3701 2988">
    <p class='ocr_par' dir='ltr' id='par_1_62' title="bbox 2110 2914 3701 2988">
     <span class='ocr_line' id='line_1_62' title="bbox 2110 2914 3701 2988; baseline -0.001 -18"><span class='ocrx_word' id='word_1_378' title='bbox 2110 2915 2299 2970; x_wconf 88' lang='lat' dir='ltr'><strong>matris</strong></span> <span class='ocrx_word' id='word_1_379' title='bbox 2336 2914 2601 2985; x_wconf 87' lang='lat' dir='ltr'><strong>impendi,</strong></span> <span class='ocrx_word' id='word_1_380' title='bbox 2629 2925 2837 2971; x_wconf 71' lang='lat' dir='ltr'><strong>natura:</strong></span> <span class='ocrx_word' id='word_1_381' title='bbox 2881 2916 3298 2988; x_wconf 86' lang='lat' dir='ltr'><strong>benignitatem,</strong></span> <span class='ocrx_word' id='word_1_382' title='bbox 3353 2932 3474 2986; x_wconf 80' lang='lat' dir='ltr'><strong>qua:</strong></span> <span class='ocrx_word' id='word_1_383' title='bbox 3498 2931 3701 2986; x_wconf 86' lang='lat' dir='ltr'><strong>paren-</strong></span> 
     </span>
    </p>
   </div>
   <div class='ocr_carea' id='block_1_63' title="bbox 2112 3006 3697 3073">
    <p class='ocr_par' dir='ltr' id='par_1_63' title="bbox 2112 3006 3697 3073">
     <span class='ocr_line' id='line_1_63' title="bbox 2112 3006 3697 3073; baseline 0.001 -13"><span class='ocrx_word' id='word_1_384' title='bbox 2112 3006 2259 3061; x_wconf 91' lang='lat' dir='ltr'><strong>tibus</strong></span> <span class='ocrx_word' id='word_1_385' title='bbox 2283 3007 2569 3073; x_wconf 90' lang='lat' dir='ltr'><strong>honorem,</strong></span> <span class='ocrx_word' id='word_1_386' title='bbox 2604 3008 2701 3062; x_wconf 91' lang='lat' dir='ltr'><strong>sed</strong></span> <span class='ocrx_word' id='word_1_387' title='bbox 2736 3016 2793 3063; x_wconf 89' lang='lat' dir='ltr'><strong>et</strong></span> <span class='ocrx_word' id='word_1_388' title='bbox 2820 3008 3076 3063; x_wconf 88' lang='lat' dir='ltr'><strong>timorem</strong></span> <span class='ocrx_word' id='word_1_389' title='bbox 3107 3008 3298 3064; x_wconf 85' lang='lat' dir='ltr'><strong>deberi</strong></span> <span class='ocrx_word' id='word_1_390' title='bbox 3323 3024 3353 3062; x_wconf 91' lang='lat' dir='ltr'><strong>a</strong></span> <span class='ocrx_word' id='word_1_391' title='bbox 3380 3008 3525 3071; x_wconf 85' lang='lat' dir='ltr'><strong>ﬁliis,</strong></span> <span class='ocrx_word' id='word_1_392' title='bbox 3545 3007 3697 3062; x_wconf 88' lang='lat' dir='ltr'><strong>sicut</strong></span> 
     </span>
    </p>
   </div>
   <div class='ocr_carea' id='block_1_64' title="bbox 2112 3096 3701 3171">
    <p class='ocr_par' dir='ltr' id='par_1_64' title="bbox 2112 3096 3701 3171">
     <span class='ocr_line' id='line_1_64' title="bbox 2112 3096 3701 3171; baseline 0.003 -20"><span class='ocrx_word' id='word_1_393' title='bbox 2112 3096 2378 3153; x_wconf 88' lang='lat' dir='ltr'><strong>Dominus</strong></span> <span class='ocrx_word' id='word_1_394' title='bbox 2413 3099 2585 3154; x_wconf 91' lang='lat' dir='ltr'><strong>dedit.</strong></span> <span class='ocrx_word' id='word_1_395' title='bbox 2616 3099 2820 3155; x_wconf 85' lang='lat' dir='ltr'><strong>Deinde</strong></span> <span class='ocrx_word' id='word_1_396' title='bbox 2871 3100 3006 3171; x_wconf 87' lang='lat' dir='ltr'><strong>legis</strong></span> <span class='ocrx_word' id='word_1_397' title='bbox 3046 3100 3304 3155; x_wconf 89' lang='lat' dir='ltr'><strong>mandata</strong></span> <span class='ocrx_word' id='word_1_398' title='bbox 3331 3099 3701 3169; x_wconf 75' lang='lat' dir='ltr'><strong>recapitulane</strong></span> 
     </span>
    </p>
   </div>
   <div class='ocr_carea' id='block_1_65' title="bbox 2116 3190 3704 3263">
    <p class='ocr_par' dir='ltr' id='par_1_65' title="bbox 2116 3190 3704 3263">
     <span class='ocr_line' id='line_1_65' title="bbox 2116 3190 3704 3263; baseline 0.001 -19"><span class='ocrx_word' id='word_1_399' title='bbox 2116 3190 2327 3257; x_wconf 88' lang='lat' dir='ltr'><strong>volens,</strong></span> <span class='ocrx_word' id='word_1_400' title='bbox 2357 3191 2410 3245; x_wconf 90' lang='lat' dir='ltr'><strong>id</strong></span> <span class='ocrx_word' id='word_1_401' title='bbox 2436 3198 2542 3254; x_wconf 90' lang='lat' dir='ltr'><strong>est,</strong></span> <span class='ocrx_word' id='word_1_402' title='bbox 2590 3190 2711 3245; x_wconf 88' lang='lat' dir='ltr'><strong>Non</strong></span> <span class='ocrx_word' id='word_1_403' title='bbox 2768 3192 3001 3257; x_wconf 78' lang='lat' dir='ltr'><strong>occides;</strong></span> <span class='ocrx_word' id='word_1_404' title='bbox 3058 3190 3181 3246; x_wconf 86' lang='lat' dir='ltr'><strong>Non</strong></span> <span class='ocrx_word' id='word_1_405' title='bbox 3210 3192 3476 3263; x_wconf 78' lang='lat' dir='ltr'><strong>furaberis</strong></span> <span class='ocrx_word' id='word_1_406' title='bbox 3519 3207 3539 3246; x_wconf 89' lang='lat'><strong><em>:</em></strong></span> <span class='ocrx_word' id='word_1_407' title='bbox 3577 3191 3704 3246; x_wconf 65' lang='lat' dir='ltr'><strong>Non</strong></span> 
     </span>
    </p>
   </div>
   <div class='ocr_carea' id='block_1_66' title="bbox 2119 3282 3706 3355">
    <p class='ocr_par' dir='ltr' id='par_1_66' title="bbox 2119 3282 3706 3355">
     <span class='ocr_line' id='line_1_66' title="bbox 2119 3282 3706 3355; baseline -0.001 -18"><span class='ocrx_word' id='word_1_408' title='bbox 2119 3283 2454 3338; x_wconf 85' lang='lat' dir='ltr'><strong>adulterabis</strong></span> <span class='ocrx_word' id='word_1_409' title='bbox 2484 3301 2502 3338; x_wconf 90' lang='lat'><strong>:</strong></span> <span class='ocrx_word' id='word_1_410' title='bbox 2530 3286 2651 3338; x_wconf 85' lang='lat' dir='ltr'><strong>Non</strong></span> <span class='ocrx_word' id='word_1_411' title='bbox 2667 3283 2969 3355; x_wconf 86' lang='lat' dir='ltr'><strong>perjurabis</strong></span> <span class='ocrx_word' id='word_1_412' title='bbox 3000 3299 3020 3338; x_wconf 89' lang='lat'><strong><em>:</em></strong></span> <span class='ocrx_word' id='word_1_413' title='bbox 3068 3282 3193 3338; x_wconf 87' lang='lat' dir='ltr'><strong>Non</strong></span> <span class='ocrx_word' id='word_1_414' title='bbox 3249 3300 3482 3338; x_wconf 86' lang='lat' dir='ltr'><strong>assumes</strong></span> <span class='ocrx_word' id='word_1_415' title='bbox 3511 3300 3706 3339; x_wconf 78' lang='lat' dir='ltr'><strong>nomen</strong></span> 
     </span>
    </p>
   </div>
   <div class='ocr_carea' id='block_1_67' title="bbox 2114 3374 3698 3443">
    <p class='ocr_par' dir='ltr' id='par_1_67' title="bbox 2114 3374 3698 3443">
     <span class='ocr_line' id='line_1_67' title="bbox 2114 3374 3698 3443; baseline -0.001 -12"><span class='ocrx_word' id='word_1_416' title='bbox 2114 3376 2330 3431; x_wconf 87' lang='lat' dir='ltr'><strong>Domini</strong></span> <span class='ocrx_word' id='word_1_417' title='bbox 2366 3375 2465 3430; x_wconf 88' lang='lat' dir='ltr'><strong>Dei</strong></span> <span class='ocrx_word' id='word_1_418' title='bbox 2486 3377 2563 3430; x_wconf 89' lang='lat' dir='ltr'><strong>tui</strong></span> <span class='ocrx_word' id='word_1_419' title='bbox 2600 3377 2655 3429; x_wconf 91' lang='lat' dir='ltr'><strong>in</strong></span> <span class='ocrx_word' id='word_1_420' title='bbox 2682 3392 2879 3430; x_wconf 81' lang='lat' dir='ltr'><strong>vanum</strong></span> <span class='ocrx_word' id='word_1_421' title='bbox 2907 3391 2925 3429; x_wconf 90' lang='lat'><strong><em>:</em></strong></span> <span class='ocrx_word' id='word_1_422' title='bbox 2952 3374 3072 3429; x_wconf 88' lang='lat' dir='ltr'><strong>Non</strong></span> <span class='ocrx_word' id='word_1_423' title='bbox 3120 3376 3449 3443; x_wconf 86' lang='lat' dir='ltr'><strong>concupisces</strong></span> <span class='ocrx_word' id='word_1_424' title='bbox 3476 3391 3698 3430; x_wconf 75' lang='lat' dir='ltr'><strong>uxorem</strong></span> 
     </span>
    </p>
   </div>
   <div class='ocr_carea' id='block_1_68' title="bbox 2114 3463 3703 3536">
    <p class='ocr_par' dir='ltr' id='par_1_68' title="bbox 2114 3463 3703 3536">
     <span class='ocr_line' id='line_1_68' title="bbox 2114 3463 3703 3536; baseline 0 -17"><span class='ocrx_word' id='word_1_425' title='bbox 2114 3466 2343 3536; x_wconf 76' lang='lat' dir='ltr'><strong>proximi</strong></span> <span class='ocrx_word' id='word_1_426' title='bbox 2365 3466 2443 3519; x_wconf 89' lang='lat' dir='ltr'><strong>tui</strong></span> <span class='ocrx_word' id='word_1_427' title='bbox 2472 3481 2491 3519; x_wconf 89' lang='lat'><strong>:</strong></span> <span class='ocrx_word' id='word_1_428' title='bbox 2534 3473 2590 3520; x_wconf 90' lang='lat' dir='ltr'><strong>et</strong></span> <span class='ocrx_word' id='word_1_429' title='bbox 2638 3471 2701 3518; x_wconf 92' lang='lat' dir='ltr'><strong>ut</strong></span> <span class='ocrx_word' id='word_1_430' title='bbox 2755 3464 2995 3519; x_wconf 87' lang='lat' dir='ltr'><strong>breviter</strong></span> <span class='ocrx_word' id='word_1_431' title='bbox 3044 3463 3440 3519; x_wconf 89' lang='lat' dir='ltr'><strong>continentiam</strong></span> <span class='ocrx_word' id='word_1_432' title='bbox 3485 3481 3518 3519; x_wconf 89' lang='lat' dir='ltr'><strong>a</strong></span> <span class='ocrx_word' id='word_1_433' title='bbox 3556 3466 3703 3519; x_wconf 88' lang='lat' dir='ltr'><strong>malo</strong></span> 
     </span>
    </p>
   </div>
   <div class='ocr_carea' id='block_1_69' title="bbox 2114 3553 3704 3626">
    <p class='ocr_par' dir='ltr' id='par_1_69' title="bbox 2114 3553 3704 3626">
     <span class='ocr_line' id='line_1_69' title="bbox 2114 3553 3704 3626; baseline 0.001 -18"><span class='ocrx_word' id='word_1_434' title='bbox 2114 3553 2743 3626; x_wconf 67' lang='lat' dir='ltr'><strong>prmeiperet;Sabbata</strong></span> <span class='ocrx_word' id='word_1_435' title='bbox 2781 3571 2897 3608; x_wconf 89' lang='lat' dir='ltr'><strong>mea</strong></span> <span class='ocrx_word' id='word_1_436' title='bbox 2955 3555 3233 3621; x_wconf 83' lang='lat' dir='ltr'><strong>custodite,</strong></span> <span class='ocrx_word' id='word_1_437' title='bbox 3303 3555 3704 3611; x_wconf 86' lang='lat' dir='ltr'><strong>rationabiliter</strong></span> 
     </span>
    </p>
   </div>
   <div class='ocr_carea' id='block_1_70' title="bbox 2117 3646 3703 3716">
    <p class='ocr_par' dir='ltr' id='par_1_70' title="bbox 2117 3646 3703 3716">
     <span class='ocr_line' id='line_1_70' title="bbox 2117 3646 3703 3716; baseline 0.001 -15"><span class='ocrx_word' id='word_1_438' title='bbox 2117 3646 2361 3701; x_wconf 89' lang='lat' dir='ltr'><strong>subdidit</strong></span> <span class='ocrx_word' id='word_1_439' title='bbox 2392 3686 2407 3712; x_wconf 92' lang='lat'><strong>,</strong></span> <span class='ocrx_word' id='word_1_440' title='bbox 2439 3646 2565 3716; x_wconf 91' lang='lat' dir='ltr'><strong>quia</strong></span> <span class='ocrx_word' id='word_1_441' title='bbox 2589 3661 2779 3701; x_wconf 91' lang='lat' dir='ltr'><strong>verum</strong></span> <span class='ocrx_word' id='word_1_442' title='bbox 2808 3646 3109 3701; x_wconf 79' lang='lat' dir='ltr'><strong>Sabbatum</strong></span> <span class='ocrx_word' id='word_1_443' title='bbox 3144 3655 3231 3700; x_wconf 77' lang='lat' dir='ltr'><strong>est</strong></span> <span class='ocrx_word' id='word_1_444' title='bbox 3266 3646 3475 3701; x_wconf 87' lang='lat' dir='ltr'><strong>nullum</strong></span> <span class='ocrx_word' id='word_1_445' title='bbox 3508 3663 3703 3702; x_wconf 84' lang='lat' dir='ltr'><strong>corru-</strong></span> 
     </span>
    </p>
   </div>
   <div class='ocr_carea' id='block_1_71' title="bbox 2116 3736 3706 3807">
    <p class='ocr_par' dir='ltr' id='par_1_71' title="bbox 2116 3736 3706 3807">
     <span class='ocr_line' id='line_1_71' title="bbox 2116 3736 3706 3807; baseline 0.002 -16"><span class='ocrx_word' id='word_1_446' title='bbox 2116 3736 2321 3807; x_wconf 87' lang='lat' dir='ltr'><strong>ptionis</strong></span> <span class='ocrx_word' id='word_1_447' title='bbox 2342 3753 2480 3807; x_wconf 90' lang='lat' dir='ltr'><strong>opus</strong></span> <span class='ocrx_word' id='word_1_448' title='bbox 2513 3738 2727 3807; x_wconf 90' lang='lat' dir='ltr'><strong>operari</strong></span> <span class='ocrx_word' id='word_1_449' title='bbox 2757 3758 2769 3793; x_wconf 85' lang='lat'><strong>:</strong></span> <span class='ocrx_word' id='word_1_450' title='bbox 2811 3752 2940 3790; x_wconf 90' lang='lat' dir='ltr'><strong>nam</strong></span> <span class='ocrx_word' id='word_1_451' title='bbox 2967 3745 3024 3791; x_wconf 92' lang='lat' dir='ltr'><strong>et</strong></span> <span class='ocrx_word' id='word_1_452' title='bbox 3044 3752 3209 3792; x_wconf 90' lang='lat' dir='ltr'><strong>omne</strong></span> <span class='ocrx_word' id='word_1_453' title='bbox 3237 3754 3374 3807; x_wconf 91' lang='lat' dir='ltr'><strong>opus</strong></span> <span class='ocrx_word' id='word_1_454' title='bbox 3402 3739 3602 3793; x_wconf 88' lang='lat' dir='ltr'><strong>servile</strong></span> <span class='ocrx_word' id='word_1_455' title='bbox 3645 3740 3706 3794; x_wconf 89' lang='lat' dir='ltr'><strong>in</strong></span> 
     </span>
    </p>
   </div>
   <div class='ocr_carea' id='block_1_72' title="bbox 2118 3829 3707 3901">
    <p class='ocr_par' dir='ltr' id='par_1_72' title="bbox 2118 3829 3707 3901">
     <span class='ocr_line' id='line_1_72' title="bbox 2118 3829 3707 3901; baseline -0.001 -15"><span class='ocrx_word' id='word_1_456' title='bbox 2118 3830 2355 3886; x_wconf 88' lang='lat' dir='ltr'><strong>Sabbato</strong></span> <span class='ocrx_word' id='word_1_457' title='bbox 2372 3846 2486 3885; x_wconf 91' lang='lat' dir='ltr'><strong>non</strong></span> <span class='ocrx_word' id='word_1_458' title='bbox 2509 3830 2649 3897; x_wconf 83' lang='lat' dir='ltr'><strong>fieri,</strong></span> <span class='ocrx_word' id='word_1_459' title='bbox 2684 3829 2895 3901; x_wconf 77' lang='lat' dir='ltr'><strong>Moyses</strong></span> <span class='ocrx_word' id='word_1_460' title='bbox 2938 3831 3198 3899; x_wconf 65' lang='lat' dir='ltr'><strong>praecepit</strong></span> <span class='ocrx_word' id='word_1_461' title='bbox 3232 3839 3455 3900; x_wconf 89' lang='lat' dir='ltr'><strong>:aperte</strong></span> <span class='ocrx_word' id='word_1_462' title='bbox 3474 3831 3544 3885; x_wconf 91' lang='lat' dir='ltr'><strong>ab</strong></span> <span class='ocrx_word' id='word_1_463' title='bbox 3566 3846 3707 3901; x_wconf 85' lang='lat' dir='ltr'><strong>ope-</strong></span> 
     </span>
    </p>
   </div>
   <div class='ocr_carea' id='block_1_73' title="bbox 2119 3924 3706 3994">
    <p class='ocr_par' dir='ltr' id='par_1_73' title="bbox 2119 3924 3706 3994">
     <span class='ocr_line' id='line_1_73' title="bbox 2119 3924 3706 3994; baseline 0.001 -16"><span class='ocrx_word' id='word_1_464' title='bbox 2119 3925 2272 3979; x_wconf 90' lang='lat' dir='ltr'><strong>ribus</strong></span> <span class='ocrx_word' id='word_1_465' title='bbox 2293 3925 2497 3991; x_wconf 84' lang='lat' dir='ltr'><strong>carnis,</strong></span> <span class='ocrx_word' id='word_1_466' title='bbox 2522 3941 2645 3994; x_wconf 76' lang='lat' dir='ltr'><strong>qua:</strong></span> <span class='ocrx_word' id='word_1_467' title='bbox 2673 3934 2804 3979; x_wconf 88' lang='lat' dir='ltr'><strong>sunt</strong></span> <span class='ocrx_word' id='word_1_468' title='bbox 2833 3924 3151 3990; x_wconf 83' lang='lat' dir='ltr'><strong>fornicatio,</strong></span> <span class='ocrx_word' id='word_1_469' title='bbox 3224 3925 3600 3988; x_wconf 88' lang='lat' dir='ltr'><strong>immunditia,</strong></span> <span class='ocrx_word' id='word_1_470' title='bbox 3650 3932 3706 3980; x_wconf 83' lang='lat' dir='ltr'><strong>et</strong></span> 
     </span>
    </p>
   </div>
   <div class='ocr_carea' id='block_1_74' title="bbox 2121 4016 3705 4089">
    <p class='ocr_par' dir='ltr' id='par_1_74' title="bbox 2121 4016 3705 4089">
     <span class='ocr_line' id='line_1_74' title="bbox 2121 4016 3705 4089; baseline 0.001 -18"><span class='ocrx_word' id='word_1_471' title='bbox 2121 4016 2317 4071; x_wconf 88' lang='lat' dir='ltr'><strong>similia</strong></span> <span class='ocrx_word' id='word_1_472' title='bbox 2348 4017 2456 4083; x_wconf 90' lang='lat' dir='ltr'><strong>his,</strong></span> <span class='ocrx_word' id='word_1_473' title='bbox 2486 4033 2679 4072; x_wconf 87' lang='lat' dir='ltr'><strong>cavere</strong></span> <span class='ocrx_word' id='word_1_474' title='bbox 2702 4018 3029 4089; x_wconf 72' lang='lat' dir='ltr'><strong>praecipiens</strong></span> <span class='ocrx_word' id='word_1_475' title='bbox 3062 4031 3190 4072; x_wconf 89' lang='lat' dir='ltr'><strong>eum</strong></span> <span class='ocrx_word' id='word_1_476' title='bbox 3239 4018 3333 4087; x_wconf 92' lang='lat' dir='ltr'><strong>qui</strong></span> <span class='ocrx_word' id='word_1_477' title='bbox 3396 4018 3705 4072; x_wconf 83' lang='lat' dir='ltr'><strong>Sabbatum</strong></span> 
     </span>
    </p>
   </div>
   <div class='ocr_carea' id='block_1_75' title="bbox 2122 4111 3709 4184">
    <p class='ocr_par' dir='ltr' id='par_1_75' title="bbox 2122 4111 3709 4184">
     <span class='ocr_line' id='line_1_75' title="bbox 2122 4111 3709 4184; baseline 0.002 -19"><span class='ocrx_word' id='word_1_478' title='bbox 2122 4111 2398 4168; x_wconf 89' lang='lat' dir='ltr'><strong>celebrare</strong></span> <span class='ocrx_word' id='word_1_479' title='bbox 2432 4112 2546 4168; x_wconf 89' lang='lat' dir='ltr'><strong>vult</strong></span> <span class='ocrx_word' id='word_1_480' title='bbox 2597 4112 2901 4167; x_wconf 88' lang='lat' dir='ltr'><strong>secundum</strong></span> <span class='ocrx_word' id='word_1_481' title='bbox 2951 4113 3127 4184; x_wconf 88' lang='lat' dir='ltr'><strong>legem</strong></span> <span class='ocrx_word' id='word_1_482' title='bbox 3158 4112 3404 4182; x_wconf 89' lang='lat' dir='ltr'><strong>spiritus.</strong></span> <span class='ocrx_word' id='word_1_483' title='bbox 3439 4112 3548 4168; x_wconf 87' lang='lat' dir='ltr'><strong>Sed</strong></span> <span class='ocrx_word' id='word_1_484' title='bbox 3599 4129 3709 4168; x_wconf 88' lang='lat' dir='ltr'><strong>nec</strong></span> 
     </span>
    </p>
   </div>
   <div class='ocr_carea' id='block_1_76' title="bbox 2121 4204 3709 4275">
    <p class='ocr_par' dir='ltr' id='par_1_76' title="bbox 2121 4204 3709 4275">
     <span class='ocr_line' id='line_1_76' title="bbox 2121 4204 3709 4275; baseline -0.001 -15"><span class='ocrx_word' id='word_1_485' title='bbox 2121 4220 2338 4260; x_wconf 88' lang='lat' dir='ltr'><strong>causam</strong></span> <span class='ocrx_word' id='word_1_486' title='bbox 2378 4204 2597 4258; x_wconf 87' lang='lat' dir='ltr'><strong>Sabbati</strong></span> <span class='ocrx_word' id='word_1_487' title='bbox 2627 4204 2880 4275; x_wconf 88' lang='lat' dir='ltr'><strong>ignorare</strong></span> <span class='ocrx_word' id='word_1_488' title='bbox 2923 4212 3159 4275; x_wconf 88' lang='lat' dir='ltr'><strong>oportet,</strong></span> <span class='ocrx_word' id='word_1_489' title='bbox 3185 4205 3263 4259; x_wconf 91' lang='lat' dir='ltr'><strong>sic</strong></span> <span class='ocrx_word' id='word_1_490' title='bbox 3286 4206 3491 4259; x_wconf 88' lang='lat' dir='ltr'><strong>etenim</strong></span> <span class='ocrx_word' id='word_1_491' title='bbox 3524 4204 3709 4258; x_wconf 83' lang='lat' dir='ltr'><strong>virtu-</strong></span> 
     </span>
    </p>
   </div>
   <div class='ocr_carea' id='block_1_77' title="bbox 442 4295 3710 4370">
    <p class='ocr_par' dir='ltr' id='par_1_77' title="bbox 442 4295 3710 4370">
     <span class='ocr_line' id='line_1_77' title="bbox 442 4295 3710 4370; baseline -0 -19"><span class='ocrx_word' id='word_1_492' title='bbox 442 4310 607 4352; x_wconf 83' lang='lat' dir='ltr'><strong>cens:</strong></span> <span class='ocrx_word' id='word_1_493' title='bbox 637 4295 879 4366; x_wconf 86' lang='lat' dir='ltr'><strong>Loquere</strong></span> <span class='ocrx_word' id='word_1_494' title='bbox 903 4295 971 4350; x_wconf 88' lang='lat' dir='ltr'><strong>ad</strong></span> <span class='ocrx_word' id='word_1_495' title='bbox 1002 4311 1221 4351; x_wconf 91' lang='lat' dir='ltr'><strong>omnem</strong></span> <span class='ocrx_word' id='word_1_496' title='bbox 1251 4306 1454 4352; x_wconf 71' lang='lat' dir='ltr'><strong>emtum</strong></span> <span class='ocrx_word' id='word_1_497' title='bbox 1489 4296 1724 4354; x_wconf 85' lang='lat' dir='ltr'><strong>ﬁliorum</strong></span> <span class='ocrx_word' id='word_1_498' title='bbox 1752 4299 1937 4363; x_wconf 90' lang='lat' dir='ltr'><strong>Israel,</strong></span> <span class='ocrx_word' id='word_1_499' title='bbox 1970 4307 2026 4354; x_wconf 85' lang='lat' dir='ltr'><strong>et</strong></span> <span class='ocrx_word' id='word_1_500' title='bbox 2126 4308 2233 4355; x_wconf 90' lang='lat' dir='ltr'><strong>tem</strong></span> <span class='ocrx_word' id='word_1_501' title='bbox 2280 4298 2432 4370; x_wconf 88' lang='lat' dir='ltr'><strong>legis,</strong></span> <span class='ocrx_word' id='word_1_502' title='bbox 2482 4314 2602 4368; x_wconf 74' lang='lat' dir='ltr'><strong>qua:</strong></span> <span class='ocrx_word' id='word_1_503' title='bbox 2639 4299 2706 4352; x_wconf 91' lang='lat' dir='ltr'><strong>de</strong></span> <span class='ocrx_word' id='word_1_504' title='bbox 2763 4313 2828 4352; x_wconf 89' lang='lat' dir='ltr'><strong>eo</strong></span> <span class='ocrx_word' id='word_1_505' title='bbox 2874 4306 2979 4362; x_wconf 92' lang='lat' dir='ltr'><strong>est,</strong></span> <span class='ocrx_word' id='word_1_506' title='bbox 3019 4299 3274 4353; x_wconf 88' lang='lat' dir='ltr'><strong>sciemus.</strong></span> <span class='ocrx_word' id='word_1_507' title='bbox 3325 4295 3554 4362; x_wconf 82' lang='lat' dir='ltr'><strong>Quando</strong></span> <span class='ocrx_word' id='word_1_508' title='bbox 3575 4312 3710 4367; x_wconf 75' lang='lat' dir='ltr'><strong>ergo</strong></span> 
     </span>
    </p>
   </div>
   <div class='ocr_carea' id='block_1_78' title="bbox 444 4387 3708 4464">
    <p class='ocr_par' dir='ltr' id='par_1_78' title="bbox 444 4387 3708 4464">
     <span class='ocr_line' id='line_1_78' title="bbox 444 4387 3708 4464; baseline -0.001 -18"><span class='ocrx_word' id='word_1_509' title='bbox 444 4392 594 4446; x_wconf 89' lang='lat' dir='ltr'><strong>dices</strong></span> <span class='ocrx_word' id='word_1_510' title='bbox 641 4391 708 4445; x_wconf 90' lang='lat' dir='ltr'><strong>ad</strong></span> <span class='ocrx_word' id='word_1_511' title='bbox 761 4407 856 4446; x_wconf 89' lang='lat' dir='ltr'><strong>eos</strong></span> <span class='ocrx_word' id='word_1_512' title='bbox 892 4409 906 4446; x_wconf 94' lang='lat'><strong>:</strong></span> <span class='ocrx_word' id='word_1_513' title='bbox 952 4390 1139 4445; x_wconf 89' lang='lat' dir='ltr'><strong>Sancti</strong></span> <span class='ocrx_word' id='word_1_514' title='bbox 1190 4399 1388 4454; x_wconf 89' lang='lat' dir='ltr'><strong>estote,</strong></span> <span class='ocrx_word' id='word_1_515' title='bbox 1413 4390 1540 4461; x_wconf 92' lang='lat' dir='ltr'><strong>quia</strong></span> <span class='ocrx_word' id='word_1_516' title='bbox 1584 4400 1638 4447; x_wconf 90' lang='lat' dir='ltr'><strong>et</strong></span> <span class='ocrx_word' id='word_1_517' title='bbox 1660 4408 1761 4464; x_wconf 79' lang='lat' dir='ltr'><strong>ego</strong></span> <span class='ocrx_word' id='word_1_518' title='bbox 1801 4400 2026 4448; x_wconf 90' lang='lat' dir='ltr'><strong>sanctus</strong></span> <span class='ocrx_word' id='word_1_519' title='bbox 2125 4391 2347 4446; x_wconf 89' lang='lat' dir='ltr'><strong>Sabbati</strong></span> <span class='ocrx_word' id='word_1_520' title='bbox 2375 4391 2691 4445; x_wconf 87' lang='lat' dir='ltr'><strong>mandatum</strong></span> <span class='ocrx_word' id='word_1_521' title='bbox 2720 4389 2860 4445; x_wconf 87' lang='lat' dir='ltr'><strong>Deus</strong></span> <span class='ocrx_word' id='word_1_522' title='bbox 2891 4389 3083 4445; x_wconf 87' lang='lat' dir='ltr'><strong>dedit?</strong></span> <span class='ocrx_word' id='word_1_523' title='bbox 3136 4398 3367 4460; x_wconf 88' lang='lat' dir='ltr'><strong>putasne</strong></span> <span class='ocrx_word' id='word_1_524' title='bbox 3430 4389 3533 4444; x_wconf 90' lang='lat' dir='ltr'><strong>sub</strong></span> <span class='ocrx_word' id='word_1_525' title='bbox 3564 4387 3708 4454; x_wconf 76' lang='lat' dir='ltr'><strong>Noe,</strong></span> 
     </span>
    </p>
   </div>
   <div class='ocr_carea' id='block_1_79' title="bbox 444 4479 3709 4554">
    <p class='ocr_par' dir='ltr' id='par_1_79' title="bbox 444 4479 3709 4554">
     <span class='ocr_line' id='line_1_79' title="bbox 444 4479 3709 4554; baseline -0.001 -17"><span class='ocrx_word' id='word_1_526' title='bbox 444 4498 565 4538; x_wconf 88' lang='lat' dir='ltr'><strong>sum</strong></span> <span class='ocrx_word' id='word_1_527' title='bbox 588 4482 853 4537; x_wconf 91' lang='lat' dir='ltr'><strong>Dominus</strong></span> <span class='ocrx_word' id='word_1_528' title='bbox 882 4481 1025 4537; x_wconf 90' lang='lat' dir='ltr'><strong>Deus</strong></span> <span class='ocrx_word' id='word_1_529' title='bbox 1049 4493 1248 4539; x_wconf 88' lang='lat' dir='ltr'><strong>vester.</strong></span> <span class='ocrx_word' id='word_1_530' title='bbox 1284 4482 1674 4553; x_wconf 85' lang='lat' dir='ltr'><strong>Unusquisque</strong></span> <span class='ocrx_word' id='word_1_531' title='bbox 1698 4493 1908 4554; x_wconf 90' lang='lat' dir='ltr'><strong>patrem</strong></span> <span class='ocrx_word' id='word_1_532' title='bbox 1969 4492 2027 4539; x_wconf 91' lang='lat' dir='ltr'><strong>et</strong></span> <span class='ocrx_word' id='word_1_533' title='bbox 2125 4482 2343 4552; x_wconf 82' lang='lat' dir='ltr'><strong>quando</strong></span> <span class='ocrx_word' id='word_1_534' title='bbox 2376 4498 2485 4536; x_wconf 89' lang='lat' dir='ltr'><strong>non</strong></span> <span class='ocrx_word' id='word_1_535' title='bbox 2521 4483 2732 4536; x_wconf 83' lang='lat' dir='ltr'><strong>comedi</strong></span> <span class='ocrx_word' id='word_1_536' title='bbox 2769 4481 3094 4552; x_wconf 87' lang='lat' dir='ltr'><strong>sanguinem</strong></span> <span class='ocrx_word' id='word_1_537' title='bbox 3142 4479 3434 4552; x_wconf 69' lang='lat' dir='ltr'><strong>praecepit?</strong></span> <span class='ocrx_word' id='word_1_538' title='bbox 3493 4495 3709 4549; x_wconf 60' lang='lat' dir='ltr'><strong>nequa-</strong></span> 
     </span>
    </p>
   </div>
   <div class='ocr_carea' id='block_1_80' title="bbox 447 4571 3712 4645">
    <p class='ocr_par' dir='ltr' id='par_1_80' title="bbox 447 4571 3712 4645">
     <span class='ocr_line' id='line_1_80' title="bbox 447 4571 3712 4645; baseline 0 -19"><span class='ocrx_word' id='word_1_539' title='bbox 447 4582 675 4627; x_wconf 80' lang='lat' dir='ltr'><strong>matrem</strong></span> <span class='ocrx_word' id='word_1_540' title='bbox 712 4588 868 4628; x_wconf 91' lang='lat' dir='ltr'><strong>suam</strong></span> <span class='ocrx_word' id='word_1_541' title='bbox 898 4574 1103 4629; x_wconf 88' lang='lat' dir='ltr'><strong>timeat.</strong></span> <span class='ocrx_word' id='word_1_542' title='bbox 1141 4574 1374 4630; x_wconf 85' lang='lat' dir='ltr'><strong>Sabbata</strong></span> <span class='ocrx_word' id='word_1_543' title='bbox 1404 4590 1525 4629; x_wconf 89' lang='lat' dir='ltr'><strong>mea</strong></span> <span class='ocrx_word' id='word_1_544' title='bbox 1555 4575 1847 4630; x_wconf 90' lang='lat' dir='ltr'><strong>custodite.</strong></span> <span class='ocrx_word' id='word_1_545' title='bbox 1909 4573 2021 4645; x_wconf 88' lang='lat' dir='ltr'><strong>Ego</strong></span> <span class='ocrx_word' id='word_1_546' title='bbox 2057 4589 2099 4644; x_wconf 77' lang='grc' dir='ltr'>υ</span> <span class='ocrx_word' id='word_1_547' title='bbox 2126 4590 2310 4645; x_wconf 90' lang='lat' dir='ltr'><strong>quam,</strong></span> <span class='ocrx_word' id='word_1_548' title='bbox 2343 4574 2439 4629; x_wconf 90' lang='lat' dir='ltr'><strong>sed</strong></span> <span class='ocrx_word' id='word_1_549' title='bbox 2459 4573 2561 4629; x_wconf 91' lang='lat' dir='ltr'><strong>sub</strong></span> <span class='ocrx_word' id='word_1_550' title='bbox 2586 4573 2883 4637; x_wconf 81' lang='lat' dir='ltr'><strong>Abraham,</strong></span> <span class='ocrx_word' id='word_1_551' title='bbox 2918 4588 3079 4642; x_wconf 88' lang='lat' dir='ltr'><strong>quem</strong></span> <span class='ocrx_word' id='word_1_552' title='bbox 3101 4572 3291 4627; x_wconf 85' lang='lat' dir='ltr'><strong>habuit</strong></span> <span class='ocrx_word' id='word_1_553' title='bbox 3313 4571 3551 4627; x_wconf 86' lang='lat' dir='ltr'><strong>amicum</strong></span> <span class='ocrx_word' id='word_1_554' title='bbox 3570 4572 3712 4632; x_wconf 73' lang='lat' dir='ltr'><strong>ﬁde-</strong></span> 
     </span>
    </p>
   </div>
   <div class='ocr_carea' id='block_1_81' title="bbox 448 4663 3712 4737">
    <p class='ocr_par' dir='ltr' id='par_1_81' title="bbox 448 4663 3712 4737">
     <span class='ocr_line' id='line_1_81' title="bbox 448 4663 3712 4737; baseline -0.001 -18"><span class='ocrx_word' id='word_1_555' title='bbox 448 4666 710 4720; x_wconf 86' lang='lat' dir='ltr'><strong>l)ominus</strong></span> <span class='ocrx_word' id='word_1_556' title='bbox 745 4664 887 4721; x_wconf 92' lang='lat' dir='ltr'><strong>Deus</strong></span> <span class='ocrx_word' id='word_1_557' title='bbox 916 4675 1116 4722; x_wconf 89' lang='lat' dir='ltr'><strong>vester.</strong></span> <span class='ocrx_word' id='word_1_558' title='bbox 1141 4666 1323 4722; x_wconf 87' lang='lat' dir='ltr'><strong>Nolite</strong></span> <span class='ocrx_word' id='word_1_559' title='bbox 1349 4666 1593 4723; x_wconf 89' lang='lat' dir='ltr'><strong>converti</strong></span> <span class='ocrx_word' id='word_1_560' title='bbox 1612 4667 1679 4720; x_wconf 90' lang='lat' dir='ltr'><strong>ad</strong></span> <span class='ocrx_word' id='word_1_561' title='bbox 1719 4664 1885 4731; x_wconf 90' lang='lat' dir='ltr'><strong>idola,</strong></span> <span class='ocrx_word' id='word_1_562' title='bbox 1917 4681 2022 4723; x_wconf 91' lang='lat' dir='ltr'><strong>nec</strong></span> <span class='ocrx_word' id='word_1_563' title='bbox 2124 4666 2255 4731; x_wconf 89' lang='lat' dir='ltr'><strong>lem,</strong></span> <span class='ocrx_word' id='word_1_564' title='bbox 2285 4681 2446 4737; x_wconf 88' lang='lat' dir='ltr'><strong>quem</strong></span> <span class='ocrx_word' id='word_1_565' title='bbox 2477 4666 2751 4736; x_wconf 87' lang='lat' dir='ltr'><strong>probavit,</strong></span> <span class='ocrx_word' id='word_1_566' title='bbox 2789 4674 2846 4720; x_wconf 89' lang='lat' dir='ltr'><strong>et</strong></span> <span class='ocrx_word' id='word_1_567' title='bbox 2873 4680 3162 4734; x_wconf 88' lang='lat' dir='ltr'><strong>nunquam</strong></span> <span class='ocrx_word' id='word_1_568' title='bbox 3188 4663 3257 4718; x_wconf 90' lang='lat' dir='ltr'><strong>ab</strong></span> <span class='ocrx_word' id='word_1_569' title='bbox 3290 4678 3359 4719; x_wconf 89' lang='lat' dir='ltr'><strong>eo</strong></span> <span class='ocrx_word' id='word_1_570' title='bbox 3385 4663 3712 4718; x_wconf 87' lang='lat' dir='ltr'><strong>mandatum</strong></span> 
     </span>
    </p>
   </div>
   <div class='ocr_carea' id='block_1_82' title="bbox 446 4758 1878 4831">
    <p class='ocr_par' dir='ltr' id='par_1_82' title="bbox 446 4758 1878 4831">
     <span class='ocr_line' id='line_1_82' title="bbox 446 4758 1878 4831; baseline -0.002 -17"><span class='ocrx_word' id='word_1_571' title='bbox 446 4759 578 4815; x_wconf 89' lang='lat' dir='ltr'><strong>deos</strong></span> <span class='ocrx_word' id='word_1_572' title='bbox 615 4758 920 4815; x_wconf 83' lang='lat' dir='ltr'><strong>conflatiles</strong></span> <span class='ocrx_word' id='word_1_573' title='bbox 949 4759 1160 4817; x_wconf 85' lang='lat' dir='ltr'><strong>facietis</strong></span> <span class='ocrx_word' id='word_1_574' title='bbox 1190 4760 1367 4824; x_wconf 89' lang='lat' dir='ltr'><strong>vobis,</strong></span> <span class='ocrx_word' id='word_1_575' title='bbox 1396 4775 1497 4831; x_wconf 83' lang='lat' dir='ltr'><strong>ego</strong></span> <span class='ocrx_word' id='word_1_576' title='bbox 1530 4758 1815 4813; x_wconf 88' lang='lat' dir='ltr'><strong>Dominus.</strong></span> <span class='ocrx_word' id='word_1_577' title='bbox 1859 4778 1878 4811; x_wconf 75' lang='grc' dir='ltr'><strong><em>ι</em></strong></span> 
     </span>
    </p>
   </div>
   <div class='ocr_carea' id='block_1_83' title="bbox 518 4851 2027 4922">
    <p class='ocr_par' dir='ltr' id='par_1_83' title="bbox 518 4851 2027 4922">
     <span class='ocr_line' id='line_1_83' title="bbox 518 4851 2027 4922; baseline 0.001 -16"><span class='ocrx_word' id='word_1_578' title='bbox 518 4852 686 4907; x_wconf 78' lang='lat' dir='ltr'><strong>Recte</strong></span> <span class='ocrx_word' id='word_1_579' title='bbox 737 4851 1227 4907; x_wconf 82' lang='lat' dir='ltr'><strong>sanctificationem</strong></span> <span class='ocrx_word' id='word_1_580' title='bbox 1293 4853 1611 4922; x_wconf 70' lang='lat' dir='ltr'><strong>prmposuit,</strong></span> <span class='ocrx_word' id='word_1_581' title='bbox 1666 4855 1794 4921; x_wconf 89' lang='lat' dir='ltr'><strong>quia</strong></span> <span class='ocrx_word' id='word_1_582' title='bbox 1845 4852 2027 4909; x_wconf 84' lang='lat' dir='ltr'><strong>omnis</strong></span> 
     </span>
    </p>
   </div>
   <div class='ocr_carea' id='block_1_84' title="bbox 446 4937 2018 5014">
    <p class='ocr_par' dir='ltr' id='par_1_84' title="bbox 446 4937 2018 5014">
     <span class='ocr_line' id='line_1_84' title="bbox 446 4937 2018 5014; baseline 0.001 -14"><span class='ocrx_word' id='word_1_583' title='bbox 446 4945 668 5000; x_wconf 86' lang='lat' dir='ltr'><strong>virtutis</strong></span> <span class='ocrx_word' id='word_1_584' title='bbox 688 4955 774 5000; x_wconf 88' lang='lat' dir='ltr'><strong>est</strong></span> <span class='ocrx_word' id='word_1_585' title='bbox 793 4944 1234 5000; x_wconf 84' lang='lat' dir='ltr'><strong>fundamentum.</strong></span> <span class='ocrx_word' id='word_1_586' title='bbox 1262 4944 1434 5011; x_wconf 85' lang='lat' dir='ltr'><strong>Quam</strong></span> <span class='ocrx_word' id='word_1_587' title='bbox 1485 4946 1614 5014; x_wconf 88' lang='lat' dir='ltr'><strong>quia</strong></span> <span class='ocrx_word' id='word_1_588' title='bbox 1668 4937 1868 5000; x_wconf 83' lang='lat' dir='ltr'><strong>sectari</strong></span> <span class='ocrx_word' id='word_1_589' title='bbox 1900 4961 2018 5001; x_wconf 81' lang='lat' dir='ltr'><strong>mo-</strong></span> 
     </span>
    </p>
   </div>
   <div class='ocr_carea' id='block_1_85' title="bbox 448 5037 2027 5108">
    <p class='ocr_par' dir='ltr' id='par_1_85' title="bbox 448 5037 2027 5108">
     <span class='ocr_line' id='line_1_85' title="bbox 448 5037 2027 5108; baseline 0 -15"><span class='ocrx_word' id='word_1_590' title='bbox 448 5039 534 5093; x_wconf 88' lang='lat' dir='ltr'><strong>dis</strong></span> <span class='ocrx_word' id='word_1_591' title='bbox 562 5038 817 5093; x_wconf 88' lang='lat' dir='ltr'><strong>omnibus</strong></span> <span class='ocrx_word' id='word_1_592' title='bbox 854 5046 1071 5108; x_wconf 88' lang='lat' dir='ltr'><strong>oportet</strong></span> <span class='ocrx_word' id='word_1_593' title='bbox 1116 5037 1394 5108; x_wconf 81' lang='lat' dir='ltr'><strong>legislator</strong></span> <span class='ocrx_word' id='word_1_594' title='bbox 1433 5038 1753 5107; x_wconf 89' lang='lat' dir='ltr'><strong>ostendens,</strong></span> <span class='ocrx_word' id='word_1_595' title='bbox 1820 5053 2027 5094; x_wconf 89' lang='lat' dir='ltr'><strong>conve-</strong></span> 
     </span>
    </p>
   </div>
   <div class='ocr_carea' id='block_1_86' title="bbox 450 5130 799 5186">
    <p class='ocr_par' dir='ltr' id='par_1_86' title="bbox 450 5130 799 5186">
     <span class='ocr_line' id='line_1_86' title="bbox 450 5130 799 5186; baseline -0.006 0"><span class='ocrx_word' id='word_1_596' title='bbox 450 5130 667 5186; x_wconf 87' lang='lat' dir='ltr'><strong>nienter</strong></span> <span class='ocrx_word' id='word_1_597' title='bbox 690 5131 799 5185; x_wconf 91' lang='lat' dir='ltr'><strong>ait:</strong></span> 
     </span>
    </p>
   </div>
   <div class='ocr_carea' id='block_1_87' title="bbox 520 5222 2030 5295">
    <p class='ocr_par' dir='ltr' id='par_1_87' title="bbox 520 5222 2030 5295">
     <span class='ocr_line' id='line_1_87' title="bbox 520 5222 2030 5295; baseline -0.001 -17"><span class='ocrx_word' id='word_1_598' title='bbox 520 5222 705 5278; x_wconf 87' lang='lat' dir='ltr'><strong>Sancti</strong></span> <span class='ocrx_word' id='word_1_599' title='bbox 725 5231 904 5291; x_wconf 85' lang='lat' dir='ltr'><strong>estote,</strong></span> <span class='ocrx_word' id='word_1_600' title='bbox 929 5222 1055 5295; x_wconf 90' lang='lat' dir='ltr'><strong>quia</strong></span> <span class='ocrx_word' id='word_1_601' title='bbox 1077 5239 1171 5293; x_wconf 91' lang='lat' dir='ltr'><strong>ego</strong></span> <span class='ocrx_word' id='word_1_602' title='bbox 1198 5234 1413 5278; x_wconf 89' lang='lat' dir='ltr'><strong>sanctus</strong></span> <span class='ocrx_word' id='word_1_603' title='bbox 1457 5239 1574 5277; x_wconf 89' lang='lat' dir='ltr'><strong>sum</strong></span> <span class='ocrx_word' id='word_1_604' title='bbox 1610 5222 1868 5277; x_wconf 87' lang='lat' dir='ltr'><strong>Dominus</strong></span> <span class='ocrx_word' id='word_1_605' title='bbox 1892 5222 2030 5278; x_wconf 84' lang='lat' dir='ltr'><strong>Deus</strong></span> 
     </span>
    </p>
   </div>
   <div class='ocr_carea' id='block_1_88' title="bbox 453 5315 2030 5386">
    <p class='ocr_par' dir='ltr' id='par_1_88' title="bbox 453 5315 2030 5386">
     <span class='ocr_line' id='line_1_88' title="bbox 453 5315 2030 5386; baseline 0.001 -17"><span class='ocrx_word' id='word_1_606' title='bbox 453 5325 643 5371; x_wconf 78' lang='lat' dir='ltr'><strong>vester.</strong></span> <span class='ocrx_word' id='word_1_607' title='bbox 676 5317 733 5371; x_wconf 89' lang='lat' dir='ltr'><strong>ld</strong></span> <span class='ocrx_word' id='word_1_608' title='bbox 759 5318 922 5382; x_wconf 90' lang='lat' dir='ltr'><strong>est,si</strong></span> <span class='ocrx_word' id='word_1_609' title='bbox 956 5315 1109 5371; x_wconf 90' lang='lat' dir='ltr'><strong>vobis</strong></span> <span class='ocrx_word' id='word_1_610' title='bbox 1140 5317 1315 5386; x_wconf 88' lang='lat' dir='ltr'><strong>placet</strong></span> <span class='ocrx_word' id='word_1_611' title='bbox 1337 5315 1550 5386; x_wconf 89' lang='lat' dir='ltr'><strong>placere</strong></span> <span class='ocrx_word' id='word_1_612' title='bbox 1569 5318 1699 5381; x_wconf 89' lang='lat' dir='ltr'><strong>Deo,</strong></span> <span class='ocrx_word' id='word_1_613' title='bbox 1729 5318 2030 5372; x_wconf 85' lang='lat' dir='ltr'><strong>autadesse</strong></span> 
     </span>
    </p>
   </div>
   <div class='ocr_carea' id='block_1_89' title="bbox 459 5404 2028 5479">
    <p class='ocr_par' dir='ltr' id='par_1_89' title="bbox 459 5404 2028 5479">
     <span class='ocr_line' id='line_1_89' title="bbox 459 5404 2028 5479; baseline -0.002 -18"><span class='ocrx_word' id='word_1_614' title='bbox 459 5408 762 5474; x_wconf 90' lang='lat' dir='ltr'><strong>vobiscum,</strong></span> <span class='ocrx_word' id='word_1_615' title='bbox 789 5408 875 5462; x_wconf 92' lang='lat' dir='ltr'><strong>vel</strong></span> <span class='ocrx_word' id='word_1_616' title='bbox 906 5407 1080 5479; x_wconf 81' lang='lat' dir='ltr'><strong>magis</strong></span> <span class='ocrx_word' id='word_1_617' title='bbox 1101 5422 1223 5462; x_wconf 88' lang='lat' dir='ltr'><strong>esse</strong></span> <span class='ocrx_word' id='word_1_618' title='bbox 1246 5422 1368 5461; x_wconf 90' lang='lat' dir='ltr'><strong>cum</strong></span> <span class='ocrx_word' id='word_1_619' title='bbox 1407 5422 1474 5461; x_wconf 92' lang='lat' dir='ltr'><strong>eo</strong></span> <span class='ocrx_word' id='word_1_620' title='bbox 1533 5405 1696 5460; x_wconf 89' lang='lat' dir='ltr'><strong>vultis</strong></span> <span class='ocrx_word' id='word_1_621' title='bbox 1727 5404 1843 5476; x_wconf 89' lang='lat' dir='ltr'><strong>(Dei</strong></span> <span class='ocrx_word' id='word_1_622' title='bbox 1877 5405 2028 5459; x_wconf 89' lang='lat' dir='ltr'><strong>enim</strong></span> 
     </span>
    </p>
   </div>
   <div class='ocr_carea' id='block_1_90' title="bbox 456 5496 2031 5571">
    <p class='ocr_par' dir='ltr' id='par_1_90' title="bbox 456 5496 2031 5571">
     <span class='ocr_line' id='line_1_90' title="bbox 456 5496 2031 5571; baseline -0.004 -16"><span class='ocrx_word' id='word_1_623' title='bbox 456 5499 745 5571; x_wconf 68' lang='lat' dir='ltr'><strong>praesentia</strong></span> <span class='ocrx_word' id='word_1_624' title='bbox 770 5508 826 5555; x_wconf 92' lang='lat' dir='ltr'><strong>ct</strong></span> <span class='ocrx_word' id='word_1_625' title='bbox 850 5499 1163 5570; x_wconf 89' lang='lat' dir='ltr'><strong>conjunctio</strong></span> <span class='ocrx_word' id='word_1_626' title='bbox 1187 5513 1378 5553; x_wconf 90' lang='lat' dir='ltr'><strong>omnes</strong></span> <span class='ocrx_word' id='word_1_627' title='bbox 1430 5513 1460 5551; x_wconf 89' lang='lat' dir='ltr'><strong>a</strong></span> <span class='ocrx_word' id='word_1_628' title='bbox 1486 5496 1641 5552; x_wconf 85' lang='lat' dir='ltr'><strong>vobis</strong></span> <span class='ocrx_word' id='word_1_629' title='bbox 1685 5496 1908 5550; x_wconf 89' lang='lat' dir='ltr'><strong>insidias</strong></span> <span class='ocrx_word' id='word_1_630' title='bbox 1939 5496 2031 5549; x_wconf 74' lang='lat' dir='ltr'><strong>la:-</strong></span> 
     </span>
    </p>
   </div>
   <div class='ocr_carea' id='block_1_91' title="bbox 531 5662 1955 5745">
    <p class='ocr_par' dir='ltr' id='par_1_91' title="bbox 531 5662 1955 5745">
     <span class='ocr_line' id='line_1_91' title="bbox 531 5662 1955 5745; baseline -0.002 -15"><span class='ocrx_word' id='word_1_631' title='bbox 531 5662 575 5693; x_wconf 81' lang='lat'><strong>&quot;</strong></span> <span class='ocrx_word' id='word_1_632' title='bbox 609 5673 634 5730; x_wconf 88' lang='grc' dir='ltr'>ι</span> <span class='ocrx_word' id='word_1_633' title='bbox 670 5673 795 5731; x_wconf 82' lang='lat' dir='ltr'><strong>Cor.</strong></span> <span class='ocrx_word' id='word_1_634' title='bbox 828 5691 906 5740; x_wconf 85' lang='lat' dir='ltr'><strong>tu,</strong></span> <span class='ocrx_word' id='word_1_635' title='bbox 945 5676 1025 5743; x_wconf 87' lang='lat' dir='ltr'><strong>l6,</strong></span> <span class='ocrx_word' id='word_1_636' title='bbox 1057 5678 1142 5732; x_wconf 84' lang='lat' dir='ltr'><strong>l7.</strong></span> <span class='ocrx_word' id='word_1_637' title='bbox 1220 5679 1267 5710; x_wconf 86' lang='grc'><strong>’⁸</strong></span> <span class='ocrx_word' id='word_1_638' title='bbox 1290 5677 1419 5735; x_wconf 86' lang='lat' dir='ltr'><strong>ibid.</strong></span> <span class='ocrx_word' id='word_1_639' title='bbox 1498 5676 1544 5711; x_wconf 76' lang='lat'>&quot;</span> <span class='ocrx_word' id='word_1_640' title='bbox 1565 5674 1868 5745; x_wconf 75' lang='lat' dir='ltr'><strong>Exod.xv1,</strong></span> <span class='ocrx_word' id='word_1_641' title='bbox 1897 5674 1955 5730; x_wconf 74' lang='grc' dir='ltr'><strong>δ.</strong></span> 
     </span>
    </p>
   </div>
   <div class='ocr_carea' id='block_1_92' title="bbox 2127 4753 3713 4825">
    <p class='ocr_par' dir='ltr' id='par_1_92' title="bbox 2127 4753 3713 4825">
     <span class='ocr_line' id='line_1_92' title="bbox 2127 4753 3713 4825; baseline -0.006 -11"><span class='ocrx_word' id='word_1_642' title='bbox 2127 4759 2329 4814; x_wconf 91' lang='lat' dir='ltr'><strong>bonum</strong></span> <span class='ocrx_word' id='word_1_643' title='bbox 2354 4757 2661 4811; x_wconf 88' lang='lat' dir='ltr'><strong>abscondit.</strong></span> <span class='ocrx_word' id='word_1_644' title='bbox 2686 4756 2794 4812; x_wconf 89' lang='lat' dir='ltr'><strong>Sed</strong></span> <span class='ocrx_word' id='word_1_645' title='bbox 2814 4771 2919 4811; x_wconf 90' lang='lat' dir='ltr'><strong>nec</strong></span> <span class='ocrx_word' id='word_1_646' title='bbox 2945 4766 3096 4818; x_wconf 89' lang='lat' dir='ltr'><strong>tunc,</strong></span> <span class='ocrx_word' id='word_1_647' title='bbox 3144 4754 3368 4825; x_wconf 89' lang='lat' dir='ltr'><strong>quando</strong></span> <span class='ocrx_word' id='word_1_648' title='bbox 3424 4753 3510 4817; x_wconf 36' lang='lat' dir='ltr'><strong>de,</strong></span> <span class='ocrx_word' id='word_1_649' title='bbox 3561 4764 3713 4806; x_wconf 83' lang='lat' dir='ltr'><strong>terra</strong></span> 
     </span>
    </p>
   </div>
   <div class='ocr_carea' id='block_1_93' title="bbox 2127 4844 3716 4921">
    <p class='ocr_par' dir='ltr' id='par_1_93' title="bbox 2127 4844 3716 4921">
     <span class='ocr_line' id='line_1_93' title="bbox 2127 4844 3716 4921; baseline -0.006 -16"><span class='ocrx_word' id='word_1_650' title='bbox 2127 4848 2344 4921; x_wconf 63' lang='lat' dir='ltr'><strong>.‘Egypti</strong></span> <span class='ocrx_word' id='word_1_651' title='bbox 2391 4848 2655 4919; x_wconf 86' lang='lat' dir='ltr'><strong>populum</strong></span> <span class='ocrx_word' id='word_1_652' title='bbox 2686 4847 3002 4903; x_wconf 71' lang='lat' dir='ltr'><strong>Judmorum</strong></span> <span class='ocrx_word' id='word_1_653' title='bbox 3072 4846 3280 4910; x_wconf 80' lang='lat' dir='ltr'><strong>eduxit,</strong></span> <span class='ocrx_word' id='word_1_654' title='bbox 3306 4853 3361 4899; x_wconf 85' lang='lat' dir='ltr'><strong>et</strong></span> <span class='ocrx_word' id='word_1_655' title='bbox 3402 4844 3716 4898; x_wconf 85' lang='lat' dir='ltr'><strong>esurientes</strong></span> 
     </span>
    </p>
   </div>
   <div class='ocr_carea' id='block_1_94' title="bbox 2131 4931 3715 5001">
    <p class='ocr_par' dir='ltr' id='par_1_94' title="bbox 2131 4931 3715 5001">
     <span class='ocr_line' id='line_1_94' title="bbox 2131 4931 3715 5001; baseline -0.006 -9"><span class='ocrx_word' id='word_1_656' title='bbox 2131 4947 2631 5001; x_wconf 81' lang='lat' dir='ltr'><strong>murmuravcrunl,</strong></span> <span class='ocrx_word' id='word_1_657' title='bbox 2662 4936 2946 4991; x_wconf 85' lang='lat' dir='ltr'><strong>dicentes:</strong></span> <span class='ocrx_word' id='word_1_658' title='bbox 2980 4934 3194 4989; x_wconf 87' lang='lat' dir='ltr'><strong>Utinam</strong></span> <span class='ocrx_word' id='word_1_659' title='bbox 3222 4933 3414 4986; x_wconf 86' lang='lat' dir='ltr'><strong>mortui</strong></span> <span class='ocrx_word' id='word_1_660' title='bbox 3431 4931 3715 5001; x_wconf 78' lang='lat' dir='ltr'><strong>fuissemus</strong></span> 
     </span>
    </p>
   </div>
   <div class='ocr_carea' id='block_1_95' title="bbox 2131 5022 3717 5101">
    <p class='ocr_par' dir='ltr' id='par_1_95' title="bbox 2131 5022 3717 5101">
     <span class='ocr_line' id='line_1_95' title="bbox 2131 5022 3717 5101; baseline -0.007 -16"><span class='ocrx_word' id='word_1_661' title='bbox 2131 5047 2223 5101; x_wconf 87' lang='lat' dir='ltr'><strong>per</strong></span> <span class='ocrx_word' id='word_1_662' title='bbox 2276 5046 2492 5083; x_wconf 86' lang='lat' dir='ltr'><strong>manum</strong></span> <span class='ocrx_word' id='word_1_663' title='bbox 2555 5028 2763 5082; x_wconf 86' lang='lat' dir='ltr'><strong>Domini</strong></span> <span class='ocrx_word' id='word_1_664' title='bbox 2792 5029 2847 5080; x_wconf 90' lang='lat' dir='ltr'><strong>in</strong></span> <span class='ocrx_word' id='word_1_665' title='bbox 2874 5036 3017 5081; x_wconf 87' lang='lat' dir='ltr'><strong>terra</strong></span> <span class='ocrx_word' id='word_1_666' title='bbox 3060 5025 3300 5096; x_wconf 64' lang='lat' dir='ltr'><strong>Egypti,</strong></span> <span class='ocrx_word' id='word_1_667' title='bbox 3324 5025 3537 5095; x_wconf 88' lang='lat' dir='ltr'><strong>quando</strong></span> <span class='ocrx_word' id='word_1_668' title='bbox 3565 5022 3717 5075; x_wconf 81' lang='lat' dir='ltr'><strong>sede-</strong></span> 
     </span>
    </p>
   </div>
   <div class='ocr_carea' id='block_1_96' title="bbox 2132 5116 3715 5189">
    <p class='ocr_par' dir='ltr' id='par_1_96' title="bbox 2132 5116 3715 5189">
     <span class='ocr_line' id='line_1_96' title="bbox 2132 5116 3715 5189; baseline -0.006 -13"><span class='ocrx_word' id='word_1_669' title='bbox 2132 5122 2314 5176; x_wconf 87' lang='lat' dir='ltr'><strong>bamus</strong></span> <span class='ocrx_word' id='word_1_670' title='bbox 2338 5137 2495 5189; x_wconf 86' lang='lat' dir='ltr'><strong>super</strong></span> <span class='ocrx_word' id='word_1_671' title='bbox 2523 5119 2657 5175; x_wconf 85' lang='lat' dir='ltr'><strong>ollas</strong></span> <span class='ocrx_word' id='word_1_672' title='bbox 2684 5120 2946 5183; x_wconf 86' lang='lat' dir='ltr'><strong>carnium,</strong></span> <span class='ocrx_word' id='word_1_673' title='bbox 2972 5126 3022 5172; x_wconf 89' lang='lat' dir='ltr'><strong>et</strong></span> <span class='ocrx_word' id='word_1_674' title='bbox 3051 5116 3449 5172; x_wconf 86' lang='lat' dir='ltr'><strong>comedebamus</strong></span> <span class='ocrx_word' id='word_1_675' title='bbox 3476 5116 3715 5184; x_wconf 79' lang='lat' dir='ltr'><strong>panesin</strong></span> 
     </span>
    </p>
   </div>
   <div class='ocr_carea' id='block_1_97' title="bbox 2134 5209 3718 5281">
    <p class='ocr_par' dir='ltr' id='par_1_97' title="bbox 2134 5209 3718 5281">
     <span class='ocr_line' id='line_1_97' title="bbox 2134 5209 3718 5281; baseline -0.003 -12"><span class='ocrx_word' id='word_1_676' title='bbox 2134 5215 2473 5269; x_wconf 88' lang='lat' dir='ltr'><strong>saturitatem</strong></span> <span class='ocrx_word' id='word_1_677' title='bbox 2496 5213 2583 5266; x_wconf 67' lang='lat' dir='ltr'><strong>7‘l</strong></span> <span class='ocrx_word' id='word_1_678' title='bbox 2626 5211 3005 5281; x_wconf 86' lang='lat' dir='ltr'><strong>Misitquidem</strong></span> <span class='ocrx_word' id='word_1_679' title='bbox 3031 5211 3111 5265; x_wconf 86' lang='lat' dir='ltr'><strong>eis</strong></span> <span class='ocrx_word' id='word_1_680' title='bbox 3138 5209 3282 5265; x_wconf 88' lang='lat' dir='ltr'><strong>Deus</strong></span> <span class='ocrx_word' id='word_1_681' title='bbox 3329 5225 3549 5274; x_wconf 86' lang='lat' dir='ltr'><strong>manna,</strong></span> <span class='ocrx_word' id='word_1_682' title='bbox 3615 5210 3718 5265; x_wconf 83' lang='lat' dir='ltr'><strong>do-</strong></span> 
     </span>
    </p>
   </div>
   <div class='ocr_carea' id='block_1_98' title="bbox 2138 5301 3721 5374">
    <p class='ocr_par' dir='ltr' id='par_1_98' title="bbox 2138 5301 3721 5374">
     <span class='ocr_line' id='line_1_98' title="bbox 2138 5301 3721 5374; baseline -0.006 -12"><span class='ocrx_word' id='word_1_683' title='bbox 2138 5323 2271 5362; x_wconf 90' lang='lat' dir='ltr'><strong>cens</strong></span> <span class='ocrx_word' id='word_1_684' title='bbox 2298 5315 2478 5360; x_wconf 89' lang='lat' dir='ltr'><strong>autem</strong></span> <span class='ocrx_word' id='word_1_685' title='bbox 2506 5320 2608 5360; x_wconf 93' lang='lat' dir='ltr'><strong>nos</strong></span> <span class='ocrx_word' id='word_1_686' title='bbox 2631 5312 2907 5374; x_wconf 89' lang='lat' dir='ltr'><strong>oportere,</strong></span> <span class='ocrx_word' id='word_1_687' title='bbox 2936 5317 3059 5371; x_wconf 62' lang='lat' dir='ltr'><strong>quae</strong></span> <span class='ocrx_word' id='word_1_688' title='bbox 3094 5301 3328 5370; x_wconf 86' lang='lat' dir='ltr'><strong>amplius</strong></span> <span class='ocrx_word' id='word_1_689' title='bbox 3353 5315 3515 5370; x_wconf 87' lang='lat' dir='ltr'><strong>quam</strong></span> <span class='ocrx_word' id='word_1_690' title='bbox 3537 5302 3721 5370; x_wconf 85' lang='lat' dir='ltr'><strong>quoti-</strong></span> 
     </span>
    </p>
   </div>
   <div class='ocr_carea' id='block_1_99' title="bbox 2140 5389 3720 5464">
    <p class='ocr_par' dir='ltr' id='par_1_99' title="bbox 2140 5389 3720 5464">
     <span class='ocr_line' id='line_1_99' title="bbox 2140 5389 3720 5464; baseline -0.007 -11"><span class='ocrx_word' id='word_1_691' title='bbox 2140 5397 2361 5454; x_wconf 89' lang='lat' dir='ltr'><strong>dianum</strong></span> <span class='ocrx_word' id='word_1_692' title='bbox 2378 5396 2584 5462; x_wconf 87' lang='lat' dir='ltr'><strong>cibum,</strong></span> <span class='ocrx_word' id='word_1_693' title='bbox 2621 5410 2734 5449; x_wconf 91' lang='lat' dir='ltr'><strong>non</strong></span> <span class='ocrx_word' id='word_1_694' title='bbox 2763 5391 3116 5464; x_wconf 63' lang='lat' dir='ltr'><strong>praecipiebat</strong></span> <span class='ocrx_word' id='word_1_695' title='bbox 3141 5391 3262 5461; x_wconf 90' lang='lat' dir='ltr'><strong>plus</strong></span> <span class='ocrx_word' id='word_1_696' title='bbox 3289 5391 3358 5445; x_wconf 90' lang='lat' dir='ltr'><strong>de</strong></span> <span class='ocrx_word' id='word_1_697' title='bbox 3388 5389 3593 5444; x_wconf 87' lang='lat' dir='ltr'><strong>Gomor</strong></span> <span class='ocrx_word' id='word_1_698' title='bbox 3618 5404 3720 5458; x_wconf 88' lang='lat' dir='ltr'><strong>per</strong></span> 
     </span>
    </p>
   </div>
   <div class='ocr_carea' id='block_1_100' title="bbox 2143 5478 3718 5560">
    <p class='ocr_par' dir='ltr' id='par_1_100' title="bbox 2143 5478 3718 5560">
     <span class='ocr_line' id='line_1_100' title="bbox 2143 5478 3718 5560; baseline -0.008 -15"><span class='ocrx_word' id='word_1_699' title='bbox 2143 5489 2356 5560; x_wconf 83' lang='lat' dir='ltr'><strong>singula</strong></span> <span class='ocrx_word' id='word_1_700' title='bbox 2377 5488 2555 5558; x_wconf 88' lang='lat' dir='ltr'><strong>capita</strong></span> <span class='ocrx_word' id='word_1_701' title='bbox 2587 5484 2763 5557; x_wconf 88' lang='lat' dir='ltr'><strong>colligi</strong></span> <span class='ocrx_word' id='word_1_702' title='bbox 2812 5502 2825 5540; x_wconf 90' lang='lat'><strong>:</strong></span> <span class='ocrx_word' id='word_1_703' title='bbox 2865 5497 3120 5539; x_wconf 86' lang='lat' dir='ltr'><strong>mensura</strong></span> <span class='ocrx_word' id='word_1_704' title='bbox 3163 5489 3342 5537; x_wconf 88' lang='lat' dir='ltr'><strong>autem</strong></span> <span class='ocrx_word' id='word_1_705' title='bbox 3393 5481 3511 5537; x_wconf 69' lang='lat' dir='ltr'><strong>haec</strong></span> <span class='ocrx_word' id='word_1_706' title='bbox 3566 5478 3718 5550; x_wconf 76' lang='lat' dir='ltr'><strong>apud</strong></span> 
     </span>
    </p>
   </div>
   <div class='ocr_carea' id='block_1_101' title="bbox 3314 5763 3343 5775">
    <p class='ocr_par' dir='ltr' id='par_1_101' title="bbox 3314 5763 3343 5775">
     <span class='ocr_line' id='line_1_101' title="bbox 3314 5763 3343 5775; baseline 0 0"><span class='ocrx_word' id='word_1_707' title='bbox 3314 5763 3343 5775; x_wconf 64' lang='grc' dir='ltr'><strong><em>ο</em></strong></span> 
     </span>
    </p>
   </div>
  </div>
