4038 6182
346 300 483 371 1021

1488 301 1572 362 ΙΝ
1614 299 2053 362 LEVITICUM.
2089 325 2159 335 —
2198 301 2344 361 LIB.
2382 300 2483 362 VI.

3481 297 3615 362 1022

345 425 567 482 Iudaeos
621 430 758 489 eral,
814 436 936 492 quae
962 426 1180 491 poterat
1231 434 1682 489 unumquemque
1717 417 1930 473 nutrire
1959 424 2005 479 Δ
2035 420 2091 473 in
2141 434 2249 489 quo
2279 435 2341 474 ea
2389 435 2511 491 quas
2567 420 2845 491 pertinent
2892 418 2959 474 ad
3008 418 3238 473 salutem
3297 400 3633 488 operemur.

348 519 647 575 hominem.
683 514 838 569 T'unc
866 529 997 584 ergo
1025 514 1225 568 docere
1254 528 1351 568 eos
1380 511 1449 567 de
1478 510 1808 581 intelligibili
1837 525 1927 578 re-

345 610 472 682 quie
504 619 559 665 et
611 607 719 662 ﬁne
755 604 943 661 mundi
973 605 1183 668 volens,
1220 603 1346 673 quia
1397 601 1493 657 illo
1540 609 1789 670 tempore
1826 600 1929 653 im-

345 700 606 772 possibile
657 708 742 753 est
795 698 980 753 cibum
1032 695 1377 764 conquirere,
1430 693 1518 749 vel
1546 690 1782 762 operari,
1827 707 1930 747 nec

346 793 490 848 circa
527 790 812 862 corporale
858 786 1061 858 aliquid
1095 786 1376 856 occupari,
1431 786 1558 840 talia
1614 784 1694 838 eis
1747 784 1929 838 dicere

345 871 563 954 Moysen
582 879 844 952 praecepit
869 898 882 934 :
922 877 1159 933 Sabbata
1191 878 1347 930 hodie
1366 874 1616 939 Domino,
1639 891 1743 928 non
1782 876 1927 926 iuve-

346 973 501 1025 nietis
535 971 670 1023 illud
710 970 765 1023 in
798 985 925 1039 agro
950 984 968 1021 :
999 984 1095 1023 sex
1123 967 1320 1022 diebus
1345 966 1644 1036 colligitur,
1695 965 1929 1034 septima

346 1071 533 1117 autem
559 1062 649 1116 die
682 1059 942 1124 Sabbata,
974 1074 1085 1114 non
1111 1057 1215 1113 erit
1234 1058 1289 1111 in
1312 1072 1400 1111 ea.
1420 1055 1543 1111 Non
1604 1055 1928 1119 Sabbatuin,

348 1155 446 1209 sed
483 1153 742 1219 Sabbata,
774 1152 901 1222 quia
955 1149 1312 1220 intelligibilis
1350 1148 1567 1218 requies
1592 1163 1704 1203 non
1733 1148 1803 1202 ab
1820 1163 1931 1202 uno

348 1242 608 1312 quodam,
662 1243 758 1297 sed
803 1243 874 1297 ab
929 1240 1186 1296 omnibus
1228 1238 1543 1293 carnalibus
1587 1238 1929 1294 vacationem

347 1333 853 1405 alienationemque
885 1335 1150 1405 possidet.
1178 1333 1335 1389 Unde
1359 1348 1624 1402 nusquam
1659 1332 1810 1401 prius
1843 1330 1929 1384 in-

347 1427 540 1481 venies
579 1427 723 1497 apud
754 1426 995 1482 divinam
1041 1426 1385 1497 Scripturam
1414 1424 1781 1479 Sabbatorum
1827 1435 1929 1476 no-

347 1533 495 1584 men,
521 1527 581 1572 ut
600 1519 953 1573 manifestum
986 1519 1059 1572 sit
1108 1518 1234 1589 quia
1260 1517 1561 1572 Sabbatum
1585 1529 1803 1570 omnem
1833 1528 1930 1567 va-

346 1609 622 1662 cationem
650 1608 978 1673 carnalium,
1005 1616 1061 1662 et
1086 1606 1434 1662 saecularium
1483 1619 1669 1659 rerum
1727 1616 1932 1672 praece-

345 1700 445 1770 ‘pit.
482 1700 641 1756 Unde
670 1715 834 1755 omne
858 1716 997 1770 opus
1026 1700 1112 1754 lex
1166 1699 1494 1770 prohibens,
1534 1711 1657 1767 qua:
1723 1694 1931 1749 faciunt

343 1766 606 1846 adirersus
634 1807 855 1848 omnem
882 1766 1145 1857 animam,
1168 1766 1442 1846 subdidit
1476 1806 1491 1843 :
1524 1766 1760 1844 sabbata
1814 1804 1931 1842 mea
1963 1766 2006 1821 Β

345 1884 621 1937 custodite.
640 1883 745 1938 Per
774 1884 879 1940 hoc
901 1892 1089 1953 aperte
1111 1884 1409 1938 ostendens
1458 1880 1585 1952 quia
1642 1896 1673 1936 a
1731 1895 1932 1951 corpo-

345 1974 552 2029 ralibus
585 1990 688 2030 nos
718 1989 912 2029 vacare
961 1974 1257 2040 desiderat,
1303 1982 1358 2029 et
1407 1974 1619 2044 quaead
1668 1974 1930 2043 juvamen

344 2074 475 2121 sunt
498 2066 717 2132 animae,
744 2075 799 2121 et
834 2066 1145 2137 profectum
1186 2065 1523 2135 pertinentia
1558 2066 1794 2135 operari.
1821 2065 1931 2135 Ve-

345 2173 468 2212 rum
504 2157 651 2211 enim
682 2156 984 2212 Sahhatum
1026 2165 1131 2221 est,
1160 2155 1301 2210 nihil
1329 2155 1636 2220 materiale,
1669 2155 1809 2209 nihil
1864 2155 1932 2211 ad

350 2253 555 2300 terram
591 2244 868 2299 hominem
899 2245 1235 2314 deprimens,
1297 2251 1352 2298 et
1390 2242 1457 2297 ad
1518 2243 1932 2313 corruptionem

342 2336 623 2390 carnalem
664 2336 889 2390 trahens
908 2351 1089 2406 agere.
1121 2334 1258 2389 Cum
1288 2334 1393 2389 hoc
1423 2341 1607 2388 autem
1634 2333 1765 2404 quid
1782 2333 1933 2388 aliud

345 2439 497 2480 nunc
526 2424 669 2480 Deus
691 2426 950 2495 praecepit
974 2442 989 2477 :

414 2514 657 2571 VensJ.
688 2535 707 2569 ι
742 2516 923 2571 Nolite
968 2516 1218 2572 converti
1275 2515 1344 2571 ad
1404 2516 1572 2581 idola,
1638 2530 1742 2571 nec
1792 2516 1929 2571 deos

339 2608 642 2664 conflatiles
687 2608 899 2663 facietis
922 2609 1094 2662 vobis.
1126 2608 1240 2679 Ego
1268 2608 1552 2664 Dominus.
1580 2626 1601 2661 ι

413 2698 531 2753 Non
563 2698 810 2753 converti
832 2709 1013 2753 autem
1050 2699 1118 2753 ad
1142 2699 1304 2763 idola,
1347 2707 1431 2753 est
1454 2714 1562 2753 non
1585 2698 1927 2754 condescen-

341 2792 473 2846 dere
541 2790 627 2846 his
695 2807 817 2860 qua:
885 2792 1155 2845 idolorum
1212 2791 1299 2845 lex
1360 2793 1532 2845 multa
1587 2791 1927 2861 profanaque

340 2880 526 2951 exigit.
551 2878 657 2934 Sed
695 2896 795 2934 nec
816 2880 1119 2934 eonllatiles
1152 2880 1285 2935 deos
1316 2879 1580 2935 faciamus
1614 2881 1795 2945 nobis,
1815 2897 1926 2936 non

343 2973 519 3028 solum
551 2974 607 3027 in
633 2972 953 3027 animalium
996 2973 1210 3038 formis,
1240 2972 1335 3028 sed
1367 2989 1469 3027 nec
1495 2973 1549 3027 in
1584 2974 1925 3043 peeuliorum

342 3065 635 3130 thesauris,
687 3079 789 3120 nec
843 3064 899 3118 in
924 3063 1041 3119 auri
1099 3072 1196 3119 aut
1253 3064 1464 3136 argenti
1518 3065 1758 3119 massis:
1806 3065 1924 3119 haec

342 3154 494 3208 enim
527 3154 660 3209 deos
688 3168 816 3208 suos
841 3153 1050 3208 faciunt
1078 3154 1135 3207 hi
1206 3153 1298 3223 qui
1333 3168 1397 3208 ea
1447 3161 1804 3225 congregant,
1869 3154 1924 3207 in

342 3256 552 3300 tantum
583 3245 685 3300 sub
709 3261 893 3299 earum
925 3245 1169 3300 dominio
1191 3245 1495 3311 constituti,
1526 3255 1586 3299 ut
1616 3245 1927 3300 timeantex

340 3337 420 3389 eis
450 3336 536 3390 vel
562 3339 1108 3408 quantulumcunque
1166 3338 1505 3407 contingere.
1559 3336 1701 3403 Quid
1742 3346 1925 3391 autem

345 3429 459 3481 haac
497 3443 721 3483 necesse
753 3429 1062 3484 habemus?
1104 3429 1197 3498 qui
1251 3444 1352 3498 pro
1376 3428 1633 3483 omnibus
1681 3428 1927 3499 posside-

346 3533 467 3572 mus
492 3518 696 3573 divitiis
721 3535 846 3574 eum
869 3520 963 3591 qui
1003 3520 1174 3575 dicit:
1213 3519 1320 3589 Ego
1366 3521 1620 3575 Dominus
1645 3521 1672 3575 7
1718 3522 1770 3575 id
1819 3531 1926 3585 est,

343 3610 438 3682 qui
461 3610 693 3664 volatilia
733 3612 941 3677 nutrio,
964 3612 1056 3681 qui
1082 3611 1193 3665 lilia
1248 3612 1363 3682 agri
1400 3612 1595 3675 vestio,
1626 3613 1718 3682 qui
1743 3628 1810 3668 ex
1838 3614 1925 3667 ni-

344 3699 460 3754 hilo
496 3698 620 3761 feci,
651 3697 790 3755 facta
832 3699 1064 3762 nutrivi,
1087 3709 1249 3770 atque
1282 3702 1399 3756 haec
1421 3701 1600 3756 omnia
1633 3717 1823 3758 rursus
1857 3704 1925 3759 ad

343 3792 699 3863 indigentiam
723 3793 974 3864 redigere
1006 3792 1180 3849 valeo.

415 3883 574 3938 Vens.
601 3883 709 3939 5-8.
751 3901 770 3935 σ
799 3884 855 3938 Si
882 3883 1292 3939 immolaveritis
1315 3885 1546 3941 hostiam
1572 3887 1923 3957 pacificorum

343 3973 593 4038 Domino,
625 3982 685 4029 ut
714 3974 786 4028 sit
816 3976 1188 4044 acceptabilis,
1213 3977 1377 4031 eodie
1398 3993 1508 4046 quo
1531 3978 1692 4032 fuerit
1725 3978 1923 4033 immo-

340 4066 467 4130 lata,
494 4065 797 4121 comedetis
825 4081 971 4131 eam,
1003 4075 1059 4120 et
1085 4066 1176 4120 die
1206 4066 1399 4121 altero.
1432 4067 1709 4138 Quidquid
1733 4079 1921 4123 autem

340 4158 619 4214 residuum
648 4156 815 4212 fuerit
841 4157 895 4211 in
920 4157 1063 4212 diem
1110 4159 1354 4224 tertium,
1390 4160 1512 4230 igne
1560 4162 1918 4216 comburetis.

341 4249 398 4305 Si
426 4251 550 4321 quis
580 4258 699 4320 post
732 4249 958 4304 biduum
1017 4250 1316 4305 comederit
1360 4267 1426 4305 ex
1485 4268 1547 4306 ea
1574 4294 1588 4317 ,
1642 4253 1909 4322 profanus

339 4341 464 4407 erit,
514 4350 570 4395 et
624 4340 923 4409 impietatis
978 4355 1127 4406 reus,
1176 4343 1524 4413 portabitque
1566 4345 1919 4416 iniquitatem

2032 511 2171 567 Hinc
2198 520 2402 579 autem,
2421 524 2479 567 ut
2505 512 2575 567 sit
2599 511 2900 594 placabilis,
2935 516 3154 581 oportet
3182 509 3477 570 immolari,
3498 509 3616 563 haec

2030 606 2220 675 utique
2273 605 2593 660 omnimodo
2642 611 3020 672 assequentes,
3071 616 3193 670 quae
3255 599 3615 670 acceptabilia

2032 697 2144 752 Deo
2173 708 2319 759 sunt,
2342 698 2411 752 de
2442 712 2550 766 quo
2571 697 2712 751 dixit
2732 695 2951 759 Paulus,
2982 708 3106 747 cum
3134 707 3244 761 quo
3266 691 3426 745 modo
3453 705 3617 759 opor-

2034 797 2177 843 teret
2214 790 2431 859 assequi
2460 799 2724 843 remotam
2778 795 2836 841 et
2874 786 3113 856 quietam
3147 784 3338 846 vitam,
3373 782 3429 836 in
3465 780 3616 838 omni

2030 880 2233 950 pietate
2267 887 2322 934 et
2347 879 2630 950 pudicitia,
2681 878 2971 932 Timotheo
3021 875 3267 931 scribens
3317 871 3614 927 ostendit:

2030 973 2145 1025 Hoc
2169 971 2360 1023 bonum
2403 979 2453 1023 et
2482 977 2754 1037 acceptum
2792 983 2972 1020 coram
2994 964 3269 1020 Saluatore
3292 971 3465 1015 nostro
3488 961 3611 1024 Deo,

2031 1062 2314 1127 quiamnes
2343 1059 2574 1113 homines
2605 1057 2713 1111 rult
2743 1056 2911 1110 salvos
2942 1055 3078 1123 ﬁeri,
3117 1062 3163 1107 et
3195 1052 3265 1105 ad
3295 1050 3617 1120 agnitionem

2031 1152 2269 1207 veritatis
2293 1151 2470 1205 venire
2497 1150 2562 1203 ".
2595 1148 2702 1203 Sed
2726 1148 2769 1203 si
2802 1147 2940 1201 dicis
2972 1163 2986 1198 :
3026 1144 3196 1214 Cujus
3222 1143 3297 1197 rei
3323 1142 3491 1212 gratia
3528 1156 3617 1195 ac-

2032 1247 2189 1309 cepta
2221 1247 2424 1301 vestra,
2445 1236 2747 1293 secundum
2780 1234 3135 1305 Septuaginta
3156 1232 3431 1302 legislator
3447 1229 3619 1284 dixit?

2030 1329 2195 1397 Scito,
2215 1331 2341 1400 quia
2357 1330 2749 1385 conscientiam
2774 1328 3048 1398 designat,
3070 1341 3167 1396 per
3184 1340 3345 1394 quam
3366 1337 3488 1393 quae
3509 1322 3621 1376 sint

2033 1423 2145 1476 Deo
2167 1431 2409 1492 accepta,
2438 1422 2815 1491 unusquisque
2832 1427 3014 1490 potest
3039 1418 3202 1481 scire,
3228 1423 3456 1486 prepter
3472 1413 3620 1483 quod

2031 1514 2269 1570 Joannes
2292 1512 2508 1569 dicebat
2540 1512 2816 1577 :Fratres,
2848 1512 2895 1566 si
2924 1527 3011 1564 cor
3062 1518 3294 1563 nostrum
3318 1522 3420 1573 non
3440 1522 3617 1573 repre-

2031 1608 2343 1672 hendituos,
2383 1606 2633 1675 ﬁduciam
2661 1604 2911 1658 habemus
2964 1602 3033 1655 ad
3088 1599 3257 1652 Deum
3288 1598 3356 1650 '".
3416 1596 3617 1651 Come-

2033 1702 2164 1757 dere
2191 1709 2375 1755 autem
2405 1699 2473 1754 de
2504 1696 2792 1760 sacrificio,
2816 1710 2884 1749 eo
2913 1694 3002 1748 die
3032 1690 3495 1762 quoimmolatum
3510 1695 3614 1751 est,

2033 1804 2089 1850 et
2120 1794 2248 1860 alio,
2285 1803 2391 1858 est,
2428 1800 2489 1848 ut
2514 1793 2567 1847 in
2595 1789 2852 1861 praesenti
2904 1788 3036 1852 vita,
3061 1797 3400 1856 quaecunque
3425 1781 3492 1836 ad
3528 1797 3616 1836 sa-

2033 1890 2202 1944 lutem
2235 1887 2518 1959 pertinent
2543 1899 2857 1956 operemur.
2892 1879 3063 1936 Hodie
3102 1887 3287 1933 autem
3340 1883 3393 1930 et
3422 1874 3616 1930 crasti-

2032 1995 2185 2044 num,
2215 1979 2271 2032 in
2300 1976 2556 2048 praesenti
2592 1974 2793 2029 saeculo
2823 1970 3006 2027 divina
3044 1968 3325 2039 Scriptura
3359 1966 3499 2020 solet
3527 1979 3616 2019 ac-

2032 2070 2235 2140 cipere,
2262 2069 2330 2124 de
2356 2082 2464 2138 qua
2516 2075 2712 2122 testem
2759 2063 3024 2119 Iacobum
3072 2059 3435 2131 producamus
3479 2057 3618 2111 scri-

2031 2162 2250 2216 bentem
2274 2178 2287 2214 :
2306 2160 2416 2230 Age
2433 2174 2590 2221 nunc,
2605 2158 2697 2228 qui
2720 2156 2928 2209 dicitis:
2948 2152 3141 2216 Hodie,
3169 2150 3502 2204 autcrastino
3518 2148 3618 2201 ibi-

2034 2268 2150 2305 mus
2172 2253 2230 2304 in
2259 2249 2413 2304 illam
2445 2249 2706 2303 civitatem
2737 2246 2803 2300 ⁷³.
2840 2243 2966 2299 Dies
3011 2249 3195 2296 autem
3252 2238 3433 2304 tertia,
3490 2237 3619 2307 quia

2030 2342 2086 2398 in
2118 2344 2234 2414 ipsa
2261 2359 2292 2396 a
2322 2330 2554 2396 mortuis
2585 2338 2847 2394 Dominus
2885 2344 3073 2390 noster
3125 2331 3447 2396 resurrexit,
3476 2329 3616 2401 ligu-

2034 2450 2149 2491 ram
2175 2434 2342 2488 futuri
2376 2431 2583 2497 saeculi,
2616 2440 2671 2486 et
2706 2438 3047 2485 mortuorum
3077 2423 3500 2481 resurrectionis
3517 2437 3615 2493 ge-

2032 2527 2120 2589 rit,
2151 2526 2205 2579 in
2230 2540 2339 2595 quo
2366 2524 2477 2593 jam
2500 2539 2611 2577 non
2641 2522 2767 2576 licet
2792 2518 3030 2590 Operari,
3055 2517 3152 2573 sed
3177 2515 3271 2587 qui
3297 2530 3444 2569 nunc
3473 2529 3609 2584 ope-

2029 2617 2133 2672 rati
2161 2625 2309 2682 sunt,
2332 2615 2443 2669 illic
2469 2614 2534 2669 ad
2565 2611 2981 2667 retributionem
3044 2608 3293 2663 veniunt.
3356 2604 3458 2672 Qui
3489 2619 3619 2675 ergo

2029 2711 2107 2767 sic
2140 2710 2233 2766 hic
2280 2708 2430 2773 vivit,
2478 2717 2734 2777 tanquam
2786 2703 2896 2757 illic
2934 2700 3184 2771 qumdam
3262 2696 3617 2770 praesentium

2027 2811 2351 2875 operaturus
2380 2801 2466 2864 sit,
2501 2808 2554 2852 et
2581 2803 2873 2868 propterea
2909 2793 3196 2848 comedere
3230 2789 3389 2845 tertia
3413 2786 3501 2843 die
3529 2802 3619 2841 sa-

2027 2894 2296 2950 crificium
2329 2891 2703 2965 paciﬁcorum,
2736 2887 2852 2943 sive
2918 2885 3155 2939 salutare
3182 2881 3400 2947 dicitur,
3453 2893 3613 2949 opus,

2027 2998 2281 3045 attrectat
2311 3005 2341 3041 a
2371 2987 2678 3057 legislatore
2725 2980 3086 3055 prohibitum,
3123 2980 3383 3031 virtutem
3417 2973 3617 3041 imper-

1955 3113 1996 3170 ϐ
2031 3082 2227 3138 lectam
2255 3080 2595 3148 relinquens,
2634 3076 2787 3130 velut
2816 3073 2928 3128 illic
2957 3078 3284 3142 operaturus
3305 3066 3396 3131 sit,
3434 3074 3489 3118 et
3513 3065 3619 3118 hu-

2023 3170 2116 3240 jus
2141 3166 2465 3224 sacriﬁcium
2492 3164 2799 3220 rectissime
2853 3169 3142 3231 acceptum
3193 3171 3305 3211 non
3343 3162 3447 3219 est,
3515 3167 3620 3208 nec

2028 3262 2136 3316 vita
2158 3268 2408 3329 correpta
2435 3266 2537 3313 est.
2566 3256 2672 3311 Sed
2703 3254 2795 3325 qui
2822 3252 2986 3308 talem
3011 3246 3337 3318 sibimetipsi
3360 3252 3620 3315 operatur

2028 3349 2680 3419 virtutem,iniquitatem
2713 3361 2867 3400 suam
2918 3342 3173 3415 portabit,
3207 3340 3359 3412 prius
3398 3337 3616 3408 quidem

2027 3442 2343 3513 imperfecte
2369 3455 2628 3511 operans,
2658 3437 2857 3493 deinde
2891 3446 2950 3492 ut
2980 3436 3236 3507 ingerens
3274 3429 3611 3486 calumniam

2026 3535 2225 3592 divinae
2251 3533 2374 3604 legi,
2409 3541 2466 3587 et
2500 3530 2696 3601 dogma
2737 3526 3103 3584 disseminans
3162 3524 3388 3593 impium
3455 3529 3619 3590 atque

2025 3625 2285 3685 alienum.
2316 3624 2480 3693 hujus
2496 3620 2675 3676 anima
2692 3620 2834 3691 perit
2861 3619 2929 3673 de
2955 3615 3156 3688 populo
3188 3630 3307 3670 suo.
3339 3612 3399 3666 In
3416 3610 3618 3681 populo

2026 3725 2209 3770 autem
2247 3714 2337 3785 qui
2361 3713 2620 3776 salvetur,
2647 3726 2759 3764 non
2795 3707 3162 3771 ordinabitur,
3224 3702 3351 3775 quia
3384 3699 3611 3770 reliquit

2026 3807 2401 3878 imperfectam
2433 3806 2619 3868 vitam,
2663 3818 2785 3876 quae
2834 3817 2960 3856 eum
3020 3799 3229 3854 salvare
3278 3802 3515 3867 poterat,
3569 3791 3614 3847 si

2025 3915 2145 3954 eam
2168 3903 2627 3953 consummasset.

2095 3989 2260 4045 Vens.
2291 3991 2344 4054 9,
2386 3989 2466 4044 l0.
2498 4007 2515 4039 ι
2555 3987 2691 4042 Cum
2722 3982 3018 4039 messueris
3047 3988 3260 4052 segetes
3290 3986 3454 4033 terrae
3482 3984 3612 4037 tum.

2025 4100 2133 4138 non
2167 4081 2417 4137 tondebis
2451 4094 2623 4150 usque
2681 4076 2749 4131 ad
2813 4075 2987 4129 solam
3033 4071 3381 4144 superficiem
3435 4076 3610 4133 teme,

2024 4189 2127 4229 nec
2157 4181 2504 4227 remanentes
2529 4169 2708 4239 spicas
2737 4166 2981 4237 colliges,
3010 4178 3189 4233 neque
3227 4163 3281 4216 in
3305 4162 3464 4215 vinea
3521 4168 3613 4214 tua

2024 4280 2286 4327 racemos,
2321 4272 2377 4317 et
2399 4277 2566 4333 grana
2602 4257 2908 4314 decidentis
2951 4254 3326 4327 congregabis,
3360 4252 3456 4307 sed
3477 4266 3614 4322 pau-

2028 4352 2250 4424 peribus
2279 4360 2336 4405 et
2380 4350 2685 4421 peregrinis
2748 4345 3022 4416 carpenda
3047 4345 3308 4399 dimittes.
3345 4343 3457 4414 Ego
3504 4341 3614 4397 Do-

339 4446 515 4496 suam,
536 4432 663 4501 quia
687 4433 1167 4503 sanctnmpomini
1186 4435 1401 4507 polluit,
1434 4445 1487 4490 ct
1512 4438 1712 4506 peribit
1737 4439 1918 4493 anima
1956 4440 1998 4499 D
2026 4444 2209 4498 minus
2243 4441 2384 4497 Deus
2407 4449 2607 4497 vester.
2646 4459 2664 4492 ›

338 4522 429 4576 illa
458 4522 525 4576 de
549 4522 751 4591 populo
770 4537 892 4576 suo.
939 4540 959 4573 ι

413 4610 611 4667 Omnia
643 4613 884 4682 quidem,
918 4623 979 4668 ut
1022 4614 1095 4668 ita
1128 4615 1397 4681 dicamus,
1428 4615 1636 4689 Moyses
1664 4619 1795 4691 legis
1825 4634 1917 4674 ca-

338 4706 509 4776 pitula
559 4705 644 4760 bis
677 4715 864 4775 terque
894 4709 1094 4777 pepulo
1125 4710 1403 4780 praecepit;
1435 4710 1711 4782 frequenti
1746 4714 1916 4768 tradi-

337 4798 487 4853 tione
530 4797 848 4852 memoriam
892 4814 1083 4853 eorum
1128 4801 1471 4858 auditoribus
1540 4805 1912 4876 promulgatis.

336 4886 503 4943 Multo
516 4888 687 4959 magis
716 4896 895 4942 tamen
924 4890 1177 4944 mandata
1219 4907 1343 4960 quae
1365 4892 1739 4947 necessariora
1765 4901 1914 4959 sunt,

336 4980 480 5035 sicut
500 4991 555 5034 et
603 4993 842 5050 praesens
894 4980 1246 5050 mandatum;
1284 4989 1508 5051 prepter
1528 4982 1671 5050 quod
1697 4992 1751 5036 et
1787 4983 1918 5038 illud

336 5086 646 5139 proponens
677 5071 906 5141 pridem,
966 5087 1090 5125 cum
1140 5071 1208 5127 de
1256 5072 1535 5128 sacrificiis
1577 5073 1917 5145 praeciperet,

335 5176 462 5215 cum
492 5170 549 5216 et
568 5178 671 5217 nos
704 5160 865 5232 plene
896 5162 964 5218 de
986 5161 1159 5217 hocin
1207 5161 1386 5232 primo
1416 5163 1556 5219 libro
1588 5165 1753 5235 hujus
1815 5166 1922 5223 Le-

335 5252 513 5309 vitica:
544 5254 1018 5324 interpretationis
1036 5254 1394 5311 discussimus
1421 5275 1434 5311 :
1464 5272 1593 5313 ecce
1620 5274 1768 5315 nunc
1800 5277 1921 5316 rur-

336 5361 432 5403 sus
455 5347 861 5418 recapitulabit,
918 5358 979 5402 ut
1025 5362 1127 5401 nos
1162 5346 1402 5403 breviter
1466 5350 1914 5421 recapitulemus,

334 5454 458 5512 quae
489 5454 763 5510 nuncper
822 5439 994 5494 multa
1042 5438 1300 5495 diximus.
1366 5440 1704 5497 Sacriﬁcium
1764 5445 1910 5500 enim

333 5529 573 5586 salutare
600 5531 869 5587 immolari
892 5524 1237 5602 prmeipiens,
1299 5533 1477 5603 ipsum
1536 5544 1683 5590 recte
1710 5535 1911 5603 innuit,

406 5739 452 5773 "
480 5736 656 5796 Exod.
691 5753 803 5805 xvr,
840 5738 933 5794 26.
1012 5740 1056 5772 ⁷⁸
1086 5741 1106 5795 l
1142 5739 1285 5796 Tim.
1321 5759 1380 5810 ιι,
1416 5741 1468 5797 ι.

1549 5744 1590 5774 ⁷⁷
1630 5741 1828 5799 lJoan.
1864 5760 1944 5811 ιιι,
1985 5743 2076 5799 21.

2096 4536 2226 4591 Vult
2252 4534 2530 4607 legislator
2559 4542 2617 4587 ut
2644 4546 2746 4586 nos
2777 4531 3014 4586 invicem
3047 4530 3353 4601 diligamus,
3413 4536 3615 4582 amato-

2026 4643 2222 4698 resque
2275 4641 2576 4698 pauperum
2625 4640 2726 4678 nos
2779 4639 2901 4679 esse
2955 4623 3250 4687 desiderat,
3291 4633 3614 4690 semperque

2024 4718 2384 4789 eleemosynis
2410 4718 2650 4780 studere,
2688 4732 2838 4770 nunc
2882 4717 3102 4786 quidem
3162 4716 3354 4770 dantes
3412 4712 3614 4782 egenti-

2022 4813 2146 4872 bus,
2186 4825 2334 4865 nunc
2362 4818 2545 4864 autem
2565 4825 2676 4863 non
2704 4808 2983 4879 exigentes
3021 4824 3142 4877 quae
3201 4805 3359 4860 nobis
3387 4804 3610 4867 debent,

2026 4902 2122 4958 sed
2142 4910 2195 4956 et
2228 4902 2598 4955 concedentes
2626 4900 2706 4955 eis
2760 4899 3015 4970 colligere
3064 4908 3417 4966 quascunque
3478 4892 3611 4945 reli-

2025 4993 2182 5065 quias
2211 4993 2457 5048 omnium
2489 4993 2775 5057 bonorum,
2805 5007 2927 5061 quae
2957 5006 2988 5044 a
3045 4989 3157 5043 Deo
3197 4987 3395 5042 donata
3449 4984 3610 5038 nobis

2027 5094 2174 5151 sunt,
2208 5084 2533 5155 repererint,
2558 5093 2616 5139 et
2655 5084 2853 5139 imitari
2886 5098 3011 5137 eum
3060 5079 3152 5150 qui
3198 5076 3440 5138 donauit,
3496 5089 3606 5129 non

2026 5186 2237 5233 tantum
2260 5176 2686 5243 misericordem,
2722 5177 2818 5232 sed
2850 5185 2905 5229 et
2933 5174 3025 5244 qui
3083 5172 3267 5227 multae
3298 5169 3606 5224 miseratio-

2021 5269 2107 5322 nis
2138 5276 2222 5322 est
2279 5275 2443 5336 atque
2472 5266 2689 5322 dicitur.
2730 5267 2797 5321 Et
2845 5276 3137 5336 propterea
3185 5272 3473 5328 metentes,
3513 5273 3607 5320 aut

2021 5354 2244 5410 omnino
2271 5353 2694 5416 vindemiantes,
2722 5354 2922 5408 iterare
2943 5354 3133 5408 eodem
3159 5362 3406 5423 tempore
3435 5353 3604 5423 ipsam

2021 5462 2323 5502 messuram
2384 5445 2821 5515 vindemiamque
2876 5462 2986 5500 non
3020 5446 3440 5519 praecepitzsed
3501 5460 3608 5501 nec

2022 5556 2087 5594 ex
2116 5548 2229 5596 toto
2251 5549 2457 5597 metere
2517 5548 2610 5595 aut
2642 5540 2976 5596 vindemiam
3029 5542 3280 5608 sancivit,
3316 5543 3413 5600 sed
3436 5541 3604 5599 relin-

2152 5745 2197 5777 "
2260 5746 2375 5802 Jac.
2410 5762 2481 5812 tv,
2514 5744 2599 5801 15.
