4038 6182
463 269 597 332 ίῧὲὂ

1640 270 2002 332 HESYCIIII
2038 269 2508 332 PRESBYTERI

3547 321 3555 330 .
3580 255 3716 322 1024

457 398 624 452 quare
647 384 909 452 quasdam
952 384 1267 438 omnimodo
1295 385 1520 456 pauperi
1553 393 1609 440 et
1636 385 1911 455 proselyto
1962 383 2030 438 de
2059 390 2104 448 Α
2133 386 2257 456 quia
2283 383 2575 452 exspectavi
2595 392 2650 437 ut
2675 383 2869 454 faceret
2894 395 3072 444 uvam,
3093 387 3142 433 et
3163 372 3561 446 fecitspinas“.
3581 371 3722 437 Qua:

461 474 736 530 tnessione
781 483 836 529 et
866 475 1136 530 vindemia
1167 476 1440 546 reliquias,
1475 487 1532 532 ct
1583 479 1714 542 Deo,
1765 479 1856 548 qui
1923 477 2034 534 fru-

455 575 582 620 ctus
611 565 756 635 ipsos
781 565 909 620 oriri
938 565 1087 631 facit,
1117 566 1436 635 operatoriis
1460 567 1756 637 gratiarum
1802 567 2030 622 actioni-

455 657 560 712 bus
585 669 962 726 compensare,
993 670 1098 710 nec
1127 655 1238 710 ullo
1260 655 1422 710 modo
1471 657 1590 726 ejus
1638 657 2030 726 dispensationi

461 745 737 818 ingratum
765 746 1063 800 exsistere:
1093 746 1180 800 cui
1207 746 1526 815 quibusdam
1555 748 1772 818 quidem
1815 748 2032 802 divitias

451 838 581 889 dare
611 836 830 906 placuit,
855 837 975 890 aliis
995 847 1177 892 autem
1221 839 1338 894 sine
1401 841 1584 894 labore
1619 839 1815 894 nutriri
1840 839 1907 894 de
1947 855 2032 894 re-

457 929 638 996 liquiis
664 929 1012 984 abundantiae
1046 931 1296 994 aliorum,
1339 941 1400 987 ut
1430 941 1486 987 et
1545 947 1734 990 eorum
1759 931 1849 1002 qui
1886 930 2032 986 divi--

455 1030 536 1076 tes
578 1035 724 1088 sunt,
777 1025 1132 1094 dispensatio,
1159 1034 1214 1082 et
1244 1042 1542 1096 pauperum
1589 1033 1793 1094 quanta
1815 1023 1886 1078 sit
1932 1039 2030 1093 pa-

455 1111 644 1165 tientia
663 1113 940 1180 probetur.
969 1114 1117 1180 Quos
1145 1115 1270 1186 quia
1307 1131 1412 1170 nec
1449 1115 1574 1169 odio
1631 1115 1815 1178 habet,
1869 1128 1972 1168 nec
1999 1129 2030 1168 a

452 1217 550 1258 sua
601 1203 944 1272 providentia
991 1207 1206 1276 repulit,
1253 1207 1398 1274 quod
1451 1206 1668 1276 quidam
1711 1205 2031 1274 insipienter

451 1299 668 1364 putant,
721 1293 975 1362 pauperis
1029 1303 1083 1348 et
1127 1294 1380 1366 prosclyti
1433 1294 1748 1350 memoriam
1801 1293 2027 1360 faciens,

451 1379 596 1437 illico
615 1381 858 1436 subdidit
892 1399 906 1436 :

522 1467 644 1539 Ego
684 1485 800 1522 sum
849 1469 1101 1524 Dominus
1170 1472 1304 1527 Deus
1371 1481 1557 1528 vester.
1609 1471 1848 1526 Primum
1915 1474 2032 1543 qui-

452 1558 576 1614 dem
621 1559 771 1612 illum
825 1561 1199 1628 manifestans,
1245 1563 1339 1634 qui
1393 1564 1596 1620 divites
1632 1563 1762 1620 facit
1792 1583 1804 1619 :
1831 1565 2030 1622 deinde

452 1663 580 1702 cum
633 1649 723 1718 qui
783 1665 882 1720 pro
916 1652 1074 1706 nobis
1120 1669 1325 1722 pauper
1384 1655 1611 1710 ell‘ectus
1652 1667 1754 1720 est,
1830 1667 1884 1714 ct
1933 1659 2024 1730 qui

2134 475 2407 544 quondam
2436 483 2616 530 tamen
2647 472 3013 543 paucissimos
3062 483 3306 524 racemos
3335 465 3588 528 habebat,
3627 465 3726 524 di-_

2135 579 2420 623 versurum
2497 573 2804 635 temporum
2853 562 3052 630 iustos,
3105 565 3327 634 prepter
3365 572 3502 626 quos
3545 554 3717 609 etiam

2137 657 2300 730 totius
2329 656 2500 710 vinea:
2523 670 2710 710 curam
2758 667 2930 722 usque
2958 651 3227 722 quoddam
3254 659 3491 718 tempus,
3524 655 3718 716 pater-

2134 746 2363 800 familias
2389 746 2558 818 gessit
2613 746 2960 800 Demonstrat
2975 753 3156 798 autem
3188 750 3243 794 et
3285 742 3389 794 hoc
3439 739 3603 793 Isaias
3632 739 3720 792 di-

2133 853 2265 892 cens
2299 854 2310 889 :
2353 836 2620 902 Quomodo
2643 839 2699 898 ,εὲ
2728 836 3027 890 inueniatur
3065 849 3286 903 granum
3333 831 3388 884 in
3440 830 3604 894 botro,
3662 839 3718 883 et

2133 931 2342 984 dicatur
2368 945 2386 984 :
2410 929 2488 984 Ne
2517 931 2736 1000 dissipes
2772 929 2922 992 illud,
2959 929 3206 984 auouiam
3239 925 3564 979 benedictum
3591 934 3667 978 est
3693 941 3714 988 ;

2131 1022 2207 1074 sic
2237 1021 2433 1090 faciam
2459 1031 2672 1090 propter
2701 1036 2875 1080 servos
2914 1034 3075 1083 meos,
3133 1028 3189 1072 ut
3249 1034 3354 1070 non
3407 1017 3714 1084 disperdam

2134 1122 2300 1168 totum
2322 1113 2386 1168 ⁸⁸.
2415 1113 2526 1168 llos
2547 1128 2676 1184 ergo
2702 1126 2946 1167 racemos
2993 1109 3214 1165 sibimet
3243 1106 3710 1178 colligerrludmi,

2132 1206 2261 1260 etin
2293 1204 2407 1260 suis
2440 1205 2644 1260 divitiis
2683 1201 3050 1258 thesaurizare
3098 1217 3210 1256 non
3269 1209 3518 1270 possunt,
3580 1198 3714 1268 quia

2132 1313 2321 1354 eorum
2342 1299 2508 1352 vitam
2535 1297 2761 1352 minime
2791 1303 2921 1350 sunt
2961 1293 3142 1356 zelati,
3187 1291 3415 1360 pauperi
3446 1300 3626 1344 autem
3654 1300 3714 1344 ct

2132 1403 2226 1445 cos
2255 1387 2524 1458 proselyto
2559 1387 2892 1456 relinquunt.
2925 1383 3222 1438 Nobiscum
3245 1381 3390 1435 enim
3426 1390 3553 1434 sunt
3577 1395 3710 1449 pro-

2131 1481 2330 1550 phetze,
2367 1487 2422 1533 et
2449 1487 2712 1548 quotquot
2735 1477 2865 1545 justi
2913 1475 3057 1546 apud
3108 1473 3368 1544 populum
3421 1471 3709 1528 Iudaicum

2130 1572 2370 1633 fuerunt,
2399 1571 2454 1625 in
2485 1579 2695 1626 tantum
2737 1577 2796 1623 ut
2845 1565 3124 1623 memoria:
3153 1580 3342 1620 eorum
3365 1580 3395 1618 a
3427 1563 3582 1618 nobis
3603 1579 3710 1616 au-

2131 1661 2216 1716 nis
2243 1661 2468 1732 Singulis
2495 1661 2834 1718 honorentur
2865 1671 2882 1712 :
2909 1655 3054 1726 quod
3081 1655 3224 1725 apud
3247 1655 3370 1709 illos
3402 1670 3514 1708 non
3542 1655 3618 1718 lit,
3645 1663 3712 1708 ut

453 1733 755 1823 prosclytus
811 1736 865 1790 iu
912 1747 1053 1792 terra
1101 1755 1198 1794 sua
1231 1741 1404 1798 fartus
1454 1753 1537 1800 est
1580 1745 1678 1799 .‘in
1723 1747 1834 1801 suis
1856 1749 2023 1816 enim,
2061 1721 2100 1776 Β
2129 1753 2502 1822 experimento
2525 1762 2886 1823 cognoscatur
2931 1751 3232 1808 veridicum
3287 1747 3533 1803 divinum
3586 1745 3707 1802 elo-

450 1823 600 1876 velut
628 1821 681 1876 in
707 1824 918 1892 alienis,
954 1829 1329 1900 peregrinatus
1358 1841 1459 1895 cst,
1489 1849 1592 1889 nec
1624 1835 1801 1891 locum
1824 1836 2028 1895 habens

457 1912 510 1965 in
539 1920 680 1966 terra
704 1915 1006 1970 diversorii.
1048 1917 1163 1972 Non
1193 1921 1336 1978 cnim
1392 1927 1648 1994 pauperis
1689 1939 1745 1981 et
1776 1929 2025 1999 proscl‘yti

453 2003 755 2072 sus-iperet
791 2022 1097 2074 personam,
1137 2011 1180 2065 si
1201 2028 1296 2068 eos
1334 2026 1694 2072 aversaretur.
1738 2019 1888 2074 Unde
1930 2037 2029 2090 per

457 2093 620 2149 David
645 2095 782 2151 dixit
820 2114 832 2149 :
865 2099 1095 2176 Propter
1124 2105 1392 2159 miseriam
1413 2109 1648 2176 inopum,
1675 2121 1720 2162 et
1779 2113 2028 2181 gemitum

452 2199 768 2254 pauperum,
799 2204 936 2241 nunc
989 2207 1288 2262 exsurgant,
1334 2197 1459 2249 dicit
1525 2198 1866 2254 Dominus”.
1923 2200 2030 2256 Sed

453 2284 738 2344 postquam
775 2279 914 2334 hanc
947 2283 1252 2350 reperimus
1277 2285 1564 2341 utilitatem
1605 2289 1821 2349 litterae.
1885 2289 2030 2347 inte—

455 2365 652 2420 riorem
687 2369 738 2422 in
774 2387 834 2422 ea
860 2370 1191 2426 intellectum
1225 2376 1660 2434 consideremus.
1688 2382 1823 2436 Cum
1881 2385 2026 2438 enim

449 2471 580 2530 eger
604 2461 673 2513 sit
709 2463 964 2527 mundus,
1003 2465 1460 2531 quemadmodum
1505 2471 1662 2526 nobis
1689 2471 1940 2528 Christus
1957 2475 2032 2552 zi-

453 2551 728 2608 zaniorum
745 2554 1055 2622 parabolam
1083 2553 1448 2626 interpretans
1473 2561 1762 2626 tradidit“,
1785 2551 2030 2620 messnra

453 2654 582 2693 vero
607 2643 917 2714 evangelica
945 2644 1211 2710 doctrina,
1246 2647 1385 2701 sicut
1406 2665 1592 2703 rursus
1625 2651 1760 2706 dixit
1787 2653 2030 2724 discipu-

451 2730 516 2790 lis
539 2735 800 2789 Dominus
837 2754 849 2788 :
898 2735 1077 2789 Messis
1113 2738 1321 2806 quidem
1355 2739 1542 2805 multa,
1572 2743 1801 2810 operarii
1857 2755 2032 2800 autem

450 2828 625 2896 pauci.
651 2825 848 2896 Rogate
868 2844 988 2898 ergo
1035 2827 1314 2882 Dominum
1374 2833 1572 2896 messis,
1612 2842 1667 2886 ut
1707 2835 1882 2888 mittat
1907 2852 2032 2906 ope-

453 2919 701 2973 rariosin
735 2935 946 2972 utessem
965 2936 1118 2973 suam
1147 2921 1215 2972 ⁸⁸.
1290 2920 1444 2988 Quod
1506 2938 1672 2994 opere
1715 2927 2030 2996 explanatis,

449 3009 740 3064 duodecim
766 3009 1060 3079 discipulos
1087 3025 1149 3065 ex
1185 3011 1264 3066 eis
1302 3014 1642 3080 convocavit,
1697 3023 1753 3070 et
1769 3017 1849 3072 cis
1889 3017 2033 3074 illico

451 3099 676 3154 verbum
713 3098 1012 3154 doctrinale
1062 3101 1352 3156 commisit.
1402 3105 1599 3172 Aperte
1657 3123 1752 3177 per
1794 3123 1858 3162 ea
1912 3125 2033 3179 quae

449 3206 598 3250 nunc
655 3190 797 3246 dicta
843 3199 990 3257 sunt,
1041 3192 1316 3263 legislator
1364 3195 1677 3254 doctoribus
1713 3195 2026 3254 Iudaeorum

448 3283 724 3356 praecepit,
783 3300 1122 3356 nequaquam
1169 3288 1334 3344 totius
1357 3289 1492 3360 legis
1531 3289 2030 3360 interpretationem

449 3389 544 3430 eos
571 3382 882 3441 attrectare,
919 3378 1014 3432 sed
1053 3379 1250 3434 cedere
1290 3381 1534 3448 quaedam
1561 3375 1784 3451 pauperi
1817 3393 1872 3436 et
1906 3399 2034 3453 pro-

449 3467 653 3536 selyto,
684 3468 1000 3524 doctoribus
1039 3469 1288 3526 videlicet
1337 3472 1578 3543 gentium
1613 3493 1624 3526 :
1663 3490 1927 3544 pauperes
1951 3485 2034 3531 ct-

449 3559 670 3618 enimhi
707 3572 852 3627 sunt,
893 3563 1018 3632 quia
1053 3563 1245 3632 Spiritu
1298 3581 1564 3634 pauperes
1613 3582 1734 3620 esse
1778 3569 2032 3637 praecepti

449 3659 600 3714 sunt,
623 3661 678 3709 et
699 3654 763 3708 ad
812 3669 908 3710 eos
961 3656 1242 3710 dicebatur
1277 3677 1288 3709 :
1328 3657 1478 3711 Beati
1511 3675 1768 3728 pauperes
1820 3662 2032 3729 spiritu,

447 3745 571 3814 quia
601 3749 831 3814 ipsarth
867 3758 939 3802 cst
997 3766 1214 3819 regnum
1247 3749 1491 3804 coriorum
1524 3753 1567 3782 ⁸²
1603 3769 1614 3803 :
1654 3753 1906 3823 proselyti
1941 3769 2034 3808 au-

449 3843 580 3898 tem,
609 3844 666 3889 ut
705 3853 850 3890 nunc
873 3838 1206 3907 semetipsos
1241 3839 1551 3910 cogitationi
1581 3839 1810 3894 Abrahae
1840 3841 2032 3896 subin-

449 3927 708 3990 ferentcs.
751 3935 806 3982 et
833 3929 899 3984 ad
931 3927 1096 3982 Deum
1123 3933 1449 3985 accedentes
1504 3931 1666 3986 modo
1697 3948 1792 4000 per
1847 3933 2029 3987 fidem.

449 4017 593 4088 Ergo
627 4020 731 4074 hoc
757 4023 900 4092 quod
931 4023 1127 4092 legitur
1165 4039 1177 4074 :
1209 4023 1330 4076 Non
1373 4023 1591 4077 occides
1622 4041 1634 4076 :
1662 4021 1780 4079 Non
1813 4024 2031 4078 adulte-

449 4111 616 4172 rabis,
653 4112 884 4167 doceant
912 4113 1300 4169 ct-Judmorum
1353 4114 1624 4167 doctores.
1683 4113 2034 4186 Quaecunque

447 4208 630 4253 autem
656 4201 1022 4254 necessariam
1067 4201 1267 4254 habent
1293 4201 1806 4268 contemplationem
1834 4213 1890 4256 et
1944 4203 2032 4256 in-

449 4291 898 4358 terpretationem
925 4331 940 4354 ,
966 4292 1131 4346 veluti
1165 4306 1227 4344 ea
1259 4306 1378 4360 qua:
1411 4300 1538 4345 sunt
1568 4292 1636 4347 de
1666 4293 2034 4348 mundationi-

2127 1859 2336 1914 quium.

2202 1933 2362 1990 Vsus.
2407 1935 2493 1988 Η.
2537 1953 2557 1987 ι
2589 1934 2710 1989 Non
2751 1933 2966 1990 facietis
3003 1933 3206 1988 furtum
3242 1950 3254 1986 :
3303 1930 3420 1986 Non
3467 1928 3704 1985 mentie-

2129 2027 2300 2080 mini:
2335 2024 2446 2082 Nec
2484 2026 2716 2095 decipiet
2743 2027 3116 2098 unusquisque
3147 2023 3448 2094 proximum
3479 2035 3638 2076 suum
3682 2039 3699 2074 :

2130 2119 2248 2173 Non
2284 2117 2598 2188 perjurahis
2627 2117 2679 2171 in
2709 2120 2928 2172 nomine
2959 2133 3081 2174 meo
3121 2133 3135 2170 :
3183 2115 3298 2170 Non
3334 2113 3542 2184 pollues
3607 2125 3709 2165 no-

2131 2225 2255 2266 men
2286 2208 2379 2262 Dei
2419 2207 2517 2262 tui.
2544 2205 2656 2278 Ego
2681 2206 2962 2263 Dominus.
2999 2224 3018 2260 ι

2202 2299 2362 2354 Fines
2405 2299 2564 2354 nobis
2617 2300 2778 2354 home
2827 2297 3261 2354 conversationis
3307 2293 3583 2367 legislator
3617 2307 3710 2348 os-

2138 2389 2335 2456 tendit,
2373 2389 2643 2459 simulque
2689 2399 2746 2444 et
2786 2398 3030 2459 peccata,
3060 2403 3224 2458 quam
3253 2387 3320 2442 ad
3371 2401 3431 2442 se
3468 2385 3706 2439 invicem

2131 2485 2367 2540 habeant
2393 2481 2796 2554 cognationem,
2821 2480 3005 2536 tradit.
3041 2479 3173 2544 Qua:
3217 2477 3362 2534 enim
3397 2492 3501 2532 nos
3540 2489 3708 2546 parva

2132 2583 2404 2644 putamus,
2433 2571 2669 2627 maxima
2694 2575 2852 2626 sunt:
2877 2567 3144 2636 siquidem
3169 2567 3222 2622 in
3265 2564 3568 2627 mendacio,
3590 2561 3708 2618 sine

2133 2661 2293 2730 gulis,
2323 2669 2382 2714 nt
2405 2661 2477 2714 ita
2498 2661 2694 2725 dicam,
2725 2660 2918 2713 diebus
2949 2657 3190 2713 solemus
3237 2653 3578 2723 delinquere,
3621 2651 3706 2706 vel

2133 2751 2272 2815 loco,
2310 2751 2394 2804 vel
2416 2749 2617 2814 studio,
2651 2747 3008 2816 similiterque
3056 2741 3416 2816 iurisiurandi
3449 2737 3707 2812 praevari-

2133 2841 2368 2896 catione.
2403 2839 2530 2894 Haec
2573 2848 2756 2892 autem
2791 2839 2844 2891 in
2891 2847 3099 2891 tantum
3151 2843 3281 2890 sunt
3313 2847 3504 2902 parva,
3555 2839 3708 2884 utea

2133 2930 2282 2985 furto
2309 2929 2699 2999 conjungeret:
2741 2935 2798 2981 et
2828 2935 2993 2989 recte,
3025 2925 3150 2995 quia
3201 2923 3408 2978 furtum
3449 2925 3712 2990 operatur

2060 3053 2102 3112 ο
2137 3021 2456 3091 plerumque
2517 3016 2885 3073 mendacium.
2933 3017 3162 3112 Propter
3223 3013 3369 3084 quod
3413 3007 3714 3112 barbari-ao!

2135 3111 2422 3188 propheta,
2457 3109 2649 3164 falcem
2679 3123 2844 3178 quam
2868 3105 3268 3176 contemplatus
3302 3113 3386 3158 est
3413 3097 3715 3174 longitudi-

2135 3203 2222 3256 nis
2274 3201 2582 3256 cubitorum
2635 3200 2848 3271 viginti,
2914 3209 2970 3253 et
3038 3195 3340 3252 latitudinis
3400 3194 3715 3250 cubitorum

2135 3295 2347 3359 decem,
2381 3303 2566 3350 centra
2585 3295 2730 3348 fures
2767 3307 2908 3358 eam,
2930 3299 2986 3344 et
3015 3299 3202 3344 contra
3228 3287 3476 3357 perjuros
3507 3300 3715 3342 exacu-

2137 3395 2244 3440 tam
2280 3385 2692 3450 demonstravit,
2718 3385 2796 3438 ait
2819 3383 2963 3438 enim
2987 3401 3000 3436 :
3028 3382 3356 3453 [egredietur
3383 3380 3436 3432 in
3494 3380 3714 3432 domum

2136 3479 2288 3549 faris,
2311 3486 2360 3530 et
2397 3477 2597 3546 perjuri
2611 3477 2676 3530 ⁸⁸.
2706 3475 2812 3532 Sed
2836 3484 2892 3530 et
2912 3473 3166 3530 omnibus
3184 3471 3420 3544 peccatis
3443 3485 3714 3540 coopera-

2137 3575 2226 3619 tor
2275 3565 2653 3628 mendacium,
2712 3578 3054 3634 nequaquam
3115 3561 3259 3616 enim
3330 3565 3718 3628 corrumperet

2137 3657 2372 3712 Thamar
2448 3659 2680 3712 Ammon
2699 3657 2774 3720 ⁸⁷,
2843 3655 2885 3710 si
2954 3653 3362 3724 corruptionem
3422 3650 3716 3706 mendacio

2141 3749 2303 3802 David
2361 3748 2640 3816 decipiens
2703 3746 3090 3816 praevenisset:
3165 3745 3262 3800 sed
3330 3759 3435 3800 nec
3494 3742 3714 3798 Naboth

2137 3841 2421 3896 lsraeliten
2464 3839 2680 3894 Jezabcl
2737 3839 3090 3905 occideret“;
3137 3837 3243 3892 nisi
3281 3836 3469 3891 falsam
3516 3843 3714 3890 contra

2136 3947 2262 3986 eum
2294 3946 2390 4000 per
2423 3930 2668 3983 seniores
2701 3927 3102 3982 accusationem
3133 3925 3570 3994 composuisset:
3605 3922 3715 3976 Be-

2137 4024 2336 4078 uedixit
2389 4021 2494 4074 Deo
2537 4031 2586 4074 et
2635 4021 2764 4090 regi.
2833 4019 2901 4073 Et
2936 4019 3052 4072 haec
3106 4017 3326 4088 quidem
3384 4032 3508 4071 cum
3558 4015 3718 4070 omni

2135 4114 2458 4179 subtilitate,
2515 4121 2726 4182 utpote,
2785 4109 2896 4165 Deo
2946 4094 3248 4174 sanciente,
3283 4106 3712 4162 custodiamus:

2135 4224 2257 4262 cum
2288 4206 2374 4260 his
2401 4214 2582 4260 autem
2607 4211 2661 4256 et
2690 4203 2857 4268 furto,
2888 4219 2998 4256 non
3053 4203 3170 4257 solo
3217 4217 3324 4271 quo
3357 4199 3410 4253 in
3464 4199 3718 4270 pecuniis

2135 4297 2374 4367 delinqui
2403 4304 2601 4367 potest,
2649 4295 2742 4348 sed
2791 4305 2846 4348 et
2891 4293 2960 4348 ab
2989 4293 3138 4347 omni
3181 4292 3286 4346 alio
3341 4289 3716 4358 nosmetipsos

451 4380 575 4440 bus,
601 4381 670 4434 de
713 4383 1014 4448 sacriﬁciis,
1049 4393 1104 4438 et
1133 4383 1234 4437 alia
1257 4383 1476 4450 similia,
1500 4385 1815 4442 doctoribus
1843 4396 1898 4442 et
1923 4386 2025 4442 Ec-
2058 4394 2102 4450 υ
2130 4389 2537 4451 abstineamus,
2583 4384 2728 4456 quod
2779 4398 2864 4439 εει
2915 4383 3183 4438 malitiose
3235 4384 3380 4436 circa
3433 4381 3716 4451 proximos

448 4471 627 4525 clesiae
647 4472 863 4525 cedant.

513 4561 582 4612 Et
607 4577 723 4630 quae
759 4561 1000 4615 decidunt
1021 4561 1084 4617 de
1115 4581 1348 4620 messura
1408 4582 1608 4619 eorum.
1645 4565 1703 4620 ω
1739 4573 1843 4631 est,
1873 4582 2023 4638 qum-

451 4665 671 4722 cunquc
702 4661 934 4710 cernunt
959 4669 1054 4708 eos
1101 4657 1575 4727 trausgredientia,
1618 4673 1742 4728 qua:
1771 4658 2024 4714 videlicet

451 4743 720 4816 ignorant.
754 4743 910 4800 Unde
935 4745 1080 4800 enim
1108 4757 1338 4817 possunt
1384 4747 1566 4804 dicere
1613 4748 1746 4820 legis
1798 4749 2026 4822 figurata

447 4835 727 4906 mysteria,
782 4851 904 4890 cum
951 4836 1072 4908 ejus
1120 4837 1404 4893 veritatem
1455 4838 1704 4895 Christus
1742 4848 2026 4911 postquam

446 4927 686 4992 advenit,
742 4927 1064 4984 tradiderit?
1089 4927 1258 4984 Vinea
1291 4939 1472 4985 autem
1521 4929 1637 5000 ipse
1665 4930 1898 5001 populus
1929 4929 2028 4986 Ju-

446 5017 685 5072 daeorum
709 5019 1010 5084 dicebatur,
1033 5020 1178 5090 quod
1196 5020 1536 5074 demonstrat
1559 5021 1706 5076 Deus
1723 5037 1818 5092 per
1834 5021 2024 5076 Isaiam

449 5103 885 5164 dieens“:Vinea
911 5111 1050 5164 enim
1079 5111 1292 5164 Domini
1320 5111 1570 5177 Sabaoth,
1620 5113 1804 5168 domus
1854 5113 2029 5168 Israel

449 5207 544 5252 est.
581 5199 688 5254 ista
720 5200 960 5256 fructum
985 5202 1270 5258 mulierem
1299 5219 1408 5257 non
1431 5202 1662 5270 ferebat,
1695 5204 1747 5258 in
1781 5221 1890 5274 quo
1906 5221 2024 5259 eam

452 5292 865 5360 reprehendens
896 5309 994 5364 per
1015 5293 1163 5351 Isaiae
1188 5297 1530 5366 prophetiam
1561 5297 1824 5352 Dominus
1853 5297 2023 5352 dixit:

452 5377 590 5454 Quid
624 5383 818 5453 faciam
848 5387 1012 5440 vinea:
1042 5402 1170 5440 mea:
1199 5387 1370 5440 adhuc
1413 5388 1550 5457 quod
1579 5390 1627 5441 ei
1657 5403 1758 5440 non
1781 5387 2030 5457 fecerim?

524 5578 570 5648 ξ’
602 5578 798 5648 Psalm.
833 5597 904 5644 xi,
938 5581 992 5633 ϐ.
1063 5583 1109 5615 ⁸ο
1140 5583 1326 5638 Matth.
1354 5601 1471 5648 xm,
1499 5586 1590 5638 50.
1664 5586 1704 5616 ⁸¹
1738 5585 1867 5638 Luc.
1902 5602 1952 5648 κ,
1983 5587 2029 5638 2.

2131 5584 2339 5639 Matth.
2370 5600 2420 5648 ν,
2457 5587 2510 5640 ’5.

932 5652 974 5680 ⁸⁷
1005 5651 1047 5704 ll
1078 5652 1208 5723 Reg.
1239 5671 1353 5708 χιιι.
1430 5656 1477 5685 ⁸⁸
1503 5655 1571 5708 lll
1607 5654 1737 5726 Reg.
1773 5671 1885 5709 xxi.
1963 5657 2006 5688 ⁸⁸
2031 5654 2168 5710 Gen.
2199 5672 2284 5721 XL,
2329 5655 2413 5710 l5.

458 5643 501 5676 ”
523 5645 688 5702 zaclt.
719 5665 770 5712 γ,
804 5649 855 5701 5.

2133 4489 2314 4545 agere,
2344 4473 2655 4541 malumque
2709 4471 2792 4526 eis
2819 4471 3054 4540 operari,
3115 4483 3172 4526 et
3222 4470 3396 4524 moliri
3447 4469 3718 4524 adversus

2133 4579 2230 4619 eos
2262 4571 2517 4627 mortem,
2552 4561 2640 4616 vel
2679 4561 2886 4633 fugam,
2936 4567 3032 4614 aut
3077 4561 3418 4621 servitutem,
3473 4559 3557 4612 vel
3607 4559 3717 4613 alia

2132 4654 2330 4710 similia
2353 4653 2539 4708 dolosa
2557 4662 2720 4722 atque
2747 4651 2976 4705 nefaria.
3018 4649 3175 4708 Unde
3225 4656 3284 4704 et
3300 4648 3522 4718 Joseph,
3557 4648 3618 4700 in
3652 4664 3718 4702 se

2130 4747 2454 4818 iniustitiam
2490 4761 2521 4801 a
2563 4745 2823 4802 fratribus
2871 4743 3092 4808 factam,
3130 4742 3336 4798 furtum
3392 4739 3722 4812 appellavit,

2128 4839 2197 4898 ad
2228 4838 2529 4910 principem
2561 4837 2969 4908 pincernarum,
2998 4835 3228 4891 dicens:
3269 4834 3530 4888 Memento
3586 4833 3717 4899 mei,

2128 4947 2245 4986 cum
2275 4929 2401 4984 bene
2431 4930 2524 4982 tibi
2553 4929 2732 5000 fuerit,
2767 4935 2826 4981 ut
2860 4943 3113 4998 suggeras
3158 4925 3223 4980 de
3269 4941 3352 4978 me
3403 4923 3710 4986 Pharaoni,

2128 5033 2176 5077 et
2207 5021 2392 5076 educat
2418 5037 2498 5074 me
2522 5022 2584 5074 de
2615 5020 2714 5074 ista
2733 5035 2959 5083 carcere,
2996 5018 3121 5089 quia
3162 5019 3302 5088 furto
3332 5015 3569 5068 sublatus
3593 5029 3714 5066 sum

2127 5116 2192 5169 de
2221 5124 2363 5169 terra
2387 5111 2806 5168 Hebra’orum".
2835 5109 3147 5164 Devitemus
3181 5117 3364 5162 autem
3389 5113 3446 5160 et
3486 5103 3716 5158 menda-

2127 5205 2296 5272 cium,
2316 5204 2372 5258 iu
2399 5219 2508 5274 quo
2529 5203 2747 5273 quidam
2767 5201 2870 5256 sub
2892 5202 3073 5273 specie
3095 5199 3338 5258 veritatis
3359 5197 3712 5266 delinquunt,

2129 5295 2455 5350 calumniam
2490 5295 2755 5349 facientes
2786 5293 3035 5364 proximo
3078 5292 3251 5362 magis
3305 5297 3489 5344 mente
3545 5301 3712 5355 quam

2137 5387 2339 5457 lingua,
2365 5385 2821 5458 quemadmodum
2855 5385 2912 5442 hi
2941 5383 3033 5456 qui
3064 5382 3324 5437 dixerunt
3348 5381 3414 5435 de
3449 5379 3714 5432 Domino.

3000 5585 3046 5617 “
3076 5584 3206 5640 ibid.

2587 5587 2634 5619 ⁸³
2661 5585 2766 5640 lsa.
2795 5586 2922 5652 v,7.
3000 5585 3046 5617 “
3076 5584 3206 5640 ibid.
3285 5584 3328 5616 ⁸³
3361 5581 3463 5635 lsa.
3505 5579 3704 5646 LXV,8.
