4038 6182
360 189 498 251 1025

1501 186 1583 245 IN
1624 186 2161 261 LEVITICUMK—
2190 186 2335 246 LIB.
2369 188 2467 248 VI.

3460 197 3596 265 i026

302 342 307 348 .
354 305 499 358 Dixit
552 300 775 358 Possunt
803 302 1001 357 uiuere
1034 302 1285 368 templum
1306 303 1420 365 hoc,
1451 310 1499 354 et
1528 303 1583 354 in
1616 300 1783 354 tribus
1813 302 1926 355 die-
1952 313 2000 366 Α
2031 302 2083 355 in
2120 302 2263 367 cibo,
2294 303 2387 357 sed
2424 311 2479 358 et
2508 317 2603 371 per
2634 305 2779 360 hunc
2794 307 2959 361 etiam
2988 307 3040 361 in
3068 309 3216 365 vita?
3244 312 3413 369 vitam
3448 315 3594 371 enim

350 401 446 449 bus
467 394 731 462 wdiﬁcare
780 393 997 448 illud”.
1046 392 1288 448 Locutus
1336 392 1517 448 fuerat
1548 393 1767 462 quidem
1810 392 1926 446 haec

352 484 634 547 Dominus,
691 485 911 553 quando
946 484 1118 539 Judaei
1154 484 1220 538 ad
1251 499 1376 537 eum
1426 482 1715 537 dixerunt:
1773 481 1923 546 Quod

348 579 557 647 signum
586 577 816 631 ostendis
840 577 987 630 nobis
1006 577 1133 644 quia
1165 576 1276 630 lucc
1308 576 1479 645 facis?
1505 574 1624 644 Ipse
1647 582 1829 628 autem
1854 574 1925 629 ad

348 683 445 724 eos
480 687 494 722 :
526 666 722 723 Solvite
745 666 996 735 templum
1029 666 1144 730 hoc,
1176 676 1225 719 et
1255 666 1309 717 in
1347 665 1513 717 tribus
1555 664 1732 717 diebus
1753 663 1925 731 aediﬁ-

348 762 475 815 cubo
499 761 634 816 illud
649 761 717 814 ".
769 759 879 814 Sed
906 772 1019 812 non
1072 756 1372 813 secundum
1399 755 1546 809 illam
1593 755 1783 810 dicens
1819 755 1925 809 hoc

349 852 733 916 intentionem,
764 849 1068 905 secundum
1111 863 1274 917 quam
1318 847 1373 903 hi
1401 847 1494 915 qui
1550 847 1923 902 testimonium

348 952 541 1000 contra
596 958 723 998 eum
774 942 998 1004 dabant,
1053 939 1343 994 dixerunt:
1409 938 1623 992 Dicebat
1669 939 1811 992 enim
1859 938 1924 991 de

352 1034 548 1104 templo
581 1032 815 1100 corporis
841 1032 946 1087 sui.
973 1030 1054 1085 illi
1091 1037 1272 1085 autem
1303 1029 1419 1083 hanc
1451 1028 1592 1083 sicut
1624 1029 1693 1084 de
1721 1028 1923 1098 templo

352 1127 500 1181 dicta
533 1125 847 1179 Judaeorum
897 1122 1308 1187 asseverabant,
1346 1121 1491 1175 unde
1526 1137 1622 1176 eos
1661 1127 1718 1175 et
1756 1120 1922 1175 falsos

352 1229 523 1274 testes
568 1220 614 1250 θ’
678 1218 906 1287 spiritus
942 1216 1257 1286 appellavit.
1299 1215 1407 1271 Pro
1455 1214 1699 1285 perjurio
1739 1224 1922 1268 autem

350 1310 705 1380 Septuaginta
730 1310 930 1363 edunt:
974 1307 1096 1361 Non
1151 1308 1386 1362 leuabitis
1428 1323 1611 1361 nomen
1655 1322 1828 1359 meum
1864 1306 1923 1357 in

347 1404 627 1470 injustam.
683 1400 1076 1469 Jusjurandum
1134 1414 1269 1453 vero
1296 1399 1354 1453 in
1391 1399 1596 1467 iniusto
1656 1406 1764 1459 est,
1811 1410 1921 1451 non

346 1494 520 1547 solum
555 1493 700 1561 quod
749 1492 1155 1561 praevaricatur,
1192 1490 1286 1543 sed
1338 1490 1501 1543 etiam
1539 1489 1685 1558 quod
1719 1488 1921 1557 injuste

345 1584 669 1646 custoditur,
729 1583 895 1636 veluti
946 1582 1105 1649 quale
1151 1580 1287 1634 illud
1319 1580 1443 1644 fuit,
1476 1580 1622 1648 quod
1674 1578 1919 1633 Herodes

322 1656 477 1727 filias
517 1672 837 1727 llerodiadis
888 1672 1114 1740 jurans,
1156 1669 1391 1725 Joannis
1442 1670 1701 1739 Baptistae
1746 1676 1912 1736 caput
1947 1656 1992 1715 Β

343 1765 623 1820 abscidit:
683 1765 977 1834 oportebat
1020 1763 1165 1816 enim
1214 1762 1321 1816 hoc
1354 1778 1481 1816 eum
1532 1762 1914 1832 jusjurandum

344 1874 453 1912 non
481 1859 744 1928 praebere,
780 1866 1069 1925 postquam
1106 1862 1289 1908 tamen
1309 1854 1533 1923 juravit,
1579 1869 1690 1906 non
1728 1860 1916 1906 custo-

345 1952 483 2015 dire,
518 1950 646 2019 quia
697 1950 823 2003 talia
873 1955 1232 2011 sacramenta,
1279 1961 1386 1999 nec
1430 1945 1644 1998 initium
1696 1958 1915 1998 sumere

343 2043 489 2097 Deus
515 2042 650 2105 vult,
683 2040 778 2093 sed
804 2053 908 2092 nec
961 2037 1236 2091 sumentia
1268 2036 1335 2089 ad
1378 2035 1541 2089 linem
1598 2035 1911 2103 pervenire;

345 2133 489 2186 unde
514 2132 728 2185 dicens:
751 2128 870 2181 Non
897 2128 1134 2181 leuabitis
1177 2142 1367 2180 nomen
1407 2142 1581 2179 meum
1608 2127 1664 2177 in
1691 2125 1910 2193 injuste,

345 2221 695 2276 addiditzEt
750 2235 854 2272 non
901 2217 1255 2286 profanubitis
1310 2232 1501 2270 nomen
1555 2215 1764 2268 Doutini
1816 2213 1913 2267 Dei

343 2311 502 2379 vestri
516 2328 539 2377 ;
577 2312 721 2381 quod
748 2310 1062 2380 Hieronymi
1091 2305 1378 2363 translatio
1410 2306 1603 2362 edidit.

413 2403 535 2457 Non
567 2402 768 2473 pollues
795 2416 984 2455 nomen
1005 2399 1101 2454 Dei
1123 2400 1220 2452 tui.
1252 2396 1536 2463 Quomodo
1571 2405 1755 2451 autem
1789 2396 1917 2464 quis

346 2494 478 2549 illud
514 2492 788 2562 profanat,
839 2492 963 2546 dico
1009 2507 1024 2543 :
1059 2490 1115 2544 id
1149 2499 1254 2552 est,
1292 2489 1434 2544 male
1460 2487 1733 2552 faciendo,
1787 2487 1912 2556 quia

339 2585 728 2656 jusjurandum
749 2582 1051 2652 transgredi
1079 2596 1188 2634 non
1219 2588 1421 2649 potest.
1449 2578 1614 2647 Atqui
1632 2578 1792 2643 Deus,
1815 2592 1912 2646 per

341 2694 502 2750 quem
526 2678 767 2741 intravit,
794 2677 851 2729 in
883 2684 1095 2729 tantum
1124 2674 1267 2728 bona
1294 2674 1432 2738 vult,
1459 2673 1609 2742 quia,
1636 2673 1739 2728 etsi
1786 2687 1910 2741 per-

341 2769 555 2823 miserit
603 2768 672 2822 de
706 2765 1029 2835 quibusdam
1076 2764 1358 2827 terribilia,
1405 2764 1481 2816 illi
1514 2773 1697 2819 autem
1736 2762 1909 2831 pruni-

344 2870 586 2927 tuerunt,
622 2876 733 2914 non
773 2860 951 2914 tardat
975 2858 1175 2913 mutari
1236 2856 1588 2919 sententiam,
1640 2868 1908 2922 nuntiique

339 2967 650 3009 sermonem
682 2967 790 3006 non
818 2950 1115 3021 retragare,
1134 2958 1195 3004 ut
1216 2948 1473 3017 quiddam
1502 2946 1662 3003 nobis
1690 2945 1907 3015 pietatis

338 3043 638 3114 impendat,
656 3050 876 3110 propter
893 3040 1040 3110 quod
1066 3039 1310 3097 addidit:
1340 3039 1451 3108 Ego
1470 3038 1742 3091 Dominus.
1772 3037 1909 3102 Qua.

334 3131 443 3189 lis?
469 3136 539 3190 de
567 3149 675 3203 quo
717 3132 794 3189 ait
832 3130 986 3188 Jonas
1035 3130 1341 3201 prophetia,
1395 3130 1617 3199 quando
1654 3129 1909 3184 Ninivitae

337 3231 745 3300 jejunaverunt,
796 3235 853 3281 et
891 3232 1204 3289 oraverunt,
1236 3235 1294 3279 et
1342 3223 1596 3293 paenituit
1637 3224 1808 3285 Deum
1838 3223 1909 3277 de

340 3322 544 3376 malitia
560 3335 723 3390 quam
740 3320 954 3373 locutus
978 3326 1082 3382 est,
1102 3324 1163 3370 ut
1187 3315 1393 3370 faceret
1412 3314 1515 3378 eis,
1539 3322 1596 3368 et
1624 3328 1736 3367 non
1754 3314 1906 3369 fecit.

337 3412 505 3467 Multa
534 3421 715 3466 autem
750 3421 806 3464 et
829 3410 932 3463 alia
966 3405 1281 3476 hujusmodi
1304 3407 1585 3475 prophetae
1631 3406 1903 3460 dixerunt.

413 3503 572 3558 Vsus.
600 3504 688 3566 15,
722 3501 807 3555 tt.
845 3518 867 3552 ι
910 3499 1028 3555 Non
1072 3497 1241 3554 facies
1288 3496 1617 3551 cahuuniam
1661 3492 1908 3562 proximo

340 3607 581 3660 tuo,nec
625 3595 679 3648 vi
734 3590 1013 3661 opprimes
1070 3603 1217 3643 curn.
1269 3586 1387 3640 Non
1439 3584 1734 3639 morabitur
1770 3596 1909 3650 opus

336 3687 665 3745 mercenarii
717 3686 859 3753 apud
902 3693 957 3739 te
994 3697 1166 3752 usque
1213 3694 1396 3735 mane.
1447 3676 1566 3732 Non
1616 3674 1907 3731 maledicos

335 3783 522 3844 surdo,
558 3793 661 3834 nec
692 3792 878 3832 coram
925 3790 1071 3830 caeco
1128 3785 1301 3843 pones
1346 3768 1756 3831 oti‘cndiculum,
1811 3766 1907 3820 sed

336 3873 557 3931 timebis
586 3874 756 3926 Deum
791 3876 973 3933 tuum,
997 3865 1124 3936 quia
1146 3879 1248 3934 ego
1278 3879 1397 3919 sum
1423 3861 1709 3917 Dominus.
1738 3878 1763 3910 s

407 3965 568 4019 Vides
586 3960 1042 4032 quemadmodum
1061 3956 1318 4028 paulatim
1340 3954 1434 4008 lex.
1471 3953 1590 4021 ejus
1615 3953 1707 4021 qui
1728 3953 1903 4021 legem

330 4059 562 4128 accepit,
591 4055 736 4110 colat
767 4061 1027 4115 mentem,
1073 4058 1131 4104 et
1176 4064 1239 4103 ea
1290 4062 1415 4116 quae
1442 4046 1699 4099 videntur
1738 4059 1904 4113 parva

330 4149 613 4221 conjunait
639 4145 869 4217 magnis,
896 4150 961 4196 ut
986 4142 1178 4195 timore
1220 4138 1460 4194 deﬁnita
1507 4137 1564 4190 in
1606 4135 1903 4205 majoribus

333 4237 570 4309 peccatis
597 4249 797 4305 paenae,
831 4239 887 4285 et
915 4244 945 4282 a
976 4227 1285 4283 minoribus
1308 4225 1701 4281 abstineamus.
1747 4220 1903 4277 Sicut

2030 395 2086 446 in
2114 392 2240 448 cibo
2260 394 2583 462 quotidiana
2604 397 2772 451 ducit.
2827 396 2967 466 Ergo
2994 408 3050 453 et
3084 399 3129 454 si
3169 409 3413 459 crastmo
3460 403 3599 459 reci-

2026 487 2163 555 piat,
2195 486 2324 555 quia
2353 487 2631 555 praeterito
2662 488 2773 553 die,
2821 489 2876 542 in
2905 505 3014 559 quo
3040 492 3273 549 laborem
3308 495 3594 562 sustinuit,

2024 578 2327 648 permansit
2344 579 2592 648 jejunus,
2619 580 2728 634 vim
2760 581 2982 650 pertulit
3010 590 3066 637 et
3096 585 3425 642 calumniam
3473 603 3598 657 pas-

2027 686 2125 728 sus
2154 680 2258 726 est.
2286 672 2355 726 Et
2374 672 2521 741 quod
2544 672 2671 728 aliis
2694 673 2999 729 substantia
3022 684 3126 740 est,
3161 676 3266 731 hoc
3303 688 3433 733 sunt
3454 695 3600 734 mer-

2027 761 2192 816 cedes
2233 759 2640 815 laborantibus:
2701 777 2831 832 εει-κο
2881 772 3026 817 recte
3066 765 3148 818 vis
3192 765 3357 819 etiam
3401 766 3597 822 borum

2010 856 2261 924 ‘privatio
2277 854 2500 909 dicitur.
2532 855 2639 909 Sed
2658 864 2715 911 et
2737 857 2831 926 qui
2856 857 3133 913 maledicit
3160 859 3346 924 surdo,
3369 861 3601 916 multum

2023 956 2207 1011 nocet,
2239 956 2295 1000 et
2331 947 2422 1014 qui
2456 946 2610 1015 ponit
2640 963 2821 1001 coram
2857 951 3016 1004 caecis
3058 950 3473 1015 oﬂ'endiculum,
3532 954 3590 1008 in

2022 1053 2131 1107 quo
2159 1039 2393 1107 pedibus
2421 1037 2721 1093 oﬁ‘endant.
2756 1039 2809 1093 ls
2854 1040 3072 1109 quidem
3124 1042 3219 1110 qui
3247 1044 3448 1097 surdus
3490 1055 3593 1108 est,

2023 1131 2151 1184 dum
2183 1129 2547 1194 maledicitur,
2586 1138 2834 1196 nocetur,
2895 1146 3005 1184 non
3044 1134 3219 1187 solum
3249 1135 3375 1203 quia
3409 1136 3477 1189 de
3529 1152 3596 1191 eo

2022 1221 2348 1285 detrahitur,
2374 1222 2469 1274 sed
2505 1221 2632 1289 quia
2662 1230 2716 1275 et
2744 1223 3058 1286 emendare,
3094 1232 3189 1276 aut
3224 1223 3342 1279 haec
3377 1240 3590 1290 cavere,

2024 1315 2079 1367 in
2110 1315 2309 1382 quibus
2362 1314 2429 1367 de
2473 1328 2540 1367 eo
2584 1313 2910 1378 detrahitur,
2955 1330 3063 1368 non
3104 1322 3304 1384 potest.
3343 1316 3446 1372 Sed
3492 1333 3594 1372 nec

2021 1419 2199 1458 caecus
2225 1404 2293 1457 ab
2320 1403 2673 1465 otl‘endiculo,
2704 1405 2846 1471 quod
2876 1404 2926 1456 ei
2962 1406 3206 1472 ponitur,
3234 1408 3508 1462 custodire
3534 1423 3595 1463 se

2020 1504 2217 1564 potest.
2248 1495 2445 1548 Evenit
2463 1502 2644 1547 autem
2671 1506 2720 1546 et
2748 1494 2876 1548 huic
2901 1505 2954 1547 et
2984 1495 3060 1547 illi
3084 1510 3148 1547 ex
3176 1503 3405 1564 utroque
3424 1513 3591 1562 mors,

2022 1601 2166 1640 (ευξρο
2204 1586 2446 1654 quidem,
2492 1584 2622 1638 dum
2672 1585 2975 1637 conteritur
3031 1600 3128 1653 per
3160 1584 3582 1642 oll‘endiculum:

2018 1676 2184 1729 surdo
2209 1685 2391 1729 autem
2420 1674 2751 1738 maledictio,
2774 1675 2927 1744 quasi
2963 1676 3032 1729 de
3057 1675 3307 1744 l‘rincipe
3327 1677 3591 1732 detraxis-

2020 1775 2124 1828 set,
2150 1774 2245 1819 aut
2271 1765 2416 1818 aliud
2433 1765 2709 1834 quidpiam
2740 1764 2974 1827 fecisset,
3015 1766 3158 1835 quod
3187 1766 3241 1820 ei
3290 1768 3588 1833 periculum

2020 1856 2314 1924 ingereret,
2381 1856 2729 1923 semetipsum
2765 1855 2991 1909 minime
3041 1857 3357 1926 corrigenti,
3402 1866 3463 1912 et
3486 1858 3592 1913 hoc

2017 1947 2163 2014 quod
2214 1947 2430 2000 videtur
2480 1961 2601 1999 esse
2651 1961 2903 2016 parvum,
2939 1947 3083 2016 quod
3135 1963 3167 2001 a
3218 1948 3401 2004 multis
3444 1964 3591 2020 sape

1972 2069 1977 2075 ο
2018 2039 2334 2092 ludentibus
2360 2033 2714 2107 delinquitur,
2770 2040 2966 2092 transit
3006 2040 3073 2093 ad
3121 2050 3383 2096 mortem:
3443 2045 3587 2098 unde

2016 2130 2179 2183 nimis
2214 2141 2523 2197 opportune
2570 2128 2739 2182 David
2768 2129 2904 2182 dixit
2932 2144 3079 2191 eum,
3108 2132 3198 2199 qui
3240 2132 3295 2184 in
3338 2134 3587 2187 cathedra
3676 2182 3687 2193 ,

2015 2220 2453 2291 peculatum-id
2503 2229 2611 2287 est,
2651 2220 3021 2275 deridentium
3052 2238 3156 2274 non
3200 2223 3333 2277 sedit
3349 2224 3414 2277 νδ.
3474 2223 3589 2278 Nos

2013 2320 2197 2366 autem
2228 2311 2295 2365 ad
2322 2312 2512 2366 eadem
2536 2326 2727 2367 rursus
2759 2313 3103 2380 exsequenda
3127 2328 3431 2384 pergamus.
3464 2314 3585 2368 Non

2013 2405 2160 2459 enim
2225 2405 2403 2458 solum
2457 2404 2813 2473 pecuniarum
2850 2403 3183 2458 calumniam
3241 2414 3301 2459 et
3347 2407 3457 2459 vim
3498 2407 3589 2460 lex

2014 2494 2326 2564 prohibuit,
2348 2495 2444 2549 sed
2470 2505 2528 2549 et
2547 2510 2764 2548 omnem
2788 2494 2969 2559 aliam,
2998 2505 3053 2549 et
3078 2497 3248 2551 multo
3267 2498 3438 2567 magis
3463 2513 3583 2552 eam

2013 2600 2134 2653 qua:
2165 2593 2248 2638 est
2274 2585 2330 2637 in
2357 2584 2716 2652 spiritalibus,
2750 2594 2812 2637 ut
2860 2599 2971 2638 non
3009 2586 3231 2655 gloriam
3262 2587 3585 2657 arripiamus

2012 2676 2260 2740 alterius,
2287 2691 2393 2731 nec
2420 2676 2565 2744 quod
2597 2676 2823 2730 alterius
2860 2676 3044 2731 labore
3069 2686 3373 2733 correctum
3402 2688 3507 2742 est,
3524 2680 3582 2734 in

2012 2765 2423 2833 nobismetipsis
2452 2765 2815 2830 attrahamus,
2862 2775 3089 2835 propter
3117 2767 3263 2835 quod
3300 2777 3355 2821 et
3383 2767 3585 2823 Paulus

2010 2855 2258 2910 diccbat:
2290 2855 2408 2909 Non
2438 2856 2574 2909 enim
2614 2855 2792 2909 aliena
2817 2855 3025 2924 regula,
3058 2858 3113 2910 in
3142 2857 3222 2910 his
3249 2874 3366 2926 quw
3384 2869 3578 2927 parata

2008 2955 2149 3010 sunt,
2185 2946 2407 3017 giariari
2426 2947 2495 3000 ".
2526 2946 2595 3000 Et
2617 2962 2826 3013 rursus,
2850 2946 3111 3002 donatum
3139 2947 3243 3001 sibi
3263 2947 3392 3002 dicit
3421 2963 3585 3004 evan-

2010 3036 2267 3105 gelizare,
2298 3052 2410 3091 non
2444 3037 2536 3091 ubi
2567 3038 2882 3092 nominatus
2901 3047 2987 3093 est
3011 3038 3283 3105 Christus,
3320 3054 3390 3092 ne
3420 3054 3584 3109 super

2008 3127 2230 3181 alterius
2267 3126 2681 3182 fundamentum
2710 3128 3088 3183 aediﬁcaret".
3120 3129 3365 3184 Alterum
3399 3138 3580 3185 autem

2009 3217 2233 3272 alterius
2261 3218 2637 3288 interpretatio
2659 3230 2763 3275 est.
2787 3219 3015 3275 Nolcbat
3035 3220 3178 3274 enim
3203 3221 3579 3290 praeiudicare,

2010 3309 2103 3365 ubi
2157 3310 2296 3367 alter
2343 3311 2676 3380 pradicavit,
2727 3320 2786 3365 ut
2823 3325 2934 3364 non
2983 3312 3261 3366 mercedes
3316 3312 3584 3381 arriperet

2009 3401 2233 3457 alienas.
2261 3402 2336 3456 De
2373 3402 2460 3457 bis
2490 3402 2635 3457 enim
2663 3401 3004 3457 mercedibus
3026 3401 3104 3455 ait
3118 3401 3425 3471 legislator:
3462 3401 3583 3456 Non

2010 3494 2302 3548 morabitur
2334 3511 2462 3562 opus
2500 3494 2812 3547 mercenarii
2836 3495 2981 3561 apud
3009 3504 3060 3547 te
3095 3510 3261 3562 usque
3298 3510 3472 3548 unane.

2080 3584 2198 3640 Non
2240 3590 2351 3655 jam
2402 3584 2840 3653 praedicantibus,
2875 3584 2969 3638 sed
3016 3584 3195 3639 adhuc
3244 3586 3583 3639 discentibus

2009 3678 2405 3732 mandansnott
2433 3676 2729 3746 negligere,
2754 3691 2857 3730 nec
2885 3675 3123 3729 otiosum
3149 3676 3291 3745 apud
3322 3691 3381 3730 se
3399 3675 3581 3729 sinere

2006 3767 2285 3823 doctorale
2316 3766 2576 3831 verbum;
2616 3766 2993 3820 mercenarius
3036 3767 3182 3820 enim
3217 3766 3312 3820 Dei
3347 3774 3453 3830 est,
3486 3766 3576 3835 qui

2006 3860 2266 3929 pradicet
2318 3859 2547 3913 verbum
2609 3857 2751 3926 ejus.
2803 3856 3013 3912 Merces
3062 3866 3249 3910 autem
3322 3857 3441 3924 ejus
3494 3864 3578 3910 est

2006 3948 2295 4003 retributio
2327 3945 2756 4017 pradicalionis,
2788 3946 2967 4001 veraci
2997 3945 3272 4000 existente
3307 3943 3471 4014 hujus
3498 3944 3578 3998 rei

2005 4048 2146 4095 teste
2170 4037 2361 4103 Paulo,
2398 4037 2489 4107 qui
2520 4036 2657 4091 dicit
2691 4054 2704 4088 :
2742 4034 2874 4100 Quae
2902 4046 2977 4092 est
3018 4051 3141 4105 ergo
3184 4049 3381 4087 merces
3420 4033 3579 4087 mea?
3678 4109 3695 4117 -

2008 4128 2071 4182 Ut
2117 4125 2465 4195 Evangeliunt
2530 4122 2865 4193 prtedicena,
2923 4124 3037 4177 sine
3101 4131 3310 4191 sumptu
3379 4135 3574 4189 ponam

2004 4215 2350 4285 Evangelia»:
2374 4214 2651 4269 Christi".
2674 4212 3024 4282 Septuaginta
3045 4221 3226 4267 autem
3244 4212 3413 4266 edunt
3430 4209 3575 4264 :Non

330 4305 483 4384 enim
515 4327 595 4381 eis
637 4323 919 4379 sociantur
968 4319 1029 4372 in
1078 4316 1361 4381 mandato,
1412 4314 1482 4368 ita
1531 4322 1589 4367 et
1637 4313 1693 4367 in
1743 4327 1899 4382 pruna
1931 4329 1975 4383 ι)
2002 4309 2227 4363 dormiet
2260 4323 2453 4361 merces
2485 4306 2796 4363 mercenarii
2829 4305 2909 4357 tui
2934 4305 3078 4372 apud
3112 4316 3182 4368 te,
3215 4319 3374 4373 usque
3401 4318 3570 4359 mane.

331 4421 647 4482 sociantur;
679 4415 806 4485 quia
837 4413 927 4482 qui
949 4410 1111 4481 legem
1133 4418 1300 4464 totam
1337 4406 1637 4470 servaverit,
1674 4406 1899 4475 oﬁ’endat

329 4520 507 4565 autem
554 4509 611 4561 in
654 4522 779 4569 uno,
808 4507 977 4575 factus
1011 4511 1086 4556 est
1130 4502 1363 4555 omnium
1400 4499 1600 4553 reus“.
1652 4498 1757 4554 Sed
1793 4513 1898 4552 nec

327 4604 525 4657 frustra
558 4598 847 4655 calumniae
875 4597 987 4651 vim
1028 4593 1312 4663 conjunxit
1344 4610 1359 4646 :
1385 4607 1505 4661 qua:
1534 4591 1681 4646 enim
1735 4590 1895 4645 dilic-

330 4692 503 4749 rentia
527 4699 611 4745 est
634 4690 778 4758 apud
808 4703 935 4743 eum
965 4687 1059 4756 qui
1090 4686 1255 4740 rebus
1299 4685 1417 4738 suis
1453 4690 1620 4745 caret,
1670 4682 1787 4735 sive
1817 4681 1892 4745 vi,

327 4786 443 4840 sive
463 4782 633 4838 armis
665 4781 917 4842 forsitan,
971 4786 1071 4831 aut
1098 4777 1344 4846 potentia
1376 4774 1638 4844 qualibet,
1679 4773 1767 4828 vel
1796 4787 1896 4841 per

325 4874 850 4931 circutnventionem
883 4869 1233 4939 iudiciorum,
1263 4875 1359 4922 aut
1401 4865 1612 4929 fraude,
1638 4864 1726 4918 vel
1755 4878 1895 4932 quo-

326 4969 460 5023 libet
487 4967 593 5021 alio
622 4963 788 5023 simili
842 4961 1005 5017 modo
1035 4960 1121 5016 his
1165 4960 1387 5016 careat?
1424 4956 1531 5012 Sed
1579 4963 1635 5009 ct
1663 4954 1756 5024 qui
1805 4952 1896 5008 die
1944 4996 1951 5001 .

327 5063 436 5109 tota
465 5062 723 5122 operatus
748 5059 852 5112 est,
880 5056 941 5104 ut
958 5048 1230 5117 acciperet
1264 5043 1565 5106 mercedes,
1600 5057 1664 5096 ex
1696 5040 1897 5110 quibus

322 5162 447 5202 cum
471 5144 617 5209 filiis,
655 5153 711 5199 et
754 5156 948 5205 uxore,
1000 5148 1056 5195 et
1101 5136 1422 5208 parentibus
1454 5132 1898 5204 exspectantibus

323 5238 541 5292 easdem
563 5234 847 5290 mercedes
877 5233 1106 5295 viveret,
1151 5236 1207 5284 et
1236 5242 1347 5282 non
1373 5225 1604 5295 accepit,
1638 5223 1737 5280 sed
1761 5223 1896 5278 dila-

262 5356 263 5359 η
324 5340 411 5385 tus
428 5336 536 5395 est,
552 5342 737 5383 nonne
759 5323 1087 5381 calumniam
1109 5330 1166 5377 et
1189 5320 1296 5376 vim
1326 5318 1564 5390 patitur?
1579 5333 1690 5373 non
1714 5317 1891 5372 solum

393 5526 437 5556 '°
469 5523 635 5577 Marc.
664 5538 753 5577 xw
806 5520 893 5575 58.
999 5520 1043 5551 ⁸⁸
1087 5517 1242 5573 Joan.
1275 5532 1334 5575 u,
1366 5516 1451 5568 l9.

1562 5515 1607 5545 ν’
1635 5512 1823 5567 Matth.
1869 5528 1978 5566 xw.

2004 4400 2143 4467 Quia
2173 4399 2323 4455 enim
2382 4396 2622 4453 dormire
2654 4396 2989 4467 negligentes
3039 4396 3319 4456 dicuntur,
3347 4393 3574 4448 demon-

2002 4501 2142 4547 strat
2170 4490 2453 4551 Dominus,
2487 4488 2770 4555 discipulis
2796 4488 3113 4543 mandatum
3142 4486 3300 4541 dans.
3332 4482 3573 4554 i’igilate.

2002 4584 2128 4655 quia
2185 4584 2400 4638 nescitis
2452 4598 2557 4650 qua
2606 4580 2735 4633 Iwra
2792 4580 3049 4634 Dominus
3111 4587 3277 4632 vester
3330 4585 3575 4630 venturus

2001 4687 2078 4730 est
2096 4676 2164 4729 “.
2195 4676 2304 4731 Sed
2330 4685 2385 4730 et
2411 4674 2627 4744 quando
2648 4672 3052 4729 dormientibus
3073 4669 3405 4731 hominibus,
3429 4666 3577 4720 vide-

2002 4768 2132 4822 licet
2186 4766 2627 4837 negligentibus,
2687 4765 2961 4820 semiuare
3024 4762 3243 4817 diccbat
3292 4756 3573 4812 inimicum

2002 4859 2299 4922 zizaniam;
2334 4873 2493 4913 mane
2521 4857 2669 4915 enim
2712 4857 2957 4911 futurum
2994 4852 3255 4908 sacculum
3298 4856 3403 4911 est,
3447 4844 3573 4913 quia

2000 4950 2153 5003 nocti
2178 4950 2462 5019 praesentis
2484 4950 2607 5005 vita:
2640 4948 2905 5010 succedit,
2931 4955 2984 5001 et
3002 4946 3093 4999 lux
3118 4935 3575 5008 inexstinguibilis

2001 5040 2057 5093 in
2092 5053 2159 5092 eo
2185 5038 2412 5093 habitat.
2453 5038 2574 5093 Non
2614 5054 2745 5108 ergo
2782 5044 3003 5106 oportet
3024 5033 3258 5087 otiosum
3284 5042 3403 5081 esse
3432 5026 3571 5094 apud

2000 5146 2102 5187 nos
2132 5132 2416 5187 ductorum
2464 5132 2694 5186 verbum
2742 5146 2840 5200 per
2865 5142 3026 5182 otnne
3060 5127 3166 5180 hoc
3216 5132 3452 5190 tempus,
3485 5118 3570 5173 cui

2001 5222 2169 5277 futuri
2196 5220 2461 5289 temporis
2490 5236 2651 5276 mane
2673 5218 2939 5281 succedit,
2960 5215 3085 5285 quia
3113 5220 3168 5267 et
3206 5211 3262 5264 in
3310 5210 3413 5263 hoc
3436 5222 3572 5263 ava-

2001 5313 2124 5368 ritia
2148 5322 2205 5369 et
2236 5296 2504 5382 iniustitia
2532 5311 2587 5365 in
2622 5308 2939 5365 doctoribus
2967 5310 3314 5367 exercentur,
3359 5311 3570 5354 merce-

2087 5511 2132 5542 ⁹³
2166 5498 2371 5574 ιῐειρξη,
2401 5511 2484 5565 10.
2593 5508 2636 5541 ⁹³
2665 5505 2807 5559 Psal.
2837 5522 2875 5569 I,
2905 5505 2950 5557 l.
3060 5504 3105 5534 ’⁵
3133 5501 3175 5555 ll
3200 5499 3332 5556 Cor.
3377 5514 3433 5567 ι,
3483 5492 3568 5553 16.

260 5583 267 5657 ί
315 5592 360 5625 ⁸⁸
390 5592 553 5650 Rom.
585 5608 672 5663 xy,
702 5591 795 5646 20.
869 5592 909 5624 9"
940 5594 961 5647 ι
990 5588 1115 5645 Cor.
1142 5605 1221 5661 ix,
1249 5587 1335 5641 18.
1412 5584 1455 5617 ⁸⁸
1488 5583 1680 5639 Μίιιιὴ.
1705 5600 1845 5647 xxiv,
1872 5584 1912 5637 4:

2011 5580 2281 5647 ,xxv,15.
