4038 6182
506 198 637 260 1027

1693 176 2061 240 HESYCHII
2101 174 2577 236 PRESBYTEBI

3633 179 3776 246 1028

495 317 622 372 dem
657 308 1030 384 perdentibus,
1053 320 1176 374 quae
1207 300 1286 356 eis
1315 316 1381 355 ex
1405 297 1656 370 proiectu
1689 295 2078 384 discipulorum
2112 301 2154 356 Α
2187 295 2288 356 nis,
2330 296 2454 364 quia
2496 292 2760 364 judicium
2793 291 2888 347 Dei
2933 291 3068 384 αι’.
3113 292 3253 364 Ergo
3305 293 3350 349 sl
3395 297 3478 350 vis
3521 313 3776 368 person

497 383 814 463 deberetur.
867 403 968 454 l‘er
1013 395 1237 451 surdum
1267 401 1451 446 autem
1499 397 1554 443 et
1595 403 1823 452 caecum,
1861 400 1958 440 eos
1987 383 2080 453 qui

497 492 888 553 inobedientia
916 499 973 543 et
1009 482 1335 557 ignorantia:
1376 479 1569 535 morbo
1613 477 1950 539 detinentur,
1997 473 2083 526 lex

497 588 702 650 innuit,
743 583 810 636 ad
849 579 996 649 quod
1030 576 1198 631 lsaias
1227 573 1397 627 dixit:
1431 570 1613 634 Surdi,
1639 569 1842 633 audite,
1867 575 1915 620 et
1937 565 2082 630 cruci,

499 678 781 735 intuemini
800 675 868 727 ad
891 670 1173 726 uidendum
1194 667 1264 720 ”.
1307 665 1369 720 lli
1397 678 1507 718 non
1544 659 1901 716 maledicendi
1934 667 2084 722 sunt,

495 772 600 826 sed
631 765 987 829 admonendi,
1039 762 1086 816 si
1141 770 1321 815 tamen
1368 772 1465 811 eos
1513 753 1758 809 converti
1817 751 2084 806 volumus.

506 861 665 916 Unde
695 865 752 912 et
794 855 1016 917 Paulus,
1060 866 1184 906 eum
1218 848 1311 918 qui
1365 847 1528 900 docet
1571 845 1626 897 in
1669 841 2090 897 mansuetudine

501 955 706 1008 docere
733 964 852 1013 eos,
893 945 986 1015 qui
1023 942 1427 1004 contradicunt,
1463 935 1781 992 doctoribus
1813 933 2088 997 Ecclesia},

508 1041 827 1116 praecepit'.
861 1038 970 1093 Sed
996 1051 1100 1090 nec
1130 1033 1332 1088 oﬂ‘endi
1371 1046 1494 1085 cum
1527 1029 1609 1082 eis
1636 1026 1770 1080 falsa
1825 1025 2090 1116 dicentes,

505 1115 608 1188 aut
628 1141 853 1202 agentes
882 1128 1147 1183 debemus
1175 1121 1311 1177 efﬁci
1338 1137 1353 1186 ;
1379 1122 1483 1173 hoc
1505 1117 1651 1172 enim
1680 1116 1879 1171 Paulus
1908 1115 2093 1184 prohi-

511 1227 673 1290 bens,
711 1233 874 1291 atque
905 1217 1206 1287 corrigens,
1242 1211 1490 1280 scripsit:
1527 1208 1586 1263 Si
1610 1209 1726 1276 quis
1747 1208 1928 1260 riderit
1954 1223 2092 1273 eum,

510 1318 605 1389 qui
629 1317 786 1368 habet
818 1311 1117 1370 scientiam,
1141 1308 1194 1358 in
1227 1302 1388 1356 idolio
1428 1301 1981 1389 recumbentempnon
2034 1299 2098 1389 de

509 1385 833 1459 conscientia
868 1397 1006 1466 ejus,
1053 1410 1170 1446 cum
1210 1392 1275 1444 sit
1333 1389 1576 1456 inﬁrma,
1633 1385 1989 1453 azdiﬁcubitur
2029 1385 2098 1437 ad

516 1491 948 1548 manducandum
985 1484 1335 1551 idolotltytum
1367 1481 1408 1529 ³.
1458 1476 1514 1530 Si
1571 1476 1704 1546 legis
1755 1485 1865 1530 tam
1917 1474 2098 1529 littera

513 1601 684 1656 quam
715 1583 910 1653 spiritu
930 1577 1107 1649 juvari
1140 1587 1459 1645 possumus.

2185 386 2389 440 donare
2417 386 2677 455 potentis,
2707 401 2956 455 persona:
2994 383 3091 439 Dei
3115 387 3297 440 dona:
3341 387 3513 443 donas
3562 400 3775 458 autem,

2187 473 2232 526 si
2260 474 2326 527 ad
2351 487 2558 543 partem
2587 481 2640 526 te
2663 473 2889 542 justitiae
2911 473 3235 533 contuleris,
3265 473 3376 529 illic
3393 477 3539 530 enim
3570 477 3776 534 habet:

2187 563 2312 633 quia
2378 565 2561 633 justus
2604 563 2860 616 Dominus
2885 563 3161 633 justitiam
3207 564 3412 630 dilexit,
3468 571 3782 639 aequitatem

2189 655 2324 707 uidet
2356 655 2530 708 uultus
2585 655 2771 723 ejus“:
2828 655 3181 723 quamobrem
3229 656 3397 710 etiam
3432 673 3582 714 nunc
3624 664 3784 731 justo

2187 747 2419 817 judicari
2453 747 2706 815 proximo
2725 746 3006 814 praecepit.
3029 744 3258 815 Oportet
3281 750 3429 803 enim
3465 767 3566 806 nos
3603 770 3786 810 nosse

2191 840 2318 907 quia
2349 839 2402 890 in
2439 853 2538 906 quo
2575 837 3008 905 judicaverimus,
3040 838 3094 890 in
3123 839 3304 892 eodem
3325 841 3785 910 judicabimur“.

2197 928 2292 982 llis
2324 927 2554 983 addidit.

2269 1020 2429 1074 Vsus.
2470 1019 2552 1072 16.
2595 1039 2613 1069 ι
2650 1019 2767 1072 Non
2827 1020 2939 1074 eris
2985 1021 3305 1077 criminator
3357 1033 3412 1079 et
3451 1041 3676 1083 susurro
3718 1029 3784 1082 in

2197 1112 2436 1182 populis.
2486 1130 2505 1162 ι

2273 1202 2386 1265 \‘el,
2421 1202 2558 1256 sicut
2593 1201 2952 1273 Septuaginta
2981 1203 3181 1257 edunt:
3225 1203 3343 1256 Non
3385 1207 3679 1262 ambulabis
3721 1212 3785 1264 in

2199 1294 2318 1346 dolo
2365 1294 2420 1346 in
2463 1303 2614 1365 gente
2669 1304 2783 1348 tua.
2840 1298 2960 1348 Non
3015 1295 3178 1348 stabis
3238 1307 3420 1349 contra
3469 1302 3788 1370 sanguinem

2200 1384 2431 1450 proximi
2474 1385 2572 1436 tui.
2609 1383 2743 1438 Dolo
2797 1384 3118 1452 sanguinem
3161 1386 3470 1454 conjunxit,
3528 1391 3791 1446 videlicet

2205 1475 2584 1542 homicidium,
2639 1476 2783 1530 sicut
2810 1487 2866 1532 et
2905 1477 3074 1532 David
3125 1479 3292 1532 solet:
3331 1480 3510 1534 Virum
3563 1487 3789 1553 sangui-

2205 1584 2328 1622 num
2356 1579 2404 1624 et
2433 1571 2669 1624 dolosum
2690 1570 3085 1626 abominabitur
3125 1571 3441 1625 Dominns'.
3470 1575 3746 1630 Etiterum
3771 1597 3786 1630 :

590 1634 1084 1732 Nec
1132 1634 1300 1723 iacies
1353 1664 1499 1734 quod
1549 1665 1796 1733 iniquum
1843 1673 1948 1727 est,
2003 1634 2175 1715 necB
2213 1661 2319 1715 Viri
2373 1664 2692 1732 sanguinum
2761 1673 2809 1715 et
2895 1663 3062 1716 dolosi
3123 1679 3226 1716 non
3281 1665 3635 1720 dimidiabunt
3675 1669 3797 1721 dies

516 1759 1035 1834 injustejudicabis.
1064 1756 1175 1811 Nec
1203 1754 1526 1810 consideres
1556 1767 1845 1821 personam
1901 1765 2105 1820 paupe-

525 1857 620 1920 ris,
672 1868 773 1908 nec
838 1852 1076 1905 honores
1121 1847 1330 1901 vultum
1390 1845 1650 1914 potentis.
1705 1843 1858 1898 iuste
1921 1841 2107 1910 judica

521 1946 784 2016 proximo
826 1953 938 1996 tuo.
995 1939 1115 1994 Non
1160 1938 1270 1992 eris
1312 1937 1630 1990 criminator
1668 1944 1726 1988 et
1767 1949 1996 1988 susurro
2053 1933 2105 1985 in

523 2035 764 2104 =populis.
795 2032 913 2086 Non
943 2028 1114 2084 stabis
1135 2035 1328 2082 contra
1359 2025 1680 2096 sanguinem
1723 2022 1954 2094 proximi
2008 2022 2106 2076 tui.

525 2128 641 2197 Ego
662 2125 942 2180 Dominus.
988 2140 1006 2172 ι

604 2214 723 2268 Non
763 2213 1068 2282 quamlibet
1093 2211 1382 2280 justitiam,
1412 2209 1509 2264 sed
1554 2223 1847 2270 summam,
1888 2215 1942 2260 et
1985 2220 2115 2276 per-

528 2303 728 2358 lectam
753 2302 982 2366 studeri,
1032 2301 1118 2356 lex
1149 2302 1385 2354 maxime
1419 2300 1472 2353 in
1519 2299 1881 2368 praesentibus
1909 2297 2113 2381 consti-

531 2399 659 2457 tuit.
702 2406 851 2450 recto
886 2395 1086 2449 itinere
1127 2395 1430 2462 ordineque
1479 2392 1808 2462 procedens,
1861 2400 1919 2444 ut
1965 2389 2116 2458 prius

535 2488 784 2542 videatur
849 2485 1181 2555 pauperibus
1246 2486 1424 2553 legem
1475 2485 1860 2548 constituere,
1916 2481 2118 2536 deinde

534 2579 879 2648 potentibus,
952 2593 1016 2630 sc
1070 2577 1269 2630 deinde
1321 2575 1658 2644 principatus
1709 2583 1758 2630 et
1823 2583 2119 2644 potestates

542 2669 894 2734 habentibus,
957 2677 1018 2722 ut
1051 2682 1148 2737 per
1206 2667 1311 2720 hoc
1342 2668 1620 2732 ostendat,
1676 2681 1963 2735 personam
2006 2682 2118 2720 non

538 2761 726 2816 deberi
772 2759 969 2828 accipi.
1003 2755 1122 2812 Non
1174 2757 1378 2810 furtum
1426 2756 1594 2821 enim,
1646 2772 1750 2811 nec
1791 2757 2120 2811 calumniam

541 2853 746 2916 facere,
791 2865 894 2904 nec
941 2851 1128 2920 jurare
1182 2848 1235 2901 in
1295 2849 1538 2916 injusto,
1588 2847 1691 2901 etsi
1735 2847 1994 2903 divitibus
2036 2849 2124 2902 vel

2207 1767 2329 1805 suos
2348 1752 2391 1806 ⁸.
2420 1751 2644 1807 Gladius
2681 1754 2826 1806 enim
2849 1756 3098 1808 occultus
3130 1763 3214 1808 est
3241 1755 3419 1821 dolus,
3478 1758 3625 1812 ensis
3658 1773 3800 1812 exa-

2209 1851 2391 1908 cutus,
2423 1851 2478 1896 et
2500 1844 2675 1898 latens
2713 1845 2788 1898 ita
2820 1855 2878 1897 ut
2909 1844 3079 1899 David
3110 1860 3302 1900 rursus
3347 1847 3591 1901 diceret:
3641 1847 3801 1903 Sicut

2212 1932 2469 1986 novacula
2498 1942 2655 1986 acuta
2683 1935 2850 2003 fecisti
2871 1933 3107 1988 dolum”.
3144 1935 3251 1989 Sed
3282 1951 3384 1990 nos
3414 1938 3484 1992 ab
3501 1953 3567 1992 co
3585 1939 3800 1994 veloci-

2212 2031 2296 2077 ter
2345 2023 2690 2089 recedamus,
2749 2034 3181 2093 expavescentes
3234 2026 3382 2079 illum
3427 2043 3526 2096 pro
3578 2029 3803 2097 peccati

2214 2114 2432 2179 vicinia,
2452 2115 2539 2168 cui
2568 2113 2765 2168 meruit
2793 2130 2914 2170 esse
2932 2117 3280 2186 conjunctus.
3306 2117 3412 2172 Nec
3429 2126 3622 2172 contra
3655 2134 3798 2174 san—

2216 2208 2442 2276 guinem
2481 2207 2714 2276 proximi
2757 2215 2987 2273 stemus,
3043 2208 3140 2262 sed
3196 2224 3386 2262 omnes
3433 2209 3691 2274 insidias,
3745 2221 3805 2265 ct

2217 2301 2527 2371 collegium,
2579 2299 2723 2368 quod
2761 2315 2860 2369 pro
2887 2301 3134 2368 qualibet
3178 2301 3463 2370 iniquitate
3491 2302 3572 2368 lit,
3621 2303 3802 2372 fugia-

2220 2410 2363 2450 mus.
2387 2393 2525 2460 Quia
2550 2392 2769 2462 quidam
2788 2394 3139 2464 singulariter
3160 2394 3452 2460 inﬁrmi,et
3469 2411 3568 2464 per
3595 2406 3801 2450 semet-

2221 2489 2368 2558 ipsos
2407 2501 2604 2540 nocere
2647 2502 2755 2540 non
2813 2487 3080 2553 valentes,
3135 2487 3348 2542 misceri
3390 2487 3570 2542 solent
3618 2489 3800 2543 multi—

2221 2581 2423 2644 tudini,
2449 2594 2682 2634 necesse
2709 2587 2797 2633 est
2827 2593 2914 2644 ut,
2941 2579 3162 2648 quando
3187 2569 3374 2648 plures
3401 2579 3563 2633 simul
3600 2596 3801 2635 conve-

2225 2671 2412 2735 niunt,
2467 2669 2672 2723 malitia
2763 2669 3034 2723 valentior
3088 2669 3421 2722 inveniatur.
3497 2669 3595 2724 llic
3655 2667 3800 2720 enim

2224 2760 2536 2818 commodat
2587 2774 2830 2821 manum,
2891 2758 3029 2813 alter
3075 2759 3338 2829 linguam,
3389 2760 3528 2813 alius
3566 2759 3650 2813 his
3685 2775 3805 2829 qua

2227 2861 2460 2923 aguntur
2491 2866 2820 2906 consensum
2849 2852 3076 2921 praebet,
3119 2853 3254 2906 alter
3294 2853 3493 2917 innuit,
3522 2861 3578 2906 et
3605 2853 3662 2906 in
3694 2868 3806 2905 ma-

540 2942 859 3014 potentibus
884 2939 1178 3008 aliquando
1199 2939 1486 3008 contingit,
1505 2947 1880 2992 verumtamen
1903 2940 2121 3009 propria
2151 2959 2191 3014 ο
2226 2949 2355 3002 litiaa
2381 2955 2794 3001 consummatur
2816 2947 3048 3000 insania.
3075 2947 3180 3002 Sed
3206 2963 3329 3001 cum
3358 2947 3444 3001 his
3479 2948 3644 3002 etiam
3678 2945 3807 3000 illud

547 3048 850 3103 pauperum
877 3031 1280 3101 quodammodo
1303 3039 1440 3084 sunt
1461 3038 1706 3099 peccata.
1749 3029 1854 3083 Per
1885 3045 2122 3100 pauper-

549 3136 715 3183 tatem
743 3125 891 3178 enim
922 3123 1116 3186 furari,
1148 3133 1202 3177 et.
1235 3122 1578 3186 calumniari,
1608 3132 1664 3176 et
1689 3123 1993 3193 transgredi
2024 3139 2111 3176 sa-

552 3225 837 3270 cramenta
864 3215 1115 3283 compelli
1170 3214 1445 3278 videntur,
1480 3226 1551 3267 tta
1591 3224 1652 3268 ut
1679 3222 1897 3283 sapiens
1941 3213 2030 3268 ille
2069 3215 2122 3266 in

547 3308 860 3363 Proverbiis
893 3308 1128 3362 diceret:
1152 3307 1381 3362 Divitias
1420 3319 1470 3362 et
1495 3308 1860 3378 paupertatem
1890 3325 1951 3362 ne
1973 3308 2126 3362 dede-

548 3402 621 3453 ris
649 3401 797 3463 mihi,
832 3416 894 3454 ne
923 3402 1057 3471 forte
1086 3402 1314 3454 satiatus
1335 3401 1533 3454 illiciar
1558 3403 1628 3454 ad
1685 3401 2000 3469 negandum,
2034 3410 2127 3454 aut

547 3502 773 3563 egestate
811 3493 1130 3560 compulsus,
1170 3495 1335 3564 furer,
1390 3503 1438 3546 et
1487 3494 1755 3563 perjurem
1800 3509 1987 3547 nomen
2031 3494 2128 3547 Dei

548 3587 650 3641 mei
669 3586 710 3638 ³.
747 3585 810 3638 Vi
837 3593 1021 3639 autem
1054 3585 1383 3654 opprimere,
1417 3593 1471 3640 et
1501 3586 1843 3640 mercedibus
1887 3586 2124 3655 privare,

547 3685 604 3728 ct
635 3673 868 3727 irridere
899 3673 1122 3726 surdum
1149 3674 1626 3741 autcaecum,quia
1659 3674 1904 3742 quaedam
1936 3689 2125 3728 eorum

550 3770 682 3817 sunt
705 3761 988 3830 potentias,
1021 3760 1268 3828 quaedam
1302 3776 1431 3814 vero
1458 3762 1693 3830 prodiga:
1730 3761 2129 3830 quodammodo

553 3852 702 3914 vitae,
730 3858 786 3903 et
808 3849 1156 3914 deliciarum,
1181 3849 1566 3903 contumeliam
1599 3851 1980 3919 generantium
2006 3865 2134 3919 pec-

549 3952 694 4008 cata,
738 3942 1013 4010 pra-cipue
1039 3940 1293 4008 personis
1317 3939 1548 3993 divitum
1602 3949 1658 3994 et
1717 3949 1998 4007 potentum
2047 3941 2130 3994 lex

552 4033 757 4087 sanciri
788 4032 1008 4086 dicitur.
1043 4031 1340 4085 Personam
1377 4038 1561 4084 autem
1595 4030 1848 4100 accipere
1901 4032 1954 4084 in
1984 4032 2133 4101 judi-

551 4128 660 4191 cio,
689 4125 743 4179 lii
794 4126 888 4194 qui
939 4123 1358 4194 magistratuum
1403 4122 1700 4192 praesident
1744 4123 1829 4176 vel
1881 4124 2130 4192 judicum

555 4218 941 4281 tribunalibus,
963 4217 1426 4286 quosjudicantes
1457 4230 1559 4269 nec
1577 4215 1798 4284 quidem
1829 4232 2130 4286 pauperum

2228 3042 2528 3104 intuemur,
2560 3051 2621 3094 ut
2639 3057 2749 3094 non
2772 3040 2947 3093 solum
2979 3055 3104 3097 cum
3135 3040 3203 3094 de
3233 3039 3504 3108 pecuniis,
3535 3049 3632 3092 aut
3687 3038 3808 3092 aliis

2227 3131 2836 3199 similibnsjudicamus,
2861 3129 3476 3200 custodiamuspauperi
3507 3141 3564 3184 et
3597 3128 3808 3199 potenti

2229 3225 2562 3294 aequitatem.
2592 3223 2700 3278 Sed
2732 3224 2937 3292 ubique
2970 3223 3023 3276 in
3058 3224 3206 3277 omni
3259 3223 3489 3294 judicio,
3516 3223 3664 3292 quod
3703 3237 3810 3277 non

2230 3316 2405 3369 solum
2432 3314 2574 3384 apud
2608 3314 2869 3376 tribunal,
2908 3313 3000 3368 sed
3041 3313 3094 3365 in
3149 3315 3292 3366 omni
3343 3314 3731 3380 collocutione,
3761 3322 3811 3366 et

2231 3403 2501 3458 amicabili
2533 3403 2788 3466 concilio,
2822 3411 2985 3472 atque
3015 3403 3069 3455 in
3109 3403 3356 3457 doctrina
3405 3405 3639 3473 spiritali
3695 3420 3809 3458 ma-

2232 3491 2382 3544 xime
2424 3491 2772 3561 intelligitur.
2808 3491 3182 3546 llccordemur
3205 3493 3389 3548 Jacobi
3424 3495 3660 3548 dicentis
3703 3514 3716 3548 :
3755 3493 3812 3549 Si

2231 3585 2495 3638 introierit
2535 3586 2591 3637 in
2645 3594 2897 3638 conuentu
2931 3595 3100 3638 uestro
3164 3587 3244 3639 uir
3291 3604 3514 3642 aureum
3555 3589 3811 3642 annulum

2231 3674 2442 3738 habens,
2473 3675 2527 3727 in
2548 3684 2684 3728 ueste
2709 3674 2992 3743 pra'clara,
3020 3676 3349 3745 ingrediatur
3381 3687 3557 3731 autem
3607 3689 3654 3730 et
3679 3696 3812 3746 pau-

2232 3779 2325 3831 per
2364 3767 2419 3816 in
2449 3775 2586 3817 ueste
2614 3765 2854 3828 sordida,
2888 3765 3179 3819 intendatis
3222 3777 3400 3821 autem
3451 3769 3522 3821 ad
3567 3786 3684 3822 eum
3728 3771 3813 3833 qui

2234 3858 2474 3911 induitur
2498 3860 2782 3929 prwclara,
2825 3871 2874 3915 et
2923 3865 3206 3917 dixeritis:
3259 3863 3335 3918 Tu
3364 3867 3485 3918 sede
3525 3865 3609 3918 hic
3649 3867 3812 3929 bene;

2232 3948 2454 4015 pauperi
2508 3956 2688 4000 autem
2725 3948 3009 4003 dixeritis:
3065 3950 3138 4004 Tu
3165 3961 3247 4004 sta
3271 3951 3401 4017 illic,
3433 3963 3526 4005 aut
3572 3954 3695 4006 sede
3723 3954 3813 4006 sub

2234 4037 2460 4091 scabello
2480 4039 2670 4106 pedum
2702 4056 2957 4106 meorum,
3017 4058 3185 4095 nonne
3205 4042 3465 4112 judicatis
3509 4046 3654 4112 apud
3698 4062 3813 4098 uos-

2234 4131 2499 4199 metipsos,
2531 4141 2579 4185 et
2613 4132 2740 4200 facti
2769 4134 2891 4186 estis
2917 4134 3124 4202 judices
3168 4137 3547 4204 cogitationum
3599 4139 3817 4208 iniqua—

2236 4241 2352 4276 rum
2376 4223 2459 4275 “?
2493 4222 2559 4277 Et
2589 4239 2715 4278 cum
2746 4224 2813 4278 de
2867 4225 2971 4280 hoc
3037 4227 3285 4296 quaedam
3319 4229 3424 4282 alia
3469 4230 3718 4296 dixisset,
3764 4242 3818 4286 et

554 4323 818 4378 personas
855 4315 1073 4376 Oportet
1095 4307 1362 4375 accipere.
1395 4305 1567 4361 Nemo
1618 4308 1764 4360 enim
1822 4309 1934 4361 Deo
1963 4309 2132 4362 mise-
2164 4311 2207 4366 Ι)
2235 4325 2547 4385 opportuno
2575 4325 2820 4385 tempore
2859 4333 3115 4373 revocare
3139 4321 3204 4374 ad
3221 4321 3540 4375 memoriam
3567 4331 3812 4383 nostram

556 4399 825 4454 ricordior
877 4407 979 4462 est,
1021 4399 1114 4467 qui
1170 4397 1482 4452 misericors
1525 4407 1582 4451 et
1620 4398 1912 4453 miserator
1962 4415 2130 4468 super

555 4509 748 4549 omnes
777 4493 1121 4563 appellatur:
1176 4501 1558 4547 verumtamen
1608 4491 1799 4560 judicii
1863 4501 2128 4562 tempore,

554 4602 895 4658 nequaquam
933 4587 1042 4655 jam
1077 4587 1151 4639 ita
1181 4585 1443 4655 appellari
1473 4585 1607 4650 vult,
1637 4585 1728 4638 sed
1758 4585 1961 4653 justus,
1995 4593 2130 4640 teste

554 4679 724 4734 David
747 4680 841 4750 qui
871 4679 1026 4746 dicit,
1062 4679 1204 4733 Deus
1241 4678 1410 4747 judea:
1441 4677 1640 4746 justus,
1667 4678 1817 4748 fortis
1864 4687 1910 4731 et
1941 4663 2129 4749 longa;-

557 4773 714 4826 nimis
733 4773 776 4826 ⁸.
806 4772 916 4826 Nec
946 4772 1165 4842 quidem
1197 4771 1440 4842 potentis
1477 4777 1692 4841 oportet
1726 4771 1980 4825 admirari
2014 4787 2131 4842 per-

555 4879 744 4919 sonam
773 4865 825 4918 in
859 4865 1086 4934 judicio,
1146 4865 1274 4934 quia
1318 4863 1429 4917 Deo
1468 4863 1648 4917 nullus
1681 4871 1765 4917 est
1823 4864 2127 4931 potentior:

554 4958 728 5027 ipsius
759 4967 941 5012 autem
971 4969 1054 5013 est
1077 4958 1366 5028 judicium,
1392 4956 1510 5026 ipse
1541 4956 1686 5011 enim
1709 4958 2136 5028 nobisjudican-

558 5049 726 5111 tibus.
756 5053 1034 5105 causantis
1064 5065 1354 5120 personam
1377 5049 1626 5119 suscipit.
1659 5048 1829 5119 Cujus
1868 5051 1944 5104 rei
1975 5052 2133 5106 testis

559 5155 640 5197 cst
668 5145 811 5200 idem
837 5143 1044 5215 Moyses
1075 5143 1133 5197 iu
1171 5142 1597 5197 Deuteronomio
1635 5142 1708 5196 ita
1739 5143 1960 5198 dicens:
2014 5144 2134 5198 Non

557 5233 798 5300 respicies
838 5247 1114 5301 personam
1157 5231 1214 5284 in
1237 5230 1482 5300 judicio;
1513 5232 1796 5284 secundum
1836 5248 2057 5301 parvum
2086 5243 2134 5286 et

558 5326 812 5380 minorem
827 5327 1116 5398 judicabis.
1147 5324 1272 5379 Non
1301 5326 1597 5394 distinguas
1638 5342 1917 5395 personam
1963 5328 2135 5381 homi-

626 5524 674 5593 ξ’
702 5522 810 5593 [5a.
833 5538 964 5592 xw,
994 5528 1078 5583 18.
1194 5531 1210 5561 ⁸
1241 5527 1351 5586 Tit.
1377 5517 1460 5593 ιιι,
1484 5533 1539 5586 2.
1654 5533 1674 5563 '
1701 5532 1716 5585 Ι
1743 5530 1874 5585 Cor.
1897 5547 2019 5591 vm,
2050 5531 2139 5586 10.

2237 4407 2369 4476 legis
2410 4407 2725 4460 mandatum
2756 4408 2963 4473 volens,
2999 4410 3238 4465 addidit:
3273 4410 3331 4465 Si
3357 4422 3535 4466 autem
3563 4431 3817 4483 personas

2238 4497 2490 4563 accipitis,
2516 4506 2784 4564 peccatum
2825 4500 3134 4566 operamini,
3158 4502 3248 4554 sed
3277 4504 3453 4571 arguti
3483 4521 3514 4556 α
3542 4505 3671 4573 lege,
3701 4516 3820 4559 tan-

2239 4605 2398 4659 quam
2431 4591 2917 4660 transgressores“.
2948 4591 3093 4662 Ergo
3118 4594 3267 4662 juste
3290 4596 3536 4663 judicare
3567 4600 3820 4667 proximo

2238 4677 2524 4738 debemus,
2554 4687 2610 4730 et
2651 4694 2762 4731 non
2793 4691 2954 4731 unam
3003 4681 3364 4751 eamdemque
3409 4685 3713 4751 actionem,
3763 4687 3820 4740 in

2239 4769 2408 4824 divite
2428 4770 2646 4839 quidem
2670 4771 2852 4827 dicere
2871 4773 3068 4828 bonam
3090 4792 3104 4827 :
3132 4774 3186 4826 in
3210 4791 3450 4844 paupere
3476 4786 3663 4830 autem
3702 4793 3819 4831 ma—

2239 4861 2368 4926 lam,
2404 4871 2460 4916 et
2489 4863 2637 4916 hunc
2661 4879 2915 4932 arguere,
2948 4865 3101 4918 illum
3127 4875 3310 4920 autem
3357 4870 3540 4923 sinere
3581 4885 3820 4939 peccan-

2240 4962 2372 5010 tem.
2410 4955 2516 5010 Sed
2548 4971 2650 5010 nec
2707 4959 2895 5012 dolose
2930 4959 2982 5012 in
3008 4960 3228 5031 propria
3267 4972 3446 5032 gente,
3502 4964 3554 5018 id
3612 4975 3720 5031 est,
3765 4965 3820 5018 in

2241 5048 2445 5118 populo
2479 5049 2758 5103 ambulare
2793 5050 3078 5115 debemus,
3129 5069 3232 5108 nec
3280 5069 3476 5109 vexare
3529 5057 3820 5125 populares

2241 5140 2388 5196 viros
2412 5142 2514 5196 sub
2543 5145 2729 5211 specie
2760 5144 2999 5211 pietatis,
3050 5160 3230 5214 neque
3256 5156 3446 5202 contra
3496 5151 3821 5220 sanguinem

2243 5233 2477 5303 proximi
2504 5232 2829 5297 consistere,
2877 5234 2928 5288 id
2972 5244 3077 5300 est,
3120 5252 3230 5290 non
3285 5238 3480 5292 sociari
3513 5239 3593 5293 eis
3621 5241 3716 5310 qui
3766 5245 3817 5294 in

2238 5328 2450 5383 animas
2478 5325 2709 5380 fratrum
2742 5335 2997 5395 peccant,
3031 5337 3086 5383 et
3117 5329 3386 5385 malorum
3413 5334 3725 5387 sentcntiae.
3755 5333 3824 5387 Et

2219 5533 2240 5563 ⁸
2267 5531 2427 5586 Prov.
2462 5550 2590 5598 xxx,
2629 5533 2682 5588 8.

2760 5533 2954 5590 ‘Psal.
3016 5549 3108 5596 cn,
3137 5531 3191 5585 8.
3300 5533 3510 5588 'Dcut.
3562 5551 3674 5595 xvt.
3735 5535 3820 5591 l9.

558 5593 579 5624 ‘
607 5591 812 5647 Psalm.
839 5611 895 5660 x,
923 5597 976 5649 8.
1051 5594 1092 5630 ⁸⁵
1119 5596 1277 5655 Rom.
1314 5617 1374 5668 ιι,
1403 5591 1456 5656 1.
1530 5599 1712 5655 ’Psal.
1742 5619 1797 5671 v,
1829 5603 1886 5655 7.
1963 5602 1984 5633 ⁸
2015 5603 2114 5656 Psa

2247 5619 2362 5672 xiv,
2386 5603 2478 5659 24.
2555 5591 2588 5637 ⁹’
2610 5604 2754 5660 Psal.
2787 5621 2858 5670 ιι,
2901 5605 2955 5684 4.
3039 5591 3220 5662 ⁸⁸126.
3245 5619 3304 5675 ιι,
3335 5604 3448 5659 24.
3528 5607 3568 5637 ”
3602 5591 3743 5661 ibid.
3765 5607 3820 5664 9.
