4038 6182
345 260 481 329 1033

1461 254 1542 314 IN
1595 252 2033 314 LEVITICUM.
2067 274 2141 287 -’
2176 253 2325 312 LIB.
2361 253 2463 313 VI.

3444 260 3582 326 1034

337 375 518 440 Iacob,
541 377 712 430 dicens
738 393 755 430 :
797 375 1022 430 l’isitans
1053 377 1259 431 visitavi
1285 391 1374 430 vos
1429 382 1480 426 et
1500 373 1606 426 vidi
1652 377 1906 441 qua'cun-
1935 381 1981 434 Α
2009 377 2155 422 ctum
2193 367 2397 422 bonum
2426 367 2737 425 Iudaeorum
2766 371 3022 441 populum
3046 381 3172 428 ante
3204 372 3417 430 Domim
3441 391 3585 448 pra:-

339 483 437 539 quc
463 476 736 522 evenerunt
755 468 893 521 vobis
916 469 973 520 iu
1003 467 1250 537 /Egypto,
1282 475 1330 519 et
1365 465 1475 518 dixi
1499 477 1518 515 :
1550 461 1806 515 Liberabo
1821 476 1908 514 vos

337 574 403 613 ea:
429 559 763 627 oppressione
784 557 1154 628 Egyptiarum
1184 557 1250 611 ³⁸.
1278 556 1478 625 Aperte
1499 569 1628 626 ergo
1657 569 1754 624 per
1775 569 1908 623 pra!-

336 659 545 704 sentem
576 649 750 720 legem
779 648 1001 702 visitare
1031 663 1124 703 eos
1183 645 1430 717 permisit
1459 661 1558 717 per
1582 643 1785 700 Christi
1837 643 1907 696 li-

333 741 764 802 berationem,de
785 756 889 810 qua
903 739 1188 794 manifeste
1209 738 1495 793 Zacharias
1507 751 1604 807 per
1623 735 1907 791 Canticum

332 847 493 886 suum
519 832 656 886 dixit
687 850 700 885 :
733 831 1043 886 Benedictus
1092 831 1341 884 Dominus
1380 828 1520 882 Deus
1563 826 1752 890 Israel,
1783 828 1907 896 quia

331 923 584 987 uisitauit,
609 932 658 976 et
708 924 826 976 fecit
890 923 1296 990 redemptionem
1322 921 1485 989 plebis
1509 934 1619 973 sua:
1653 920 1718 972 ³⁸.
1770 917 1909 974 Dicit

332 1015 476 1068 enim
506 1014 878 1068 liberationem
916 1029 1076 1082 quam
1119 1012 1374 1066 Christus
1423 1012 1478 1065 in
1517 1010 1804 1072 sacriﬁcio,
1852 1017 1907 1063 et

330 1105 640 1173 evangelica
701 1106 1141 1167 conversatione,
1170 1104 1359 1159 Iudaeo
1387 1104 1645 1173 primum,
1674 1111 1730 1156 et
1785 1110 1908 1170 post

335 1193 437 1247 hoc
457 1193 662 1255 Graeco,
682 1195 979 1248 secundum
998 1193 1142 1263 quod
1162 1193 1299 1248 dixit
1317 1191 1624 1261 Apostolus,
1637 1189 1903 1260 paestiti-t.

331 1285 423 1338 Ait
445 1285 589 1338 enim
613 1285 679 1338 de
711 1284 1001 1355 Evangelio
1022 1285 1168 1354 quod
1191 1301 1219 1337 a
1247 1283 1476 1338 Domino
1500 1283 1762 1336 donatum
1785 1288 1902 1334 est:

333 1375 504 1428 Virtus
538 1375 630 1428 Dei
656 1385 730 1429 est
762 1377 814 1428 in
843 1376 1066 1430 salutem
1089 1376 1230 1428 omni
1253 1375 1503 1438 credenti,
1531 1373 1715 1427 Jttda'o
1737 1373 1905 1440 primo

327 1478 376 1518 et
441 1466 709 1520 Gra’co".
743 1467 858 1520 Non
913 1469 1214 1521 secundum
1257 1467 1490 1536 aliquam
1547 1478 1903 1535 personarum

327 1561 720 1627 acceptionem,
746 1559 839 1612 sed
871 1559 995 1628 quia
1023 1559 1181 1629 primi
1212 1557 1385 1612 Judaei
1411 1559 1550 1612 hanc
1572 1557 1800 1612 salutem
1847 1562 1906 1608 et

327 1649 719 1714 liberationem,
755 1661 942 1720 utpote
993 1651 1157 1704 etiam
1194 1651 1328 1704 alios
1361 1650 1704 1712 seducentes,
1739 1649 1904 1703 habe-

2014 458 2242 512 sentiam
2295 459 2556 528 potuisse.
2603 459 2712 515 Cur
2758 461 2904 516 enim
2953 463 3192 520 triennio
3221 464 3457 521 fructum
3505 468 3586 525 eis

2014 548 2190 604 omnis
2215 548 2346 619 ligni
2376 565 2487 605 non
2507 565 2628 606 esse
2652 552 2898 607 esibilem
2939 553 3187 610 dicebat?
3209 555 3316 613 Sed
3341 573 3444 614 nec
3475 559 3586 614 ullo

2014 641 2174 696 modo
2195 642 2481 706 mundum,
2505 642 2596 698 sed
2631 653 2688 698 et
2734 645 3143 701 inundationem
3198 656 3393 718 quarto
3439 667 3587 706 anno

2015 736 2379 791 necessariam
2410 737 2725 793 habentem.
2757 739 2823 792 Et
2850 755 2969 810 qua:
2993 741 3109 796 hac
3134 750 3255 796 erat
3282 743 3588 800 inundatio?

2013 823 2131 878 Non
2161 826 2425 895 aspersio,
2458 841 2567 880 non
2603 826 2951 893 sacriﬁcium,
2988 843 3096 884 non
3127 830 3272 886 aliud
3305 832 3586 902 quidpiam

2015 915 2348 986 huiusmodi,
2373 917 2533 986 quale
2570 917 2676 972 alio
2716 917 2835 972 loco
2859 921 3158 975 secundum
3193 922 3432 977 litteram
3496 922 3585 977 lex

2012 1008 2289 1078 praecepit.
2317 1009 2457 1078 Ergo
2485 1019 2644 1063 vocat
2677 1009 2988 1064 necessarie
3041 1012 3112 1066 ad
3173 1011 3586 1082 contemplatio-

2012 1112 2139 1151 nem
2173 1098 2422 1167 Spiritus,
2451 1113 2576 1154 eum
2606 1100 2701 1169 qui
2722 1115 2832 1154 non
2860 1101 3036 1156 solum
3077 1103 3328 1158 meditari
3384 1103 3584 1173 legem,

2013 1185 2108 1239 sed
2158 1195 2214 1240 et
2240 1185 2458 1256 aliquod
2518 1203 2583 1242 ex
2628 1189 2995 1260 eapercipere
3015 1193 3360 1248 commodum
3409 1195 3582 1264 cupit.

2012 1274 2236 1332 Terram
2261 1295 2392 1350 ergo
2429 1279 2572 1335 Deus
2627 1281 2739 1347 dat,
2775 1298 2938 1352 quam
2992 1284 3170 1352 ipsum
3227 1283 3357 1340 dare
3405 1287 3581 1351 decet,

2013 1369 2066 1423 id
2095 1379 2200 1433 est,
2231 1370 2470 1426 divinam
2500 1373 2862 1443 Scripturam,
2895 1390 3017 1445 qua:
3059 1379 3321 1432 virtutum
3367 1376 3583 1433 fruetus

2013 1460 2134 1524 fert,
2163 1477 2284 1530 quas
2316 1462 2480 1517 habet
2511 1463 2653 1519 illam
2684 1464 2875 1528 vitam,
2895 1475 2949 1520 et
2972 1467 3124 1532 colit,
3154 1468 3270 1522 sive
3299 1478 3581 1537 operatur,

2009 1567 2172 1622 quam
2225 1551 2392 1608 David
2419 1554 2598 1610 colere
2633 1565 2688 1610 et
2729 1558 2941 1624 operari
2972 1559 3263 1627 promittit,
3293 1560 3388 1613 ubi
3432 1562 3582 1614 enim

2015 1641 2122 1698 Deo
2177 1645 2392 1714 placere
2439 1651 2609 1718 magis
2671 1647 2854 1711 homo,
2897 1663 3058 1718 quam
3082 1648 3136 1701 in
3187 1648 3478 1713 mandatis,
3529 1660 3585 1703 et

327 1739 455 1794 bant
485 1741 866 1794 necessariam.
890 1741 1027 1794 Cum
1083 1741 1166 1794 his
1189 1741 1281 1810 qui
1338 1739 1558 1803 dormit,
1583 1738 1636 1792 id
1663 1747 1766 1801 est,
1810 1739 1906 1808 qui
1936 1730 1980 1788 Β
2006 1736 2266 1804 operibus
2303 1737 2463 1792 bouis
2491 1749 2709 1808 potest:
2750 1739 2850 1810 Ait;
2871 1740 3018 1794 enim
3055 1756 3068 1792 :
3107 1740 3330 1794 Placebo
3359 1741 3584 1794 Domino

326 1832 536 1895 miscet,
591 1841 651 1885 ut
701 1832 930 1886 seminis
981 1847 1169 1886 eorum
1217 1840 1273 1885 et
1329 1829 1590 1886 doctrina:
1638 1829 1905 1900 particeps

319 1924 604 1987 elliciatur,
638 1925 764 1979 huic
792 1940 888 1994 per
917 1924 1242 1979 sacriﬁcium
1279 1931 1570 1993 praestatur
1613 1921 1902 1976 remissio:

325 2015 415 2069 sed
441 2031 540 2084 per
565 2015 796 2077 Christi,
836 2017 940 2069 hoc
987 2015 1135 2070 enim
1196 2014 1520 2069 sacriﬁcium
1571 2011 1902 2083 signiﬁcans,

323 2106 551 2158 arietem
583 2123 683 2174 pro
712 2115 936 2175 peccato
987 2104 1244 2174 praecepit
1287 2103 1494 2166 oﬁ‘erri,
1523 2112 1580 2157 et
1635 2118 1734 2171 per
1786 2103 1906 2172 ejus

323 2196 652 2249 oblationem
682 2196 1024 2250 sacerdotem
1075 2197 1376 2265 deprecari.
1411 2194 1546 2260 Quis
1595 2194 1666 2247 sit
1721 2203 1903 2248 autem

325 2287 435 2349 hic,
466 2287 557 2354 qui
593 2303 691 2356 pro
720 2288 868 2342 omni
919 2286 1121 2340 mundo
1149 2287 1490 2356 fdeprecatus
1521 2293 1628 2348 est,
1683 2295 1740 2339 et
1783 2284 1904 2354 quis

322 2380 485 2444 aries,
510 2379 602 2448 qui
645 2395 741 2448 pro
773 2389 998 2449 peccato
1044 2377 1292 2442 oll‘ertur,
1330 2387 1384 2432 et
1429 2393 1526 2432 cur
1551 2384 1676 2431 ante
1704 2375 1902 2430 ostium

325 2470 658 2524 tabernaculi
737 2469 1029 2525 testimonii
1139 2470 1206 2524 ad
1279 2469 1602 2524 sacriﬁciqu
1673 2469 1904 2524 deduca-

323 2573 432 2622 tur,
488 2563 668 2618 sedet
724 2563 854 2632 quid
901 2563 1120 2632 proprie
1149 2561 1589 2630 debeatintelligi
1620 2570 1902 2631 peccatum

321 2654 524 2716 delicti,
553 2671 617 2707 ea
653 2671 773 2723 qum
802 2653 869 2708 de
895 2653 1176 2708 sacriﬁciis
1226 2655 1353 2708 olim
1395 2653 1608 2707 sancita
1667 2663 1815 2716 sunt,
1849 2662 1904 2704 et

320 2747 564 2814 exposita
589 2756 955 2814 perscrutans,
993 2747 1241 2800 invenies
1275 2744 1550 2800 Christum
1584 2743 1637 2798 in
1673 2742 1774 2807 eis,
1804 2757 1898 2796 ve-

320 2837 398 2890 lut
433 2837 483 2889 in
522 2837 755 2906 imagine
788 2837 1074 2908 ﬁguratum
1107 2855 1121 2891 :
1160 2836 1253 2906 qui
1278 2851 1374 2906 per
1407 2849 1622 2890 crucem
1650 2834 1897 2890 immola-

319 2940 427 2989 tus.
460 2928 724 2983 cumanis
751 2929 1005 2983 omnibus
1041 2929 1279 2998 peccatis
1307 2927 1472 2981 etiam
1523 2927 1628 2982 hoc
1671 2927 1896 2996 ignovit,

318 3021 460 3092 quod
495 3020 809 3075 Judacormn
837 3020 1111 3075 commisit
1143 3020 1395 3090 populus,
1430 3027 1486 3073 et
1515 3018 1560 3072 is
1590 3018 1681 3085 qui
1705 3027 1822 3073 erat
1848 3018 1898 3072 ei

318 3115 508 3168 mistus
533 3132 597 3168 ex
628 3114 899 3184 gentibus,
933 3112 1023 3181 qui
1047 3113 1210 3167 etiam
1247 3111 1488 3167 dormire
1529 3127 1654 3165 cum
1699 3111 1778 3165 eis
1817 3110 1900 3164 di-

318 3209 476 3270 citur,
511 3209 680 3278 legem
706 3222 814 3260 non
845 3207 1143 3262 secundum
1177 3205 1538 3260 intentionem
1573 3204 1898 3276 legislatoris

318 3299 653 3368 accipiendo.
678 3297 802 3352 llaae
823 3305 1004 3351 autem
1031 3311 1138 3351 non
1161 3296 1471 3366 importune
1513 3295 1566 3350 in
1595 3296 1700 3350 hoc
1750 3295 1894 3358 loco,

320 3389 412 3442 sed
446 3390 553 3442 imo
585 3388 749 3442 nimis
773 3396 1082 3458 opportuno
1105 3395 1369 3456 tempore,
1395 3403 1505 3456 quo
1530 3388 1771 3456 iumenta
1789 3402 1895 3442 non

321 3487 598 3546 oporteret
646 3478 869 3532 alterius
925 3477 1142 3548 generis
1184 3477 1449 3545 jumentis
1498 3479 1790 3547 conjungi,
1843 3477 1896 3532 id

321 3581 424 3626 est.
455 3585 562 3622 non
595 3569 784 3623 liceret
811 3585 905 3623 eos
925 3569 1015 3637 qui
1036 3569 1138 3622 sub
1157 3569 1344 3638 iugum
1367 3567 1492 3646 facti
1520 3578 1647 3623 sunt
1672 3569 1894 3634 Christi,

319 3661 820 3731 Judaicum-jugum
850 3661 1148 3730 suscipere,
1184 3660 1525 3730 signiﬁcavit.
1554 3661 1897 3716 Conﬁrmans

320 3754 466 3809 enim
517 3753 636 3817 hoc,
670 3751 954 3822 prtesentia
1012 3751 1274 3816 subdidit,
1306 3765 1404 3820 per
1457 3767 1576 3821 quze
1633 3753 1891 3819 ostendit,

319 3849 442 3917 quia
464 3855 518 3900 et
563 3855 691 3900 ante
723 3845 1012 3900 adventum
1054 3844 1279 3908 Christi,
1303 3845 1616 3915 quicunque
1676 3855 1894 3901 extero-

319 3955 438 3994 rum
470 3939 576 3992 illis
608 3937 1082 3999 commiseebatur,
1106 3951 1244 4006 opus
1275 3936 1510 3990 habebat
1540 3935 1894 4007 intelligibilis

317 4032 503 4086 arietis
534 4029 800 4085 sacriﬁcio
833 4031 898 4084 ad
931 4028 1374 4099 pr0pitiationem
1398 4043 1572 4094 suam,
1602 4031 1892 4086 conferens

318 4123 446 4177 illud
477 4132 677 4188 mente,
711 4133 764 4176 et
785 4121 1101 4177 describens
1123 4120 1264 4187 apud
1290 4122 1649 4191 semetipsum
1677 4137 1775 4191 per
1827 4124 1890 4178 ﬁ-

314 4230 477 4284 guras
513 4214 814 4269 veritatem.
844 4211 933 4266 Sic
958 4211 1106 4266 enim
1148 4226 1256 4265 non
1285 4211 1459 4265 solum
1487 4227 1596 4266 non
1633 4213 1891 4268 condem-

316 4306 435 4360 nari
459 4321 521 4358 ex
557 4304 884 4359 obveniente
912 4303 1013 4358 sibi
1063 4303 1329 4358 servitute
1360 4302 1599 4357 Iudaicae
1670 4303 1885 4370 litterze,

2007 1827 2062 1879 in
2087 1827 2294 1898 regione
2352 1829 2584 1884 uiuorum
2610 1829 2676 1885 ³⁸.
2712 1830 2790 1885 De
2841 1831 3040 1901 quibus
3085 1831 3201 1901 ipse
3252 1832 3388 1886 dicit
3429 1850 3442 1885 :
3480 1832 3583 1898 Qui

2005 1934 2126 1971 vero
2142 1929 2437 1986 exspectant
2455 1921 2759 1986 Dominum,
2783 1924 3089 1977 haereditate
3117 1924 3449 1992 possidebunt
3477 1937 3584 1980 ter-

2005 2027 2122 2064 ram
2144 2012 2210 2064 ³⁸.
2243 2011 2605 2068 Possidebunt
2629 2016 2775 2070 enim
2807 2016 3022 2086 plenam
3055 2015 3148 2070 Dei
3198 2017 3394 2087 spiritu
3431 2017 3579 2072 Scri-

2007 2111 2244 2171 pturam,
2275 2114 2332 2159 et
2351 2121 2472 2175 quae
2501 2122 2564 2160 ex
2605 2123 2669 2161 ea
2703 2118 2833 2163 sunt
2861 2109 3022 2171 bona,
3061 2108 3154 2178 qui
3184 2108 3354 2163 Deum
3380 2124 3580 2180 exspe-

2006 2203 2180 2256 ctant,
2231 2196 2325 2265 qui
2381 2197 2780 2264 mandatorum,
2812 2215 2933 2270 qua:
2975 2199 3030 2253 in
3082 2215 3147 2254 ea
3202 2200 3576 2266 continentur,

2006 2284 2426 2340 retributionem
2458 2289 2747 2356 promittit.
2786 2288 2939 2345 lianc
2971 2299 3170 2344 terram
3201 2290 3412 2361 ingredi
3452 2291 3578 2360 qui-

2004 2374 2128 2429 dem
2160 2375 2251 2430 ﬁlii
2287 2374 2601 2432 Judaeorum
2663 2378 2919 2448 praecepti
2959 2389 3106 2444 sunt,
3147 2392 3203 2436 et
3249 2391 3581 2452 acceperunt

2006 2468 2231 2536 priores.
2265 2467 2427 2524 Primi
2471 2472 2616 2526 enim
2693 2487 2876 2526 sacras
2935 2485 3295 2544 susceperunt
3349 2476 3576 2539 litteras,

2004 2567 2226 2626 propter
2254 2559 2398 2628 quod
2433 2569 2490 2613 et
2540 2559 2746 2629 lignum
2806 2559 2950 2630 quod
3007 2561 3092 2615 edi
3119 2571 3319 2632 potest,
3352 2562 3406 2617 id
3470 2574 3576 2624 est,

2003 2649 2276 2711 mandata,
2309 2665 2428 2719 qua:
2451 2649 2709 2714 diximus,
2735 2650 2980 2720 plantare
3008 2652 3262 2721 praecepti
3323 2661 3470 2717 sunt,
3521 2652 3578 2706 hi

2001 2740 2218 2808 quidem
2245 2754 2339 2794 eas
2395 2741 2743 2805 meditantes,
2770 2741 2824 2796 hi
2863 2751 3043 2798 autem
3078 2751 3134 2797 et
3191 2743 3574 2813 praedicantes.

2001 2832 2137 2898 Quia
2168 2833 2313 2886 enim
2349 2831 2672 2902 plantationi
2720 2831 2988 2903 lignorqu
3021 2833 3301 2889 meditatio
3326 2834 3480 2905 legis,
3522 2847 3578 2892 et

2002 2923 2310 2994 praedicatio
2335 2935 2558 2995 propter
2589 2939 2715 2979 eum
2746 2926 3069 2995 profectum,
3098 2925 3189 2996 qui
3230 2941 3330 2996 per
3391 2937 3576 2996 patres

2001 3015 2271 3085 provenit,
2298 3015 2650 3080 assimilatur,
2701 3018 2826 3072 audi
2858 3018 3028 3074 David
3057 3019 3332 3076 dicentem
3368 3039 3380 3076 :
3420 3021 3487 3075 Et
3519 3023 3576 3075 in

2002 3107 2111 3176 lege
2133 3107 2247 3178 ejus
2289 3108 2631 3162 meditabitur
2663 3109 2747 3164 die
2763 3126 2824 3163 ac
2850 3120 3020 3166 nocte.
3057 3110 3123 3166 Et
3158 3113 3255 3166 erit
3317 3121 3575 3184 tanquam

2001 3199 2219 3270 lignum,
2277 3201 2415 3269 quod
2455 3199 2757 3267 plantatum
2785 3212 2858 3257 est
2890 3220 3035 3258 secus
3089 3205 3338 3259 decursus
3398 3222 3572 3274 aqua-

1999 3307 2117 3344 rum
2146 3291 2212 3348 ‘°.
2253 3291 2450 3346 Paulus
2477 3292 2622 3347 enim
2652 3292 2721 3348 de
2750 3294 3132 3363 praedicatione
3158 3311 3322 3365 quam
3378 3295 3574 3366 praedi-

1999 3384 2138 3438 cavit
2159 3383 2456 3439 Corinthiis
2477 3385 2695 3455 scripsit
2723 3402 2736 3438 :
2770 3382 2882 3455 Ego
2912 3386 3169 3454 plantam",
3194 3387 3380 3456 Apollo
3423 3387 3570 3459 riga-

1999 3476 2092 3536 vit,
2127 3477 2216 3529 sed
2273 3475 2408 3529 Deus
2447 3476 2821 3530 incrementum
2883 3477 3113 3532 dedit“.
3151 3477 3260 3534 Sed
3314 3480 3570 3534 mandata

1997 3568 2215 3636 quidem
2255 3567 2394 3621 bona
2421 3566 2588 3621 nimis
2616 3577 2793 3630 erant,
2826 3577 3048 3637 propter
3075 3567 3220 3637 quod
3259 3577 3316 3622 et
3363 3568 3568 3638 lignqu

1997 3657 2185 3712 esibile
2211 3657 2514 3728 appellavit.
2549 3657 2628 3712 llli
2687 3667 2869 3713 autem
2922 3659 3085 3714 modo
3130 3675 3240 3729 quo
3269 3658 3565 3721 debebant.

1996 3762 2107 3802 non
2138 3747 2502 3817 operabantur
2534 3747 2834 3802 secundum
2882 3747 3120 3802 litteram
3175 3747 3291 3819 lege
3326 3757 3562 3804 utentes.

1997 3839 2126 3894 Erat
2151 3855 2280 3910 ergo
2331 3853 2518 3894 eorum
2575 3839 2801 3904 fructus,
2833 3840 3078 3910 operatio
3122 3840 3371 3896 videlicet
3431 3842 3567 3913 legis

1997 3929 2232 3984 triennio
2253 3929 2552 3984 immumla.
2578 3929 2718 3984 Dicit
2745 3938 2928 3986 autem
2987 3929 3310 3996 triennium,
3343 3946 3375 3986 a
3423 3941 3567 3986 tein-

1995 4034 2125 4088 pore
2155 4019 2286 4091 legis
2313 4036 2484 4091 usque
2507 4021 2574 4076 ad
2595 4020 2757 4076 David
2792 4031 3027 4092 tempus,
3049 4031 3103 4078 et
3128 4038 3158 4078 a
3192 4021 3361 4077 David
3393 4038 3567 4093 usque

1992 4108 2060 4162 ad
2109 4108 2640 4178 transmigrationem
2700 4108 3028 4177 Babyloniae,
3059 4120 3115 4166 et
3152 4127 3181 4166 a
3213 4111 3567 4182 transmigra-

1993 4199 2140 4253 tione
2213 4197 2516 4270 Babylonia;
2593 4215 2763 4269 usque
2808 4199 2876 4255 ad
2929 4201 3224 4257 adventum
3282 4201 3493 4255 Ilomini
3550 4219 3564 4254 :

1991 4292 2070 4346 sic
2129 4291 2277 4345 enim
2322 4301 2379 4345 et
2448 4291 2735 4346 Matthrcus
2791 4292 3039 4348 distinxit
3095 4295 3162 4348 “.
3245 4292 3383 4360 Quia
3438 4308 3567 4365 ergo

314 4397 411 4451 sed
439 4396 602 4450 etiam
657 4394 872 4449 liberari
920 4394 988 4448 ab
1017 4409 1102 4454 ea.
1137 4402 1247 4449 eta
1310 4402 1494 4448 morte
1548 4392 1886 4450 inﬁdelitatis

2002 4390 2180 4452 ’ωδε-ιο
2241 4381 2345 4435 hoc
2402 4395 2567 4446 anno,
2619 4396 2840 4436 omnem
2894 4381 3132 4437 fructum
3185 4382 3358 4453 ipsius
3407 4384 3563 4455 legis,

313 4488 630 4556 spiritaliter
653 4489 825 4559 legem
891 4488 1189 4558 accipiens,
1214 4497 1270 4542 et
1312 4487 1575 4542 sacriﬁcia
1633 4489 1753 4558 ejus
1818 4489 1886 4543 ad

314 4582 593 4635 Christum
623 4581 888 4644 referens,
919 4588 1160 4650 poterat.

387 4671 546 4726 Vens.
579 4671 766 4726 23-23.
807 4691 825 4724 α
854 4672 1082 4738 Quando
1119 4672 1344 4742 ingressi
1398 4668 1610 4725 fueritis
1664 4680 1882 4731 terram,

311 4773 367 4818 et
413 4763 790 4832 plautaveritis
848 4763 902 4816 in
955 4778 1018 4816 ea
1084 4763 1225 4832 ligna
1277 4761 1590 4830 pomifera,
1624 4759 1886 4815 auferetis

315 4855 577 4924 praeputia
609 4869 818 4908 eorum.
841 4852 1005 4907 Poma
1052 4869 1174 4921 qua:
1241 4853 1568 4922 germinant,
1606 4851 1885 4904 immunda

311 4954 473 4998 erunt
507 4944 680 5008 vobis,
721 4957 822 4998 nec
847 4943 1020 4996 edetis
1053 4958 1120 4996 ex
1159 4942 1257 4996 eis.
1291 4941 1496 5007 Quarto
1535 4955 1679 4993 anno
1709 4941 1888 4993 omnis

313 5036 523 5089 fructus
545 5050 730 5089 eorum
748 5031 1175 5088 sanctilieabitur
1191 5032 1444 5086 laudabili
1465 5028 1888 5094 Domino.Quin-

315 5137 370 5180 to
392 5137 574 5181 autem
603 5143 748 5181 anno
774 5141 884 5180 non
923 5125 1219 5180 comedetis
1259 5124 1486 5184 fruetus,
1555 5136 1888 5191 congregan-

314 5227 395 5272 tes
411 5232 570 5290 po_ma
600 5229 720 5287 qua:
734 5215 1034 5287 proferunt.
1060 5214 1170 5285 Ego
1187 5214 1461 5268 'Dominus
1487 5211 1626 5266 Deus
1648 5217 1848 5264 vester.
1864 5230 1880 5258 ι

386 5307 676 5362 Per'manet
731 5308 786 5362 in
838 5307 1143 5363 intentione
1191 5305 1352 5359 etiam
1387 5319 1533 5356 nunc
1595 5301 1888 5371 legislator,

309 5416 474 5472 quam
502 5401 690 5456 habuit
731 5401 905 5472 prius,
937 5400 1059 5454 aliis
1111 5399 1293 5454 verbis
1346 5395 1780 5466 praecedentibus
1819 5395 1891 5448 si-

311 5492 460 5548 milia
502 5493 774 5558 saneiens,
810 5494 1104 5549 ostendens
1132 5491 1352 5563 quidem
1398 5504 1499 5544 nec
1531 5487 1732 5542 habere
1774 5487 1890 5540 fru-

382 5627 428 5662 ⁹¹⁵
455 5627 627 5684 Exod.
659 5627 856 5691 111,16.
959 5628 1004 5659 ³⁸
1041 5626 1174 5682 Luc.
1198 5643 1238 5689 ι,
1270 5625 1360 5680 68.
1469 5625 1512 5655 ³⁷
1536 5623 1694 5675 Rom.
1729 5639 1766 5684 ι,
1807 5621 1890 5675 l6.

309 5698 367 5763 2,
396 5699 450 5754 3.
524 5701 569 5730 δι
608 5699 628 5751 l
661 5698 788 5752 Cor.
823 5713 906 5759 Ill,
948 5697 1002 5749 6.
1084 5698 1128 5727 “
1162 5697 1350 5751 Matth.
1379 5713 1417 5759 l,
1447 5695 1464 5747 l
1503 5710 1654 5762 seqq.

602 5792 876 5853 PATBOL.
917 5792 1034 5852 Gn.
1068 5792 1280 5854 XClll.

1994 4482 2238 4527 sanetum
2259 4481 2314 4526 et
2332 4470 2602 4526 laudabile
2634 4472 2864 4527 Domino
2891 4473 3314 4538 commendavit,
3345 4488 3455 4528 non
3485 4483 3568 4528 ta-

1993 4579 2118 4617 men
2151 4564 2236 4618 vel
2271 4573 2399 4618 tunc
2429 4563 2621 4619 esibile
2650 4563 2779 4619 illud
2812 4579 2934 4620 esse
2987 4564 3193 4622 Judreis
3229 4566 3464 4629 dixerat,
3499 4566 3566 4620 il-

1994 4654 2082 4709 lud
2115 4655 2234 4710 sine
2263 4655 2442 4725 aliqua
2469 4654 2808 4710 dubitatione
2851 4657 3121 4726 probavit,
3155 4671 3260 4726 qua
3297 4657 3463 4711 totius
3487 4656 3568 4710 le-

1994 4747 2075 4816 gis
2106 4745 2338 4811 fructus,
2371 4747 2426 4801 in
2479 4748 2722 4803 adventu
2776 4748 2987 4804 Domini
3035 4760 3157 4804 est:
3192 4748 3363 4820 llujus
3418 4747 3568 4802 enim

1997 4848 2232 4907 tempus,
2295 4840 2596 4895 secundum
2642 4839 2894 4895 ordinem
2943 4850 3249 4911 temporum
3311 4839 3568 4908 superius
3621 4875 3624 4878 .

1995 4927 2398 4981 uominatorum
2455 4944 2633 4983 annus
2697 4938 2844 4984 recte
2900 4929 3272 4983 nominabitur
3315 4936 3563 4996 quartus,

1994 5025 2214 5069 Sanctus
2243 5017 2498 5072 laudabili
2535 5018 2664 5073 Deo.
2695 5017 2830 5086 Quia
2853 5017 3105 5079 Christus
3141 5033 3267 5072 eum
3319 5015 3566 5071 fructife-

1999 5121 2118 5160 rum
2173 5106 2422 5172 faciebat,
2475 5110 2933 5178 quemadmodum
2988 5117 3199 5178 oportet
3261 5109 3424 5163 etiam
3467 5123 3568 5162 nos

1997 5202 2321 5258 fructiﬁcare
2368 5203 2590 5260 docens.
2627 5207 2796 5262 Recte
2849 5221 2978 5275 ergo
3040 5217 3259 5260 sanctus
3307 5213 3443 5267 erat,
3479 5213 3566 5258 ut-

1999 5303 2122 5364 pote
2146 5311 2176 5348 a
2216 5293 2415 5349 Sancto
2436 5304 2747 5350 sanctorum
2778 5295 3076 5365 perfectus.
3117 5294 3222 5350 Sed
3257 5305 3312 5350 et
3376 5296 3568 5350 lamia-

1999 5391 2163 5445 lllllSZ
2215 5390 2396 5445 omnia
2425 5391 2570 5445 enim
2627 5406 2747 5458 qua:
2799 5390 3053 5444 Christus
3092 5401 3367 5460 operatur,
3426 5391 3566 5444 bona

1999 5485 2138 5537 fama
2175 5491 2302 5537 sunt
2331 5488 2493 5552 atque
2523 5483 2781 5552 gloriosa,
2819 5485 2892 5536 ita
2931 5492 2989 5536 ut
3019 5483 3181 5536 etiam
3231 5483 3298 5537 ab
3341 5481 3569 5551 ingratis

3260 5613 3305 5645 “
3343 5612 3484 5668 Psal.
3527 5630 3569 5679 ι,

1987 5619 2030 5651 ³*
2063 5617 2204 5672 Psal.
2230 5633 2371 5683 cxtv,
2402 5617 2455 5671 9.
2579 5618 2620 5648 ³⁹
2657 5616 2856 5672 Psalm.
2890 5632 3077 5680 xxxvi,
3111 5614 3163 5670 9.

3179 5781 3252 5841 33
