4038 6182
474 250 630 316 »1035

1676 235 2041 312 IIESYCHII
2077 229 2558 293 PRESBYTER!

3615 213 3755 281 1036

480 357 694 417 Iudaeis
718 351 1107 428 glorificentur.
1136 347 1277 402 Cum
1338 346 1482 400 enim
1534 342 1892 415 paralyticum
1936 355 2068 410 por-
2096 347 2143 403 Α
2170 338 2463 393 admodum
2527 335 2693 391 etiam
2736 334 2791 388 hi
2823 332 3003 388 facere
3039 334 3470 428 consueverunt,
3503 324 3598 428 qui
3625 325 3755 381 bar—

493 462 700 508 tantem
726 463 891 519 super
911 447 1171 501 humeros
1206 440 1489 511 grabatum
1542 436 1833 499 vidissent,
1864 432 2066 503 gloriﬁ-

492 545 683 599 cabant
723 541 914 603 Deum,
937 534 1216 607 quitatem
1249 531 1805 602 potestatem‘dedisset
1841 528 2068 582 homini-

492 636 587 689 bus
617 633 686 686 “.
719 629 871 686 Unde
894 643 1006 682 non
1033 626 1378 696 simpliciter,
1412 625 1508 679 sed
1534 622 1809 677 laudabile
1834 621 2069 676 Domino

493 724 727 779 fructum
760 720 906 774 hunc
943 717 1033 773 lex
1087 714 1400 786 appellavit.
1428 712 1669 768 Necdum
1721 720 1905 766 autem
1954 720 2071 765 erat

491 812 694 884 populo
720 807 944 874 esibilis,
976 805 1210 863 necdum
1236 804 1383 861 enim
1429 804 1520 859 hic
1553 801 1852 857 secundum
1903 800 2070 870 spiri-

493 901 840 960 tum~Christi
879 898 1349 955 conversationem
1374 896 1604 966 adeptus
1627 894 1805 949 fuerat
1838 894 1973 948 :sed
2014 894 2071 947 in

491 1010 637 1051 anno
655 995 869 1064 quinto,
897 993 953 1047 in
974 991 1273 1061 apostolica
1297 988 1553 1045 videlicet
1599 988 1970 1059 generatione,
2008 986 2073 1040 il-

493 1088 604 1144 linc
627 1088 773 1143 enim
796 1086 912 1156 ipse
932 1084 1253 1149 Judaorutn
1288 1081 1548 1153 populus,
1580 1081 1634 1135 id
1663 1089 1767 1144 est,
1802 1080 1854 1134 hi
1880 1081 1971 1149 qui
2003 1095 2069 1134 ex

491 1181 576 1237 eis
629 1179 1001 1244 crediderunt,
1050 1183 1104 1230 ct
1141 1184 1334 1245 gentes
1371 1188 1585 1236 omnes,
1640 1171 1886 1226 esibilcm
1939 1170 2073 1241 legis

492 1270 755 1333 fructum,
786 1267 1160 1338 operationem
1197 1267 1447 1322 videlicet
1498 1265 1830 1320 habuerunt.
1869 1265 1933 1318 Et
1986 1280 2073 1319 sc-

492 1361 734 1417 cundum
760 1360 1120 1430 Septuaginta
1168 1359 1401 1429 adjectio
1460 1358 1736 1412 fructuum
1775 1357 1909 1427 legis
1956 1366 2074 1411 erat

491 1453 717 1523 pepulo,
750 1454 801 1506 id
844 1459 928 1505 est
965 1451 1179 1507 lucrum
1243 1460 1299 1505 ct
1335 1452 1705 1506 commodum.
1751 1449 1884 1516 Quae
1928 1448 2071 1503 enim

414 1584 431 1589 -
491 1551 794 1613 operantur
840 1541 996 1611 prius
1052 1540 1174 1595 sine
1218 1540 1392 1606 lucro,
1444 1541 1714 1596 inutiliter
1750 1550 2071 1609 operantur.

493 1632 642 1687 Bene
665 1641 850 1687 autem
877 1631 1202 1702 adiectionis
1246 1632 1333 1687 lex
1362 1633 1683 1687 memoriam
1732 1630 1862 1686 facit
1910 1630 2076 1685 verbo

492 1725 812 1790 convenire,
842 1723 989 1794 quod
1017 1723 1154 1779 dixit
1202 1722 1466 1779 Dominus
1505 1724 1560 1777 in
1593 1723 1924 1794 Evangelio:
1960 1722 2074 1791 ipse

494 1814 641 1870 enim
671 1822 790 1869 erat
813 1854 827 1877 ,
862 1813 957 1882 qui
1014 1813 1131 1868 haec
1157 1821 1214 1867 et
1243 1813 1332 1866 illa
1387 1811 1625 1867 dicebat.
1659 1811 1813 1868 Omni
1862 1812 2073 1866 habenti

495 1906 708 1960 dabitur
724 1914 772 1960 et
799 1905 1082 1974 adjicietur
1100 1905 1166 1957 ⁸⁵.
1185 1904 1511 1974 Quicunque
1535 1913 1740 1971 autem,
1765 1913 1823 1958 ut
1837 1912 2072 1975 oportet,

494 2009 653 2055 vetus
684 2006 834 2053 tenet
857 2005 1261 2060 testamentum,
1290 1997 1339 2051 ei
1385 2006 1438 2051 et
1471 2011 1672 2052 novum
1702 1996 1978 2067 adjicitur,
2020 2007 2078 2052 et

496 2106 595 2159 per
624 2090 728 2145 hoc
752 2089 805 2144 ei
827 2086 1037 2144 esibilis
1074 2087 1237 2143 etiam
1264 2087 1473 2143 fructus
1514 2088 1828 2142 testamenti
1878 2088 2076 2143 veteris

498 2182 797 2236 invenitur.

566 2273 731 2330 Vsus.
755 2272 945 2329 26-28.
983 2294 1002 2326 ι
1035 2271 1159 2329 Non
1194 2273 1495 2330 comedetis
1525 2288 1745 2329 carnem
1788 2289 1913 2329 cum
1948 2289 2077 2329 san-

490 2365 684 2436 guine,
710 2379 823 2418 non
852 2363 1278 2435 augurabimini.
1308 2377 1412 2418 nec
1430 2363 1794 2419 observabitis
1843 2365 2074 2430 somnia,

497 2472 603 2513 nec
633 2457 688 2511 in
708 2457 1004 2512 rotundum
1025 2455 1263 2510 tondetis
1298 2469 1532 2518 comam,
1574 2469 1676 2509 nec
1721 2454 1923 2509 radetis
1956 2455 2079 2509 bar-

497 2547 647 2611 bam,
671 2554 727 2600 et
752 2560 918 2614 super
938 2552 1155 2599 mortuo
1183 2557 1292 2597 non
1317 2541 1569 2596 incidetis
1591 2556 1811 2595 carnem
1841 2551 2078 2595 vestram

499 2651 679 2708 neque
700 2635 917 2707 figuras,
943 2641 999 2690 et
1019 2634 1270 2706 stigmata
1299 2632 1514 2688 facietis
1546 2631 1721 2688 vobis.
1753 2631 1867 2703 Ego
1897 2622 2101 2688 Domi?

501 2742 655 2875 ωλι)
672 2744 833 2872 ,omni
868 2814 1138 2870 fermento
1157 2811 1380 2867 malitia:
1411 2810 1676 2866 mundum
1705 2824 1827 2865 esse
1867 2809 2081 2865 ﬁdelem

400 2913 409 2923 ’
499 2912 639 2977 vult,
669 2914 1037 2979 ctproptcrea
1067 2919 1215 2960 nunc
1242 2902 1460 2974 quidem
1492 2901 1795 2972 prohibeto
1818 2901 2082 2957 servitute

503 3003 636 3078 legis
688 3000 900 3063 litterae,
932 3005 988 3052 et
1036 2995 1326 3051 Judaicam
1375 2993 1679 3048 doctrinam
1742 2993 2082 3048 demonstrat

2168 429 2382 484 baricas
2419 429 2657 481 student.
2688 440 2893 487 comas,
2923 430 3149 494 propter
3167 421 3313 490 quod
3344 420 3452 474 hoc
3516 414 3761 486 Septua-

2166 523 2317 594 ginta
2343 522 2550 591 σισόην,
2577 519 2801 574 forsitan
2857 527 3076 588 propter
3124 513 3558 586 magnitudinem
3617 532 3763 571 con-

2168 628 2453 671 cursurum
2508 611 2830 682 capillorum
2879 608 3311 679 appellaverunt.
3356 605 3475 661 Non
3536 617 3768 677 oportet

2169 716 2353 760 autem
2385 705 2488 757 hoc
2520 700 2659 758 fieri.
2684 698 2781 753 sed
2803 705 3092 752 contentos
3124 709 3246 749 esse
3274 694 3618 751 naturalibus
3662 708 3754 748 or-

2170 795 2466 857 namentis,
2500 792 2638 847 nihil
2691 790 3000 859 exquirere,
3056 786 3161 841 nisi
3193 785 3381 840 forsan
3444 786 3764 841 Creatorem

2171 887 2374 957 aliquid
2406 885 2705 956 indiguisse
2726 883 2790 937 ad
2818 880 3209 952 perliciendum
3267 879 3472 932 animal
3518 893 3762 933 accusa-

2171 997 2315 1035 mus.
2344 978 2453 1033 Sed
2484 992 2584 1033 nec
2605 976 2890 1031 cincinnos
2919 972 3132 1027 nutrire
3156 971 3211 1025 in
3240 970 3506 1025 honorem
3551 970 3763 1025 dromo-

2171 1090 2327 1139 num,
2358 1072 2569 1143 capillis
2597 1070 2716 1124 aliis
2744 1066 3018 1130 fortiores,
3045 1073 3103 1118 et
3140 1062 3247 1117 hoc
3270 1076 3470 1116 vovere
3496 1078 3512 1116 :
3542 1062 3764 1115 student

2171 1167 2318 1221 enim
2354 1166 2458 1219 hoc
2478 1161 2696 1233 pagani,
2733 1169 2895 1229 caput
2927 1170 3226 1228 puerorqu
3259 1154 3461 1208 oﬂerre
3492 1155 3765 1209 ammoni-

2174 1260 2294 1314 bus.
2324 1256 2485 1313 Unde
2503 1256 2574 1311 de
2596 1256 2699 1309 hoc
2720 1252 2965 1307 maxime
2990 1258 3210 1320 oportet
3253 1247 3431 1317 putari
3478 1247 3760 1319 legislatu-

2174 1367 2289 1406 rem
2314 1349 2631 1420 praecipere.
2662 1344 2770 1400 Sed
2801 1360 2906 1398 nec
2935 1342 3157 1396 barbam
3203 1340 3398 1394 radere
3424 1339 3509 1393 vel
3554 1353 3760 1392 secun-

2173 1445 2302 1499 dum
2355 1439 2708 1511 Septuaginta
2754 1449 3107 1505 corrumpere
3153 1433 3347 1487 faciem
3393 1432 3616 1486 barbtc:
3657 1446 3765 1485 nec

2176 1536 2444 1591 incisuras
2473 1534 2528 1587 in
2557 1546 2790 1601 corpore
2820 1528 2925 1583 sibi
2960 1528 3139 1582 facere
3168 1542 3264 1581 eos
3282 1527 3377 1595 qui
3423 1525 3556 1579 flent
3595 1540 3760 1593 supra

2176 1638 2423 1683 mortuos
2451 1626 2635 1690 etiam,
2664 1624 2769 1678 hoc
2799 1621 2949 1677 enim
2978 1621 3171 1691 pagani
3202 1628 3630 1673 consueverunt.
3668 1619 3763 1672 Sic

2109 1706 2151 1760 Β
2176 1720 2324 1775 enim
2346 1718 2512 1789 amigi
2550 1730 2716 1786 supra
2753 1722 2997 1768 mortuos
3027 1720 3265 1781 oportet,
3300 1720 3362 1764 ut
3403 1724 3509 1764 nec
3564 1709 3760 1763 faciem

2177 1811 2359 1875 Itcdat,
2396 1824 2502 1864 nec
2531 1821 2730 1877 corpus
2768 1812 3101 1873 corrumpat,
3134 1817 3163 1855 a
3187 1801 3386 1871 quibus
3420 1817 3523 1856 nos
3559 1800 3766 1854 Paulus

2178 1903 2474 1973 prohibens
2529 1901 2649 1954 ait:
2687 1896 2825 1951 Nolo
2853 1912 2938 1950 vos
2964 1896 3231 1966 ignorare,
3293 1895 3508 1963 fratres,
3540 1903 3595 1945 ut
3658 1909 3769 1945 non

2175 1991 2580 2054 contristemini,
2610 1990 2745 2043 sicut
2771 1997 2817 2041 et
2855 1987 3030 2041 crete‘ri
3055 1986 3145 2056 qui
3164 2001 3309 2053 spem
3348 2000 3450 2038 non
3479 1985 3670 2038 habent
3694 1984 3763 2036 “.

2179 2086 2312 2141 Nam
2342 2083 2623 2154 quodlibet
2650 2097 2862 2143 eorum,
2881 2095 3003 2149 quae
3031 2079 3288 2148 prmdicta
3311 2086 3436 2133 sunt
3459 2093 3621 2147 agerc
3644 2093 3767 2131 non

2179 2186 2264 2234 est
2296 2191 2448 2247 spem
2484 2175 2688 2230 habere
2745 2171 3167 2229 resurrectionis
3221 2180 3578 2231 mortuorum,
3630 2170 3769 2240 quia

2180 2278 2438 2338 tanquam
2472 2266 2579 2320 illis
2607 2264 2900 2333 corruptis,
2935 2261 3259 2331 semctipsos
3285 2259 3556 2329 dissipant
3599 2271 3770 2329 atque

2181 2367 2560 2430 corrumpunt.
2602 2356 2863 2411 Prohibet
2910 2354 3162 2426 stigmata
3215 2353 3331 2408 fieri
3394 2352 3454 2407 in
3508 2367 3765 2423 corpore,

2182 2454 2424 2523 undique
2479 2451 2692 2506 decoris
2727 2448 3005 2520 legislator
3047 2462 3237 2502 curam
3296 2460 3516 2516 gerens,
3546 2454 3605 2499 et
3648 2461 3762 2498 non

2180 2544 2492 2600 concedens
2540 2542 2689 2598 abuti
2737 2554 2902 2596 carne
2959 2538 3013 2591 in
3074 2536 3316 2607 quolibet
3371 2535 3607 2602 borum;
3644 2551 3769 2605 qm:

2180 2636 2399 2707 quidem
2444 2635 2546 2705 ipsi
2587 2640 2813 2695 nocent,
2861 2639 3032 2685 totum
3071 2640 3256 2683 autem
3302 2626 3506 2681 animal
3554 2626 3761 2681 foedum

2181 2726 2435 2783 reddunt.
2468 2724 2769 2779 Comedcre
2799 2722 2945 2778 enim
2979 2737 3143 2789 super
3174 2729 3409 2783 montes,
3463 2721 3608 2790 quod
3668 2721 3767 2775 Se-

2184 2818 2464 2891 ptuaginta
2504 2817 2559 2870 in
2591 2816 2750 2870 initio
2802 2813 3088 2885 praesentis
3130 2812 3263 2884 legis
3309 2822 3636 2883 posuerunt,
3669 2829 3771 2882 pro

2185 2928 2251 2967 eo
2281 2912 2427 2981 quod
2448 2918 2631 2964 nostra
2662 2908 2831 2962 editio
2857 2907 3040 2971 habet,
3071 2906 3188 2959 Non
3209 2904 3493 2959 comedetis
3516 2921 3634 2958 cum
3651 2921 3773 2958 san-

2187 3007 2359 3077 guine,
2399 3012 2621 3074 propter
2652 3015 2749 3056 eos
2785 3000 2876 3070 qui
2919 2999 3185 3053 idolorum
3224 2997 3613 3052 festivitatibus
3644 3013 3776 3053 con-

505 3066 773 3152 inutilem.
798 3091 952 3146 Nunc
976 3097 1162 3144 autem
1190 3102 1388 3142 rursus
1416 3085 1480 3141 ad
1507 3099 1749 3140 errorem
1797 3086 2080 3156 gentilium

2185 3097 2325 3154 sueti
2374 3106 2501 3150 sunt
2531 3094 2830 3165 prohibuit.
2855 3094 2971 3146 Hoc
3020 3091 3163 3147 enim
3206 3078 3269 3145 ἐι
3323 3089 3465 3145 Osce
3506 3107 3775 3146 accusans

504 3200 813 3245 sermonem
856 3182 1041 3248 vertit,
1088 3195 1268 3250 neque
1310 3178 1467 3233 enim
1518 3178 1724 3245 omnia,
1763 3194 1890 3247 qua:
1937 3194 2085 3232 nunc

503 3281 672 3336 vetita
705 3287 854 3342 sunt,
885 3275 1177 3331 studentur
1202 3291 1217 3328 :
1246 3273 1446 3343 quippe
1467 3288 1590 3328 cum
1636 3287 1746 3326 non
1770 3272 1945 3327 solum
1975 3274 2087 3329 sint

503 3371 751 3438 ridicula,
786 3369 883 3426 sed
936 3367 1100 3423 etiam
1139 3374 1197 3421 et
1248 3366 1413 3420 noxia
1457 3365 1809 3420 studentibus
1842 3381 1927 3432 ea,
1965 3382 2086 3437 quae

504 3464 739 3521 maxime
780 3460 1017 3516 ostendit
1045 3456 1431 3524 Ecclesiastes;
1465 3456 1542 3512 ait
1571 3458 1718 3512 enim
1743 3457 1880 3522 :Qui
1907 3459 2087 3512 obser-

508 3566 597 3613 uat
622 3565 850 3621 uentum,
879 3535 981 3607 non
1019 3552 1245 3606 seminat
1279 3564 1293 3602 :
1329 3559 1379 3605 et
1419 3551 1508 3621 qui
1551 3551 1845 3605 considerat
1875 3552 2083 3617 nubem,

508 3664 775 3720 nunquam
808 3654 957 3700 metet
987 3644 1055 3700 ⁸⁸.
1081 3641 1380 3714 Augurium
1417 3658 1545 3714 ergo
1589 3656 1700 3696 non
1755 3643 1930 3698 solum
1985 3658 2086 3697 vox

507 3745 623 3801 avis
662 3742 954 3813 cujuslibet
984 3748 1079 3794 aut
1115 3739 1329 3792 volatus
1358 3734 1618 3805 appellat,
1651 3734 1744 3803 qui
1777 3734 1864 3789 vel
1896 3734 2085 3803 probi-

506 3838 601 3893 bet
638 3852 667 3890 a
700 3834 931 3906 quadam
962 3832 1178 3886 actione
1205 3828 1293 3884 vel
1334 3842 1454 3883 eam
1482 3825 1782 3881 studiosius
1820 3825 2087 3880 admonet

509 3928 936 3993 accelerandam,
965 3925 1061 3981 sed
1086 3933 1140 3979 et
1166 3922 1336 3995 signis
1359 3921 1437 3976 uti
1469 3919 1834 3991 loquentium,
1859 3926 2087 3989 praeter-

500 4022 795 4087 euntium,
842 4017 1220 4079 obviantium,
1265 4022 1321 4069 et
1370 4010 1728 4083 quorumdam
1781 4009 1836 4064 in
1892 4009 2087 4065 itinere

508 4111 915 4173 obveniantium
965 4106 1443 4173 ollendiculorum,
1503 4103 1801 4172 taliumque
1856 4100 2086 4156 aliorum

506 4216 613 4263 est.
665 4206 746 4261 Ab
795 4201 989 4259 avibus
1046 4201 1191 4255 enim
1253 4210 1541 4269 augurum,
1595 4195 1692 4250 sed
1742 4204 1796 4250 ct
1853 4194 2084 4249 aliorum

507 4300 787 4370 signorum
812 4292 1121 4349 observatio
1151 4288 1371 4344 dicitur.
1426 4284 1746 4356 Auspicium
1788 4293 1972 4339 autem
2001 4294 2086 4340 cst

498 4395 856 4444 transeuntes
881 4382 1228 4439 considerare
1254 4394 1402 4445 aves,
1436 4386 1492 4432 et
1524 4385 1752 4447 propter
1771 4376 1868 4430 has
1902 4376 1955 4429 in
1986 4375 2085 4431 de-

505 4489 705 4536 sertam
736 4478 804 4533 ab
836 4475 1151 4532 hominibus
1180 4473 1323 4528 viam
1364 4469 1546 4541 egredi
1588 4476 1684 4523 aut
1710 4467 1893 4522 avium
1932 4468 2088 4524 vola-

509 4579 645 4632 tum,
675 4576 769 4622 aut
803 4580 967 4622 voces
994 4563 1182 4634 quales
1208 4560 1319 4616 sint
1359 4567 1794 4631 perscrutentur,
1825 4565 1886 4612 ut
1913 4573 1977 4613 ex
2009 4558 2089 4614 eis

506 4668 855 4732 cognoscant,
884 4673 1006 4728 qua:
1063 4655 1243 4710 futura
1305 4662 1452 4708 sunt.
1483 4651 1639 4720 Quod
1695 4667 1954 4707 accusare
2005 4660 2089 4708 cst

509 4753 700 4818 Deum,
734 4750 860 4821 quia
887 4764 951 4804 ea
983 4762 1103 4818 quae
1132 4744 1365 4811 homini,
1393 4758 1553 4815 quem
1602 4742 1901 4798 secundum
1931 4757 2086 4799 suam

502 4847 798 4919 imaginem
830 4843 1071 4901 omnium
1095 4841 1410 4897 animalium
1442 4838 1740 4912 principem
1782 4840 2085 4905 constituit,

505 4934 807 5002 alocondit,
839 4946 895 4993 et
946 4935 1015 4991 ab
1047 4934 1125 4990 eis
1163 4933 1436 5004 quispiam
1494 4931 1672 4995 discit,
1704 4948 1825 5002 quae
1879 4946 1983 4986 nec
2020 4932 2089 4986 ab

507 5029 843 5100 spiritalibus
874 5027 1026 5089 viris,
1060 5026 1153 5080 sed
1186 5038 1293 5079 nec
1319 5040 1348 5079 a
1378 5025 1508 5087 Dco,
1567 5023 1660 5093 qui
1708 5024 1812 5079 illis
1861 5025 2086 5088 revelat,

507 5129 687 5192 potest
709 5121 943 5182 discere,
979 5120 1122 5175 sicut
1174 5105 1251 5183 hi,
1283 5117 1376 5188 qui
1409 5118 1465 5171 in
1492 5116 1752 5189 praedicto
1788 5131 1975 5171 errore
2004 5131 2091 5171 sc-

507 5212 652 5269 ducti
683 5223 832 5275 sunt,
860 5211 1215 5268 arbitrantur.
1250 5208 1478 5281 Insuper
1503 5224 1605 5266 nec
1636 5225 1845 5264 comam
1904 5209 1959 5263 in
1999 5224 2094 5263 ro-

509 5305 737 5359 tundum
770 5304 1015 5368 tondere,
1048 5303 1099 5357 id
1150 5309 1253 5367 est,
1290 5316 1402 5356 non
1447 5302 1639 5356 radere
1679 5300 1734 5354 in
1793 5300 2090 5355 rotundum

508 5404 783 5465 aspectum
817 5396 1029 5465 capitis,
1048 5393 1189 5450 sicut
1220 5400 1277 5449 et
1300 5392 1661 5465 Symmachus
1689 5392 2085 5463 edidit.qucm-

578 5592 624 5621 “
650 5590 841 5646 Matth.
878 5606 955 5654 ut,
990 5591 1044 5645 8.

2116 4427 2162 4484 ι)

1147 5592 1191 5624 ⁵⁵
1226 5591 1422 5647 Matth.
1460 5606 1589 5653 xxv,
1630 5590 1701 5645 29
1796 5591 1841 5622 ⁸⁸
1874 5589 2052 5645 [iet-Ie.
2077 5606 2148 5653 xl,
2183 5592 2237 5645 4.

2185 3189 2444 3261 populum
2487 3187 2824 3251 Judzeorum,
2882 3184 3058 3239 dixit:
3094 3182 3325 3252 Spiritus
3366 3184 3775 3254 fornicatiouum

2187 3281 2388 3351 decepit
2412 3295 2517 3342 eos,
2548 3290 2594 3331 et
2621 3276 2867 3349 fornicati
2892 3284 3013 3328 sunt
3042 3291 3075 3327 a
3110 3273 3215 3328 Deo
3250 3290 3365 3329 suo.
3398 3272 3569 3345 Super
3612 3277 3777 3328 serti-

2190 3390 2299 3427 cem
2326 3371 2577 3425 montium
2617 3370 2883 3422 incensum
2915 3364 3219 3428 adoiebaut,
3245 3376 3292 3419 et
3320 3382 3480 3434 super
3499 3366 3659 3419 colles
3683 3383 3777 3419 sa-

2188 3464 2495 3533 criﬁcabant
2549 3460 2615 3514 ⁸⁷.
2640 3459 2748 3514 Sed
2794 3457 3075 3511 videamus
3103 3467 3302 3527 prteter
3356 3457 3493 3521 hace,
3524 3471 3647 3526 qua:
3680 3474 3781 3512 nos

2182 3558 2587 3629 jubeatcavere
2620 3555 2959 3609 :secundum
3007 3552 3307 3623 spiritalem
3347 3552 3777 3622 contemplatio—

2187 3667 2312 3706 nem
2346 3667 2453 3706 non
2506 3650 2793 3706 comedere
2822 3664 2987 3720 super
3029 3657 3265 3711 montes,
3299 3647 3353 3701 id
3405 3657 3512 3712 est,
3570 3649 3779 3720 cogita-

2190 3743 2428 3798 tionibus
2458 3741 2708 3812 superbis
2734 3757 2844 3796 non
2891 3740 3064 3810 pasci,
3101 3741 3170 3795 de
3205 3740 3404 3809 quibus
3430 3739 3602 3794 Isaias
3652 3741 3731 3795 ait
3761 3758 3775 3793 :

2185 3833 2368 3889 Omnis
2400 3850 2547 3887 mons
2574 3844 2621 3887 et
2650 3832 2794 3887 collis
2824 3831 3192 3886 Immih'abitur
3226 3833 3290 3885 ⁸⁸.
3337 3830 3455 3887 Νοιι
3496 3833 3775 3903 augurari,

2184 3941 2298 3981 non
2332 3925 2622 3995 auspicari,
2655 3933 2843 3980 utnon
2866 3924 3214 3979 intcndentes
3257 3924 3535 3980 daemones
3577 3939 3778 3979 secuu~

2187 4019 2316 4074 dum
2345 4033 2533 4073 eorum
2561 4017 2894 4072 voluntatem
2929 4016 3196 4081 vivamus,
3215 4030 3395 4085 neque
3412 4031 3509 4071 cor
3522 4024 3775 4070 nostrum

2187 4109 2501 4165 volucribus
2531 4109 2829 4175 tradamus,
2861 4124 2982 4179 quae
3009 4108 3228 4179 rapiunt
3255 4122 3445 4163 semen
3489 4109 3708 4178 pietatis
3744 4123 3775 4162 a

2189 4200 2367 4266 nobis,
2409 4199 2552 4255 sicut
2583 4198 2848 4254 Dominus
2895 4200 2950 4252 in
2993 4199 3270 4270 parabolis
3302 4199 3633 4270 cvangelicis
3686 4200 3774 4254 di-

2190 4291 2270 4379 xit
2293 4292 2361 4345 ⁸⁹.
2393 4291 2615 4346 Comam
2643 4306 2752 4345 non
2789 4291 3081 4345 tondamus
3116 4307 3131 4345 :
3168 4291 3253 4345 vel
3288 4290 3430 4346 sicut
3452 4292 3777 4362 Septuagin-

2193 4393 2245 4439 ta
2274 4385 2463 4456 σισόην
2499 4385 2567 4438 de
2590 4384 2800 4454 capillis
2858 4385 3074 4456 capitis,
3109 4400 3216 4439 non
3259 4384 3544 4439 faciamus.
3578 4383 3775 4456 Capilli

2191 4476 2336 4532 enim
2381 4476 2552 4530 nostri
2607 4491 2708 4545 pro
2746 4476 3192 4548 cogitationibus,
3241 4476 3611 4546 accipiuntur,
3641 4490 3776 4544 pro-

2190 4578 2312 4638 pter
2350 4568 2498 4637 quod
2538 4568 2673 4622 dixit
2696 4568 3001 4625 Dominus:
3036 4569 3205 4624 Vestri
3245 4579 3423 4623 autem
3451 4578 3500 4622 et
3565 4568 3753 4636 capilli

2190 4660 2378 4729 capitis
2406 4675 2583 4714 omnes
2607 4663 2872 4715 numerati
2901 4670 3022 4716 sunt
3048 4662 3117 4716 ⁸ο.
3160 4660 3265 4732 Ipsi
3287 4660 3435 4715 enim
3475 4669 3666 4730 utpote
3686 4660 3779 4729 ju-

2189 4751 2317 4814 dici,
2351 4761 2406 4807 et
2437 4752 2599 4807 corda
2620 4754 2905 4819 scrutanti,
2931 4764 3229 4809 numeraue
3274 4762 3406 4809 sunt
3432 4767 3626 4806 omnes
3679 4768 3781 4808 ne.

2189 4853 2316 4899 strae
2367 4844 2743 4914 cogitationes.
2798 4845 2916 4900 Non
2972 4855 3189 4916 oportet
3245 4860 3376 4915 ergo
3433 4860 3529 4899 cas
3568 4844 3782 4915 agitare

2189 4935 2520 5006 quempiam,
2552 4935 2639 4989 vel
2662 4943 2976 5002 concutere,
3009 4936 3105 4991 sed
3138 4951 3240 4991 nec
3292 4936 3494 4990 offerre
3541 4935 3782 5000 diabolo,

2194 5029 2338 5099 quod
2390 5027 2599 5082 faciunt
2646 5028 2891 5098 quidam,
2927 5037 2982 5084 et
3039 5028 3107 5084 de
3163 5027 3517 5083 sensibilibus
3570 5028 3783 5098 capillis

2196 5120 2403 5174 crinem
2437 5120 2751 5185 offerentes,
2781 5121 2923 5176 sicut
2946 5122 3201 5191 superius
3254 5121 3511 5176 diximus.
3544 5120 3782 5190 Insuper

2196 5228 2307 5267 non
2327 5220 2562 5282 oportet,
2596 5212 2738 5267 sicut
2774 5213 3142 5283 praediximus,
3177 5215 3401 5270 barbam
3440 5214 3655 5278 radere,
3697 5211 3784 5267 vel

2198 5306 2498 5359 secundum
2550 5304 2905 5377 Septuaginta
2940 5322 3293 5377 corrumpere
3336 5305 3535 5361 faciem
3576 5305 3784 5365 barbae.

2196 5396 2321 5465 quia
2344 5395 2694 5466 perfectionis
2718 5406 2912 5452 nostrze
2946 5397 3161 5469 signum
3205 5397 3373 5453 barba
3411 5407 3515 5453 est.
3544 5396 3786 5453 Virtutes

2333 5592 2378 5624 ⁸⁸
2408 5590 2643 5649 IThess.
2670 5611 2742 5661 tv,
2777 5596 2865 5651 12.
2963 5595 3005 5629 "
3031 5593 3170 5651 Osee
3201 5611 3276 5659 tv,
3326 5593 3410 5656 η,
3441 5593 3526 5649 £5.
3605 5592 3649 5627 ⁸⁸
3677 5593 3762 5650 Isa

507 5673 605 5720 ιιι
634 5662 686 5713 4.
763 5663 805 5692 ⁸³
840 5661 1029 5717 ὶῖιιιιιι.
1062 5676 1179 5725 xm,
1206 5662 1309 5729 l9;
1357 5661 1488 5716 Luc.
1526 5676 1614 5723 χι..
1646 5660 1734 5715 24.
1801 5664 1846 5696 δ’
1891 5661 2079 5715 Matth.
2113 5678 2164 5723 κ,
2202 5662 2292 5716 '50.
