4038 6182
296 308 431 375 1037

1428 310 1509 370 ΙΝ
1548 311 1986 372 LEVITICUM.
2016 337 2086 346 -
2118 311 2268 372 LIB.
2312 312 2416 374 VI.

3408 313 3548 381 1038

289 435 470 479 autem
501 424 787 496 designant
814 441 1002 481 veram
1041 436 1284 495 nostram
1313 426 1706 497 perfectionem
1732 442 1870 496 quas
1897 436 1942 490 Α
1972 425 2172 497 loquos,
2204 432 2253 479 et
2279 425 2641 494 uene/icisnon
2682 425 3078 495 adjungamini,
3130 435 3190 481 ut
3232 427 3551 497 polluamini

289 516 644 589 incongruum
677 528 763 572 est
815 533 1170 588 corrumpere
1201 527 1496 588 operantes
1543 532 1653 571 non
1713 533 1862 579 vero,

290 609 385 664 sed
413 610 516 664 sub
539 609 672 664 falso
696 619 751 665 et
783 609 909 665 (icto
932 610 1140 664 habitu.
1173 607 1284 664 Nec
1338 608 1635 664 incisiones
1688 608 1869 663 facere

289 712 455 767 super
497 699 735 753 animam
792 699 994 754 bonum
1023 698 1187 753 estin
1235 713 1503 768 corpore:
1541 708 1669 753 sunt
1720 698 1868 753 enim

288 790 699 854 delectationes,
724 806 847 859 qua:
874 791 940 844 ad
993 790 1297 845 nocendam
1326 791 1563 845 animam
1621 791 1871 846 incidunt

289 895 511 950 corpus,
543 890 600 935 et
628 889 1006 950 corrumpunt.
1039 879 1148 934 Sed
1172 889 1229 935 et
1251 879 1520 951 stigmata,
1554 880 1607 933 id
1633 888 1738 941 est,
1762 896 1871 934 ma-

288 971 352 1026 lze
377 972 640 1027 doctrinae
668 972 943 1042 dogmata,
989 971 1116 1042 quia
1158 971 1449 1036 inhaerent,
1473 981 1531 1027 et
1570 971 1871 1043 infiguntur

287 1064 485 1116 animae
512 1078 611 1131 per
655 1062 900 1132 quaedam
953 1063 1344 1126 blandimenta,
1375 1062 1462 1116 vel
1507 1062 1867 1132 syllogismos,

287 1155 376 1209 vel
403 1155 704 1224 quemlibet
724 1155 889 1209 alium
955 1155 1174 1209 modum
1221 1154 1539 1209 docentium
1600 1154 1868 1224 intelliga-

291 1261 433 1301 mus.
473 1245 737 1317 Prazcepit
760 1261 891 1317 ergo
915 1246 1073 1301 nobis
1100 1245 1187 1300 lex
1228 1254 1284 1300 et
1339 1247 1408 1300 ab
1452 1245 1538 1299 his
1571 1245 1868 1307 abstinere,

289 1338 416 1406 quia
448 1337 712 1407 impressa
742 1338 828 1392 vel
888 1337 1166 1400 immersa,
1195 1336 1336 1391 sicut
1368 1336 1547 1391 solent
1595 1336 1865 1407 stigmata,

289 1430 577 1485 difﬁculter
612 1430 916 1485 abolentur.

365 1523 526 1575 Vens.
554 1521 643 1576 9.9.
678 1539 698 1572 ι
736 1521 815 1576 Ne
846 1522 1142 1591 prostituas
1170 1521 1333 1577 filiam
1388 1530 1555 1586 tuam,
1600 1531 1658 1575 ut
1686 1532 1868 1576 conta-

290 1618 533 1672 minetur
563 1628 727 1679 terra,
751 1624 807 1670 et
839 1617 1129 1685 impleatur
1152 1617 1393 1686 piaculo.
1430 1634 1450 1666 ι

361 1706 418 1760 Si
445 1706 591 1761 enim
619 1715 805 1776 patres
821 1722 962 1777 quos
1010 1716 1229 1776 oportet
1262 1708 1402 1762 filios
1428 1708 1748 1773 emendare,
1799 1709 1868 1763 ad

1971 518 2028 570 in
2048 518 2140 571 eis.
2172 514 2286 586 Ego
2311 532 2428 571 sum
2461 515 2719 570 Dominus
2747 515 2889 569 Deus
2920 525 3109 571 uester.
3145 516 3379 573 Maxima
3430 519 3551 574 dia-

1974 607 2134 662 bolici
2170 606 2390 671 erroris,
2441 615 2497 661 et
2529 606 2739 661 fraudis
2793 607 3026 676 species,
3080 609 3553 679 ventriloquorum

1971 706 2059 753 est
2085 696 2398 768 exquisitio.
2440 696 2602 754 Unde
2633 706 2689 751 et
2717 696 2919 751 Paulus
2965 698 3204 767 puellam
3236 700 3552 764 inveniens,

1970 790 2228 861 spiritum
2262 790 2555 845 habentem
2586 788 2871 860 Pythonis,
2918 789 3169 858 quamvis
3220 789 3556 856 daemonium

1972 894 2168 950 magna
2199 879 2268 934 de
2298 879 2417 949 ipso
2446 888 2502 933 et
2525 879 2633 932 Sila
2662 879 3002 948 praedicaret,
3050 887 3108 934 et
3164 880 3375 937 diceret
3409 900 3421 934 :
3485 884 3556 938 Hi

1972 970 2205 1023 homines
2223 970 2360 1024 servi
2382 969 2480 1023 Dei
2510 969 2700 1024 ea'celsi
2727 978 2867 1034 sunt,
2921 971 3011 1041 qui
3062 972 3382 1026 annuntiant
3414 960 3587 1028 vobis'

1971 1062 2114 1114 uiam
2143 1061 2383 1114 veritatis
2409 1060 2484 1125 “;
2520 1061 2723 1115 malum
2742 1071 2921 1116 tamen
2953 1061 3206 1131 spiritum
3239 1063 3554 1134 increpans,

1970 1152 2249 1225 ell'ugavit.
2269 1152 2572 1208 Pessimum
2622 1162 2708 1207 est
2760 1152 2926 1207 etiam
2956 1161 3013 1208 et
3059 1152 3318 1209 veneficis
3376 1155 3562 1211 adhae-

1971 1258 2113 1311 rere,
2145 1244 2273 1315 quia
2302 1245 2613 1299 daemonum
2666 1242 3017 1300 inimicorum
3070 1244 3248 1311 nobis,
3284 1256 3341 1303 et
3384 1250 3563 1318 pesti-

1974 1336 2208 1393 lentium
2243 1335 2467 1390 nomina
2486 1335 2699 1390 dicunt.
2728 1333 2831 1402 Qui
2854 1336 2957 1389 etsi
3008 1336 3076 1391 ad
3100 1336 3268 1392 breve
3309 1347 3550 1411 tempus,

1972 1436 2035 1483 ut
2051 1428 2107 1482 in
2132 1441 2372 1483 errorem
2391 1426 2631 1491 mittant,
2657 1425 2913 1481 videntur
2926 1428 3141 1497 operari
3163 1429 3389 1499 aliquid,
3409 1438 3560 1501 quod

1973 1521 2040 1574 ad
2065 1518 2405 1590 corporalem
2431 1518 2722 1572 sanitatem
2741 1518 2851 1572 vile
2872 1527 2928 1573 et
2946 1534 3200 1589 parvum,
3214 1522 3374 1591 quale
3391 1526 3559 1579 etiam

1977 1612 2216 1682 imperiti
2238 1610 2437 1666 medici
2467 1610 2684 1681 operari
2718 1618 2970 1679 possunt,
3030 1623 3408 1669 verumtamen
3455 1630 3562 1671 nec

1976 1704 2081 1758 hoc
2117 1712 2179 1757 ut
2209 1701 2359 1766 boni,
2424 1715 2604 1771 neque
2664 1710 2723 1756 ut
2754 1700 2894 1756 bene
2946 1701 3193 1758 volentes
3240 1705 3561 1762 hominibus

292 1796 710 1852 fornicationem
738 1812 843 1853 nos
872 1798 1188 1861 hortantur,
1232 1808 1592 1868 provocantes
1647 1809 1741 1853 aut
1785 1799 1869 1852 vi-
1901 1794 1943 1846 Β
1970 1800 2287 1863 operantur.
2316 1791 2412 1847 sed
2438 1791 2494 1845 in
2531 1791 2846 1848 servitutem
2878 1792 3000 1848 illos
3048 1794 3293 1866 redigere
3314 1804 3369 1851 et
3400 1797 3566 1854 ιιι)ρο

289 1899 478 1944 ventes
505 1890 755 1958 turpiter,
787 1899 847 1944 ut
867 1889 968 1961 ipsi
988 1890 1058 1945 ad
1088 1890 1449 1946 imitationem
1478 1891 1872 1961 parentum,ad

292 1983 493 2037 malum
518 1983 833 2047 illiciantur,
870 1983 1106 2053 piaculo,
1154 1983 1243 2039 vel
1300 1986 1602 2040 secundum
1639 1983 1872 2054 Septua-

292 2075 464 2145 ginta,
488 2074 853 2129 fornicatione
882 2084 1029 2129 terra
1061 2075 1389 2145 completur,
1439 2084 1496 2130 et
1540 2075 1609 2129 ad
1646 2091 1868 2129 onmem

290 2162 530 2233 speciem
567 2163 862 2234 impietatis
889 2164 1130 2234 proiicit,
1162 2165 1290 2234 quia
1334 2180 1432 2221 eos
1449 2165 1543 2234 qui
1566 2165 1874 2220 eruditores

292 2270 416 2310 esse
457 2255 788 2320 debuerunt,
844 2256 912 2310 ad
972 2256 1174 2311 malum
1227 2256 1379 2326 pueri
1406 2258 1728 2328 paedagogos
1777 2258 1873 2311 ha-

292 2346 445 2403 bent.
506 2346 613 2402 Sed
657 2362 763 2402 nec
810 2348 1051 2403 animam
1099 2358 1367 2415 nostram,
1408 2365 1529 2419 qua:
1557 2350 1712 2404 nobis
1766 2349 1873 2403 tilia

295 2437 572 2508 unigenita
599 2446 704 2501 est,
749 2438 822 2493 ita
840 2448 901 2493 ut
923 2437 1089 2494 David
1127 2439 1340 2495 diceret
1366 2458 1381 2494 :
1413 2439 1605 2495 Libera
1634 2457 1667 2494 a
1707 2440 1874 2495 leoni-

292 2532 389 2585 bus
411 2532 625 2585 unicam
656 2547 829 2586 meum
860 2532 903 2564 ⁵¹
937 2549 951 2586 :
982 2542 1039 2587 et
1082 2548 1094 2584 :
1152 2532 1232 2587 De
1258 2550 1421 2587 manu
1462 2534 1610 2588 canis
1656 2535 1870 2588 unicam

294 2639 469 2677 meam
503 2623 570 2688 δ’,
613 2624 1032 2693 prostituamus,
1072 2641 1104 2678 a
1156 2625 1268 2680 Deo
1293 2625 1439 2679 illam
1482 2625 1875 2680 discessionem

295 2715 577 2779 docentes,
600 2730 669 2770 ne
701 2714 1007 2770 fornicantc
1053 2714 1237 2769 anima
1289 2714 1595 2770 fornicetur
1649 2725 1706 2769 et
1752 2730 1876 2770 cor-

293 2822 421 2877 pus.
452 2805 568 2862 Hoc
592 2806 737 2862 enim
772 2816 938 2872 terra,
967 2816 1155 2877 utpote
1184 2808 1330 2877 quod
1385 2807 1455 2862 de
1500 2817 1645 2862 terra
1693 2817 1873 2862 ortum

295 2908 397 2961 est,
421 2908 478 2953 et
516 2898 570 2953 in
601 2907 803 2953 terram
831 2907 1160 2965 revertetur,
1195 2899 1518 2970 appellatur.

367 2989 436 3045 Et
461 2991 747 3060 impleatur
775 2990 1006 3061 piaculo,
1039 2991 1126 3046 vel
1153 2991 1297 3048 sicut
1321 2991 1702 3063 Septuaginta,
1719 2994 1874 3047 adul-

295 3081 447 3136 terio.
472 3080 637 3135 Ebrio
662 3080 864 3151 quippe
890 3095 1127 3143 sessore,
1160 3096 1335 3150 equus
1358 3080 1606 3136 defertur
1632 3081 1687 3135 in
1740 3096 1876 3152 pra-

294 3188 442 3242 eeps.
480 3171 525 3226 A
560 3171 671 3227 Deo
700 3172 990 3227 recedente
1034 3173 1235 3238 anima,
1262 3174 1445 3228 omnis
1481 3172 1745 3244 iniquitas
1779 3173 1877 3227 do-

295 3262 535 3317 minatur
558 3263 612 3317 in
646 3278 896 3333 corpore.

366 3353 530 3410 Vsus.
559 3357 647 3411 30.
689 3374 708 3408 ι
749 3356 986 3412 Sabbata
1030 3372 1152 3413 mea
1181 3359 1476 3423 custodite,
1529 3367 1587 3413 et
1624 3368 1878 3414 sanctua-

297 3447 438 3503 rium
468 3464 653 3504 meum
680 3450 931 3505 metuite.
958 3448 1068 3521 Ego
1088 3450 1374 3505 Dominus.
1417 3469 1436 3501 ι

370 3539 524 3593 Sicut
586 3554 694 3594 uno
748 3541 1049 3596 exsistente
1097 3538 1320 3611 speciali
1345 3541 1606 3608 Sabbato,
1645 3543 1879 3612 septima

300 3626 555 3682 videlicet
571 3627 679 3693 die,
712 3644 876 3684 omne
901 3628 1050 3684 aliud
1076 3630 1382 3701 legitimum
1407 3631 1610 3686 ostium
1670 3629 1879 3686 Sabha-
1896 3665 1916 3684 .

303 3729 415 3772 tum
443 3719 771 3788 appellatur,
795 3720 842 3775 si
870 3735 995 3775 cum
1023 3722 1297 3792 generalis
1338 3722 1411 3776 sit
1458 3721 1793 3778 abstinentia
1847 3740 1878 3779 a

300 3810 464 3873 malo,
492 3811 596 3865 hoc
624 3813 773 3867 enim
804 3828 996 3868 revera
1012 3812 1200 3869 studet
1246 3813 1526 3885 legislator
1553 3812 1876 3879 Sabbatum,

298 3910 355 3955 et
377 3916 475 3971 per
504 3901 715 3973 singula
745 3917 974 3973 quaeque
1028 3902 1286 3959 recedere
1314 3901 1473 3957 nobis
1499 3917 1531 3956 a
1555 3901 1699 3956 malo
1734 3916 1878 3973 pras-

299 3996 461 4067 cepit.
493 3996 608 4051 Hoc
638 3995 786 4050 enim
816 3995 1068 4062 fulciens,
1100 3994 1345 4051 addidit:

368 4089 750 4144 Sanctuarium
798 4105 972 4143 meum
1005 4089 1242 4143 metuite.
1300 4086 1398 4142 Vel
1448 4088 1592 4142 sicut
1647 4087 1878 4158 Septua-

297 4180 467 4252 ginta,
483 4179 681 4235 Sancta
706 4196 823 4235 mea
850 4179 1129 4235 timebitis:
1149 4178 1278 4249 quia
1301 4178 1763 4247 quemadmodum
1785 4191 1874 4241 eo,

298 4273 389 4342 qui
419 4289 530 4343 quo
552 4273 758 4328 debent
779 4272 943 4327 modo
960 4271 1231 4327 accedunt
1255 4271 1323 4326 ad
1371 4286 1451 4332 ea,
1511 4271 1875 4335 sanctificent,

298 4365 377 4420 sic
410 4365 465 4419 bi
512 4366 606 4435 qui
640 4365 826 4436 inique
882 4371 1224 4434 praesumunt
1256 4362 1312 4416 in
1352 4362 1453 4427 eis,
1489 4372 1547 4418 et
1573 4377 1683 4418 non
1718 4363 1877 4433 prius

1975 1898 2229 1954 separare
2280 1882 2582 1952 cupientes.
2636 1881 2743 1938 Sed
2802 1897 2907 1938 nec
2943 1884 3334 1955 ventriloqnos,
3366 1888 3423 1943 id
3454 1898 3560 1955 est,

1975 1974 2140 2030 falsos
2166 1974 2463 2045 prephetas
2490 1989 2801 2045 sequamur,
2845 1976 2937 2046 qui
2976 1978 3200 2033 nomine
3245 1978 3558 2038 Dei'aliena

1974 2080 2004 2119 a
2035 2065 2148 2120 Deo
2174 2065 2391 2130 docent,
2426 2076 2482 2121 et
2510 2068 2843 2137 prophetant
2874 2085 2888 2121 :
2920 2068 3013 2138 qui
3058 2069 3383 2142 ventriloqui
3415 2073 3565 2143 iuste

1975 2156 2250 2221 dicuntur,
2275 2158 2428 2227 quasi
2463 2157 2787 2230 intelligibili
2832 2168 3023 2215 ventre
3046 2161 3130 2216 sui
3168 2164 3367 2228 cordis,
3402 2164 3563 2219 fabu-

1976 2248 2056 2301 las
2084 2249 2367 2318 quasdam,
2401 2248 2456 2303 id
2479 2257 2581 2314 cst,
2611 2248 2774 2304 falsas
2816 2250 3111 2317 doctrinas,
3146 2261 3203 2307 et
3247 2255 3563 2324 prophetias

1974 2341 2336 2411 proferentes,
2392 2341 2464 2397 de
2511 2341 2711 2412 quibus
2759 2357 2860 2414 per
2903 2343 3245 2401 Ezechielcm
3302 2346 3566 2403 Dominus

1975 2433 2147 2487 dixit:
2187 2433 2270 2487 Vo:
2294 2434 2560 2502 prophetis
2610 2434 2983 2503 insipientibus
3030 2437 3121 2504 qui
3147 2448 3436 2508 sequuntur
3456 2441 3565 2507 spi-

1977 2527 2142 2580 ritum
2179 2543 2335 2580 suum
2364 2528 2431 2579 ⁸⁸.
2456 2526 2522 2581 lli
2541 2533 2596 2582 et
2625 2526 2974 2591 veneﬁci,~ut
3029 2528 3123 2598 qui
3173 2544 3299 2584 cum
3357 2531 3568 2588 blandi-

1975 2627 2162 2672 mento
2192 2618 2449 2687 quodam,
2485 2627 2542 2673 et
2589 2618 2780 2673 fraude
2827 2619 3021 2676 domos
3065 2620 3452 2692 ingredientes,
3508 2633 3568 2679 et

1977 2708 2217 2777 captivas
2242 2708 2509 2763 ducentes
2535 2706 2884 2764 mulierculas
2915 2719 3171 2766 oneratas
3195 2713 3456 2782 peccatis,
3487 2715 3567 2770 si-

1975 2808 2069 2854 cut
2090 2799 2167 2853 ait
2196 2799 2394 2854 Paulus
2416 2798 2482 2863 ⁸⁸,
2505 2807 2654 2854 recte
2681 2800 3058 2871 appellantur:
3088 2802 3143 2856 in
3166 2803 3253 2858 bis
3277 2818 3407 2876 ergo
3420 2818 3567 2876 prte-

1975 2890 2121 2962 cepit
2155 2905 2267 2952 non
2293 2888 2482 2960 pollui.
2514 2890 2772 2945 Polluunt
2818 2892 2965 2947 enim
3002 2896 3312 2950 ‘sermones
3372 2910 3563 2951 eorum

1976 2997 2073 3037 eos
2108 2981 2201 3052 qui
2229 2982 2310 3037 eis
2338 2981 2620 3037 obediunt.
2669 2982 2825 3039 Unde
2872 2993 2930 3039 et
2989 2984 3196 3040 addidit
3235 3003 3247 3038 :
3291 2986 3399 3058 Ego
3444 3004 3566 3043 sum

1981 3075 2240 3130 Dominus
2275 3074 2412 3129 Deus
2435 3085 2623 3129 vester.
2682 3076 2785 3130 Per
2830 3059 3201 3147 evangelicam
3256 3078 3566 3134 doctrinam

1983 3166 2172 3222 dicens
2205 3183 2218 3218 :
2252 3167 2518 3221 Attendite
2551 3168 2631 3221 his
2680 3168 2772 3238 qui
2801 3169 3016 3222 veniunt
3076 3170 3146 3222 ad
3170 3185 3258 3223 vos
3299 3171 3357 3223 in
3402 3173 3567 3225 vesti-

1981 3260 2169 3316 mentis
2197 3259 2392 3323 arium,
2452 3259 2771 3315 intrinsecus
2828 3269 3004 3315 autem
3055 3270 3175 3314 sunt
3228 3261 3336 3330 lupi
3399 3278 3567 3331 rapa-

1980 3368 2064 3406 ces
2080 3353 2145 3405 '7.
3323 3400 3327 3404 .

2052 3443 2217 3501 Vens.
2248 3446 2336 3501 5.3..
2373 3466 2391 3499 ι
2420 3446 2616 3503 Coram
2664 3462 2804 3503 cano
2833 3446 3010 3517 capite.
3042 3462 3329 3520 consurge,
3360 3457 3417 3504 et
3463 3450 3569 3504 ho-

1982 3551 2116 3591 nora
2147 3552 2436 3607 personam
2461 3538 2610 3595 senis
2632 3547 2686 3594 et
2711 3539 2843 3593 time
2872 3538 3161 3593 Dominum
3188 3538 3357 3594 Deum
3387 3550 3563 3596 tuum.

1982 3630 2094 3701 Ego
2116 3646 2240 3685 sum
2278 3631 2560 3686 Dominus.
2600 3650 2619 3682 ι

2054 3720 2265 3777 Bonum
2297 3730 2384 3776 est
2401 3722 2646 3791 quidem,
2682 3730 2738 3777 et
2760 3737 2885 3776 eum
2915 3723 3140 3793 quijam
3197 3723 3267 3779 ad
3309 3723 3568 3779 canitiem

1980 3814 2231 3885 pervenit
2252 3815 2544 3880 honorare,
2577 3815 2742 3870 habet
2797 3815 2946 3869 enim
2979 3824 3196 3886 tempus
3223 3816 3428 3887 aliquid
3447 3832 3569 3872 am-

1980 3908 2124 3977 plius
2141 3908 2337 3978 procul
2362 3907 2527 3963 dubio
2562 3909 2631 3964 ad
2658 3908 3022 3979 prudentiam,
3070 3909 3166 3966 sed
3196 3918 3254 3965 ct
3302 3911 3569 3966 honorem

1980 4014 2144 4070 quem
2208 3998 2649 4070 provectioribus
2703 3999 3105 4070 impendimus,
3174 4016 3284 4057 non
3349 4017 3570 4073 quoque
3627 3991 3631 3996 ’

1979 4107 2010 4146 a
2042 4090 2342 4146 minoribus
2363 4091 2715 4158 merebimur,
2762 4100 2925 4162 atque
2961 4106 3028 4147 es
3066 4093 3171 4148 hoc
3201 4094 3337 4149 ordo
3391 4094 3571 4150 bonus

1978 4183 2149 4237 vitam
2179 4191 2427 4238 nostram
2454 4182 2510 4236 in
2538 4183 2828 4238 honestate
2862 4182 3199 4247 custodiens,
3247 4183 3408 4239 nobis
3436 4199 3569 4255 pro-

1979 4272 2214 4346 ﬂigatur.
2241 4274 2450 4330 Canum
2485 4281 2843 4339 autem,vere
2900 4288 3111 4340 senem,
3163 4274 3219 4331 id
3279 4284 3384 4340 est,
3438 4290 3569 4330 eum

1979 4367 2241 4439 intellige,
2272 4366 2340 4422 de
2369 4382 2479 4437 quo
2497 4366 2574 4421 ait
2597 4365 2839 4437 Moyses:
2864 4365 3138 4437 Interroga
3169 4375 3373 4435 patrem
3397 4377 3568 4425 tuum.

298 4456 622 4526 semctipsos
667 4457 828 4511 sorde
875 4455 1097 4511 malitiae
1142 4463 1397 4525 purgant,
1463 4464 1629 4524 atque
1688 4455 1771 4511 sic
1808 4454 1875 4510 ad
1911 4489 1953 4544 Β
1982 4468 2030 4514 et
2061 4458 2401 4513 annuntiabit
2423 4458 2796 4523 tibi;seniores
2832 4467 2969 4523 tuos,
2994 4468 3043 4513 et
3065 4459 3237 4514 dicent
3254 4461 3346 4514 tibi
3373 4459 3572 4516 ".Sed

300 4547 501 4601 munda
537 4548 827 4614 accedunt,
856 4557 1238 4617 corrumpunt,
1264 4546 1379 4601 sive
1434 4547 1780 4618 dispertiunt,
1813 4547 1880 4603 si-

299 4646 392 4691 cut
429 4637 633 4702 Nadab,
676 4647 732 4692 et
754 4637 915 4704 Abiu,
947 4649 1003 4695 et
1037 4639 1132 4693 lilii
1162 4638 1302 4693 Heli.
1357 4637 1514 4693 Unde
1560 4647 1616 4693 et
1676 4638 1879 4693 Paulus

299 4729 477 4783 dehis
505 4730 597 4799 qui
633 4729 1087 4801 incircumspecte
1120 4730 1349 4802 mystica
1382 4731 1718 4802 percipiunt,
1745 4733 1880 4786 sub-

298 4820 434 4875 didit
463 4838 475 4875 :
506 4821 790 4891 Propterea
822 4823 972 4876 multi
1002 4824 1055 4878 in
1089 4824 1232 4878 vobis
1258 4823 1477 4893 inﬁrmi,
1505 4835 1550 4878 et
1574 4824 1875 4889 imbecilles,

296 4922 347 4967 et
380 4913 647 4967 dormiunt
674 4913 914 4967 multi”.
950 4912 1108 4969 Unde
1132 4923 1186 4969 et
1222 4931 1371 4970 nunc
1410 4914 1691 4986 legislator
1726 4915 1881 4969 addi-

297 5002 416 5057 dit:
479 5001 589 5074 Ego
629 5002 906 5065 Dominus,
943 5003 996 5056 id
1049 5013 1151 5069 est,
1203 5014 1447 5067 sanctus,
1506 5016 1562 5059 et
1584 5005 1638 5058 in
1675 5004 1880 5059 sanctis

301 5093 577 5159 habitans,
635 5104 692 5160 et
751 5094 1063 5149 necessario
1123 5096 1347 5166 exigens
1409 5105 1724 5152 sanctorum
1755 5095 1879 5150 vin-

301 5183 526 5239 dictam.

375 5274 535 5330 Vsns.
556 5276 617 5331 3i
632 5316 647 5331 .
687 5296 705 5329 ι
736 5275 848 5333 Nec
867 5277 1157 5333 declinetis
1195 5277 1266 5333 ad
1295 5293 1498 5349 magos,
1520 5292 1627 5334 nec
1647 5278 1715 5333 ab
1738 5277 1883 5333 ario-

300 5365 369 5425 lis
402 5365 609 5437 aliquid
647 5367 1023 5435 sciscitemiui,
1053 5378 1113 5423 ut
1143 5369 1461 5439 polluamini
1488 5385 1586 5440 per
1607 5384 1725 5424 eos.
1764 5389 1782 5419 ι

367 5457 724 5531 Septuaginta
761 5468 944 5515 autem
969 5460 1139 5515 edunt
1171 5479 1184 5513 :
1235 5458 1357 5514 Non
1380 5461 1660 5531 sequimini
1684 5463 1882 5536 uentri-

1988 4562 2044 4607 ct
2071 4551 2271 4607 Paulus
2304 4566 2317 4604 :
2356 4550 2653 4621 Presbyteri
2674 4550 2876 4619 duplici
2931 4550 3128 4605 honore
3155 4552 3303 4623 digni
3331 4552 3569 4606 habean-

1989 4654 2096 4708 tur,
2132 4645 2366 4698 mascime
2383 4643 2474 4713 qui
2502 4642 2752 4696 laborant
2777 4642 2833 4695 in
2852 4645 3009 4697 verba
3027 4652 3076 4697 et
3098 4644 3340 4698 doctrina
3371 4644 3440 4697 '9.
3461 4642 3571 4698 Sed

1987 4745 2043 4791 et
2073 4736 2262 4791 Daniel
2291 4750 2415 4790 cum
2442 4743 2590 4789 esset
2609 4747 2766 4804 puer,
2811 4743 2868 4788 et
2897 4734 3111 4803 judiccs
3152 4744 3316 4804 atque
3343 4734 3570 4805 presby-

1987 4837 2136 4881 teros
2162 4826 2349 4897 populi
2370 4825 2744 4880 criminantes.
2780 4825 3088 4880 Susannam
3112 4834 3385 4894 argueret,
3416 4824 3571 4878 dice-
3628 4884 3639 4888 ,

1986 4919 2120 4973 bant
2142 4918 2230 4972 alii
2254 4917 2553 4988 presbyteri
2583 4936 2598 4973 :
2638 4917 2782 4979 Veni,
2816 4918 2936 4971 sede
2957 4918 3012 4969 in
3037 4917 3208 4969 medio
3234 4925 3491 4976 nostrum,
3520 4921 3570 4968 et

1986 5014 2039 5058 et
2062 5008 2323 5058 annuntio
2359 5006 2525 5067 nobis,
2551 5006 2677 5076 quia
2714 5005 2807 5058 tibi
2834 5005 2973 5058 Deus
2993 5004 3133 5059 dedit
3155 5005 3401 5056 horrerent
3421 5018 3570 5056 sene—

1989 5097 2145 5151 ctutis
2177 5096 2223 5128 ⁶⁰
2268 5104 2377 5151 :ut
2422 5097 2823 5160 ostenderetur,
2875 5096 3000 5166 quia
3062 5093 3342 5165 sapientia:
3400 5093 3572 5164 magis

1988 5202 2151 5258 quam
2200 5185 2374 5241 aetatis
2406 5193 2491 5240 est
2519 5186 2836 5258 presbyterii
2857 5185 3108 5255 dignitas.

2068 5275 2230 5330 Vens.
2256 5276 2346 5339 55,
2374 5275 2464 5327 54.
2497 5295 2514 5326 ι
2554 5275 2611 5331 Si
2662 5273 2988 5330 habitaverit
3048 5275 3258 5328 advena
3318 5273 3373 5327 in
3428 5282 3572 5328 terra

1991 5349 2191 5430 vestra,
2220 5376 2273 5421 et
2299 5374 2544 5420 moratus
2576 5366 2740 5420 fuerit
2765 5367 2908 5445 inter
2937 5379 3053 5428 vos,
3116 5379 3187 5419 ne
3228 5366 3571 5436 exprobretis

1992 5461 2062 5528 ei,
2095 5460 2191 5515 sed
2215 5459 2287 5513 sit
2315 5458 2460 5513 inter
2488 5473 2586 5512 vos
2613 5457 2768 5549 quasi
2808 5454 3081 5526 indigena,
3106 5466 3162 5512 et
3182 5457 3416 5529 diligetis
3442 5472 3565 5513 eum

365 5663 601 5755 "FPsalI;
624 5672 806 5755 δίωξις,
846 5663 933 5717 i7.
993 5666 1055 5755 l':
1090 5662 1380 5755 Pariunt,
1403 5664 1495 5718 2|.
1573 5664 1677 5755 “gl
1709 5664 1846 5755 (iper.I
1873 5680 1952 5755 snt,
1976 5664 2065 5717 50.
2142 5663 2480 5755 'I‘_Act;nx.vt,
2518 5663 2605 5719 l7.
2696 5663 2972 5755 :fAEzecll.
3005 5678 3124 5731 xm,
3155 5661 3223 5755 3.x
3284 5665 3329 5697 "
3346 5663 3396 5720 ιι
3427 5663 3569 5724 Tiin.

298 5747 385 5801 tu,
417 5735 471 5788 ὓ.
552 5735 601 5768 ⁵⁷
625 5734 816 5789 Matth.
845 5750 940 5799 vn,
990 5735 1058 5789 15

1155 5737 1201 5768 ⁵⁵
1233 5737 1386 5789 Deut.
1414 5752 1585 5799 xxx",
1620 5737 1671 5788 7.
1748 5737 1791 5766 ⁸³
1832 5734 1846 5786 1
1883 5735 2022 5791 Tim.
2065 5752 2118 5800 v,
2147 5735 2234 5787 Π.

2311 5736 2355 5764 ⁶⁰
2392 5734 2526 5793 Dan.
2558 5750 2674 5800 xm,
2698 5736 2788 5791 50.
