4038 6182
502 227 641 296 1039

1702 211 2064 274 IIESYCHII
2103 208 2576 271 PRESBYTERI

3642 203 3782 268 10m

501 345 654 409 quasi
683 340 1044 411 vosmetipsos
1079 354 1096 394 :
1133 335 1335 391 Fuistis
1361 333 1509 389 enim
1538 340 1592 388 et
1627 346 1726 387 vos
1751 331 1977 386 advena:
2031 330 2086 389 in
2121 341 2161 395 Α
2190 332 2286 386 aut
2335 332 2443 386 alio
2495 330 2741 400 quolibet
2780 328 2944 384 modo
3002 324 3455 380 contrahentibus
3505 339 3786 382 mensura:

501 447 645 492 terra
669 431 906 504 Egypti.
947 431 1058 502 Ego
1091 426 1356 482 Dominus
1395 424 1538 479 Deus
1573 431 1771 478 vester.
1815 439 1834 473 ι

572 522 799 578 Terram
849 518 1018 574 nobis
1089 531 1121 570 a
1174 515 1286 570 Deo
1339 514 1522 568 datam
1556 553 1570 577 ,
1630 525 1752 566 esse
1815 509 2086 564 culturam

501 617 762 672 virtutum
794 652 809 677 ,
865 610 1176 678 bonamque
1241 606 1362 673 ejus
1421 603 1729 660 doctrinam
1766 643 1781 667 ,
1833 599 2088 670 superius

499 707 757 770 diximus.
790 701 846 757 Si
871 701 996 772 quis
1010 707 1192 754 autem
1237 698 1305 752 ad
1337 697 1479 751 hanc
1504 693 1800 750 accesserit
1853 692 2084 756 advena,

498 784 751 851 videlicet
785 792 976 847 volens
1003 788 1246 846 converti
1267 787 1336 842 ad
1364 795 1606 840 nostrain
1635 784 1816 844 ﬁdem,
1848 791 1904 837 et
1930 790 2088 835 terrae

501 883 646 938 illius
671 881 806 937 civis
832 879 1129 943 conscribi,
1153 879 1220 932 de
1251 893 1357 947 qua
1386 876 1588 932 Paulus
1633 874 1709 928 ait
1741 892 1752 927 :
1780 872 2084 926 Accessistis

499 976 572 1029 ad
605 973 735 1029 Sion
764 981 1014 1033 montem,
1035 980 1082 1024 et
1106 970 1176 1022 ad
1203 970 1466 1023 civitatem
1497 967 1594 1021 Dei
1625 967 1836 1020 viventis
1865 965 2088 1019 Jerusa-

500 1070 602 1123 lem
632 1067 912 1129 cwlestem,
944 1073 994 1118 et
1020 1061 1306 1116 multarunt
1332 1061 1558 1114 millium
1618 1057 1926 1128 angelorum
1978 1057 2087 1126 fre-

501 1163 794 1234 quentiam,
825 1169 874 1213 et
906 1157 1198 1213 Ecclesiam
1254 1154 1662 1224 primitivorum,
1689 1152 1778 1221 qui
1806 1150 2089 1219 conscripti

500 1265 620 1311 sunt
646 1256 700 1308 in
728 1252 867 1307 cretis
899 1249 965 1305 ⁶¹.
990 1279 1057 1289 -—-
1080 1247 1199 1301 Non
1237 1246 1534 1316 afﬂiganius
1565 1261 1706 1306 eum,
1737 1243 1791 1298 id
1818 1252 1920 1307 est,
1975 1257 2086 1296 non

503 1361 792 1422 gravemus
831 1351 1020 1400 contra
1052 1357 1179 1397 cum
1235 1340 1446 1410 jugum,
1485 1345 1545 1390 ut
1585 1335 1746 1392 modo
1799 1335 1982 1406 genito
2035 1342 2090 1388 et

501 1440 718 1504 noviter
741 1435 986 1492 credenti
1016 1432 1263 1504 graviora
1303 1429 1558 1484 mandata
1603 1427 1969 1496 imponamus,
2031 1435 2090 1480 ut

501 1549 613 1588 non
641 1531 781 1586 sicut
813 1526 1069 1584 Pharismi
1091 1535 1147 1580 et
1173 1523 1378 1578 Scribae
1419 1534 1733 1591 peccemus,
1765 1534 1904 1588 quos
1924 1532 2089 1572 accu-

502 1642 630 1683 sans
658 1624 919 1680 Dominus
941 1619 1156 1675 dicebat
1189 1635 1201 1669 :
1227 1616 1468 1686 Alligant
1495 1629 1655 1667 onera
1683 1615 1868 1683 gravia
1917 1621 1965 1665 et
1988 1612 2091 1664 im-

503 1716 812 1787 partabilia,
847 1725 895 1768 et
925 1721 1124 1782 ponunt
1169 1725 1325 1777 super
1347 1707 1590 1759 humeros
1643 1704 1936 1768 hominum,
1986 1701 2088 1770 ipsi

504 1819 686 1864 autent
717 1807 883 1877 digito
904 1821 999 1859 suo
1025 1820 1128 1857 non
1160 1801 1344 1856 volunt
1389 1816 1451 1853 ea
1482 1813 1686 1852 movere
1712 1798 1777 1850 “.
1806 1795 1927 1851 Non
1957 1809 2088 1865 ergo

503 1899 553 1954 ei
585 1897 679 1967 qui
711 1895 925 1950 accedit
952 1893 1019 1948 ad
1048 1891 1234 1956 ﬁdem,
1263 1891 1366 1946 hoc
1411 1890 1696 1954 facientes,
1734 1896 1790 1943 et
1840 1885 2088 1958 quaedam

504 1987 694 2061 legalia
727 1987 796 2042 ab
825 2000 892 2040 eo
916 1984 1216 2054 exigentes,
1249 1981 1553 2054 allligamus
1580 1996 1730 2036 eum.
1767 1978 1850 2034 Sit
1905 1985 2089 2033 autem

503 2079 662 2134 nobis
715 2077 858 2132 sicut
920 2075 1174 2146 indigena
1221 2076 1315 2144 qui
1370 2075 1616 2129 nutritus
1645 2083 1729 2128 est
1765 2073 1822 2127 in
1849 2070 1976 2138 ﬁde,
2035 2079 2090 2126 et

504 2171 677 2228 crevit
706 2171 760 2225 in
783 2169 1002 2241 pietate.
1030 2167 1185 2223 Unde
1213 2177 1270 2222 et
1291 2167 1485 2222 Petrus
1539 2167 1641 2221 hoc
1669 2165 1956 2220 evidenter
1973 2178 2093 2218 san-

504 2266 675 2329 ciens,
707 2265 774 2319 ad
804 2279 900 2319 eos
925 2263 1018 2333 qui
1041 2261 1296 2318 volebant
1324 2259 1716 2316 circumcidere
1746 2258 1814 2314 de
1837 2255 2092 2330 gentibus

505 2357 858 2414 credentibus
903 2355 1118 2412 diccbat
1149 2371 1162 2406 :
1198 2352 1335 2420 Quid
1360 2353 1574 2407 tentatis
1608 2350 1891 2406 Dominum
1921 2350 2092 2418 impo-

505 2451 834 2520 nerejugum
887 2464 1045 2517 super
1085 2446 1305 2501 cervices
1357 2443 1758 2524 discipulorum,
1807 2443 1944 2512 quod
2001 2457 2094 2494 nec

505 2550 682 2610 patres
716 2540 890 2605 vestri,
928 2554 1020 2591 nec
1046 2554 1138 2592 nos
1172 2537 1439 2607 potuimus
1497 2544 1713 2604 portare
1741 2533 1824 2586 “1’
1848 2533 1944 2588 sed
1995 2530 2093 2602 per

507 2633 734 2705 gratiam
763 2631 894 2687 Jesu
919 2630 1126 2686 Christi
1147 2629 1422 2684 credimus
1472 2626 1692 2692 salvari,
1721 2626 1864 2682 sicut
1890 2625 1989 2679 illi.
2033 2624 2091 2679 In

508 2727 615 2780 hoc
637 2738 770 2794 ergo
795 2734 1243 2791 unumquemque
1279 2721 1568 2782 advenam,
1599 2717 1716 2772 sive
1747 2727 1808 2772 ut
1832 2715 1975 2770 LXX
2006 2715 2093 2770 di-

507 2827 658 2884 cunt,
707 2816 1051 2888 proselytum,
1082 2812 1224 2868 sicut
1252 2811 1621 2880 nosmetipsos
1667 2809 1974 2880 diligamus,
2033 2818 2095 2864 ut

505 2912 598 2968 illa
626 2908 1008 2981 praecipiamus
1024 2906 1104 2961 eis
1135 2914 1368 2969 tantum,
1399 2919 1499 2974 per
1525 2917 1666 2973 quos
1694 2902 2088 2970 nosmetipsos,

506 3005 551 3061 si
581 3019 645 3059 ea
676 3001 940 3074 gerimus,
972 2998 1168 3054 salvari
1214 2996 1514 3053 credimus.
1546 2995 1687 3050 Num
1714 2995 1818 3050 etsi
1856 2995 2093 3066 amplius

509 3095 772 3167 temporis
796 3095 864 3149 ab
893 3093 979 3148 his
1007 3091 1100 3162 qui
1123 3089 1364 3145 nunc—ad
1384 3089 1543 3144 ﬁdem
1576 3087 1866 3154 accedunt,
1901 3102 2004 3142 nos
2035 3087 2091 3142 in

507 3186 613 3243 ﬁde
639 3186 726 3256 pia
757 3185 1044 3248 habemus,
1067 3189 1450 3237 verumtamen
1465 3189 1521 3235 et
1550 3194 1654 3236 nos
1690 3195 1757 3234 ex
1784 3178 2097 3235 inﬁdelibus

507 3294 720 3344 sumus,
762 3287 858 3332 aut
882 3292 986 3331 nos
1015 3276 1119 3347 ipsi
1179 3275 1332 3346 prius
1381 3272 1696 3329 inﬁdelibus
1742 3273 2091 3341 exsistcntes,

507 3380 603 3429 aut
629 3373 698 3428 de
730 3370 930 3427 talibus
953 3368 1120 3441 geniti
1139 3368 1410 3438 patribus,
1431 3375 1493 3422 et
1517 3381 1712 3422 omnes
1734 3365 1959 3421 advenae
1988 3365 2097 3420 fui-

507 3481 634 3520 mus
661 3465 718 3520 in
771 3472 918 3518 terra
958 3461 1199 3533 Egypti,
1235 3461 1289 3516 id
1331 3469 1436 3525 est,
1493 3459 1550 3514 in
1592 3459 1862 3514 diabolico
1909 3473 2097 3515 errore

507 3566 563 3611 et
591 3554 840 3611 doctrina
867 3552 1242 3608 tenebrarum.
1266 3550 1536 3622 Egyptus
1564 3550 1711 3605 enim
1736 3550 1980 3614 tenebrae,
2009 3548 2097 3604 vel

509 3647 807 3703 obscuritas
838 3644 1252 3714 interpretatur.
1282 3643 1425 3713 Ergo
1449 3641 1614 3698 nimis
1635 3641 1940 3697 secundum
1955 3649 2096 3698 tem-

507 3755 614 3812 pus
642 3737 853 3795 addidit
887 3756 900 3792 :

579 3832 691 3902 Ego
744 3829 1002 3886 Dominus
1035 3827 1178 3883 Deus
1205 3835 1394 3882 uester.
1450 3824 1510 3881 ld
1541 3833 1644 3892 est,
1674 3824 1767 3895 qui
1799 3832 1852 3881 et
1879 3839 1980 3881 vos
2026 3826 2096 3882 ab

508 3938 694 3980 errore
713 3921 951 3992 suscepi,
984 3920 1053 3976 de
1084 3935 1194 3990 quo
1224 3919 1424 3974 Paulus
1453 3917 1592 3973 dixit
1617 3934 1630 3971 :
1660 3915 1929 3972 Conclusit
1954 3915 2093 3972 Deus

508 4015 685 4068 omnia
728 4014 822 4068 sub
861 4011 1256 4076 incredulitate,
1286 4019 1344 4064 ut
1397 4010 1639 4064 omnibus
1679 4011 1995 4064 misereatur
2025 4010 2090 4063 “.

580 4104 743 4161 Vens.
774 4105 965 4161 35-37.
1012 4122 1030 4154 s
1059 4101 1237 4158 Nolite
1285 4099 1468 4156 facere
1498 4100 1745 4169 iniquum
1776 4099 2000 4170 aliquid,
2038 4099 2094 4153 in

501 4197 730 4270 judicio,
758 4196 814 4250 in
845 4195 1049 4267 regula,
1083 4193 1139 4248 in
1162 4191 1424 4264 pondere,
1457 4191 1513 4245 in
1545 4206 1825 4246 mensura.
1877 4192 2092 4245 Statera

501 4290 740 4358 justa,et
763 4301 918 4357 aequa
949 4284 1061 4341 sint
1090 4283 1355 4355 pondera.
1384 4280 1579 4337 Justus
1609 4281 1846 4343 modius.
1871 4294 2093 4350 aequus-

2187 422 2388 476 dantur
2419 431 2470 476 ct
2503 421 2762 490 pondera.
2797 417 3255 488 quemadmodum
3311 417 3457 487 leges
3489 416 3796 487 judicauu-

2185 512 2289 567 bus
2327 533 2340 568 :
2366 513 2511 568 unde
2539 513 2608 567 de
2639 528 2749 567 non
2771 511 3021 566 faciendo
3050 511 3104 564 in
3127 510 3338 579 justum
3364 509 3593 579 judicio,
3615 508 3788 564 etiam

2187 604 2256 659 de
2300 619 2412 658 non
2442 603 2795 658 immutandis
2823 603 3043 657 statcris
3071 609 3126 655 ct
3179 600 3537 671 ponderibus,
3577 615 3674 655 sex
3722 613 3790 654 et

2189 694 2258 748 de
2317 693 2574 755 sextario,
2632 691 2881 746 modiove
2935 691 3188 746 habendo
3245 691 3420 760 justo,
3453 691 3506 746 id
3553 703 3658 755 est,
3718 695 3793 747 de

2189 790 2335 846 omni
2368 803 2626 842 mensura
2652 786 2765 840 vini
2807 795 2900 840 aut
2925 785 3030 840 olei
3080 783 3308 841 addidit.
3347 784 3430 840 Ab
3489 787 3636 840 omni
3683 789 3801 842 uti-

2188 896 2297 951 que
2325 878 2612 947 injustitia,
2643 894 2762 947 qua:
2793 892 2923 948 ergo
2965 875 3272 945 proximum
3304 876 3530 946 geritur,
3571 887 3679 931 tam
3727 880 3790 932 in

2190 972 2511 1042 majoribus,
2536 986 2699 1040 quam
2729 971 2784 1023 in
2813 969 3143 1031 minoribus
3186 969 3452 1038 praecepit
3499 971 3788 1024 abstinen-

2189 1065 2340 1128 dum,
2367 1065 2491 1134 quia
2526 1063 2673 1132 quod
2708 1062 2974 1132 injustum
3023 1068 3126 1124 est,
3162 1059 3366 1130 ubique
3410 1060 3787 1116 abominabile

2189 1166 2311 1212 est:
2347 1157 2522 1226 placet
2552 1163 2736 1208 autem
2787 1155 2899 1208 Deo
2946 1167 3165 1222 semper
3194 1152 3341 1222 quod
3405 1153 3612 1224 justum
3673 1165 3783 1210 est.

2193 1247 2635 1317 l‘rzetercazquod
2660 1245 2814 1300 diviti
2839 1244 3113 1314 possessio
3148 1245 3283 1316 agri,
3327 1255 3384 1300 et
3432 1246 3630 1300 domus
3675 1257 3780 1311 est,

2192 1340 2297 1394 hoc
2321 1338 2543 1409 pauperi
2567 1351 2826 1392 mensura
2854 1336 2985 1395 vini.
3020 1345 3074 1389 et
3106 1335 3290 1399 tritici,
3335 1345 3391 1390 et
3437 1338 3595 1406 panis
3640 1354 3782 1406 pon-

2192 1432 2294 1486 dus
2323 1438 2426 1495 est,
2452 1438 2509 1484 et
2531 1430 2636 1484 alia
2668 1444 2736 1482 ex
2763 1427 2962 1498 quibus
3007 1428 3171 1481 vitam
3201 1428 3573 1494 quotidianam
3607 1430 3782 1485 ducit.

2195 1519 2302 1576 Sed
2355 1536 2458 1575 nec
2481 1520 2747 1591 injustum
2794 1517 2850 1571 in
2875 1518 3084 1588 judicio
3111 1518 3310 1572 mentis
3341 1518 3625 1582 faciamus,
3681 1537 3787 1575 nec

2193 1629 2480 1669 mensuras
2504 1622 2560 1667 et
2589 1621 2824 1666 stateras
2879 1611 3021 1681 ejus,
3079 1626 3199 1680 qua:
3240 1613 3568 1667 naturaliter
3620 1615 3784 1668 nobis

2193 1708 2354 1763 insita
2377 1715 2466 1762 est
2506 1705 2752 1777 justitiae,
2818 1720 3235 1774 corrumpamus
3277 1706 3439 1761 aliter
3485 1716 3691 1770 nostra,
3726 1719 3788 1762 et

2191 1800 2431 1872 proximi
2472 1808 2700 1870 peccata
2733 1797 3064 1869 judicantes,
3097 1798 3176 1851 ait
3211 1797 3356 1850 enim
3382 1797 3640 1854 Dominus
3671 1817 3684 1852 :
3719 1800 3788 1853 In

2191 1893 2516 1966 quojudicio
2560 1890 2925 1960 judicaveritis
2979 1888 3359 1956 judicabimini
3400 1906 3418 1943 :
3472 1901 3522 1944 et
3567 1892 3620 1944 in
3675 1909 3784 1960 qua

2193 2001 2438 2040 mensura
2469 1983 2633 2038 mensi
2665 1982 2895 2054 fueritis,
2948 1981 3195 2034 metietur
3214 1980 3356 2034 vobis
3380 1981 3446 2034 ⁸⁸.
3479 1982 3632 2048 Quod
3664 1983 3788 2052 ipse

2194 2076 2582 2147 interpretans,
2615 2073 3083 2146 quemadmodum
3109 2073 3330 2127 deberet
3361 2073 3608 2145 intelligi,
3643 2077 3790 2128 suh-

2194 2169 2384 2225 didit:
2431 2167 2568 2235 Quid
2593 2177 2772 2222 autem
2796 2167 2937 2220 vides
2959 2167 3218 2236 festucam
3273 2167 3324 2218 in
3383 2167 3534 2220 oculo
3593 2169 3788 2236 fratris

2195 2263 2294 2328 tui,
2327 2261 2531 2316 trabem
2554 2269 2752 2324 autem,
2782 2275 2898 2329 qua:
2925 2259 2980 2311 in
3011 2257 3162 2310 oculo
3187 2267 3276 2311 tuo
3298 2270 3398 2322 est,
3423 2274 3528 2311 non
3553 2260 3787 2313 vides“?

2199 2352 2312 2409 Sed
2343 2366 2446 2408 nec
2476 2353 2530 2406 in
2555 2351 2911 2422 ponderibus,
2949 2359 3006 2404 et
3052 2349 3274 2404 stateris
3312 2360 3367 2405 et
3395 2351 3673 2405 mensuris
3705 2353 3780 2406 di-

2183 2445 2336 2501 _vinis
2361 2459 2680 2509 noceamus,
2707 2445 2803 2499 sed
2839 2444 3018 2513 justas
3075 2451 3330 2506 stateras,
3364 2453 3422 2498 et
3472 2459 3778 2509 mensuras,

2193 2545 2251 2592 et
2273 2535 2536 2606 pondera,
2572 2535 2624 2590 id
2649 2543 2755 2598 est,
2790 2534 2939 2606 leges
2961 2533 3258 2603 Scriptura:
3283 2533 3486 2589 divina:
3514 2536 3784 2590 custodia-

2198 2641 2343 2689 mus,
2376 2626 2698 2680 nullatenus
2729 2626 2810 2680 eis
2838 2633 3118 2690 stateram,
3147 2633 3244 2680 aut
3275 2627 3491 2696 pondus
3516 2629 3782 2698 superim-

2194 2727 2464 2788 ponentes
2503 2717 2786 2787 proprium
2825 2733 2838 2769 :
2877 2725 2932 2770 et
2960 2731 3139 2786 neque
3182 2717 3287 2771 hoc
3323 2717 3470 2787 quod
3501 2719 3783 2783 Pharisaei,

2194 2810 2486 2880 patiamur,
2509 2809 2578 2864 de
2597 2809 2797 2878 quibus
2813 2809 2868 2862 in
2890 2809 3200 2881 Evangeliis
3224 2811 3492 2866 Dominus
3519 2812 3736 2866 dicebat
3766 2850 3782 2865 .

2195 2899 2372 2966 Quare
2396 2902 2834 2972 transgredimini
2865 2904 3121 2955 mandata
3171 2902 3287 2969 Dei,
3346 2915 3560 2973 propter
3611 2907 3785 2960 tradi-

2197 2995 2363 3048 tiones
2395 3003 2592 3048 vestras
2619 2994 2702 3046 ‘7?
2728 2993 2883 3048 Illum
2905 2994 3049 3049 enim
3072 2995 3138 3050 ad
3172 2997 3491 3050 memoriam
3514 3007 3782 3063 nostram,

2198 3089 2291 3160 qui
2319 3088 2438 3144 haec
2470 3087 2690 3144 locutus
2720 3097 2825 3153 est,
2855 3090 2940 3143 lex
2971 3103 3256 3152 revocans,
3277 3088 3556 3144 subdidit:

2266 3179 2381 3252 Ego
2413 3179 2669 3234 Dominus
2699 3181 2839 3235 Deus
2861 3190 3045 3246 vester,
3077 3182 3166 3252 qui
3197 3181 3354 3234 eduxi
3407 3198 3496 3235 vos
3519 3182 3586 3235 de
3643 3193 3786 3236 terra

2192 3270 2436 3342 Ai'gypti.
2465 3271 2732 3328 Custodite
2764 3272 2941 3326 omnia
2959 3282 3222 3342 prwcepta
3259 3287 3398 3336 mea,
3434 3282 3482 3326 et
3540 3276 3784 3328 universa

2185 3361 2422 3431 judicia,
2471 3371 2519 3416 et
2572 3363 2732 3432 facite
2769 3379 2852 3416 ea.
2909 3362 3266 3433 Septuaginta
3327 3372 3510 3418 autem
3563 3365 3783 3418 edunt:

2195 3453 2414 3510 Omnem
2441 3454 2604 3526 legem
2626 3471 2821 3522 meam,
2847 3464 2894 3510 et
2927 3457 3105 3509 omnia
3155 3466 3420 3526 pracepta
3472 3474 3590 3510 mea
3615 3473 3636 3511 :
3676 3457 3788 3527 Ego

2195 3545 2472 3600 Dominus.
2506 3547 2810 3618 Duplicant,
2851 3547 2961 3618 Ego
2988 3547 3265 3612 Dominus,
3294 3558 3354 3603 ut
3386 3557 3443 3603 tu
3476 3566 3784 3621 cognosce-

2194 3653 2305 3706 res,
2332 3639 2462 3710 quia
2489 3641 2582 3710 qui
2617 3655 2720 3695 nos
2747 3641 2816 3695 dc
2852 3650 2997 3696 terra
3021 3640 3238 3713 Egypti
3269 3642 3546 3698 sensibilis
3565 3645 3784 3707 eduxit,

2197 3740 2328 3787 tunc
2355 3733 2531 3804 legem
2553 3733 2710 3797 dans,
2735 3733 2853 3802 ipse
2882 3748 3030 3788 nunc
3053 3733 3120 3787 de
3162 3734 3490 3806 intelligibili
3550 3734 3783 3806 Egypto

2197 3825 2552 3896 Evangelium
2583 3824 2889 3894 praedicans
2943 3824 3211 3882 liberavit.
3280 3823 3436 3880 Unde
3488 3837 3784 3898 postquam

2194 3916 2330 3971 dixit
2353 3916 2654 3971 secundum
2688 3915 3048 3987 Septuaginta
3079 3934 3092 3968 :
3143 3917 3413 3971 Custodite
3445 3935 3655 3973 onmem
3710 3921 3780 3973 le-

2193 4026 2310 4082 gem
2333 4026 2526 4074 meam,
2546 4010 2835 4079 oportebat
2861 4009 3132 4074 suﬂicere,
3158 4011 3340 4065 omnia
3364 4013 3511 4067 enim
3529 4014 3612 4068 lex
3633 4030 3782 4068 como

2194 4102 2479 4174 plectitur,
2504 4101 2714 4156 addidit
2761 4110 2943 4156 autem
2974 4117 2989 4153 :
3024 4102 3090 4156 Et
3128 4103 3305 4157 onmia
3336 4116 3599 4175 praecepta
3624 4122 3781 4166 mea;

2193 4210 2304 4249 non
2323 4193 2549 4265 judicia,
2578 4193 3128 4264 autjustiﬁcationes,
3179 4205 3274 4250 aut
3305 4197 3638 4261 testimonia,
3662 4215 3782 4268 quae

2195 4287 2274 4341 sic
2307 4285 2569 4356 appellari
2601 4301 2702 4356 per
2752 4286 2927 4358 legem
2977 4286 3145 4356 Moysi
3197 4300 3625 4353 consueverunt,
3687 4296 3781 4346 sed

504 4395 612 4449 que
674 4378 966 4434 sextarius.
1038 4377 1150 4448 Ego
1207 4373 1472 4429 Dominus
1533 4372 1676 4426 Deus
1735 4380 1947 4436 vester,
1996 4371 2088 4440 qni
2124 4386 2459 4452 Dprwcepta
2505 4392 2639 4438 mea.
2684 4377 3000 4446 evangelica
3058 4378 3312 4432 mandata
3374 4378 3779 4444 demonstrans,

505 4470 669 4525 eduxi
689 4485 786 4524 vos
813 4469 882 4526 de
902 4476 1045 4524 terra
1066 4466 1304 4538 Egypti.
1349 4463 1636 4521 Custodite
1665 4462 1850 4519 omnia
1882 4477 2090 4532 praece-

504 4571 597 4632 pta
627 4576 769 4625 mea,
801 4568 855 4615 et
887 4559 1140 4615 universa
1185 4556 1410 4628 judicia,
1435 4564 1491 4610 et
1523 4554 1683 4609 facile
1707 4567 1792 4608 ea.
1831 4551 1940 4624 Ego
1998 4551 2095 4606 Do-

506 4655 706 4710 minus.
749 4671 766 4703 ι

580 4748 784 4802 Similis
831 4755 916 4801 est
972 4747 1136 4800 etiam
1194 4745 1311 4798 hinc
1366 4741 1578 4797 sanctio
1633 4739 2088 4811 praecedentibus,

504 4841 723 4910 quando
747 4847 867 4909 post
887 4839 1096 4892 lucrum
1114 4836 1308 4890 litteric
1325 4835 1444 4902 ejus
1468 4833 1632 4888 etiam
1665 4831 1915 4901 spiritum
1947 4845 2090 4900 prae-

505 4932 728 4986 scrutati
753 4929 1038 4984 fuerimus.
1066 4928 1182 4981 Non
1220 4941 1349 4996 ergo
1389 4923 1503 4979 ﬁeri
1541 4930 1795 4992 oportere
1827 4921 2092 4990 injustum

505 5021 560 5075 in
589 5021 815 5091 judicio,
854 5020 908 5074 in
939 5017 1378 5089 praecedentibus
1419 5012 1700 5083 praecepit,
1741 5026 1884 5064 nunc
1907 5020 2092 5065 autem

506 5129 608 5167 nec
632 5112 684 5166 in
711 5111 984 5166 mensuris
1008 5110 1210 5178 injuste
1265 5121 1444 5178 agerc,
1471 5122 1573 5161 nec
1605 5105 1658 5158 in
1679 5104 1942 5174 pondere,
1990 5119 2094 5158 nec

507 5204 562 5258 in
593 5203 808 5260 stateris
827 5201 1085 5272 prmeepit
1119 5217 1134 5253 :
1174 5214 1242 5253 ne
1269 5199 1408 5252 forte
1449 5198 1533 5251 his
1565 5197 1717 5267 ipsis,
1759 5211 1880 5266 qua:
1937 5195 2092 5265 quasi

508 5293 1147 5364 terminisuntjustitite,
1201 5291 1270 5345 ad
1311 5290 1634 5360 iniustitiam
1683 5300 1921 5343 utamur.
1983 5287 2089 5342 Pro

507 5387 749 5441 terminis
776 5402 920 5439 enim
946 5385 1190 5454 justiti-.e,
1237 5382 1620 5448 vendentibus,
1671 5391 1728 5438 et
1755 5381 2086 5446 ementibus,

579 5589 617 5618 “
653 5587 818 5640 llchr.
842 5605 938 5646 χιι.
972 5590 1063 5652 Q22,
1086 5590 1176 5644 9.5.
1255 5591 1298 5621 "
1333 5588 1520 5644 Matth.
1567 5605 1721 5656 xxiii,
1750 5589 1803 5642 4.
1880 5588 2066 5643 “Act.
2103 5604 2189 5653 xv,
2223 5588 2307 5642 lO.

511 5651 549 5679 ⁸⁷
592 5656 778 5709 Matth.
818 5673 907 5720 xv,
926 5658 978 5709 5.

2199 4483 2322 4538 quae
2346 4483 2413 4522 ex
2447 4468 2770 4523 auctoritate
2801 4468 3066 4524 Dominus
3095 4469 3378 4540 praecepit.

2794 4627 3020 4684 CAPUT
3062 4627 3180 4683 XX.

2271 4743 2435 4800 Vens.
2467 4745 2586 4801 ιοδ.
2626 4765 2644 4798 ι
2683 4745 3030 4814 Locutusque
3079 4753 3164 4798 est
3191 4743 3454 4800 Dominus
3472 4742 3538 4796 ad
3564 4743 3780 4816 Moysen

2200 4837 2391 4892 dicens
2427 4837 2595 4892 :Htec
2624 4838 2849 4906 loquere
2877 4837 3000 4892 ﬁliis
3026 4836 3191 4892 lsrael
3225 4855 3237 4890 :
3299 4835 3474 4890 llomo
3524 4836 3594 4889 de
3663 4836 3784 4890 ﬁliis

2197 4925 2385 4990 Israel,
2417 4935 2472 4982 et
2501 4927 2569 4982 de
2594 4927 2838 4991 advenis,
2865 4928 2957 4995 qui
3010 4927 3259 4982 habitant
3289 4928 3340 4980 in
3361 4925 3548 4991 Israel,
3582 4925 3627 4980 si
3664 4926 3785 4995 quis

2197 5018 2409 5073 dederit
2431 5020 2498 5074 dc
2521 5021 2734 5075 semine
2763 5035 2864 5075 suo
2896 5020 3040 5075 idolo
3105 5020 3337 5085 lloloch,
3372 5029 3547 5075 morte
3581 5021 3782 5074 moria-

2198 5117 2306 5162 tur.
2355 5110 2597 5181 l’opulus
2629 5120 2788 5166 terrae
2819 5112 3258 5182 lapidabiteum,
3319 5122 3376 5167 ct
3425 5127 3529 5183 ego
3584 5127 3785 5182 ponam

2198 5199 2390 5255 faciem
2453 5217 2627 5256 meam
2681 5213 2868 5258 contra
2913 5203 3082 5268 illum,
3142 5205 3530 5274 succidamque
3560 5222 3688 5259 cum
3719 5205 3786 5257 de

2199 5293 2381 5346 medio
2397 5295 2582 5365 populi
2610 5295 2714 5357 sui,
2745 5311 2812 5350 eo
2853 5297 3000 5366 quod
3055 5296 3269 5350 dederit
3309 5296 3382 5350 de
3417 5297 3628 5350 semine
3684 5311 3790 5350 suo

2198 5383 2432 5454 Moloch,
2491 5389 3024 5444 ctcontaminavcrit
3054 5388 3426 5445 sanctuarium
3455 5405 3666 5456 meum,
3722 5404 3787 5444 ac

2390 5588 2434 5622 εκ
2466 5589 2626 5644 Rom.
2659 5607 2732 5654 xI,
2766 5590 2856 5644 2-3.
2935 5591 2980 5624 ⁸⁵
3010 5590 3200 5646 Matth.
3236 5607 3330 5658 vn,
3361 5591 3416 5646 2.
3495 5591 3544 5624 “
3574 5591 3786 5646 ibid.3.
