4038 6182
235 334 369 402 1041

1381 332 1466 394 ΙΝ
1501 331 1940 394 LEVITICUM.
1974 352 2044 364 —
2083 327 2231 388 LIB.
2266 325 2367 387 VI.

3360 315 3495 380 1042

228 448 485 522 polluerit
513 464 713 504 nomen
743 453 997 502 sanctum
1019 428 1224 501 meum.
1249 445 1391 513 Quid
1419 447 1464 503 si
1525 445 1810 518 negligens
1842 452 1884 506 Α
1913 440 2277 505 consuetudo,
2313 446 2369 494 et
2395 436 2590 508 bisqui
2616 436 2672 491 in
2719 450 2908 492 errore
2960 433 3179 489 iliornm
3232 432 3495 489 labeban-

228 542 461 613 populus
509 548 685 605 terrm,
739 547 794 593 et
844 539 1002 609 quasi
1057 539 1463 610 parvipendens
1517 538 1808 608 imperium

226 647 427 697 meum,
448 631 714 685 dimiserit
744 630 1045 697 hominem,
1076 630 1169 700 qui
1202 630 1441 685 dedit'de
1462 630 1675 685 semine
1704 643 1807 683 suo

228 723 457 788 Noloclt,
495 738 597 777 nec
618 721 1029 777 volueritillum
1064 721 1336 787 occidere,
1370 737 1571 792 ponam
1611 720 1807 776 faciem

227 828 402 868 meam
433 828 600 883 super
640 811 922 866 hominem
954 811 1124 876 illum,
1176 819 1232 866 et
1256 811 1635 883 cognationem
1667 810 1807 879 ejus,

224 904 609 975 succidamque
638 905 839 974 ipsum,
865 912 921 959 et
951 919 1144 959 omnes
1180 905 1272 974 qui
1305 909 1707 958 consenserunt
1734 901 1805 966 ei,

227 1007 289 1053 ut
348 998 753 1054 fornicarentur
804 980 931 1053 cum
1004 996 1216 1066 Moluch
1264 997 1332 1052 de
1376 996 1559 1050 medio
1623 992 1811 1066 populi

226 1091 334 1144 sui.
366 1109 388 1142 ο
566 1092 579 1100 ’

298 1176 469 1247 Cujus
504 1176 582 1231 rei
602 1176 773 1248 gratia
802 1175 870 1231 de
897 1175 1096 1231 iisdem
1154 1175 1262 1241 bis,
1316 1185 1371 1231 et
1399 1184 1484 1231 ter
1517 1175 1811 1246 aliquando

227 1256 316 1324 lex
350 1269 631 1339 praecepit,
652 1269 968 1339 frequenter
1007 1269 1063 1324 in
1093 1270 1533 1340 praecedentibus
1550 1269 1808 1332 diximus,

225 1361 353 1431 quia
380 1369 599 1432 propter
636 1362 956 1417 memoriam
982 1362 1280 1433 legentium
1314 1364 1419 1419 hoc
1442 1362 1623 1418 faciat.
1655 1361 1812 1417 Unde

227 1453 395 1507 etiam
427 1453 793 1522 recapitulans
813 1454 1064 1508 mandata
1094 1469 1235 1509 nova
1263 1454 1511 1525 quredam
1542 1455 1622 1509 eis
1649 1453 1817 1507 inter-

227 1540 399 1605 serit,
456 1550 646 1596 utnon
681 1542 957 1612 superliua
1002 1543 1254 1599 videatur
1306 1544 1485 1615 legum
1536 1541 1812 1613 repetitio,

227 1640 284 1684 et
308 1630 664 1700 inquisitione
686 1647 977 1698 novorum,
1000 1633 1165 1686 etiam
1198 1633 1567 1688 anterioribus
1609 1632 1817 1687 studio-

229 1721 343 1776 sius
380 1722 745 1777 intendamus.
781 1723 951 1793 Hujus
974 1725 1049 1779 rei
1081 1724 1250 1795 gratia
1281 1724 1526 1779 actiones
1553 1724 1814 1795 quasdam

1919 542 2026 599 tur,
2063 533 2131 589 de
2157 532 2357 603 quibus
2403 530 2548 586 Deus
2581 545 2679 601 per
2725 526 2923 584 Oscam
2963 525 3097 582 dicit
3145 542 3159 579 :
3217 524 3355 592 Quia
3405 524 3500 580 isti

1914 643 2033 680 cum
2063 624 2365 696 fornicariis
2390 622 2883 692 corrumpebantur,
2920 628 2969 674 et
3003 635 3122 672 eum
3183 618 3496 688 effeminatis

1909 717 2309 787 sacriﬁcabant,
2336 714 2528 786 polluit
2555 713 2653 768 Dei
2705 724 2888 768 sancta
2910 712 2976 765 ⁸⁸.
3015 708 3336 777 Quomodo?
3368 709 3498 779 quia

1914 809 2323 880 polluitnomen
2354 815 2603 862 sanctum
2630 804 2771 875 ejus.
2805 802 2878 859 Ut
2908 802 3058 858 enim
3093 800 3382 873 imaginem
3400 800 3497 854 Dei

1914 901 2224 972 percipiens
2256 899 2421 953 homo
2443 897 2639 964 sancti,
2670 905 2727 952 et
2761 897 2815 952 in
2848 893 3054 951 sanctis
3079 893 3495 964 requiescentis,

1914 1000 2137 1048 sanctus
2164 1000 2313 1047 recte
2342 1000 2399 1046 et
2450 989 2823 1045 sanetilicatus
2854 988 2951 1053 illi,
2982 987 3141 1058 cujus
3172 985 3341 1041 habet
3361 985 3501 1040 ima-

1913 1082 2116 1155 ginem,
2139 1081 2361 1137 dicitur.
2398 1079 2748 1136 Contaminat
2780 1093 2930 1149 ergo,
2954 1087 3011 1133 ct
3044 1076 3239 1149 polluit
3298 1091 3500 1131 nomen

1914 1178 2053 1247 ejus,
2072 1173 2167 1245 qui
2189 1174 2238 1229 ei
2264 1174 2414 1229 dedit
2438 1173 2752 1243 imaginem,
2790 1180 2846 1226 et
2895 1187 2997 1242 per
3025 1170 3168 1225 hanc
3196 1169 3373 1240 ipsum
3407 1168 3503 1237 qui

1915 1264 2296 1329 sanctiﬁcavit,
2320 1264 2487 1334 quiet
2514 1263 2763 1333 spiritum
2796 1262 2922 1317 vita:
2981 1262 3030 1316 ei
3059 1275 3125 1315 ex
3183 1274 3280 1315 sua
3330 1258 3503 1329 gratia

1914 1353 2229 1418 insumavit,
2258 1355 2382 1425 quia
2416 1353 2616 1424 spiritu
2643 1353 2809 1418 malo,
2863 1363 2920 1408 et
2973 1355 3209 1408 adverso
3239 1350 3354 1405 Deo
3387 1362 3507 1404 cor-

1916 1448 2207 1518 rumpitur,
2256 1455 2312 1502 ct
2363 1445 2703 1500 Dominicam
2761 1442 3053 1514 imaginem
3095 1443 3152 1496 in
3192 1441 3503 1495 daemonum

1917 1537 2239 1593 servitutem
2264 1534 2481 1607 redigit,
2520 1535 2868 1607 regalemque
2895 1532 3243 1603 margaritam
3267 1545 3298 1584 a
3323 1530 3505 1600 porcis

1917 1629 2184 1700 permittit
2219 1628 2406 1700 pollui.
2444 1627 2595 1683 Idem
2633 1634 2722 1682 est
2745 1635 2802 1681 et
2829 1624 3078 1696 quisquis
3094 1623 3161 1679 de
3181 1620 3509 1694 cognatione

1919 1731 1975 1778 et
2005 1723 2073 1778 de
2102 1720 2351 1777 doctrina
2376 1737 2473 1775 sua
2507 1720 2751 1775 avaritize
2773 1718 2957 1785 oﬂ‘ert,
2982 1726 3041 1772 et
3092 1715 3158 1771 ad
3214 1713 3506 1770 avaritiam

233 1812 289 1866 in
321 1813 615 1882 praeteritis
655 1813 982 1884 prohibens,
1037 1830 1229 1885 pinnas
1285 1831 1476 1870 earum
1498 1815 1689 1881 tacuit,
1752 1824 1812 1871 ut
1846 1799 1885 1854 Β
1911 1815 2173 1886 operibus
2198 1824 2293 1869 aut
2310 1813 2490 1869 verbis
2520 1811 3023 1876 consuefaciteum,
3065 1808 3159 1879 qui
3181 1820 3508 1879 quocunque

231 1921 352 1976 quae
381 1906 453 1960 sit
488 1906 627 1972 haec,
646 1907 732 1962 vel
748 1908 924 1978 qualis
954 1917 1284 1979 quaerentes,
1317 1924 1382 1964 ea
1410 1926 1532 1980 qua:
1581 1910 1813 1966 interius

232 1997 433 2061 sancit,
478 2007 831 2054 scrutemur:
882 2001 939 2055 in
984 2001 1073 2055 his
1102 2001 1252 2056 enim
1303 2017 1495 2072 pmnas
1558 2002 1813 2068 inseruit,

233 2105 370 2159 quas
393 2098 525 2145 tunc
553 2093 923 2161 praetermisit.
956 2093 1096 2148 Olim
1136 2108 1268 2165 ergo
1305 2095 1606 2163 prohibens
1633 2095 1700 2150 de
1726 2109 1817 2149 sc-

236 2180 383 2235 tuine
408 2196 508 2236 suo
530 2182 758 2248 Moloch,
786 2183 900 2239 sive
925 2184 1229 2239 secundum
1264 2184 1626 2258 Septuaginta
1650 2185 1815 2240 Prin-

236 2271 343 2341 cipi
376 2272 512 2327 dari.
550 2273 678 2328 Erat
700 2284 882 2330 autem
913 2276 1022 2331 hoc
1049 2274 1178 2330 idoli
1221 2278 1509 2346 cujusdam
1559 2277 1646 2333 vel
1704 2277 1820 2334 dte-

241 2366 426 2421 monis
457 2381 677 2433 nomen,
705 2369 1007 2424 secundum
1067 2369 1216 2438 quod
1274 2368 1591 2441 Stephanus
1655 2374 1822 2427 Amos

241 2456 547 2513 introduxit
607 2459 927 2516 dicentem:
991 2461 1060 2515 Et
1119 2463 1385 2530 recepistis
1425 2463 1823 2518 tabernaculum

244 2547 470 2612 Malae/1,
494 2559 545 2603 et
568 2552 712 2605 sidus
746 2551 844 2606 Dei
889 2556 1046 2608 vestri
1093 2553 1406 2623 Rempham,
1435 2555 1637 2624 ﬁguras
1691 2572 1825 2627 quas

242 2639 460 2709 fecistis,
498 2652 555 2696 ut
582 2645 815 2699 adoretis
843 2661 931 2700 eas
956 2646 1022 2700 ⁸³.
1072 2646 1231 2701 Nunc
1259 2662 1389 2717 ergo
1418 2647 1654 2717 idipsum
1712 2664 1827 2704 rur-

245 2744 339 2782 sus
373 2741 709 2794 contestans.
739 2735 941 2802 quibus
968 2736 1150 2792 verbis
1178 2752 1337 2792 orsus
1364 2737 1437 2792 sit
1464 2739 1685 2793 exordia
1721 2739 1820 2793 hu-

239 2818 332 2889 jus
354 2820 487 2892 legis
513 2823 761 2880 audistis.

315 2912 645 2982 Locutusque
676 2927 755 2971 est
775 2918 1035 2974 Dominus
1094 2921 1166 2974 ad
1190 2920 1398 2991 Moysen
1427 2923 1604 2977 dicens
1630 2943 1651 2981 :
1698 2924 1826 2981 [hec

243 3003 455 3074 loquere
481 3007 605 3074 ﬁliis
630 3008 819 3063 Israel.
849 3008 1004 3075 Quod
1029 3010 1383 3084 Septuaginta
1418 3014 1734 3081 ediderunt,
1775 3026 1826 3072 et

242 3095 556 3165 ﬁliislsrael
593 3100 823 3170 loquere.
857 3101 978 3155 Non
1023 3102 1129 3157 hoc
1161 3103 1367 3160 dictum
1403 3114 1491 3161 est
1513 3107 1669 3177 quasi
1733 3107 1824 3162 alii

174 3188 175 3193 “
243 3189 478 3244 fuissent
513 3190 713 3260 quibus
742 3192 1105 3262 praecedentia
1157 3204 1431 3262 sanxerat,
1480 3198 1577 3253 sed
1636 3207 1827 3254 osten-

242 3280 382 3335 dens
417 3280 543 3350 quia
578 3281 684 3337 hoc
716 3282 1006 3351 personale
1035 3285 1353 3339 mandatum
1383 3295 1674 3357 propterea
1692 3302 1825 3342 con-

244 3379 329 3426 tra
372 3388 564 3428 omnes
617 3374 882 3438 dilatavit,
934 3374 1060 3445 quia
1114 3386 1401 3445 peccatum
1453 3388 1643 3433 contra
1681 3381 1830 3450 quod

245 3464 728 3519 comminationem
758 3475 1082 3535 praesentem
1143 3464 1389 3535 protulit,
1438 3477 1652 3523 tantum
1708 3470 1829 3525 aliis

248 3555 641 3611 exsecrabilius
662 3564 768 3621 est,
801 3566 860 3610 ut
884 3557 988 3612 alia
1019 3559 1239 3628 quidem
1284 3568 1505 3629 peccata
1530 3561 1675 3616 solos
1698 3577 1829 3630 pec—

248 3654 440 3700 cantes
477 3661 600 3701 reos
629 3648 805 3717 ptenis
831 3649 1134 3713 adicerent,
1178 3650 1284 3705 hoc
1310 3658 1493 3705 autem
1521 3659 1578 3706 et
1613 3668 1708 3706 eos
1736 3652 1830 3722 qui

250 3736 607 3808 neglexerunt
638 3749 976 3809 peccantem,
999 3741 1352 3812 judicemque
1380 3742 1451 3807 ei,
1481 3742 1576 3798 sed
1605 3751 1661 3798 et
1689 3743 1831 3798 ulto-

253 3842 389 3893 rem,
408 3844 517 3882 non
546 3830 721 3884 solum
740 3831 1012 3902 principes
1040 3833 1246 3904 populi,
1265 3834 1360 3889 sed
1382 3842 1438 3889 et
1465 3841 1630 3889 totam
1650 3834 1826 3907 Syna-

251 3935 443 3992 gogam
474 3963 489 3987 ,
522 3931 580 3977 et
612 3923 874 3993 populum
920 3925 1070 3981 facit.
1123 3924 1360 3997 Pupulus
1419 3927 1586 3994 enim,
1626 3928 1824 3998 inquit,

254 4024 409 4068 terra:
429 4013 687 4085 lapidabit
715 4032 854 4071 eum.
886 4016 998 4075 Nec
1030 4018 1115 4072 his
1146 4027 1445 4074 contentus
1469 4019 1678 4074 addidit
1705 4034 1722 4073 :

323 4104 392 4159 Et
438 4122 530 4177 ego
552 4122 746 4174 ponam
772 4108 965 4178 faciem
1010 4125 1183 4163 meam
1216 4119 1399 4163 contra
1428 4108 1603 4176 illum,
1661 4111 1833 4164 succi-

252 4195 481 4265 damque
509 4212 627 4250 eum
662 4197 727 4251 de
750 4197 920 4251 medio
941 4197 1122 4267 populi
1169 4198 1273 4252 sui.
1326 4198 1430 4254 Per
1482 4199 1590 4253 hoc
1641 4214 1834 4254 omnes

252 4268 487 4358 erigens,
502 4298 557 4345 et
572 4305 875 4361 provocans
897 4298 1084 4345 contra
1100 4306 1246 4355 eum,
1262 4292 1352 4359 qui
1370 4291 1495 4346 talia
1511 4291 1792 4346 commisit
1817 4309 1831 4345 :

255 4380 348 4432 sed
379 4387 433 4434 et
457 4389 719 4435 terrorem
747 4380 1010 4447 indicens,
1043 4381 1087 4436 si
1119 4382 1476 4452 neglexerint,
1508 4389 1563 4435 et
1586 4397 1696 4435 non
1710 4397 1835 4437 cum

1852 3147 1898 3203 C

1912 1907 2077 1963 modo
2131 1903 2435 1974 discipulus
2493 1903 2637 1974 ejus,
2700 1903 2788 1958 vel
2835 1910 3101 1973 cognatus
3141 1909 3249 1965 est,
3278 1912 3503 1955 servum

1914 2015 2042 2057 eum
2072 1998 2406 2062 daamonum,
2439 1982 2698 2052 devotum
2754 1995 2916 2051 idolis
2946 1994 3064 2050 sive
3124 2000 3507 2049 consecratum

1916 2093 2257 2163 militemque
2288 2091 2510 2162 maligni
2535 2088 2797 2160 principis
2817 2087 2983 2158 hujus
3005 2086 3187 2141 saeculi
3218 2083 3460 2140 eliiciens
3490 2097 3507 2134 :

1919 2184 2097 2240 Radix
2120 2184 2260 2239 enim
2285 2183 2522 2237 omnium
2567 2181 2833 2236 malorum
2886 2178 3219 2244 avaritia";
3273 2190 3390 2247 qua:
3434 2182 3510 2228 est

1919 2276 2183 2330 idolorum
2208 2277 2432 2331 servitus
2456 2276 2525 2329 “.
2553 2274 2795 2329 Dicimus
2838 2281 3023 2327 autem
3051 2271 3160 2326 hoc
3225 2269 3406 2339 ipsum
3454 2273 3513 2321 et

1920 2377 2112 2424 contra
2143 2382 2240 2424 eos
2272 2368 2364 2438 qui
2397 2364 2727 2422 adulterium
2759 2363 2979 2427 docent,
3030 2366 3387 2432 suggerentes
3409 2370 3508 2411 ne-

1922 2460 2086 2517 farias
2121 2462 2389 2526 actiones,
2417 2460 2710 2517 suadentes
2749 2454 3172 2528 turpitudinem,
3197 2453 3510 2524 pollu‘cntes

1924 2564 2115 2610 saneta
2140 2553 2255 2620 Dei,
2288 2554 2344 2609 id
2374 2561 2481 2618 est,
2536 2554 2876 2625 signatorum
2925 2549 3038 2606 Deo
3080 2562 3337 2618 corpora,
3374 2560 3511 2615 quo-

1924 2652 2047 2701 rum
2080 2662 2211 2702 caro
2236 2646 2497 2716 templum
2528 2645 2647 2711 Dei,
2688 2653 2747 2699 et
2769 2643 3006 2714 Spiritus
3032 2640 3208 2697 sancti
3237 2647 3322 2695 est
3355 2636 3511 2691 habi-

1925 2738 2186 2793 taculum.
2226 2735 2385 2792 Unde
2422 2745 2480 2791 et
2532 2736 2779 2806 polluere
2828 2743 2975 2790 recte
2999 2747 3203 2788 nomen
3260 2738 3511 2786 sanctum

1926 2830 2206 2893 dicuntur,
2241 2828 2357 2884 sive
2387 2827 2691 2883 secundum
2718 2826 3099 2898 Septuaginta,
3147 2821 3510 2890 sanctiﬁcato-

1928 2941 2065 2987 rum,
2095 2922 2223 2993 quia
2257 2938 2327 2977 ex
2347 2936 2480 2987 uno,
2515 2929 2611 2976 aut
2638 2921 2874 2985 duobus,
2899 2927 2995 2974 aut
3036 2916 3285 2989 pluribus
3328 2912 3512 2968 forsan

1927 3013 2413 3080 abominabilibus,
2451 3013 2696 3067 omnium
2739 3018 3056 3066 sanctorum
3090 3007 3185 3062 Dei
3240 3024 3254 3059 :
3313 3003 3404 3075 qui
3457 3003 3513 3056 in

1928 3119 1996 3159 eo
2024 3104 2396 3168 crediderunt,
2420 3111 2476 3159 et
2505 3102 2768 3171 ﬁdelium,
2805 3099 3256 3158 manifestissime
3301 3095 3513 3152 abomi-

1933 3196 2117 3252 nabile
2140 3210 2341 3250 nomen
2364 3203 2419 3249 et
2449 3195 2880 3251 contaminatum
2939 3193 3084 3248 inter
3117 3189 3366 3246 homines
3391 3184 3512 3242 elli-

1930 3287 2095 3350 citur,
2129 3286 2252 3340 talia
2277 3294 2333 3340 et
2363 3286 2430 3341 de
2454 3285 2668 3341 caeteris
2691 3283 3119 3354 conjicientibus
3149 3282 3236 3337 his
3262 3280 3353 3351 qui
3378 3278 3514 3335 foris

1933 3386 2084 3442 sunt,
2122 3377 2175 3431 in
2208 3376 2386 3447 qualia
2403 3378 2668 3446 quosdam
2697 3376 2953 3431 viderunt
2989 3375 3348 3429 luxuriantes.
3378 3370 3516 3424 Pro—

1934 3477 2119 3537 pterea
2152 3482 2246 3522 eos
2278 3467 2372 3535 qui
2401 3468 2478 3521 sic
2506 3466 2647 3520 mala
2699 3475 2756 3521 et
2803 3464 3192 3521 abominabilia
3231 3462 3513 3533 operibus.

1932 3570 2030 3615 aut
2066 3562 2249 3617 verbis
2279 3561 2498 3623 docent.
2521 3576 2631 3615 non
2648 3561 2812 3616 unius
2840 3560 3121 3631 praecepit,
3148 3560 3246 3615 sed
3268 3559 3513 3613 omnium

1934 3652 2118 3722 puniri
2147 3652 2435 3708 manibus:
2469 3658 2660 3723 utpote
2682 3651 2928 3707 omnium
2949 3650 3208 3706 inimicus
3237 3659 3293 3704 et
3320 3648 3518 3704 adver-

1935 3743 2116 3798 sarius
2168 3752 2224 3799 et
2253 3746 2501 3798 omnium
2561 3742 2768 3815 gloriae,
2830 3742 2980 3798 sicut
3033 3740 3353 3813 praedictum
3408 3745 3514 3805 est,

1933 3844 2220 3891 nocentes.

2006 3926 2157 3993 Quod
2196 3927 2241 3982 si
2287 3926 2548 3998 negligens
2596 3925 2821 3996 papulus
2871 3936 3044 3993 terrm,
3077 3935 3125 3980 et
3170 3925 3323 3995 quasi
3366 3923 3517 3993 parvi

1934 4021 2164 4091 pendens
2191 4021 2469 4089 imperium
2503 4035 2675 4073 meum
2697 4018 2951 4073 dimiserit
2980 4017 3261 4079 hominem,
3297 4017 3388 4087 qui
3423 4015 3517 4069 de-

1937 4112 2074 4167 derit
2106 4112 2169 4165 de
2203 4112 2401 4165 semine
2437 4127 2531 4164 suo
2555 4109 2774 4175 Moloclt,
2807 4126 2899 4163 nec
2928 4108 3149 4164 voluerit
3189 4107 3343 4161 illum
3379 4108 3518 4161 occi-

1938 4205 2079 4259 dere.
2112 4203 2172 4259 Id
2196 4214 2302 4268 est,
2328 4204 2373 4258 si
2402 4203 2479 4268 lii,
2510 4202 2603 4274 qui
2641 4202 2863 4257 enutriti
2895 4211 3024 4258 sunt
3052 4201 3107 4255 in
3140 4199 3389 4265 scientia,
3418 4215 3520 4255 ne-

1938 4295 2209 4368 glexerint
2244 4310 2370 4349 eum
2402 4295 2493 4365 qui
2540 4294 2666 4348 talia
2695 4294 2853 4349 docet
2889 4312 2903 4349 :
2942 4293 3059 4349 hu'c
3093 4300 3177 4347 est
3208 4291 3354 4347 enim
3394 4308 3520 4347 vera

1940 4398 1996 4444 et
2017 4397 2167 4443 recta
2193 4398 2359 4450 terra,
2388 4388 2455 4442 de
2481 4403 2585 4457 qua
2615 4386 2691 4442 ait
2714 4386 2881 4442 David
2913 4403 2928 4441 :
2958 4385 3188 4456 Spiritus
3214 4395 3335 4440 tuus
3359 4386 3522 4441 bonus

256 4470 438 4524 studio
470 4479 796 4540 praeceptam
829 4488 1046 4542 poenam
1107 4473 1221 4528 suis
1251 4475 1303 4527 in
1335 4489 1455 4529 eam
1483 4476 1836 4532 exercuerint
1870 4514 1914 4569 Β
1942 4481 2159 4535 deducet
2202 4496 2284 4534 me
2326 4479 2383 4534 in
2431 4488 2629 4534 terram
2674 4488 2870 4533 rectam
2898 4480 2966 4533 τ’.
3011 4477 3151 4546 Quia
3194 4480 3397 4535 malum
3439 4488 3524 4535 est

258 4561 530 4626 manibus,
589 4572 774 4633 utpote
823 4564 878 4618 in
932 4574 1143 4620 tantum
1213 4566 1354 4621 irato
1417 4567 1549 4633 Deo,
1603 4576 1665 4623 ut
1722 4568 1839 4640 ipse

257 4661 447 4722 aperte
480 4655 795 4723 praedictam
839 4658 1170 4715 sententiam
1215 4669 1407 4715 contra
1464 4676 1591 4715 eum
1645 4660 1837 4728 ferret,

256 4759 357 4799 cur
375 4744 593 4800 autem?

329 4835 466 4903 Quia
484 4839 548 4893 de
572 4839 770 4894 semine
801 4857 896 4895 suo
923 4842 1067 4896 dedit
1096 4840 1319 4907 Moloch,
1358 4850 1416 4895 ut
1455 4844 1839 4897 contaminaret

254 4931 622 4984 sanctuarium
673 4948 868 4998 meum,
919 4941 967 4987 et
1019 4932 1277 5001 pollueret
1349 4949 1539 4988 nomen
1597 4945 1842 4988 sanctum

259 5036 454 5075 meum.
479 5018 802 5092 Quicunque
828 5022 976 5077 enim
1024 5021 1195 5078 tilium
1248 5031 1344 5077 aut
1385 5031 1706 5094 cognatum,
1748 5030 1845 5078 aut

256 5109 607 5180 discipulum,
638 5121 734 5167 aut
779 5113 1040 5176 amicum,
1086 5119 1183 5166 aut
1229 5126 1614 5182 quemcunque
1640 5112 1710 5166 de
1742 5126 1844 5167 suo

259 5202 490 5267 semine,
526 5203 613 5257 vel
631 5204 975 5275 cognatione,
1032 5212 1126 5258 aut
1158 5204 1429 5268 doctrina,
1460 5203 1699 5274 principi
1739 5219 1843 5259 sa:-

255 5294 366 5348 culi
401 5295 582 5362 hujus,
606 5296 697 5366 qui
727 5313 876 5352 nunc
927 5304 1185 5366 operatur
1227 5295 1285 5349 in
1361 5294 1483 5351 ﬁliis
1531 5295 1847 5352 dillidentiae

257 5386 495 5453 dederit,
520 5405 725 5445 vovens
754 5406 879 5445 cum
897 5398 953 5445 et
987 5403 1317 5445 consecrans
1339 5386 1696 5455 daemonibus,
1754 5388 1846 5445 hic

260 5481 483 5552 quidem
518 5482 586 5537 ad
617 5498 772 5538 sacra
802 5483 1113 5537 daemonum
1132 5522 1147 5548 ,
1180 5480 1318 5536 alter
1337 5490 1521 5536 autem
1552 5482 1713 5537 mista
1761 5482 1843 5537 vi-

259 5572 346 5627 rili
375 5574 734 5645 muliebrique
758 5573 891 5642 vita,
919 5583 1210 5644 utrumque
1268 5572 1417 5628 enim
1458 5583 1575 5629 erat
1619 5575 1842 5647 paganis

264 5773 308 5806 η
331 5708 779 5806 ἶξέ-ιρρεᾼῇσηῆὼ
811 5718 931 5774 Act.
959 5733 1055 5787 vn,
1090 5716 1177 5772 45.

248 5783 308 5869 ’⁷⁸
335 5783 536 5856 Epltcs.
567 5804 620 5854 v,
659 5786 745 5841 il.

1273 5718 1316 5751 θ’
1358 5716 1494 5774 Osce
1527 5734 1600 5785 tv,
1636 5718 1721 5773 Η.

1825 5717 1910 5772 ⁷⁰Ι
1938 5713 2079 5772 Tim.
2138 5729 2212 5779 vt,
2246 5713 2343 5780 10;

1942 4572 2179 4628 maxime
2206 4572 2310 4627 tale
2344 4581 2627 4642 peccatum
2664 4587 2773 4626 non
2803 4572 3050 4643 exsequi.
3082 4570 3225 4640 Quid
3259 4583 3342 4631 est
3376 4575 3524 4646 quod

1942 4663 2226 4734 sequitur?
2261 4663 2326 4718 Et
2374 4680 2532 4734 super
2553 4664 2918 4734 cognationem
2959 4665 3096 4735 ejus.
3136 4664 3246 4721 Eos
3277 4667 3370 4737 qui
3409 4676 3524 4721 stu-

1942 4754 2077 4807 dent
2130 4752 2386 4807 videlicet
2442 4750 2661 4816 similia,
2701 4751 2794 4821 qui
2843 4754 3058 4825 cognati
3114 4764 3245 4810 sunt
3300 4764 3526 4826 propter

1943 4843 2355 4905 similitudinem
2387 4840 2619 4897 actionis
2650 4849 2707 4896 et
2737 4841 3022 4897 doctrinae.

2014 4934 2399 5003 Succidamque
2440 4934 2612 5004 ipsum
2640 4941 2693 4987 et
2723 4949 2898 4988 omnes
2930 4932 3022 5004 qui
3049 4940 3419 4987 consenserunt
3455 4932 3524 4997 ei,

1945 5036 2002 5080 ut
2036 5026 2424 5095 foruicarentur
2470 5040 2588 5078 cum
2627 5024 2827 5079 Moloclt
2872 5025 2939 5079 de
2982 5022 3153 5079 medio
3198 5023 3382 5094 populi
3416 5024 3523 5079 sui.

1943 5112 2064 5167 Non
2099 5111 2273 5166 solum
2316 5113 2556 5167 minatus
2591 5121 2676 5167 cst
2707 5113 2904 5183 punire
2943 5127 3059 5176 eos,
3089 5112 3180 5184 qui
3217 5110 3410 5168 dicunt
3440 5114 3526 5169 vel

1947 5204 2155 5261 faciunt
2181 5204 2306 5269 hoc,
2331 5212 2387 5258 et
2411 5213 2702 5273 propterea
2728 5213 2990 5276 cognatos
3020 5212 3168 5259 recte
3195 5204 3524 5267 nominatos.

1946 5299 2044 5355 sed
2092 5305 2147 5352 et
2194 5282 2601 5352 consentientes
2644 5296 2719 5360 ei,
2756 5296 2809 5352 id
2860 5304 2947 5359 est
2991 5297 3386 5369 concordantcs
3433 5308 3529 5356 aut

1947 5396 2362 5453 concurrentes,
2403 5394 2500 5442 aut
2538 5386 3010 5442 communicantes
3043 5387 3305 5457 aperibus
3335 5403 3531 5445 eorum

1949 5478 2328 5546 intructuosis,
2359 5476 2502 5534 sicut
2533 5477 2736 5533 Paulus
2764 5477 2899 5533 dixit
2931 5477 2999 5532 ⁷³.
3029 5476 3237 5534 Malum
3259 5488 3343 5533 est
3379 5479 3524 5534 enim

1952 5571 2270 5645 permittere
2297 5579 2395 5627 aut
2421 5568 2735 5626 consentire
2761 5569 2925 5625 etiam
2956 5585 3071 5638 eos,
3097 5570 3187 5641 qui
3216 5569 3350 5625 loris
3378 5579 3525 5634 sunt,

2442 5712 2481 5745 ‘“
2510 5709 2713 5783 Ephes.
2751 5728 2803 5779 v.,
2834 5711 2888 5767 5.
2988 5712 3033 5743 ⁷⁸
3068 5711 3209 5767 Psal.
3243 5725 3402 5775 casn,
3437 5708 3553 5762 illi
