  <div class='ocr_page' id='page_1' title='image "/cluster/home/n/w/nwhite01/storage/ocr_20150623/93/hvd.32044054128533/535.png"; bbox 0 0 4038 6182; ppageno 0'>
   <div class='ocr_carea' id='block_1_1' title="bbox 528 288 667 358">
    <p class='ocr_par' dir='ltr' id='par_1_1' title="bbox 528 288 667 358">
     <span class='ocr_line' id='line_1_1' title="bbox 528 288 667 358; baseline 0.022 -3"><span class='ocrx_word' id='word_1_1' title='bbox 528 288 667 358; x_wconf 73' lang='grc'><strong>1643</strong></span> 
     </span>
    </p>
   </div>
   <div class='ocr_carea' id='block_1_2' title="bbox 1730 290 2608 351">
    <p class='ocr_par' dir='ltr' id='par_1_2' title="bbox 1730 290 2608 351">
     <span class='ocr_line' id='line_1_2' title="bbox 1730 290 2608 351; baseline 0.002 -2"><span class='ocrx_word' id='word_1_2' title='bbox 1730 290 2094 350; x_wconf 81' lang='lat' dir='ltr'><strong>HESYCHII</strong></span> <span class='ocrx_word' id='word_1_3' title='bbox 2133 290 2608 351; x_wconf 80' lang='lat' dir='ltr'><strong>PRESBYTERI</strong></span> 
     </span>
    </p>
   </div>
   <div class='ocr_carea' id='block_1_3' title="bbox 3666 283 3804 350">
    <p class='ocr_par' dir='ltr' id='par_1_3' title="bbox 3666 283 3804 350">
     <span class='ocr_line' id='line_1_3' title="bbox 3666 283 3804 350; baseline -0.029 1"><span class='ocrx_word' id='word_1_4' title='bbox 3666 283 3804 350; x_wconf 60' lang='lat' dir='ltr'><strong>to“</strong></span> 
     </span>
    </p>
   </div>
   <div class='ocr_carea' id='block_1_4' title="bbox 526 400 3802 474">
    <p class='ocr_par' dir='ltr' id='par_1_4' title="bbox 526 400 3802 474">
     <span class='ocr_line' id='line_1_4' title="bbox 526 400 3802 474; baseline -0.003 -13"><span class='ocrx_word' id='word_1_5' title='bbox 526 406 785 467; x_wconf 89' lang='lat' dir='ltr'><strong>fornicari</strong></span> <span class='ocrx_word' id='word_1_6' title='bbox 820 423 849 460; x_wconf 91' lang='lat' dir='ltr'><strong>a</strong></span> <span class='ocrx_word' id='word_1_7' title='bbox 880 404 1014 472; x_wconf 90' lang='lat' dir='ltr'><strong>Deo,</strong></span> <span class='ocrx_word' id='word_1_8' title='bbox 1044 414 1102 460; x_wconf 90' lang='lat' dir='ltr'><strong>et</strong></span> <span class='ocrx_word' id='word_1_9' title='bbox 1133 403 1414 460; x_wconf 72' lang='lat' dir='ltr'><strong>adhaerere</strong></span> <span class='ocrx_word' id='word_1_10' title='bbox 1453 401 1780 473; x_wconf 83' lang='lat' dir='ltr'><strong>intelligibili</strong></span> <span class='ocrx_word' id='word_1_11' title='bbox 1823 402 2060 474; x_wconf 84' lang='lat' dir='ltr'><strong>principi</strong></span> <span class='ocrx_word' id='word_1_12' title='bbox 2094 420 2109 457; x_wconf 92' lang='lat'><strong>:</strong></span> <span class='ocrx_word' id='word_1_13' title='bbox 2141 407 2188 464; x_wconf 78' lang='grc' dir='ltr'><strong>Α</strong></span> <span class='ocrx_word' id='word_1_14' title='bbox 2217 419 2309 457; x_wconf 85' lang='lat' dir='ltr'><strong>nos</strong></span> <span class='ocrx_word' id='word_1_15' title='bbox 2341 420 2460 458; x_wconf 81' lang='lat' dir='ltr'><strong>vero</strong></span> <span class='ocrx_word' id='word_1_16' title='bbox 2486 404 2676 467; x_wconf 85' lang='lat' dir='ltr'><strong>lutum,</strong></span> <span class='ocrx_word' id='word_1_17' title='bbox 2703 411 2750 456; x_wconf 89' lang='lat' dir='ltr'><strong>et</strong></span> <span class='ocrx_word' id='word_1_18' title='bbox 2782 410 2836 454; x_wconf 84' lang='lat' dir='ltr'><strong>tu</strong></span> <span class='ocrx_word' id='word_1_19' title='bbox 2861 400 3012 470; x_wconf 75' lang='lat' dir='ltr'><strong>ﬁctor</strong></span> <span class='ocrx_word' id='word_1_20' title='bbox 3050 407 3243 463; x_wconf 83' lang='lat' dir='ltr'><strong>noster,</strong></span> <span class='ocrx_word' id='word_1_21' title='bbox 3274 406 3324 451; x_wconf 85' lang='lat' dir='ltr'><strong>et</strong></span> <span class='ocrx_word' id='word_1_22' title='bbox 3353 412 3515 469; x_wconf 82' lang='lat' dir='ltr'><strong><em>opera</em></strong></span> <span class='ocrx_word' id='word_1_23' title='bbox 3544 412 3802 452; x_wconf 79' lang='lat' dir='ltr'><strong>manuum</strong></span> 
     </span>
    </p>
   </div>
   <div class='ocr_carea' id='block_1_5' title="bbox 526 494 2114 566">
    <p class='ocr_par' dir='ltr' id='par_1_5' title="bbox 526 494 2114 566">
     <span class='ocr_line' id='line_1_5' title="bbox 526 494 2114 566; baseline -0.001 -14"><span class='ocrx_word' id='word_1_24' title='bbox 526 498 702 552; x_wconf 85' lang='lat' dir='ltr'><strong>multo</strong></span> <span class='ocrx_word' id='word_1_25' title='bbox 733 498 904 566; x_wconf 82' lang='lat' dir='ltr'><strong>magis</strong></span> <span class='ocrx_word' id='word_1_26' title='bbox 935 506 1119 551; x_wconf 89' lang='lat' dir='ltr'><strong>autem</strong></span> <span class='ocrx_word' id='word_1_27' title='bbox 1150 495 1220 550; x_wconf 90' lang='lat' dir='ltr'><strong>de</strong></span> <span class='ocrx_word' id='word_1_28' title='bbox 1249 495 1431 551; x_wconf 87' lang='lat' dir='ltr'><strong>medio</strong></span> <span class='ocrx_word' id='word_1_29' title='bbox 1460 494 1667 566; x_wconf 88' lang='lat' dir='ltr'><strong>populi.</strong></span> <span class='ocrx_word' id='word_1_30' title='bbox 1697 494 1812 549; x_wconf 80' lang='lat' dir='ltr'><strong>Hoc</strong></span> <span class='ocrx_word' id='word_1_31' title='bbox 1845 503 1929 549; x_wconf 90' lang='lat' dir='ltr'><strong>est</strong></span> <span class='ocrx_word' id='word_1_32' title='bbox 1965 495 2114 551; x_wconf 87' lang='lat' dir='ltr'><strong>enim</strong></span> 
     </span>
    </p>
   </div>
   <div class='ocr_carea' id='block_1_6' title="bbox 529 585 2118 660">
    <p class='ocr_par' dir='ltr' id='par_1_6' title="bbox 529 585 2118 660">
     <span class='ocr_line' id='line_1_6' title="bbox 529 585 2118 660; baseline -0.002 -17"><span class='ocrx_word' id='word_1_33' title='bbox 529 599 706 645; x_wconf 90' lang='lat' dir='ltr'><strong>totum</strong></span> <span class='ocrx_word' id='word_1_34' title='bbox 747 604 970 660; x_wconf 84' lang='lat' dir='ltr'><strong>gregem</strong></span> <span class='ocrx_word' id='word_1_35' title='bbox 1017 588 1161 658; x_wconf 91' lang='lat' dir='ltr'><strong>lupis</strong></span> <span class='ocrx_word' id='word_1_36' title='bbox 1201 587 1449 652; x_wconf 85' lang='lat' dir='ltr'><strong>credere,</strong></span> <span class='ocrx_word' id='word_1_37' title='bbox 1481 596 1537 642; x_wconf 88' lang='lat' dir='ltr'><strong>et</strong></span> <span class='ocrx_word' id='word_1_38' title='bbox 1580 601 1773 642; x_wconf 89' lang='lat' dir='ltr'><strong>omnes</strong></span> <span class='ocrx_word' id='word_1_39' title='bbox 1812 602 1943 641; x_wconf 91' lang='lat' dir='ltr'><strong>oves</strong></span> <span class='ocrx_word' id='word_1_40' title='bbox 1987 585 2118 641; x_wconf 87' lang='lat' dir='ltr'><strong>feris</strong></span> 
     </span>
    </p>
   </div>
   <div class='ocr_carea' id='block_1_7' title="bbox 529 680 2118 752">
    <p class='ocr_par' dir='ltr' id='par_1_7' title="bbox 529 680 2118 752">
     <span class='ocr_line' id='line_1_7' title="bbox 529 680 2118 752; baseline -0.002 -14"><span class='ocrx_word' id='word_1_41' title='bbox 529 683 748 738; x_wconf 80' lang='lat' dir='ltr'><strong>tradere</strong></span> <span class='ocrx_word' id='word_1_42' title='bbox 779 699 792 734; x_wconf 91' lang='lat'><strong>:</strong></span> <span class='ocrx_word' id='word_1_43' title='bbox 825 681 1098 751; x_wconf 86' lang='lat' dir='ltr'><strong>siquidem</strong></span> <span class='ocrx_word' id='word_1_44' title='bbox 1128 681 1197 736; x_wconf 90' lang='lat' dir='ltr'><strong>de</strong></span> <span class='ocrx_word' id='word_1_45' title='bbox 1235 681 1414 736; x_wconf 90' lang='lat' dir='ltr'><strong>medio</strong></span> <span class='ocrx_word' id='word_1_46' title='bbox 1440 681 1628 752; x_wconf 86' lang='lat' dir='ltr'><strong>populi</strong></span> <span class='ocrx_word' id='word_1_47' title='bbox 1656 680 1894 736; x_wconf 86' lang='lat' dir='ltr'><strong>inimicis</strong></span> <span class='ocrx_word' id='word_1_48' title='bbox 1925 696 2118 752; x_wconf 86' lang='lat' dir='ltr'><strong>rapere</strong></span> 
     </span>
    </p>
   </div>
   <div class='ocr_carea' id='block_1_8' title="bbox 528 772 2114 845">
    <p class='ocr_par' dir='ltr' id='par_1_8' title="bbox 528 772 2114 845">
     <span class='ocr_line' id='line_1_8' title="bbox 528 772 2114 845; baseline 0.001 -21"><span class='ocrx_word' id='word_1_49' title='bbox 528 772 920 845; x_wconf 73' lang='lat' dir='ltr'><strong>permittimus,</strong></span> <span class='ocrx_word' id='word_1_50' title='bbox 963 782 1060 828; x_wconf 88' lang='lat' dir='ltr'><strong>aut</strong></span> <span class='ocrx_word' id='word_1_51' title='bbox 1106 773 1153 828; x_wconf 90' lang='lat' dir='ltr'><strong>si</strong></span> <span class='ocrx_word' id='word_1_52' title='bbox 1204 788 1429 827; x_wconf 88' lang='lat' dir='ltr'><strong>manum</strong></span> <span class='ocrx_word' id='word_1_53' title='bbox 1482 772 1815 843; x_wconf 88' lang='lat' dir='ltr'><strong>porrigimus</strong></span> <span class='ocrx_word' id='word_1_54' title='bbox 1862 772 2114 842; x_wconf 81' lang='lat' dir='ltr'><strong>rapienti.</strong></span> 
     </span>
    </p>
   </div>
   <div class='ocr_carea' id='block_1_9' title="bbox 529 862 2118 933">
    <p class='ocr_par' dir='ltr' id='par_1_9' title="bbox 529 862 2118 933">
     <span class='ocr_line' id='line_1_9' title="bbox 529 862 2118 933; baseline 0 -15"><span class='ocrx_word' id='word_1_55' title='bbox 529 862 637 930; x_wconf 87' lang='lat' dir='ltr'><strong>Qui</strong></span> <span class='ocrx_word' id='word_1_56' title='bbox 667 863 817 919; x_wconf 89' lang='lat' dir='ltr'><strong>enim</strong></span> <span class='ocrx_word' id='word_1_57' title='bbox 859 863 1140 919; x_wconf 86' lang='lat' dir='ltr'><strong>consentit</strong></span> <span class='ocrx_word' id='word_1_58' title='bbox 1172 880 1186 918; x_wconf 90' lang='lat'><strong>:</strong></span> <span class='ocrx_word' id='word_1_59' title='bbox 1219 873 1275 920; x_wconf 90' lang='lat' dir='ltr'><strong>et</strong></span> <span class='ocrx_word' id='word_1_60' title='bbox 1306 872 1452 919; x_wconf 86' lang='lat' dir='ltr'><strong>tacet</strong></span> <span class='ocrx_word' id='word_1_61' title='bbox 1488 879 1749 920; x_wconf 86' lang='lat' dir='ltr'><strong>accusare</strong></span> <span class='ocrx_word' id='word_1_62' title='bbox 1788 879 1915 919; x_wconf 88' lang='lat' dir='ltr'><strong>eum</strong></span> <span class='ocrx_word' id='word_1_63' title='bbox 1954 879 2118 933; x_wconf 87' lang='lat' dir='ltr'><strong>quem</strong></span> 
     </span>
    </p>
   </div>
   <div class='ocr_carea' id='block_1_10' title="bbox 530 956 2114 1027">
    <p class='ocr_par' dir='ltr' id='par_1_10' title="bbox 530 956 2114 1027">
     <span class='ocr_line' id='line_1_10' title="bbox 530 956 2114 1027; baseline 0.001 -17"><span class='ocrx_word' id='word_1_64' title='bbox 530 970 764 1027; x_wconf 78' lang='lat' dir='ltr'><strong>arguere</strong></span> <span class='ocrx_word' id='word_1_65' title='bbox 791 970 1023 1011; x_wconf 88' lang='lat' dir='ltr'><strong>necesse</strong></span> <span class='ocrx_word' id='word_1_66' title='bbox 1056 964 1161 1020; x_wconf 88' lang='lat' dir='ltr'><strong>est,</strong></span> <span class='ocrx_word' id='word_1_67' title='bbox 1200 957 1286 1012; x_wconf 86' lang='lat' dir='ltr'><strong>vel</strong></span> <span class='ocrx_word' id='word_1_68' title='bbox 1315 956 1632 1021; x_wconf 89' lang='lat' dir='ltr'><strong>admonere,</strong></span> <span class='ocrx_word' id='word_1_69' title='bbox 1663 956 1751 1013; x_wconf 86' lang='lat' dir='ltr'><strong>vel</strong></span> <span class='ocrx_word' id='word_1_70' title='bbox 1781 957 2068 1026; x_wconf 82' lang='lat' dir='ltr'><strong>increpare</strong></span> <span class='ocrx_word' id='word_1_71' title='bbox 2101 975 2114 1011; x_wconf 92' lang='lat'>:</span> 
     </span>
    </p>
   </div>
   <div class='ocr_carea' id='block_1_11' title="bbox 532 1044 2120 1117">
    <p class='ocr_par' dir='ltr' id='par_1_11' title="bbox 532 1044 2120 1117">
     <span class='ocr_line' id='line_1_11' title="bbox 532 1044 2120 1117; baseline 0 -17"><span class='ocrx_word' id='word_1_72' title='bbox 532 1044 626 1100; x_wconf 86' lang='lat' dir='ltr'><strong>hic</strong></span> <span class='ocrx_word' id='word_1_73' title='bbox 656 1060 768 1100; x_wconf 90' lang='lat' dir='ltr'><strong>non</strong></span> <span class='ocrx_word' id='word_1_74' title='bbox 804 1044 978 1117; x_wconf 78' lang='lat' dir='ltr'><strong>fugiet</strong></span> <span class='ocrx_word' id='word_1_75' title='bbox 1010 1045 1259 1103; x_wconf 88' lang='lat' dir='ltr'><strong>divinum</strong></span> <span class='ocrx_word' id='word_1_76' title='bbox 1295 1045 1586 1116; x_wconf 87' lang='lat' dir='ltr'><strong>judicium.</strong></span> <span class='ocrx_word' id='word_1_77' title='bbox 1619 1045 1781 1100; x_wconf 85' lang='lat' dir='ltr'><strong>Ponit</strong></span> <span class='ocrx_word' id='word_1_78' title='bbox 1816 1054 1998 1100; x_wconf 84' lang='lat' dir='ltr'><strong>autem</strong></span> <span class='ocrx_word' id='word_1_79' title='bbox 2037 1046 2120 1100; x_wconf 88' lang='lat' dir='ltr'><strong>fa-</strong></span> 
     </span>
    </p>
   </div>
   <div class='ocr_carea' id='block_1_12' title="bbox 533 1136 2123 1208">
    <p class='ocr_par' dir='ltr' id='par_1_12' title="bbox 533 1136 2123 1208">
     <span class='ocr_line' id='line_1_12' title="bbox 533 1136 2123 1208; baseline 0.001 -15"><span class='ocrx_word' id='word_1_80' title='bbox 533 1136 674 1194; x_wconf 86' lang='lat' dir='ltr'><strong>ciem</strong></span> <span class='ocrx_word' id='word_1_81' title='bbox 718 1150 878 1191; x_wconf 89' lang='lat' dir='ltr'><strong>suam</strong></span> <span class='ocrx_word' id='word_1_82' title='bbox 930 1152 1098 1208; x_wconf 87' lang='lat' dir='ltr'><strong>super</strong></span> <span class='ocrx_word' id='word_1_83' title='bbox 1143 1153 1269 1193; x_wconf 91' lang='lat' dir='ltr'><strong>eum</strong></span> <span class='ocrx_word' id='word_1_84' title='bbox 1316 1137 1461 1193; x_wconf 87' lang='lat' dir='ltr'><strong>Deus</strong></span> <span class='ocrx_word' id='word_1_85' title='bbox 1508 1137 1656 1192; x_wconf 83' lang='lat' dir='ltr'><strong>illaut</strong></span> <span class='ocrx_word' id='word_1_86' title='bbox 1694 1137 1762 1193; x_wconf 92' lang='lat' dir='ltr'><strong>de</strong></span> <span class='ocrx_word' id='word_1_87' title='bbox 1805 1154 1912 1208; x_wconf 89' lang='lat' dir='ltr'><strong>qua</strong></span> <span class='ocrx_word' id='word_1_88' title='bbox 1952 1138 2123 1194; x_wconf 82' lang='lat' dir='ltr'><strong>David</strong></span> 
     </span>
    </p>
   </div>
   <div class='ocr_carea' id='block_1_13' title="bbox 534 1225 2121 1299">
    <p class='ocr_par' dir='ltr' id='par_1_13' title="bbox 534 1225 2121 1299">
     <span class='ocr_line' id='line_1_13' title="bbox 534 1225 2121 1299; baseline 0.003 -18"><span class='ocrx_word' id='word_1_89' title='bbox 534 1225 753 1282; x_wconf 89' lang='lat' dir='ltr'><strong>dicebat</strong></span> <span class='ocrx_word' id='word_1_90' title='bbox 779 1244 794 1282; x_wconf 88' lang='lat'><strong>:</strong></span> <span class='ocrx_word' id='word_1_91' title='bbox 828 1227 1008 1283; x_wconf 82' lang='lat' dir='ltr'><strong>Vultus</strong></span> <span class='ocrx_word' id='word_1_92' title='bbox 1032 1237 1211 1284; x_wconf 87' lang='lat' dir='ltr'><strong>autem</strong></span> <span class='ocrx_word' id='word_1_93' title='bbox 1237 1228 1451 1283; x_wconf 79' lang='lat' dir='ltr'><strong>Domini</strong></span> <span class='ocrx_word' id='word_1_94' title='bbox 1480 1244 1637 1297; x_wconf 82' lang='lat' dir='ltr'><strong>super</strong></span> <span class='ocrx_word' id='word_1_95' title='bbox 1674 1229 1924 1299; x_wconf 76' lang='lat' dir='ltr'><strong>facientes</strong></span> <span class='ocrx_word' id='word_1_96' title='bbox 1954 1231 2121 1296; x_wconf 86' lang='lat' dir='ltr'><strong>mala,</strong></span> 
     </span>
    </p>
   </div>
   <div class='ocr_carea' id='block_1_14' title="bbox 534 1318 2123 1388">
    <p class='ocr_par' dir='ltr' id='par_1_14' title="bbox 534 1318 2123 1388">
     <span class='ocr_line' id='line_1_14' title="bbox 534 1318 2123 1388; baseline 0.004 -17"><span class='ocrx_word' id='word_1_97' title='bbox 534 1327 595 1372; x_wconf 87' lang='lat' dir='ltr'><strong>ut</strong></span> <span class='ocrx_word' id='word_1_98' title='bbox 623 1318 895 1388; x_wconf 83' lang='lat' dir='ltr'><strong>disperdat</strong></span> <span class='ocrx_word' id='word_1_99' title='bbox 938 1320 1004 1375; x_wconf 84' lang='lat' dir='ltr'><strong>de</strong></span> <span class='ocrx_word' id='word_1_100' title='bbox 1039 1328 1194 1377; x_wconf 87' lang='lat' dir='ltr'><strong>terra.</strong></span> <span class='ocrx_word' id='word_1_101' title='bbox 1214 1320 1526 1375; x_wconf 87' lang='lat' dir='ltr'><strong>memoriam</strong></span> <span class='ocrx_word' id='word_1_102' title='bbox 1560 1336 1739 1373; x_wconf 88' lang='lat' dir='ltr'><strong>eorum</strong></span> <span class='ocrx_word' id='word_1_103' title='bbox 1770 1320 1837 1376; x_wconf 83' lang='grc'><strong>⁷⁸⁵.</strong></span> <span class='ocrx_word' id='word_1_104' title='bbox 1872 1321 1991 1377; x_wconf 87' lang='lat' dir='ltr'><strong>Non</strong></span> <span class='ocrx_word' id='word_1_105' title='bbox 2021 1339 2123 1378; x_wconf 88' lang='lat' dir='ltr'><strong>so-</strong></span> 
     </span>
    </p>
   </div>
   <div class='ocr_carea' id='block_1_15' title="bbox 536 1409 2127 1482">
    <p class='ocr_par' dir='ltr' id='par_1_15' title="bbox 536 1409 2127 1482">
     <span class='ocr_line' id='line_1_15' title="bbox 536 1409 2127 1482; baseline 0.004 -19"><span class='ocrx_word' id='word_1_106' title='bbox 536 1409 652 1464; x_wconf 90' lang='lat' dir='ltr'><strong>lum</strong></span> <span class='ocrx_word' id='word_1_107' title='bbox 676 1425 807 1481; x_wconf 86' lang='lat' dir='ltr'><strong>ergo</strong></span> <span class='ocrx_word' id='word_1_108' title='bbox 835 1411 930 1481; x_wconf 87' lang='lat' dir='ltr'><strong>qui</strong></span> <span class='ocrx_word' id='word_1_109' title='bbox 980 1412 1109 1467; x_wconf 88' lang='lat' dir='ltr'><strong>talia</strong></span> <span class='ocrx_word' id='word_1_110' title='bbox 1152 1411 1382 1476; x_wconf 88' lang='lat' dir='ltr'><strong>faciunt,</strong></span> <span class='ocrx_word' id='word_1_111' title='bbox 1411 1410 1508 1468; x_wconf 89' lang='lat' dir='ltr'><strong>sed</strong></span> <span class='ocrx_word' id='word_1_112' title='bbox 1552 1420 1609 1467; x_wconf 89' lang='lat' dir='ltr'><strong>et</strong></span> <span class='ocrx_word' id='word_1_113' title='bbox 1642 1412 1736 1482; x_wconf 88' lang='lat' dir='ltr'><strong>qui</strong></span> <span class='ocrx_word' id='word_1_114' title='bbox 1771 1415 2127 1470; x_wconf 89' lang='lat' dir='ltr'><strong>consentiunt</strong></span> 
     </span>
    </p>
   </div>
   <div class='ocr_carea' id='block_1_16' title="bbox 535 1496 2125 1571">
    <p class='ocr_par' dir='ltr' id='par_1_16' title="bbox 535 1496 2125 1571">
     <span class='ocr_line' id='line_1_16' title="bbox 535 1496 2125 1571; baseline 0.003 -20"><span class='ocrx_word' id='word_1_115' title='bbox 535 1496 888 1563; x_wconf 87' lang='lat' dir='ltr'><strong>facientibus,</strong></span> <span class='ocrx_word' id='word_1_116' title='bbox 919 1498 1064 1554; x_wconf 85' lang='lat' dir='ltr'><strong>sicut</strong></span> <span class='ocrx_word' id='word_1_117' title='bbox 1093 1497 1373 1554; x_wconf 82' lang='lat' dir='ltr'><strong>Romanos</strong></span> <span class='ocrx_word' id='word_1_118' title='bbox 1418 1497 1619 1554; x_wconf 84' lang='lat' dir='ltr'><strong>Paulus</strong></span> <span class='ocrx_word' id='word_1_119' title='bbox 1656 1499 1905 1555; x_wconf 89' lang='lat' dir='ltr'><strong>scribens</strong></span> <span class='ocrx_word' id='word_1_120' title='bbox 1936 1510 2125 1571; x_wconf 59' lang='lat' dir='ltr'><strong>repre;</strong></span> 
     </span>
    </p>
   </div>
   <div class='ocr_carea' id='block_1_17' title="bbox 536 1587 2120 1658">
    <p class='ocr_par' dir='ltr' id='par_1_17' title="bbox 536 1587 2120 1658">
     <span class='ocr_line' id='line_1_17' title="bbox 536 1587 2120 1658; baseline 0.003 -17"><span class='ocrx_word' id='word_1_121' title='bbox 536 1587 817 1643; x_wconf 82' lang='lat' dir='ltr'><strong>ltendebat</strong></span> <span class='ocrx_word' id='word_1_122' title='bbox 866 1588 969 1643; x_wconf 90' lang='lat' dir='ltr'><strong>sub</strong></span> <span class='ocrx_word' id='word_1_123' title='bbox 1016 1603 1181 1658; x_wconf 89' lang='lat' dir='ltr'><strong>poena</strong></span> <span class='ocrx_word' id='word_1_124' title='bbox 1214 1589 1279 1655; x_wconf 81' lang='grc'><strong>⁷⁸,</strong></span> <span class='ocrx_word' id='word_1_125' title='bbox 1311 1603 1435 1658; x_wconf 81' lang='lat' dir='ltr'><strong>quae</strong></span> <span class='ocrx_word' id='word_1_126' title='bbox 1478 1602 1624 1642; x_wconf 90' lang='lat' dir='ltr'><strong>nunc</strong></span> <span class='ocrx_word' id='word_1_127' title='bbox 1670 1587 1813 1643; x_wconf 88' lang='lat' dir='ltr'><strong>dicta</strong></span> <span class='ocrx_word' id='word_1_128' title='bbox 1860 1599 1944 1645; x_wconf 85' lang='lat' dir='ltr'><strong>est</strong></span> <span class='ocrx_word' id='word_1_129' title='bbox 1977 1607 2008 1645; x_wconf 92' lang='lat' dir='ltr'><strong>a</strong></span> <span class='ocrx_word' id='word_1_130' title='bbox 2047 1591 2120 1647; x_wconf 87' lang='lat' dir='ltr'><strong>le-</strong></span> 
     </span>
    </p>
   </div>
   <div class='ocr_carea' id='block_1_18' title="bbox 537 1677 1187 1749">
    <p class='ocr_par' dir='ltr' id='par_1_18' title="bbox 537 1677 1187 1749">
     <span class='ocr_line' id='line_1_18' title="bbox 537 1677 1187 1749; baseline 0.003 -17"><span class='ocrx_word' id='word_1_131' title='bbox 537 1677 820 1749; x_wconf 80' lang='lat' dir='ltr'><strong>gislature,</strong></span> <span class='ocrx_word' id='word_1_132' title='bbox 852 1677 1187 1734; x_wconf 76' lang='lat' dir='ltr'><strong>efﬁciuntur.</strong></span> 
     </span>
    </p>
   </div>
   <div class='ocr_carea' id='block_1_19' title="bbox 608 1767 2126 1847">
    <p class='ocr_par' dir='ltr' id='par_1_19' title="bbox 608 1767 2126 1847">
     <span class='ocr_line' id='line_1_19' title="bbox 608 1767 2126 1847; baseline 0.005 -24"><span class='ocrx_word' id='word_1_133' title='bbox 608 1767 776 1824; x_wconf 75' lang='lat' dir='ltr'><strong>Vens.</strong></span> <span class='ocrx_word' id='word_1_134' title='bbox 804 1770 922 1825; x_wconf 83' lang='lat'><strong>6-8.</strong></span> <span class='ocrx_word' id='word_1_135' title='bbox 970 1788 990 1823; x_wconf 82' lang='grc' dir='ltr'><strong>ι</strong></span> <span class='ocrx_word' id='word_1_136' title='bbox 1025 1770 1224 1825; x_wconf 85' lang='lat' dir='ltr'><strong>Anima</strong></span> <span class='ocrx_word' id='word_1_137' title='bbox 1268 1787 1390 1842; x_wconf 67' lang='lat' dir='ltr'><strong>qua:</strong></span> <span class='ocrx_word' id='word_1_138' title='bbox 1430 1772 1791 1828; x_wconf 87' lang='lat' dir='ltr'><strong>declinaverit</strong></span> <span class='ocrx_word' id='word_1_139' title='bbox 1831 1773 1899 1828; x_wconf 89' lang='lat' dir='ltr'><strong>ad</strong></span> <span class='ocrx_word' id='word_1_140' title='bbox 1939 1790 2126 1847; x_wconf 87' lang='lat' dir='ltr'><strong>magos</strong></span> 
     </span>
    </p>
   </div>
   <div class='ocr_carea' id='block_1_20' title="bbox 536 1861 2123 1937">
    <p class='ocr_par' dir='ltr' id='par_1_20' title="bbox 536 1861 2123 1937">
     <span class='ocr_line' id='line_1_20' title="bbox 536 1861 2123 1937; baseline 0.004 -21"><span class='ocrx_word' id='word_1_141' title='bbox 536 1870 595 1916; x_wconf 88' lang='lat' dir='ltr'><strong>et</strong></span> <span class='ocrx_word' id='word_1_142' title='bbox 642 1861 711 1917; x_wconf 92' lang='lat' dir='ltr'><strong>ad</strong></span> <span class='ocrx_word' id='word_1_143' title='bbox 760 1862 984 1928; x_wconf 89' lang='lat' dir='ltr'><strong>ariolos,</strong></span> <span class='ocrx_word' id='word_1_144' title='bbox 1015 1872 1072 1918; x_wconf 88' lang='lat' dir='ltr'><strong>et</strong></span> <span class='ocrx_word' id='word_1_145' title='bbox 1124 1862 1391 1918; x_wconf 81' lang='lat' dir='ltr'><strong>fornicata</strong></span> <span class='ocrx_word' id='word_1_146' title='bbox 1429 1863 1616 1930; x_wconf 88' lang='lat' dir='ltr'><strong>fuerit,</strong></span> <span class='ocrx_word' id='word_1_147' title='bbox 1651 1880 1775 1920; x_wconf 90' lang='lat' dir='ltr'><strong>cum</strong></span> <span class='ocrx_word' id='word_1_148' title='bbox 1813 1866 1896 1921; x_wconf 89' lang='lat' dir='ltr'><strong>eis</strong></span> <span class='ocrx_word' id='word_1_149' title='bbox 1923 1883 2123 1937; x_wconf 88' lang='lat' dir='ltr'><strong>ponam</strong></span> 
     </span>
    </p>
   </div>
   <div class='ocr_carea' id='block_1_21' title="bbox 535 1953 2124 2020">
    <p class='ocr_par' dir='ltr' id='par_1_21' title="bbox 535 1953 2124 2020">
     <span class='ocr_line' id='line_1_21' title="bbox 535 1953 2124 2020; baseline 0.007 -13"><span class='ocrx_word' id='word_1_150' title='bbox 535 1953 734 2009; x_wconf 81' lang='lat' dir='ltr'><strong>faciem</strong></span> <span class='ocrx_word' id='word_1_151' title='bbox 783 1970 963 2011; x_wconf 89' lang='lat' dir='ltr'><strong>meam</strong></span> <span class='ocrx_word' id='word_1_152' title='bbox 1011 1964 1203 2010; x_wconf 81' lang='lat' dir='ltr'><strong>contra</strong></span> <span class='ocrx_word' id='word_1_153' title='bbox 1245 1971 1388 2020; x_wconf 89' lang='lat' dir='ltr'><strong>eam,</strong></span> <span class='ocrx_word' id='word_1_154' title='bbox 1419 1966 1476 2012; x_wconf 90' lang='lat' dir='ltr'><strong>et</strong></span> <span class='ocrx_word' id='word_1_155' title='bbox 1515 1957 1838 2014; x_wconf 77' lang='lat' dir='ltr'><strong>interficiam</strong></span> <span class='ocrx_word' id='word_1_156' title='bbox 1878 1960 2024 2016; x_wconf 89' lang='lat' dir='ltr'><strong>illam</strong></span> <span class='ocrx_word' id='word_1_157' title='bbox 2057 1962 2124 2018; x_wconf 91' lang='lat' dir='ltr'><strong>de</strong></span> 
     </span>
    </p>
   </div>
   <div class='ocr_carea' id='block_1_22' title="bbox 534 2047 2125 2124">
    <p class='ocr_par' dir='ltr' id='par_1_22' title="bbox 534 2047 2125 2124">
     <span class='ocr_line' id='line_1_22' title="bbox 534 2047 2125 2124; baseline 0.006 -24"><span class='ocrx_word' id='word_1_158' title='bbox 534 2047 722 2102; x_wconf 90' lang='lat' dir='ltr'><strong>medio</strong></span> <span class='ocrx_word' id='word_1_159' title='bbox 749 2047 959 2118; x_wconf 90' lang='lat' dir='ltr'><strong>populi.</strong></span> <span class='ocrx_word' id='word_1_160' title='bbox 992 2048 1446 2113; x_wconf 82' lang='lat' dir='ltr'><strong>Sanctificamini,</strong></span> <span class='ocrx_word' id='word_1_161' title='bbox 1471 2058 1529 2104; x_wconf 89' lang='lat' dir='ltr'><strong>et</strong></span> <span class='ocrx_word' id='word_1_162' title='bbox 1564 2058 1741 2106; x_wconf 89' lang='lat' dir='ltr'><strong>estote</strong></span> <span class='ocrx_word' id='word_1_163' title='bbox 1771 2053 1968 2118; x_wconf 81' lang='lat' dir='ltr'><strong>sancti,</strong></span> <span class='ocrx_word' id='word_1_164' title='bbox 1999 2054 2125 2124; x_wconf 86' lang='lat' dir='ltr'><strong>quia</strong></span> 
     </span>
    </p>
   </div>
   <div class='ocr_carea' id='block_1_23' title="bbox 536 2139 2122 2215">
    <p class='ocr_par' dir='ltr' id='par_1_23' title="bbox 536 2139 2122 2215">
     <span class='ocr_line' id='line_1_23' title="bbox 536 2139 2122 2215; baseline 0.004 -22"><span class='ocrx_word' id='word_1_165' title='bbox 536 2153 640 2210; x_wconf 89' lang='lat' dir='ltr'><strong>ego</strong></span> <span class='ocrx_word' id='word_1_166' title='bbox 662 2139 926 2196; x_wconf 88' lang='lat' dir='ltr'><strong>Dominus</strong></span> <span class='ocrx_word' id='word_1_167' title='bbox 956 2140 1102 2195; x_wconf 87' lang='lat' dir='ltr'><strong>Deus</strong></span> <span class='ocrx_word' id='word_1_168' title='bbox 1127 2150 1330 2197; x_wconf 88' lang='lat' dir='ltr'><strong>vester.</strong></span> <span class='ocrx_word' id='word_1_169' title='bbox 1362 2141 1647 2197; x_wconf 87' lang='lat' dir='ltr'><strong>Custodite</strong></span> <span class='ocrx_word' id='word_1_170' title='bbox 1671 2153 1941 2215; x_wconf 63' lang='lat' dir='ltr'><strong>praecepta</strong></span> <span class='ocrx_word' id='word_1_171' title='bbox 1981 2161 2122 2212; x_wconf 87' lang='lat' dir='ltr'><strong>mea,</strong></span> 
     </span>
    </p>
   </div>
   <div class='ocr_carea' id='block_1_24' title="bbox 535 2231 1977 2303">
    <p class='ocr_par' dir='ltr' id='par_1_24' title="bbox 535 2231 1977 2303">
     <span class='ocr_line' id='line_1_24' title="bbox 535 2231 1977 2303; baseline 0.001 -16"><span class='ocrx_word' id='word_1_172' title='bbox 535 2241 595 2287; x_wconf 88' lang='lat' dir='ltr'><strong>et</strong></span> <span class='ocrx_word' id='word_1_173' title='bbox 625 2231 790 2287; x_wconf 88' lang='lat' dir='ltr'><strong>facite</strong></span> <span class='ocrx_word' id='word_1_174' title='bbox 818 2246 905 2293; x_wconf 87' lang='lat' dir='ltr'><strong>ea.</strong></span> <span class='ocrx_word' id='word_1_175' title='bbox 934 2247 1034 2303; x_wconf 85' lang='lat' dir='ltr'><strong>ego</strong></span> <span class='ocrx_word' id='word_1_176' title='bbox 1062 2231 1325 2286; x_wconf 91' lang='lat' dir='ltr'><strong>Dominus</strong></span> <span class='ocrx_word' id='word_1_177' title='bbox 1357 2233 1450 2302; x_wconf 92' lang='lat' dir='ltr'><strong>qui</strong></span> <span class='ocrx_word' id='word_1_178' title='bbox 1483 2234 1766 2291; x_wconf 78' lang='lat' dir='ltr'><strong>sanctifico</strong></span> <span class='ocrx_word' id='word_1_179' title='bbox 1800 2252 1918 2291; x_wconf 92' lang='lat' dir='ltr'><strong>vos.</strong></span> <span class='ocrx_word' id='word_1_180' title='bbox 1958 2256 1977 2288; x_wconf 73' lang='grc' dir='ltr'><strong>ι</strong></span> 
     </span>
    </p>
   </div>
   <div class='ocr_carea' id='block_1_25' title="bbox 608 2320 2126 2393">
    <p class='ocr_par' dir='ltr' id='par_1_25' title="bbox 608 2320 2126 2393">
     <span class='ocr_line' id='line_1_25' title="bbox 608 2320 2126 2393; baseline 0.007 -18"><span class='ocrx_word' id='word_1_181' title='bbox 608 2320 727 2378; x_wconf 83' lang='lat' dir='ltr'><strong>Non</strong></span> <span class='ocrx_word' id='word_1_182' title='bbox 781 2322 1163 2393; x_wconf 87' lang='lat' dir='ltr'><strong>qualecunque</strong></span> <span class='ocrx_word' id='word_1_183' title='bbox 1217 2333 1503 2393; x_wconf 87' lang='lat' dir='ltr'><strong>peccatum</strong></span> <span class='ocrx_word' id='word_1_184' title='bbox 1557 2340 1680 2381; x_wconf 90' lang='lat' dir='ltr'><strong>esse</strong></span> <span class='ocrx_word' id='word_1_185' title='bbox 1732 2327 2005 2384; x_wconf 88' lang='lat' dir='ltr'><strong>declinare</strong></span> <span class='ocrx_word' id='word_1_186' title='bbox 2057 2329 2126 2385; x_wconf 89' lang='lat' dir='ltr'><strong>ad</strong></span> 
     </span>
    </p>
   </div>
   <div class='ocr_carea' id='block_1_26' title="bbox 537 2414 2127 2488">
    <p class='ocr_par' dir='ltr' id='par_1_26' title="bbox 537 2414 2127 2488">
     <span class='ocr_line' id='line_1_26' title="bbox 537 2414 2127 2488; baseline 0.004 -17"><span class='ocrx_word' id='word_1_187' title='bbox 537 2430 748 2486; x_wconf 85' lang='lat' dir='ltr'><strong>magos,</strong></span> <span class='ocrx_word' id='word_1_188' title='bbox 801 2414 917 2470; x_wconf 89' lang='lat' dir='ltr'><strong>sive</strong></span> <span class='ocrx_word' id='word_1_189' title='bbox 976 2424 1034 2469; x_wconf 91' lang='lat' dir='ltr'><strong>ut</strong></span> <span class='ocrx_word' id='word_1_190' title='bbox 1082 2414 1248 2479; x_wconf 77' lang='lat' dir='ltr'><strong>LXX,</strong></span> <span class='ocrx_word' id='word_1_191' title='bbox 1300 2417 1674 2488; x_wconf 86' lang='lat' dir='ltr'><strong>ventriloquos,</strong></span> <span class='ocrx_word' id='word_1_192' title='bbox 1719 2422 1804 2474; x_wconf 85' lang='lat' dir='ltr'><strong>vel</strong></span> <span class='ocrx_word' id='word_1_193' title='bbox 1852 2422 2127 2478; x_wconf 77' lang='lat' dir='ltr'><strong>veneﬁcos</strong></span> 
     </span>
    </p>
   </div>
   <div class='ocr_carea' id='block_1_27' title="bbox 538 2503 2122 2579">
    <p class='ocr_par' dir='ltr' id='par_1_27' title="bbox 538 2503 2122 2579">
     <span class='ocr_line' id='line_1_27' title="bbox 538 2503 2122 2579; baseline 0.006 -22"><span class='ocrx_word' id='word_1_194' title='bbox 538 2503 894 2575; x_wconf 61' lang='lat' dir='ltr'><strong>praediximus</strong></span> <span class='ocrx_word' id='word_1_195' title='bbox 940 2522 952 2556; x_wconf 93' lang='lat'>:</span> <span class='ocrx_word' id='word_1_196' title='bbox 996 2505 1052 2558; x_wconf 91' lang='lat' dir='ltr'><strong>in</strong></span> <span class='ocrx_word' id='word_1_197' title='bbox 1109 2514 1340 2574; x_wconf 87' lang='lat' dir='ltr'><strong>utroque</strong></span> <span class='ocrx_word' id='word_1_198' title='bbox 1388 2506 1532 2560; x_wconf 88' lang='lat' dir='ltr'><strong>enim</strong></span> <span class='ocrx_word' id='word_1_199' title='bbox 1585 2523 1615 2561; x_wconf 92' lang='lat' dir='ltr'><strong>a</strong></span> <span class='ocrx_word' id='word_1_200' title='bbox 1666 2508 1778 2563; x_wconf 91' lang='lat' dir='ltr'><strong>Deo</strong></span> <span class='ocrx_word' id='word_1_201' title='bbox 1832 2512 2122 2579; x_wconf 87' lang='lat' dir='ltr'><strong>receditur,</strong></span> 
     </span>
    </p>
   </div>
   <div class='ocr_carea' id='block_1_28' title="bbox 538 2592 2124 2664">
    <p class='ocr_par' dir='ltr' id='par_1_28' title="bbox 538 2592 2124 2664">
     <span class='ocr_line' id='line_1_28' title="bbox 538 2592 2124 2664; baseline 0.007 -17"><span class='ocrx_word' id='word_1_202' title='bbox 538 2592 656 2647; x_wconf 84' lang='lat' dir='ltr'><strong>sive</strong></span> <span class='ocrx_word' id='word_1_203' title='bbox 685 2592 977 2647; x_wconf 85' lang='lat' dir='ltr'><strong>sensibiles</strong></span> <span class='ocrx_word' id='word_1_204' title='bbox 1001 2593 1334 2664; x_wconf 79' lang='lat' dir='ltr'><strong>Pytltonicos</strong></span> <span class='ocrx_word' id='word_1_205' title='bbox 1367 2608 1422 2651; x_wconf 92' lang='lat' dir='ltr'><strong>et</strong></span> <span class='ocrx_word' id='word_1_206' title='bbox 1454 2598 1747 2664; x_wconf 82' lang='lat' dir='ltr'><strong>veneﬁcos,</strong></span> <span class='ocrx_word' id='word_1_207' title='bbox 1774 2601 1890 2657; x_wconf 90' lang='lat' dir='ltr'><strong>sive</strong></span> <span class='ocrx_word' id='word_1_208' title='bbox 1920 2603 2124 2658; x_wconf 88' lang='lat' dir='ltr'><strong>intelli-</strong></span> 
     </span>
    </p>
   </div>
   <div class='ocr_carea' id='block_1_29' title="bbox 538 2680 2126 2762">
    <p class='ocr_par' dir='ltr' id='par_1_29' title="bbox 538 2680 2126 2762">
     <span class='ocr_line' id='line_1_29' title="bbox 538 2680 2126 2762; baseline 0.008 -27"><span class='ocrx_word' id='word_1_209' title='bbox 538 2680 733 2756; x_wconf 88' lang='lat' dir='ltr'><strong>gibiles</strong></span> <span class='ocrx_word' id='word_1_210' title='bbox 767 2681 939 2747; x_wconf 89' lang='lat' dir='ltr'><strong>dicas,</strong></span> <span class='ocrx_word' id='word_1_211' title='bbox 965 2681 1021 2737; x_wconf 88' lang='lat' dir='ltr'><strong>id</strong></span> <span class='ocrx_word' id='word_1_212' title='bbox 1050 2694 1158 2747; x_wconf 90' lang='lat' dir='ltr'><strong>est,</strong></span> <span class='ocrx_word' id='word_1_213' title='bbox 1190 2699 1286 2739; x_wconf 88' lang='lat' dir='ltr'><strong>eos</strong></span> <span class='ocrx_word' id='word_1_214' title='bbox 1310 2685 1402 2754; x_wconf 92' lang='lat' dir='ltr'><strong>qui</strong></span> <span class='ocrx_word' id='word_1_215' title='bbox 1452 2688 1676 2743; x_wconf 86' lang='lat' dir='ltr'><strong>nomine</strong></span> <span class='ocrx_word' id='word_1_216' title='bbox 1706 2689 1800 2743; x_wconf 90' lang='lat' dir='ltr'><strong>Dei</strong></span> <span class='ocrx_word' id='word_1_217' title='bbox 1832 2689 1963 2745; x_wconf 86' lang='lat' dir='ltr'><strong>falsa</strong></span> <span class='ocrx_word' id='word_1_218' title='bbox 1999 2708 2126 2762; x_wconf 90' lang='lat' dir='ltr'><strong>pro-</strong></span> 
     </span>
    </p>
   </div>
   <div class='ocr_carea' id='block_1_30' title="bbox 537 2772 2127 2849">
    <p class='ocr_par' dir='ltr' id='par_1_30' title="bbox 537 2772 2127 2849">
     <span class='ocr_line' id='line_1_30' title="bbox 537 2772 2127 2849; baseline 0.008 -22"><span class='ocrx_word' id='word_1_219' title='bbox 537 2772 787 2845; x_wconf 87' lang='lat' dir='ltr'><strong>phetant,</strong></span> <span class='ocrx_word' id='word_1_220' title='bbox 833 2772 1178 2843; x_wconf 88' lang='lat' dir='ltr'><strong>deceptores,</strong></span> <span class='ocrx_word' id='word_1_221' title='bbox 1227 2785 1284 2830; x_wconf 91' lang='lat' dir='ltr'><strong>et</strong></span> <span class='ocrx_word' id='word_1_222' title='bbox 1339 2776 1672 2843; x_wconf 86' lang='lat' dir='ltr'><strong>adulatores,</strong></span> <span class='ocrx_word' id='word_1_223' title='bbox 1725 2780 1817 2849; x_wconf 92' lang='lat' dir='ltr'><strong>qui</strong></span> <span class='ocrx_word' id='word_1_224' title='bbox 1871 2782 2127 2841; x_wconf 78' lang='lat' dir='ltr'><strong>veneficis</strong></span> 
     </span>
    </p>
   </div>
   <div class='ocr_carea' id='block_1_31' title="bbox 540 2867 2126 2944">
    <p class='ocr_par' dir='ltr' id='par_1_31' title="bbox 540 2867 2126 2944">
     <span class='ocr_line' id='line_1_31' title="bbox 540 2867 2126 2944; baseline 0.006 -22"><span class='ocrx_word' id='word_1_225' title='bbox 540 2867 891 2923; x_wconf 88' lang='lat' dir='ltr'><strong>sermonibus</strong></span> <span class='ocrx_word' id='word_1_226' title='bbox 939 2868 1158 2924; x_wconf 90' lang='lat' dir='ltr'><strong>auditus</strong></span> <span class='ocrx_word' id='word_1_227' title='bbox 1208 2870 1505 2924; x_wconf 90' lang='lat' dir='ltr'><strong>multorum</strong></span> <span class='ocrx_word' id='word_1_228' title='bbox 1562 2883 1945 2944; x_wconf 88' lang='lat' dir='ltr'><strong>corrumpunt,</strong></span> <span class='ocrx_word' id='word_1_229' title='bbox 1996 2884 2054 2931; x_wconf 88' lang='lat' dir='ltr'><strong>ut</strong></span> <span class='ocrx_word' id='word_1_230' title='bbox 2094 2892 2126 2931; x_wconf 91' lang='lat' dir='ltr'><strong>a</strong></span> 
     </span>
    </p>
   </div>
   <div class='ocr_carea' id='block_1_32' title="bbox 537 2958 2127 3028">
    <p class='ocr_par' dir='ltr' id='par_1_32' title="bbox 537 2958 2127 3028">
     <span class='ocr_line' id='line_1_32' title="bbox 537 2958 2127 3028; baseline 0.006 -17"><span class='ocrx_word' id='word_1_231' title='bbox 537 2958 769 3014; x_wconf 85' lang='lat' dir='ltr'><strong>veritate</strong></span> <span class='ocrx_word' id='word_1_232' title='bbox 820 2959 1046 3028; x_wconf 90' lang='lat' dir='ltr'><strong>quidem</strong></span> <span class='ocrx_word' id='word_1_233' title='bbox 1098 2960 1319 3015; x_wconf 90' lang='lat' dir='ltr'><strong>auditus</strong></span> <span class='ocrx_word' id='word_1_234' title='bbox 1376 2968 1648 3028; x_wconf 85' lang='lat' dir='ltr'><strong>avertant,</strong></span> <span class='ocrx_word' id='word_1_235' title='bbox 1694 2964 1762 3018; x_wconf 91' lang='lat' dir='ltr'><strong>ad</strong></span> <span class='ocrx_word' id='word_1_236' title='bbox 1810 2965 2022 3021; x_wconf 88' lang='lat' dir='ltr'><strong>fabulas</strong></span> <span class='ocrx_word' id='word_1_237' title='bbox 2071 2977 2127 3022; x_wconf 91' lang='lat' dir='ltr'><strong>et</strong></span> 
     </span>
    </p>
   </div>
   <div class='ocr_carea' id='block_1_33' title="bbox 538 3058 2125 3126">
    <p class='ocr_par' dir='ltr' id='par_1_33' title="bbox 538 3058 2125 3126">
     <span class='ocr_line' id='line_1_33' title="bbox 538 3058 2125 3126; baseline 0.006 -22"><span class='ocrx_word' id='word_1_238' title='bbox 538 3065 782 3106; x_wconf 88' lang='lat' dir='ltr'><strong>errorem</strong></span> <span class='ocrx_word' id='word_1_239' title='bbox 822 3059 1241 3115; x_wconf 89' lang='lat' dir='ltr'><strong>convertuntur,</strong></span> <span class='ocrx_word' id='word_1_240' title='bbox 1284 3062 1341 3107; x_wconf 92' lang='lat' dir='ltr'><strong>et</strong></span> <span class='ocrx_word' id='word_1_241' title='bbox 1375 3065 1665 3126; x_wconf 88' lang='lat' dir='ltr'><strong>propterea</strong></span> <span class='ocrx_word' id='word_1_242' title='bbox 1700 3072 1905 3126; x_wconf 87' lang='lat' dir='ltr'><strong>ponere</strong></span> <span class='ocrx_word' id='word_1_243' title='bbox 1930 3058 2125 3115; x_wconf 86' lang='lat' dir='ltr'><strong>faciem</strong></span> 
     </span>
    </p>
   </div>
   <div class='ocr_carea' id='block_1_34' title="bbox 538 3142 2126 3218">
    <p class='ocr_par' dir='ltr' id='par_1_34' title="bbox 538 3142 2126 3218">
     <span class='ocr_line' id='line_1_34' title="bbox 538 3142 2126 3218; baseline 0.008 -22"><span class='ocrx_word' id='word_1_244' title='bbox 538 3157 695 3218; x_wconf 86' lang='lat' dir='ltr'><strong>suam</strong></span> <span class='ocrx_word' id='word_1_245' title='bbox 724 3142 914 3212; x_wconf 74' lang='lat' dir='ltr'><strong>iudex,</strong></span> <span class='ocrx_word' id='word_1_246' title='bbox 951 3151 1007 3198; x_wconf 90' lang='lat' dir='ltr'><strong>et</strong></span> <span class='ocrx_word' id='word_1_247' title='bbox 1043 3143 1360 3210; x_wconf 83' lang='lat' dir='ltr'><strong>disperdere</strong></span> <span class='ocrx_word' id='word_1_248' title='bbox 1387 3160 1485 3202; x_wconf 90' lang='lat' dir='ltr'><strong>cos</strong></span> <span class='ocrx_word' id='word_1_249' title='bbox 1514 3147 1582 3202; x_wconf 90' lang='lat' dir='ltr'><strong>de</strong></span> <span class='ocrx_word' id='word_1_250' title='bbox 1610 3148 1812 3218; x_wconf 89' lang='lat' dir='ltr'><strong>populo</strong></span> <span class='ocrx_word' id='word_1_251' title='bbox 1847 3164 1948 3205; x_wconf 91' lang='lat' dir='ltr'><strong>suo</strong></span> <span class='ocrx_word' id='word_1_252' title='bbox 1975 3164 2126 3207; x_wconf 83' lang='lat' dir='ltr'><strong>com-</strong></span> 
     </span>
    </p>
   </div>
   <div class='ocr_carea' id='block_1_35' title="bbox 541 3233 1422 3291">
    <p class='ocr_par' dir='ltr' id='par_1_35' title="bbox 541 3233 1422 3291">
     <span class='ocr_line' id='line_1_35' title="bbox 541 3233 1422 3291; baseline 0.002 -3"><span class='ocrx_word' id='word_1_253' title='bbox 541 3233 782 3289; x_wconf 89' lang='lat' dir='ltr'><strong>minatus</strong></span> <span class='ocrx_word' id='word_1_254' title='bbox 811 3243 914 3289; x_wconf 91' lang='lat' dir='ltr'><strong>est.</strong></span> <span class='ocrx_word' id='word_1_255' title='bbox 946 3234 1170 3290; x_wconf 84' lang='lat' dir='ltr'><strong>Addidit</strong></span> <span class='ocrx_word' id='word_1_256' title='bbox 1194 3245 1379 3291; x_wconf 90' lang='lat' dir='ltr'><strong>autem</strong></span> <span class='ocrx_word' id='word_1_257' title='bbox 1410 3256 1422 3290; x_wconf 94' lang='lat'>:</span> 
     </span>
    </p>
   </div>
   <div class='ocr_carea' id='block_1_36' title="bbox 612 3324 2127 3406">
    <p class='ocr_par' dir='ltr' id='par_1_36' title="bbox 612 3324 2127 3406">
     <span class='ocr_line' id='line_1_36' title="bbox 612 3324 2127 3406; baseline 0.008 -26"><span class='ocrx_word' id='word_1_258' title='bbox 612 3324 1056 3394; x_wconf 79' lang='lat' dir='ltr'><strong>Sanctiﬁcamini,</strong></span> <span class='ocrx_word' id='word_1_259' title='bbox 1095 3336 1147 3381; x_wconf 87' lang='lat' dir='ltr'><strong>et</strong></span> <span class='ocrx_word' id='word_1_260' title='bbox 1197 3336 1359 3382; x_wconf 82' lang='lat' dir='ltr'><strong>estote</strong></span> <span class='ocrx_word' id='word_1_261' title='bbox 1400 3331 1591 3384; x_wconf 88' lang='lat' dir='ltr'><strong>sancti.</strong></span> <span class='ocrx_word' id='word_1_262' title='bbox 1638 3331 1949 3390; x_wconf 88' lang='lat' dir='ltr'><strong>Ostendens</strong></span> <span class='ocrx_word' id='word_1_263' title='bbox 1997 3338 2127 3406; x_wconf 84' lang='lat' dir='ltr'><strong>quia</strong></span> 
     </span>
    </p>
   </div>
   <div class='ocr_carea' id='block_1_37' title="bbox 538 3417 2128 3490">
    <p class='ocr_par' dir='ltr' id='par_1_37' title="bbox 538 3417 2128 3490">
     <span class='ocr_line' id='line_1_37' title="bbox 538 3417 2128 3490; baseline 0.008 -18"><span class='ocrx_word' id='word_1_264' title='bbox 538 3425 807 3487; x_wconf 91' lang='lat' dir='ltr'><strong>quotquot</strong></span> <span class='ocrx_word' id='word_1_265' title='bbox 838 3417 959 3472; x_wconf 91' lang='lat' dir='ltr'><strong>illos</strong></span> <span class='ocrx_word' id='word_1_266' title='bbox 984 3417 1161 3473; x_wconf 90' lang='lat' dir='ltr'><strong>secuti</strong></span> <span class='ocrx_word' id='word_1_267' title='bbox 1199 3429 1349 3486; x_wconf 88' lang='lat' dir='ltr'><strong>sunt,</strong></span> <span class='ocrx_word' id='word_1_268' title='bbox 1384 3420 1572 3490; x_wconf 91' lang='lat' dir='ltr'><strong>polluti</strong></span> <span class='ocrx_word' id='word_1_269' title='bbox 1601 3434 1746 3490; x_wconf 86' lang='lat' dir='ltr'><strong>sunt,</strong></span> <span class='ocrx_word' id='word_1_270' title='bbox 1769 3436 1825 3481; x_wconf 88' lang='lat' dir='ltr'><strong>et</strong></span> <span class='ocrx_word' id='word_1_271' title='bbox 1846 3428 2128 3487; x_wconf 86' lang='lat' dir='ltr'><strong>abomina-</strong></span> 
     </span>
    </p>
   </div>
   <div class='ocr_carea' id='block_1_38' title="bbox 538 3507 2128 3583">
    <p class='ocr_par' dir='ltr' id='par_1_38' title="bbox 538 3507 2128 3583">
     <span class='ocr_line' id='line_1_38' title="bbox 538 3507 2128 3583; baseline 0.008 -20"><span class='ocrx_word' id='word_1_272' title='bbox 538 3507 701 3574; x_wconf 81' lang='lat' dir='ltr'><strong>biles,</strong></span> <span class='ocrx_word' id='word_1_273' title='bbox 735 3516 899 3578; x_wconf 86' lang='lat' dir='ltr'><strong>atque</strong></span> <span class='ocrx_word' id='word_1_274' title='bbox 946 3507 1237 3573; x_wconf 90' lang='lat' dir='ltr'><strong>immundi,</strong></span> <span class='ocrx_word' id='word_1_275' title='bbox 1292 3519 1484 3581; x_wconf 88' lang='lat' dir='ltr'><strong>utpote</strong></span> <span class='ocrx_word' id='word_1_276' title='bbox 1527 3514 1622 3583; x_wconf 93' lang='lat' dir='ltr'><strong>qui</strong></span> <span class='ocrx_word' id='word_1_277' title='bbox 1669 3516 2128 3576; x_wconf 80' lang='lat' dir='ltr'><strong>abominabllibus</strong></span> 
     </span>
    </p>
   </div>
   <div class='ocr_carea' id='block_1_39' title="bbox 538 3600 2129 3682">
    <p class='ocr_par' dir='ltr' id='par_1_39' title="bbox 538 3600 2129 3682">
     <span class='ocr_line' id='line_1_39' title="bbox 538 3600 2129 3682; baseline 0.009 -30"><span class='ocrx_word' id='word_1_278' title='bbox 538 3600 745 3666; x_wconf 82' lang='lat' dir='ltr'><strong>verbis,</strong></span> <span class='ocrx_word' id='word_1_279' title='bbox 785 3610 838 3655; x_wconf 90' lang='lat' dir='ltr'><strong>et</strong></span> <span class='ocrx_word' id='word_1_280' title='bbox 863 3601 1048 3671; x_wconf 90' lang='lat' dir='ltr'><strong>pravis</strong></span> <span class='ocrx_word' id='word_1_281' title='bbox 1070 3601 1417 3673; x_wconf 81' lang='lat' dir='ltr'><strong>dogmatibus</strong></span> <span class='ocrx_word' id='word_1_282' title='bbox 1444 3619 1865 3665; x_wconf 90' lang='lat' dir='ltr'><strong>consenserunt.</strong></span> <span class='ocrx_word' id='word_1_283' title='bbox 1899 3610 2129 3682; x_wconf 86' lang='lat' dir='ltr'><strong>Insuper</strong></span> 
     </span>
    </p>
   </div>
   <div class='ocr_carea' id='block_1_40' title="bbox 539 3690 797 3747">
    <p class='ocr_par' dir='ltr' id='par_1_40' title="bbox 539 3690 797 3747">
     <span class='ocr_line' id='line_1_40' title="bbox 539 3690 797 3747; baseline -0.008 0"><span class='ocrx_word' id='word_1_284' title='bbox 539 3690 752 3747; x_wconf 81' lang='lat' dir='ltr'><strong>addidit</strong></span> <span class='ocrx_word' id='word_1_285' title='bbox 784 3710 797 3745; x_wconf 88' lang='lat'><strong>:</strong></span> 
     </span>
    </p>
   </div>
   <div class='ocr_carea' id='block_1_41' title="bbox 554 3783 2125 3859">
    <p class='ocr_par' dir='ltr' id='par_1_41' title="bbox 554 3783 2125 3859">
     <span class='ocr_line' id='line_1_41' title="bbox 554 3783 2125 3859; baseline 0.007 -20"><span class='ocrx_word' id='word_1_286' title='bbox 554 3784 557 3785; x_wconf 60' lang='grc'><strong>⁷</strong></span> <span class='ocrx_word' id='word_1_287' title='bbox 612 3783 883 3840; x_wconf 87' lang='lat' dir='ltr'><strong>Custodite</strong></span> <span class='ocrx_word' id='word_1_288' title='bbox 914 3795 1174 3853; x_wconf 59' lang='lat' dir='ltr'><strong>praecepta</strong></span> <span class='ocrx_word' id='word_1_289' title='bbox 1216 3802 1334 3841; x_wconf 86' lang='lat' dir='ltr'><strong>mea</strong></span> <span class='ocrx_word' id='word_1_290' title='bbox 1368 3798 1417 3842; x_wconf 87' lang='lat' dir='ltr'><strong>et</strong></span> <span class='ocrx_word' id='word_1_291' title='bbox 1444 3790 1603 3859; x_wconf 78' lang='lat' dir='ltr'><strong>facite</strong></span> <span class='ocrx_word' id='word_1_292' title='bbox 1638 3807 1721 3844; x_wconf 90' lang='lat' dir='ltr'><strong>ea.</strong></span> <span class='ocrx_word' id='word_1_293' title='bbox 1770 3791 2125 3851; x_wconf 82' lang='lat' dir='ltr'><strong>Manifestans</strong></span> 
     </span>
    </p>
   </div>
   <div class='ocr_carea' id='block_1_42' title="bbox 539 3876 2126 3957">
    <p class='ocr_par' dir='ltr' id='par_1_42' title="bbox 539 3876 2126 3957">
     <span class='ocr_line' id='line_1_42' title="bbox 539 3876 2126 3957; baseline 0.008 -27"><span class='ocrx_word' id='word_1_294' title='bbox 539 3887 597 3931; x_wconf 88' lang='lat' dir='ltr'><strong>et</strong></span> <span class='ocrx_word' id='word_1_295' title='bbox 642 3892 740 3947; x_wconf 89' lang='lat' dir='ltr'><strong>per</strong></span> <span class='ocrx_word' id='word_1_296' title='bbox 787 3876 910 3941; x_wconf 90' lang='lat' dir='ltr'><strong>hoc,</strong></span> <span class='ocrx_word' id='word_1_297' title='bbox 947 3876 1094 3946; x_wconf 92' lang='lat' dir='ltr'><strong>quod</strong></span> <span class='ocrx_word' id='word_1_298' title='bbox 1145 3880 1647 3947; x_wconf 64' lang='lat' dir='ltr'><strong>praevaricationem</strong></span> <span class='ocrx_word' id='word_1_299' title='bbox 1699 3883 1775 3938; x_wconf 92' lang='lat' dir='ltr'><strong>illi</strong></span> <span class='ocrx_word' id='word_1_300' title='bbox 1820 3896 2126 3957; x_wconf 59' lang='lat' dir='ltr'><strong>praecepto-</strong></span> 
     </span>
    </p>
   </div>
   <div class='ocr_carea' id='block_1_43' title="bbox 540 3967 2125 4042">
    <p class='ocr_par' dir='ltr' id='par_1_43' title="bbox 540 3967 2125 4042">
     <span class='ocr_line' id='line_1_43' title="bbox 540 3967 2125 4042; baseline 0.008 -21"><span class='ocrx_word' id='word_1_301' title='bbox 540 3983 663 4022; x_wconf 89' lang='lat' dir='ltr'><strong>rum</strong></span> <span class='ocrx_word' id='word_1_302' title='bbox 682 3967 793 4024; x_wconf 87' lang='lat' dir='ltr'><strong>.Dei</strong></span> <span class='ocrx_word' id='word_1_303' title='bbox 839 3968 1092 4029; x_wconf 78' lang='lat' dir='ltr'><strong>doceant,</strong></span> <span class='ocrx_word' id='word_1_304' title='bbox 1138 3969 1254 4024; x_wconf 89' lang='lat' dir='ltr'><strong>sive</strong></span> <span class='ocrx_word' id='word_1_305' title='bbox 1294 3970 1468 4042; x_wconf 80' lang='lat' dir='ltr'><strong>legem</strong></span> <span class='ocrx_word' id='word_1_306' title='bbox 1515 3973 1769 4035; x_wconf 84' lang='lat' dir='ltr'><strong>doceant,</strong></span> <span class='ocrx_word' id='word_1_307' title='bbox 1801 3977 1916 4031; x_wconf 87' lang='lat' dir='ltr'><strong>sive</strong></span> <span class='ocrx_word' id='word_1_308' title='bbox 1943 3978 2125 4034; x_wconf 79' lang='lat' dir='ltr'><strong>divina</strong></span> 
     </span>
    </p>
   </div>
   <div class='ocr_carea' id='block_1_44' title="bbox 539 4060 2122 4137">
    <p class='ocr_par' dir='ltr' id='par_1_44' title="bbox 539 4060 2122 4137">
     <span class='ocr_line' id='line_1_44' title="bbox 539 4060 2122 4137; baseline 0.007 -22"><span class='ocrx_word' id='word_1_309' title='bbox 539 4075 602 4117; x_wconf 87' lang='lat' dir='ltr'><strong>se</strong></span> <span class='ocrx_word' id='word_1_310' title='bbox 641 4060 988 4130; x_wconf 87' lang='lat' dir='ltr'><strong>interpretari</strong></span> <span class='ocrx_word' id='word_1_311' title='bbox 1033 4060 1288 4115; x_wconf 89' lang='lat' dir='ltr'><strong>mandata</strong></span> <span class='ocrx_word' id='word_1_312' title='bbox 1333 4063 1557 4134; x_wconf 79' lang='lat' dir='ltr'><strong>fingant,</strong></span> <span class='ocrx_word' id='word_1_313' title='bbox 1593 4075 1650 4120; x_wconf 87' lang='lat' dir='ltr'><strong>et</strong></span> <span class='ocrx_word' id='word_1_314' title='bbox 1677 4081 1968 4137; x_wconf 85' lang='lat' dir='ltr'><strong>prOptcrca</strong></span> <span class='ocrx_word' id='word_1_315' title='bbox 2008 4084 2122 4135; x_wconf 84' lang='lat' dir='ltr'><strong>eos,</strong></span> 
     </span>
    </p>
   </div>
   <div class='ocr_carea' id='block_1_45' title="bbox 538 4155 2124 4226">
    <p class='ocr_par' dir='ltr' id='par_1_45' title="bbox 538 4155 2124 4226">
     <span class='ocr_line' id='line_1_45' title="bbox 538 4155 2124 4226; baseline 0.004 -17"><span class='ocrx_word' id='word_1_316' title='bbox 538 4164 596 4209; x_wconf 91' lang='lat' dir='ltr'><strong>et</strong></span> <span class='ocrx_word' id='word_1_317' title='bbox 624 4168 885 4226; x_wconf 81' lang='lat' dir='ltr'><strong>sequaces</strong></span> <span class='ocrx_word' id='word_1_318' title='bbox 912 4167 1104 4207; x_wconf 91' lang='lat' dir='ltr'><strong>eorum</strong></span> <span class='ocrx_word' id='word_1_319' title='bbox 1140 4162 1442 4209; x_wconf 89' lang='lat' dir='ltr'><strong>aversatur.</strong></span> <span class='ocrx_word' id='word_1_320' title='bbox 1494 4155 1602 4211; x_wconf 88' lang='lat' dir='ltr'><strong>Sed</strong></span> <span class='ocrx_word' id='word_1_321' title='bbox 1636 4167 1691 4212; x_wconf 90' lang='lat' dir='ltr'><strong>ct</strong></span> <span class='ocrx_word' id='word_1_322' title='bbox 1736 4159 1957 4214; x_wconf 88' lang='lat' dir='ltr'><strong>brevem</strong></span> <span class='ocrx_word' id='word_1_323' title='bbox 1992 4177 2124 4217; x_wconf 91' lang='lat' dir='ltr'><strong>con-</strong></span> 
     </span>
    </p>
   </div>
   <div class='ocr_carea' id='block_1_46' title="bbox 537 4243 1587 4308">
    <p class='ocr_par' dir='ltr' id='par_1_46' title="bbox 537 4243 1587 4308">
     <span class='ocr_line' id='line_1_46' title="bbox 537 4243 1587 4308; baseline -0.004 -5"><span class='ocrx_word' id='word_1_324' title='bbox 537 4247 844 4304; x_wconf 87' lang='lat' dir='ltr'><strong>clusionem</strong></span> <span class='ocrx_word' id='word_1_325' title='bbox 876 4243 1060 4299; x_wconf 87' lang='lat' dir='ltr'><strong>verbis</strong></span> <span class='ocrx_word' id='word_1_326' title='bbox 1093 4243 1321 4308; x_wconf 88' lang='lat' dir='ltr'><strong>addidit,</strong></span> <span class='ocrx_word' id='word_1_327' title='bbox 1349 4244 1541 4301; x_wconf 87' lang='lat' dir='ltr'><strong>dicens</strong></span> <span class='ocrx_word' id='word_1_328' title='bbox 1574 4263 1587 4299; x_wconf 88' lang='lat'><strong>:</strong></span> 
     </span>
    </p>
   </div>
   <div class='ocr_carea' id='block_1_47' title="bbox 611 4336 2121 4409">
    <p class='ocr_par' dir='ltr' id='par_1_47' title="bbox 611 4336 2121 4409">
     <span class='ocr_line' id='line_1_47' title="bbox 611 4336 2121 4409; baseline 0.005 -17"><span class='ocrx_word' id='word_1_329' title='bbox 611 4338 724 4409; x_wconf 81' lang='lat' dir='ltr'><strong>Ego</strong></span> <span class='ocrx_word' id='word_1_330' title='bbox 758 4336 1032 4399; x_wconf 76' lang='lat' dir='ltr'><strong>Dominus,</strong></span> <span class='ocrx_word' id='word_1_331' title='bbox 1069 4336 1160 4406; x_wconf 87' lang='lat' dir='ltr'><strong>qui</strong></span> <span class='ocrx_word' id='word_1_332' title='bbox 1191 4336 1461 4404; x_wconf 74' lang='lat' dir='ltr'><strong>sancti/ica</strong></span> <span class='ocrx_word' id='word_1_333' title='bbox 1495 4353 1599 4392; x_wconf 86' lang='lat' dir='ltr'><strong>vos.</strong></span> <span class='ocrx_word' id='word_1_334' title='bbox 1639 4337 1691 4392; x_wconf 91' lang='lat' dir='ltr'><strong>Id</strong></span> <span class='ocrx_word' id='word_1_335' title='bbox 1722 4347 1825 4407; x_wconf 89' lang='lat' dir='ltr'><strong>est,</strong></span> <span class='ocrx_word' id='word_1_336' title='bbox 1862 4357 1960 4395; x_wconf 89' lang='lat' dir='ltr'><strong>cur</strong></span> <span class='ocrx_word' id='word_1_337' title='bbox 1997 4359 2121 4398; x_wconf 90' lang='lat' dir='ltr'><strong>cum</strong></span> 
     </span>
    </p>
   </div>
   <div class='ocr_carea' id='block_1_48' title="bbox 2155 3103 2200 3158">
    <p class='ocr_par' dir='ltr' id='par_1_48' title="bbox 2155 3103 2200 3158">
     <span class='ocr_line' id='line_1_48' title="bbox 2155 3103 2200 3158; baseline 0 0"><span class='ocrx_word' id='word_1_338' title='bbox 2155 3103 2200 3158; x_wconf 89' lang='lat' dir='ltr'><strong><em>C</em></strong></span> 
     </span>
    </p>
   </div>
   <div class='ocr_carea' id='block_1_49' title="bbox 2220 486 3805 558">
    <p class='ocr_par' dir='ltr' id='par_1_49' title="bbox 2220 486 3805 558">
     <span class='ocr_line' id='line_1_49' title="bbox 2220 486 3805 558; baseline -0.003 -13"><span class='ocrx_word' id='word_1_339' title='bbox 2220 503 2435 546; x_wconf 88' lang='lat' dir='ltr'><strong>tuarum</strong></span> <span class='ocrx_word' id='word_1_340' title='bbox 2465 508 2643 547; x_wconf 85' lang='lat' dir='ltr'><strong>omnes</strong></span> <span class='ocrx_word' id='word_1_341' title='bbox 2677 507 2770 545; x_wconf 89' lang='lat' dir='ltr'><strong>nos</strong></span> <span class='ocrx_word' id='word_1_342' title='bbox 2796 490 2864 545; x_wconf 86' lang='lat'><strong>&quot;.</strong></span> <span class='ocrx_word' id='word_1_343' title='bbox 2909 488 3078 543; x_wconf 79' lang='lat' dir='ltr'><strong>Recte</strong></span> <span class='ocrx_word' id='word_1_344' title='bbox 3128 502 3258 558; x_wconf 86' lang='lat' dir='ltr'><strong>ergo</strong></span> <span class='ocrx_word' id='word_1_345' title='bbox 3304 486 3618 557; x_wconf 86' lang='lat' dir='ltr'><strong>quicunque</strong></span> <span class='ocrx_word' id='word_1_346' title='bbox 3659 486 3805 556; x_wconf 83' lang='lat' dir='ltr'><strong>patri</strong></span> 
     </span>
    </p>
   </div>
   <div class='ocr_carea' id='block_1_50' title="bbox 2219 576 3809 648">
    <p class='ocr_par' dir='ltr' id='par_1_50' title="bbox 2219 576 3809 648">
     <span class='ocr_line' id='line_1_50' title="bbox 2219 576 3809 648; baseline -0.005 -9"><span class='ocrx_word' id='word_1_347' title='bbox 2219 586 2477 648; x_wconf 85' lang='lat' dir='ltr'><strong>detrahit,</strong></span> <span class='ocrx_word' id='word_1_348' title='bbox 2510 583 2605 640; x_wconf 90' lang='lat' dir='ltr'><strong>sed</strong></span> <span class='ocrx_word' id='word_1_349' title='bbox 2637 593 2693 639; x_wconf 92' lang='lat' dir='ltr'><strong>et</strong></span> <span class='ocrx_word' id='word_1_350' title='bbox 2735 583 2918 646; x_wconf 89' lang='lat' dir='ltr'><strong>matri,</strong></span> <span class='ocrx_word' id='word_1_351' title='bbox 2954 588 3131 635; x_wconf 87' lang='lat' dir='ltr'><strong>morte</strong></span> <span class='ocrx_word' id='word_1_352' title='bbox 3179 578 3441 633; x_wconf 88' lang='lat' dir='ltr'><strong>multatus</strong></span> <span class='ocrx_word' id='word_1_353' title='bbox 3473 585 3579 632; x_wconf 91' lang='lat' dir='ltr'><strong>est.</strong></span> <span class='ocrx_word' id='word_1_354' title='bbox 3617 576 3809 648; x_wconf 83' lang='lat' dir='ltr'><strong>Ingra-</strong></span> 
     </span>
    </p>
   </div>
   <div class='ocr_carea' id='block_1_51' title="bbox 2221 662 3811 733">
    <p class='ocr_par' dir='ltr' id='par_1_51' title="bbox 2221 662 3811 733">
     <span class='ocr_line' id='line_1_51' title="bbox 2221 662 3811 733; baseline -0.006 -9"><span class='ocrx_word' id='word_1_355' title='bbox 2221 680 2311 725; x_wconf 88' lang='lat' dir='ltr'><strong>tus</strong></span> <span class='ocrx_word' id='word_1_356' title='bbox 2344 680 2429 726; x_wconf 90' lang='lat' dir='ltr'><strong>est</strong></span> <span class='ocrx_word' id='word_1_357' title='bbox 2468 670 2616 725; x_wconf 89' lang='lat' dir='ltr'><strong>enim</strong></span> <span class='ocrx_word' id='word_1_358' title='bbox 2647 676 2878 733; x_wconf 55' lang='lat' dir='ltr'><strong>natura,</strong></span> <span class='ocrx_word' id='word_1_359' title='bbox 2914 673 2972 721; x_wconf 91' lang='lat' dir='ltr'><strong>et</strong></span> <span class='ocrx_word' id='word_1_360' title='bbox 3012 663 3395 719; x_wconf 85' lang='lat' dir='ltr'><strong>benefactores</strong></span> <span class='ocrx_word' id='word_1_361' title='bbox 3440 662 3811 731; x_wconf 86' lang='lat' dir='ltr'><strong>blasphemat,</strong></span> 
     </span>
    </p>
   </div>
   <div class='ocr_carea' id='block_1_52' title="bbox 2220 756 3816 835">
    <p class='ocr_par' dir='ltr' id='par_1_52' title="bbox 2220 756 3816 835">
     <span class='ocr_line' id='line_1_52' title="bbox 2220 756 3816 835; baseline -0.008 -17"><span class='ocrx_word' id='word_1_362' title='bbox 2220 781 2319 835; x_wconf 88' lang='lat' dir='ltr'><strong>per</strong></span> <span class='ocrx_word' id='word_1_363' title='bbox 2346 779 2486 834; x_wconf 91' lang='lat' dir='ltr'><strong>quos</strong></span> <span class='ocrx_word' id='word_1_364' title='bbox 2514 779 2544 817; x_wconf 89' lang='lat' dir='ltr'><strong>a</strong></span> <span class='ocrx_word' id='word_1_365' title='bbox 2578 761 2688 817; x_wconf 92' lang='lat' dir='ltr'><strong>Deo</strong></span> <span class='ocrx_word' id='word_1_366' title='bbox 2719 774 2840 816; x_wconf 88' lang='lat' dir='ltr'><strong>esse</strong></span> <span class='ocrx_word' id='word_1_367' title='bbox 2870 756 3261 830; x_wconf 86' lang='lat' dir='ltr'><strong>percipientes,</strong></span> <span class='ocrx_word' id='word_1_368' title='bbox 3293 762 3351 809; x_wconf 89' lang='lat' dir='ltr'><strong>et</strong></span> <span class='ocrx_word' id='word_1_369' title='bbox 3384 769 3481 825; x_wconf 90' lang='lat' dir='ltr'><strong>per</strong></span> <span class='ocrx_word' id='word_1_370' title='bbox 3508 770 3646 823; x_wconf 89' lang='lat' dir='ltr'><strong>quos</strong></span> <span class='ocrx_word' id='word_1_371' title='bbox 3688 769 3816 807; x_wconf 84' lang='lat' dir='ltr'><strong>me-</strong></span> 
     </span>
    </p>
   </div>
   <div class='ocr_carea' id='block_1_53' title="bbox 2220 845 3814 926">
    <p class='ocr_par' dir='ltr' id='par_1_53' title="bbox 2220 845 3814 926">
     <span class='ocr_line' id='line_1_53' title="bbox 2220 845 3814 926; baseline -0.009 -14"><span class='ocrx_word' id='word_1_372' title='bbox 2220 858 2435 912; x_wconf 90' lang='lat' dir='ltr'><strong>diantes</strong></span> <span class='ocrx_word' id='word_1_373' title='bbox 2470 853 2715 926; x_wconf 83' lang='lat' dir='ltr'><strong>generati</strong></span> <span class='ocrx_word' id='word_1_374' title='bbox 2763 866 2974 915; x_wconf 88' lang='lat' dir='ltr'><strong>sumus,</strong></span> <span class='ocrx_word' id='word_1_375' title='bbox 3006 858 3062 903; x_wconf 91' lang='lat' dir='ltr'><strong>et</strong></span> <span class='ocrx_word' id='word_1_376' title='bbox 3089 848 3312 918; x_wconf 86' lang='lat' dir='ltr'><strong>injuriat</strong></span> <span class='ocrx_word' id='word_1_377' title='bbox 3336 845 3612 900; x_wconf 87' lang='lat' dir='ltr'><strong>Creatoris</strong></span> <span class='ocrx_word' id='word_1_378' title='bbox 3643 860 3814 916; x_wconf 83' lang='lat' dir='ltr'><strong>orga-</strong></span> 
     </span>
    </p>
   </div>
   <div class='ocr_carea' id='block_1_54' title="bbox 2222 937 3816 1015">
    <p class='ocr_par' dir='ltr' id='par_1_54' title="bbox 2222 937 3816 1015">
     <span class='ocr_line' id='line_1_54' title="bbox 2222 937 3816 1015; baseline -0.007 -13"><span class='ocrx_word' id='word_1_379' title='bbox 2222 964 2313 1012; x_wconf 91' lang='lat' dir='ltr'><strong>na,</strong></span> <span class='ocrx_word' id='word_1_380' title='bbox 2345 957 2406 1001; x_wconf 89' lang='lat' dir='ltr'><strong>ut</strong></span> <span class='ocrx_word' id='word_1_381' title='bbox 2429 947 2642 1002; x_wconf 88' lang='lat' dir='ltr'><strong>labores</strong></span> <span class='ocrx_word' id='word_1_382' title='bbox 2674 959 2810 1015; x_wconf 88' lang='lat' dir='ltr'><strong>quos</strong></span> <span class='ocrx_word' id='word_1_383' title='bbox 2841 943 3123 1014; x_wconf 86' lang='lat' dir='ltr'><strong>patiuntur</strong></span> <span class='ocrx_word' id='word_1_384' title='bbox 3148 939 3205 995; x_wconf 89' lang='lat' dir='ltr'><strong>in</strong></span> <span class='ocrx_word' id='word_1_385' title='bbox 3238 948 3427 993; x_wconf 90' lang='lat' dir='ltr'><strong>nostra</strong></span> <span class='ocrx_word' id='word_1_386' title='bbox 3456 937 3816 1008; x_wconf 83' lang='lat' dir='ltr'><strong>generatione</strong></span> 
     </span>
    </p>
   </div>
   <div class='ocr_carea' id='block_1_55' title="bbox 2222 1022 3861 1106">
    <p class='ocr_par' dir='ltr' id='par_1_55' title="bbox 2222 1022 3861 1106">
     <span class='ocr_line' id='line_1_55' title="bbox 2222 1022 3861 1106; baseline -0.008 -12"><span class='ocrx_word' id='word_1_387' title='bbox 2222 1049 2522 1103; x_wconf 87' lang='lat' dir='ltr'><strong>taceamus,</strong></span> <span class='ocrx_word' id='word_1_388' title='bbox 2546 1053 2672 1092; x_wconf 86' lang='lat' dir='ltr'><strong>nam</strong></span> <span class='ocrx_word' id='word_1_389' title='bbox 2699 1037 2826 1106; x_wconf 87' lang='lat' dir='ltr'><strong>quia</strong></span> <span class='ocrx_word' id='word_1_390' title='bbox 2848 1033 3138 1089; x_wconf 75' lang='lat' dir='ltr'><strong>maximam</strong></span> <span class='ocrx_word' id='word_1_391' title='bbox 3168 1046 3387 1101; x_wconf 73' lang='lat' dir='ltr'><strong>pmuam</strong></span> <span class='ocrx_word' id='word_1_392' title='bbox 3416 1036 3606 1083; x_wconf 86' lang='lat' dir='ltr'><strong>contra</strong></span> <span class='ocrx_word' id='word_1_393' title='bbox 3635 1027 3815 1092; x_wconf 86' lang='lat' dir='ltr'><strong>hunc,</strong></span> <span class='ocrx_word' id='word_1_394' title='bbox 3840 1022 3861 1096; x_wconf 55' lang='grc' dir='ltr'><em>ξ</em></span> 
     </span>
    </p>
   </div>
   <div class='ocr_carea' id='block_1_56' title="bbox 2221 1121 3816 1202">
    <p class='ocr_par' dir='ltr' id='par_1_56' title="bbox 2221 1121 3816 1202">
     <span class='ocr_line' id='line_1_56' title="bbox 2221 1121 3816 1202; baseline -0.006 -17"><span class='ocrx_word' id='word_1_395' title='bbox 2221 1131 2314 1201; x_wconf 89' lang='lat' dir='ltr'><strong>qui</strong></span> <span class='ocrx_word' id='word_1_396' title='bbox 2356 1130 2669 1200; x_wconf 87' lang='lat' dir='ltr'><strong>hujusmodi</strong></span> <span class='ocrx_word' id='word_1_397' title='bbox 2701 1138 2802 1194; x_wconf 90' lang='lat' dir='ltr'><strong>est,</strong></span> <span class='ocrx_word' id='word_1_398' title='bbox 2842 1127 2895 1183; x_wconf 86' lang='lat' dir='ltr'><strong>id</strong></span> <span class='ocrx_word' id='word_1_399' title='bbox 2925 1134 3011 1182; x_wconf 90' lang='lat' dir='ltr'><strong>est</strong></span> <span class='ocrx_word' id='word_1_400' title='bbox 3040 1135 3274 1180; x_wconf 89' lang='lat' dir='ltr'><strong>mortem</strong></span> <span class='ocrx_word' id='word_1_401' title='bbox 3308 1121 3593 1202; x_wconf 64' lang='lat' dir='ltr'><strong>pratcepit,</strong></span> <span class='ocrx_word' id='word_1_402' title='bbox 3621 1132 3816 1177; x_wconf 77' lang='lat' dir='ltr'><strong>osten-</strong></span> 
     </span>
    </p>
   </div>
   <div class='ocr_carea' id='block_1_57' title="bbox 2222 1214 3820 1293">
    <p class='ocr_par' dir='ltr' id='par_1_57' title="bbox 2222 1214 3820 1293">
     <span class='ocr_line' id='line_1_57' title="bbox 2222 1214 3820 1293; baseline -0.006 -14"><span class='ocrx_word' id='word_1_403' title='bbox 2222 1224 2382 1289; x_wconf 88' lang='lat' dir='ltr'><strong>dens,</strong></span> <span class='ocrx_word' id='word_1_404' title='bbox 2412 1224 2542 1293; x_wconf 90' lang='lat' dir='ltr'><strong>quia</strong></span> <span class='ocrx_word' id='word_1_405' title='bbox 2592 1222 2748 1278; x_wconf 85' lang='lat' dir='ltr'><strong>valde</strong></span> <span class='ocrx_word' id='word_1_406' title='bbox 2794 1229 2963 1285; x_wconf 88' lang='lat' dir='ltr'><strong>recte,</strong></span> <span class='ocrx_word' id='word_1_407' title='bbox 3004 1227 3062 1275; x_wconf 90' lang='lat' dir='ltr'><strong>et</strong></span> <span class='ocrx_word' id='word_1_408' title='bbox 3105 1216 3504 1272; x_wconf 83' lang='lat' dir='ltr'><strong>rationabiliter</strong></span> <span class='ocrx_word' id='word_1_409' title='bbox 3547 1214 3713 1269; x_wconf 84' lang='lat' dir='ltr'><strong>talem</strong></span> <span class='ocrx_word' id='word_1_410' title='bbox 3758 1229 3820 1270; x_wconf 83' lang='lat' dir='ltr'><strong>se</strong></span> 
     </span>
    </p>
   </div>
   <div class='ocr_carea' id='block_1_58' title="bbox 2224 1308 3340 1386">
    <p class='ocr_par' dir='ltr' id='par_1_58' title="bbox 2224 1308 3340 1386">
     <span class='ocr_line' id='line_1_58' title="bbox 2224 1308 3340 1386; baseline -0.009 -14"><span class='ocrx_word' id='word_1_411' title='bbox 2224 1331 2402 1386; x_wconf 63' lang='lat' dir='ltr'><strong>paena:</strong></span> <span class='ocrx_word' id='word_1_412' title='bbox 2436 1315 2723 1386; x_wconf 87' lang='lat' dir='ltr'><strong>scripsisse</strong></span> <span class='ocrx_word' id='word_1_413' title='bbox 2752 1312 3108 1376; x_wconf 90' lang='lat' dir='ltr'><strong>sententiam,</strong></span> <span class='ocrx_word' id='word_1_414' title='bbox 3133 1308 3340 1365; x_wconf 88' lang='lat' dir='ltr'><strong>subdit.</strong></span> 
     </span>
    </p>
   </div>
   <div class='ocr_carea' id='block_1_59' title="bbox 2294 1400 3820 1477">
    <p class='ocr_par' dir='ltr' id='par_1_59' title="bbox 2294 1400 3820 1477">
     <span class='ocr_line' id='line_1_59' title="bbox 2294 1400 3820 1477; baseline -0.007 -15"><span class='ocrx_word' id='word_1_415' title='bbox 2294 1406 2449 1462; x_wconf 87' lang='lat' dir='ltr'><strong>Patri</strong></span> <span class='ocrx_word' id='word_1_416' title='bbox 2496 1407 2758 1477; x_wconf 86' lang='lat' dir='ltr'><strong>matrique</strong></span> <span class='ocrx_word' id='word_1_417' title='bbox 2788 1404 3083 1468; x_wconf 76' lang='lat' dir='ltr'><strong>maledixit,</strong></span> <span class='ocrx_word' id='word_1_418' title='bbox 3114 1401 3330 1472; x_wconf 81' lang='lat' dir='ltr'><strong>sanguis</strong></span> <span class='ocrx_word' id='word_1_419' title='bbox 3370 1400 3485 1470; x_wconf 84' lang='lat' dir='ltr'><strong>ejus</strong></span> <span class='ocrx_word' id='word_1_420' title='bbox 3521 1400 3617 1453; x_wconf 84' lang='lat' dir='ltr'><strong>erit</strong></span> <span class='ocrx_word' id='word_1_421' title='bbox 3655 1415 3820 1467; x_wconf 82' lang='lat' dir='ltr'><strong>super</strong></span> 
     </span>
    </p>
   </div>
   <div class='ocr_carea' id='block_1_60' title="bbox 2224 1491 3818 1563">
    <p class='ocr_par' dir='ltr' id='par_1_60' title="bbox 2224 1491 3818 1563">
     <span class='ocr_line' id='line_1_60' title="bbox 2224 1491 3818 1563; baseline -0.007 -8"><span class='ocrx_word' id='word_1_422' title='bbox 2224 1515 2363 1555; x_wconf 89' lang='lat' dir='ltr'><strong>eum.</strong></span> <span class='ocrx_word' id='word_1_423' title='bbox 2406 1497 2502 1554; x_wconf 82' lang='lat' dir='ltr'><strong>Vel</strong></span> <span class='ocrx_word' id='word_1_424' title='bbox 2536 1499 2679 1553; x_wconf 82' lang='lat' dir='ltr'><strong>sicut</strong></span> <span class='ocrx_word' id='word_1_425' title='bbox 2709 1496 2876 1557; x_wconf 80' lang='lat' dir='ltr'><strong>LXX.</strong></span> <span class='ocrx_word' id='word_1_426' title='bbox 2900 1513 3020 1551; x_wconf 89' lang='lat' dir='ltr'><strong>reus</strong></span> <span class='ocrx_word' id='word_1_427' title='bbox 3049 1504 3126 1550; x_wconf 87' lang='lat' dir='ltr'><strong>est</strong></span> <span class='ocrx_word' id='word_1_428' title='bbox 3159 1495 3229 1548; x_wconf 89' lang='lat' dir='ltr'><strong>ad</strong></span> <span class='ocrx_word' id='word_1_429' title='bbox 3258 1492 3715 1563; x_wconf 80' lang='lat' dir='ltr'><strong>satisfaciendum.</strong></span> <span class='ocrx_word' id='word_1_430' title='bbox 3748 1491 3818 1546; x_wconf 87' lang='lat' dir='ltr'><strong>de</strong></span> 
     </span>
    </p>
   </div>
   <div class='ocr_carea' id='block_1_61' title="bbox 2228 1584 3819 1664">
    <p class='ocr_par' dir='ltr' id='par_1_61' title="bbox 2228 1584 3819 1664">
     <span class='ocr_line' id='line_1_61' title="bbox 2228 1584 3819 1664; baseline -0.008 -14"><span class='ocrx_word' id='word_1_431' title='bbox 2228 1608 2406 1663; x_wconf 67' lang='lat' dir='ltr'><strong>pinna:</strong></span> <span class='ocrx_word' id='word_1_432' title='bbox 2439 1591 2815 1664; x_wconf 87' lang='lat' dir='ltr'><strong>magnitudine</strong></span> <span class='ocrx_word' id='word_1_433' title='bbox 2844 1589 3184 1646; x_wconf 89' lang='lat' dir='ltr'><strong>mentionem</strong></span> <span class='ocrx_word' id='word_1_434' title='bbox 3215 1595 3271 1641; x_wconf 91' lang='lat' dir='ltr'><strong>et</strong></span> <span class='ocrx_word' id='word_1_435' title='bbox 3305 1584 3819 1655; x_wconf 84' lang='lat' dir='ltr'><strong>recapitulationem</strong></span> 
     </span>
    </p>
   </div>
   <div class='ocr_carea' id='block_1_62' title="bbox 2231 1676 3818 1755">
    <p class='ocr_par' dir='ltr' id='par_1_62' title="bbox 2231 1676 3818 1755">
     <span class='ocr_line' id='line_1_62' title="bbox 2231 1676 3818 1755; baseline -0.007 -14"><span class='ocrx_word' id='word_1_436' title='bbox 2231 1685 2441 1741; x_wconf 78' lang='lat' dir='ltr'><strong>faciens</strong></span> <span class='ocrx_word' id='word_1_437' title='bbox 2473 1685 2706 1755; x_wconf 88' lang='lat' dir='ltr'><strong>peccati.</strong></span> <span class='ocrx_word' id='word_1_438' title='bbox 2755 1682 2816 1738; x_wconf 90' lang='lat' dir='ltr'><strong>Si</strong></span> <span class='ocrx_word' id='word_1_439' title='bbox 2857 1697 2989 1754; x_wconf 88' lang='lat' dir='ltr'><strong>ergo</strong></span> <span class='ocrx_word' id='word_1_440' title='bbox 3032 1680 3152 1736; x_wconf 61' lang='lat' dir='ltr'><strong>hate</strong></span> <span class='ocrx_word' id='word_1_441' title='bbox 3188 1679 3242 1732; x_wconf 89' lang='lat' dir='ltr'><strong>in</strong></span> <span class='ocrx_word' id='word_1_442' title='bbox 3271 1693 3361 1741; x_wconf 90' lang='lat' dir='ltr'><strong>eo,</strong></span> <span class='ocrx_word' id='word_1_443' title='bbox 3389 1677 3483 1747; x_wconf 91' lang='lat' dir='ltr'><strong>qui</strong></span> <span class='ocrx_word' id='word_1_444' title='bbox 3529 1676 3818 1732; x_wconf 87' lang='lat' dir='ltr'><strong>scnsibiles</strong></span> 
     </span>
    </p>
   </div>
   <div class='ocr_carea' id='block_1_63' title="bbox 2232 1768 3817 1847">
    <p class='ocr_par' dir='ltr' id='par_1_63' title="bbox 2232 1768 3817 1847">
     <span class='ocr_line' id='line_1_63' title="bbox 2232 1768 3817 1847; baseline -0.007 -15"><span class='ocrx_word' id='word_1_445' title='bbox 2232 1778 2513 1833; x_wconf 78' lang='lat' dir='ltr'><strong>maledixit</strong></span> <span class='ocrx_word' id='word_1_446' title='bbox 2534 1785 2739 1847; x_wconf 89' lang='lat' dir='ltr'><strong>patres,</strong></span> <span class='ocrx_word' id='word_1_447' title='bbox 2762 1774 2936 1835; x_wconf 89' lang='lat' dir='ltr'><strong>multo</strong></span> <span class='ocrx_word' id='word_1_448' title='bbox 2961 1772 3135 1844; x_wconf 89' lang='lat' dir='ltr'><strong>magis</strong></span> <span class='ocrx_word' id='word_1_449' title='bbox 3163 1770 3257 1841; x_wconf 88' lang='lat' dir='ltr'><strong>qui</strong></span> <span class='ocrx_word' id='word_1_450' title='bbox 3283 1768 3629 1840; x_wconf 86' lang='lat' dir='ltr'><strong>blasphemat</strong></span> <span class='ocrx_word' id='word_1_451' title='bbox 3652 1769 3817 1822; x_wconf 81' lang='lat' dir='ltr'><strong>Chri-</strong></span> 
     </span>
    </p>
   </div>
   <div class='ocr_carea' id='block_1_64' title="bbox 2232 1860 3819 1939">
    <p class='ocr_par' dir='ltr' id='par_1_64' title="bbox 2232 1860 3819 1939">
     <span class='ocr_line' id='line_1_64' title="bbox 2232 1860 3819 1939; baseline -0.007 -15"><span class='ocrx_word' id='word_1_452' title='bbox 2232 1879 2399 1935; x_wconf 90' lang='lat' dir='ltr'><strong>stum,</strong></span> <span class='ocrx_word' id='word_1_453' title='bbox 2435 1870 2553 1939; x_wconf 89' lang='lat' dir='ltr'><strong>ipse</strong></span> <span class='ocrx_word' id='word_1_454' title='bbox 2583 1868 2734 1923; x_wconf 88' lang='lat' dir='ltr'><strong>enim</strong></span> <span class='ocrx_word' id='word_1_455' title='bbox 2771 1881 2874 1921; x_wconf 91' lang='lat' dir='ltr'><strong>nos</strong></span> <span class='ocrx_word' id='word_1_456' title='bbox 2906 1863 3224 1936; x_wconf 77' lang='lat' dir='ltr'><strong>Spiritaliter</strong></span> <span class='ocrx_word' id='word_1_457' title='bbox 3253 1860 3612 1933; x_wconf 79' lang='lat' dir='ltr'><strong>regeneravit.</strong></span> <span class='ocrx_word' id='word_1_458' title='bbox 3646 1860 3819 1930; x_wconf 83' lang='lat' dir='ltr'><strong>Igitur</strong></span> 
     </span>
    </p>
   </div>
   <div class='ocr_carea' id='block_1_65' title="bbox 2230 1948 3820 2030">
    <p class='ocr_par' dir='ltr' id='par_1_65' title="bbox 2230 1948 3820 2030">
     <span class='ocr_line' id='line_1_65' title="bbox 2230 1948 3820 2030; baseline -0.01 -15"><span class='ocrx_word' id='word_1_459' title='bbox 2230 1961 2322 2030; x_wconf 91' lang='lat' dir='ltr'><strong>qui</strong></span> <span class='ocrx_word' id='word_1_460' title='bbox 2368 1960 2488 2030; x_wconf 86' lang='lat' dir='ltr'><strong>ejus</strong></span> <span class='ocrx_word' id='word_1_461' title='bbox 2530 1958 2875 2029; x_wconf 88' lang='lat' dir='ltr'><strong>mysterium,</strong></span> <span class='ocrx_word' id='word_1_462' title='bbox 2908 1962 2963 2009; x_wconf 92' lang='lat' dir='ltr'><strong>et</strong></span> <span class='ocrx_word' id='word_1_463' title='bbox 2996 1951 3223 2024; x_wconf 82' lang='lat' dir='ltr'><strong>gratiam</strong></span> <span class='ocrx_word' id='word_1_464' title='bbox 3262 1949 3489 2019; x_wconf 81' lang='lat' dir='ltr'><strong>injuriat</strong></span> <span class='ocrx_word' id='word_1_465' title='bbox 3517 1948 3820 2018; x_wconf 86' lang='lat' dir='ltr'><strong>baptisma-</strong></span> 
     </span>
    </p>
   </div>
   <div class='ocr_carea' id='block_1_66' title="bbox 2232 2039 3821 2117">
    <p class='ocr_par' dir='ltr' id='par_1_66' title="bbox 2232 2039 3821 2117">
     <span class='ocr_line' id='line_1_66' title="bbox 2232 2039 3821 2117; baseline -0.01 -10"><span class='ocrx_word' id='word_1_466' title='bbox 2232 2053 2334 2117; x_wconf 92' lang='lat' dir='ltr'><strong>tis,</strong></span> <span class='ocrx_word' id='word_1_467' title='bbox 2384 2067 2497 2106; x_wconf 90' lang='lat' dir='ltr'><strong>non</strong></span> <span class='ocrx_word' id='word_1_468' title='bbox 2548 2049 2809 2106; x_wconf 87' lang='lat' dir='ltr'><strong>obediens</strong></span> <span class='ocrx_word' id='word_1_469' title='bbox 2855 2047 2980 2103; x_wconf 91' lang='lat' dir='ltr'><strong>voci</strong></span> <span class='ocrx_word' id='word_1_470' title='bbox 3032 2042 3332 2099; x_wconf 80' lang='lat' dir='ltr'><strong>Dontinicae</strong></span> <span class='ocrx_word' id='word_1_471' title='bbox 3384 2060 3398 2095; x_wconf 87' lang='lat'><strong>:</strong></span> <span class='ocrx_word' id='word_1_472' title='bbox 3438 2039 3495 2096; x_wconf 83' lang='lat' dir='ltr'><strong>Si</strong></span> <span class='ocrx_word' id='word_1_473' title='bbox 3541 2041 3656 2111; x_wconf 85' lang='lat' dir='ltr'><strong>quis</strong></span> <span class='ocrx_word' id='word_1_474' title='bbox 3708 2056 3821 2092; x_wconf 82' lang='lat' dir='ltr'><strong>non</strong></span> 
     </span>
    </p>
   </div>
   <div class='ocr_carea' id='block_1_67' title="bbox 2233 2132 3822 2215">
    <p class='ocr_par' dir='ltr' id='par_1_67' title="bbox 2233 2132 3822 2215">
     <span class='ocr_line' id='line_1_67' title="bbox 2233 2132 3822 2215; baseline -0.008 -16"><span class='ocrx_word' id='word_1_475' title='bbox 2233 2146 2391 2215; x_wconf 79' lang='lat' dir='ltr'><strong>fuerit</strong></span> <span class='ocrx_word' id='word_1_476' title='bbox 2424 2151 2761 2215; x_wconf 85' lang='lat' dir='ltr'><strong>regeneratus</strong></span> <span class='ocrx_word' id='word_1_477' title='bbox 2789 2156 2853 2194; x_wconf 78' lang='lat' dir='ltr'><strong>ea:</strong></span> <span class='ocrx_word' id='word_1_478' title='bbox 2880 2154 3020 2210; x_wconf 87' lang='lat' dir='ltr'><strong>aqua</strong></span> <span class='ocrx_word' id='word_1_479' title='bbox 3048 2146 3098 2191; x_wconf 89' lang='lat' dir='ltr'><strong>et</strong></span> <span class='ocrx_word' id='word_1_480' title='bbox 3127 2136 3339 2205; x_wconf 80' lang='lat' dir='ltr'><strong>spiritu,</strong></span> <span class='ocrx_word' id='word_1_481' title='bbox 3372 2150 3471 2187; x_wconf 85' lang='lat' dir='ltr'><strong>non</strong></span> <span class='ocrx_word' id='word_1_482' title='bbox 3501 2132 3723 2186; x_wconf 80' lang='lat' dir='ltr'><strong>intrabit</strong></span> <span class='ocrx_word' id='word_1_483' title='bbox 3759 2135 3822 2186; x_wconf 74' lang='grc' dir='ltr'><strong>ιιι</strong></span> 
     </span>
    </p>
   </div>
   <div class='ocr_carea' id='block_1_68' title="bbox 2232 2216 3819 2306">
    <p class='ocr_par' dir='ltr' id='par_1_68' title="bbox 2232 2216 3819 2306">
     <span class='ocr_line' id='line_1_68' title="bbox 2232 2216 3819 2306; baseline -0.008 -19"><span class='ocrx_word' id='word_1_484' title='bbox 2232 2250 2450 2306; x_wconf 82' lang='lat' dir='ltr'><strong>regnum</strong></span> <span class='ocrx_word' id='word_1_485' title='bbox 2498 2232 2743 2288; x_wconf 63' lang='lat' dir='ltr'><strong>calorum</strong></span> <span class='ocrx_word' id='word_1_486' title='bbox 2772 2230 2843 2296; x_wconf 84' lang='grc'><strong>⁷⁸,</strong></span> <span class='ocrx_word' id='word_1_487' title='bbox 2876 2216 2981 2284; x_wconf 49' lang='grc' dir='ltr'><strong>ωε(</strong></span> <span class='ocrx_word' id='word_1_488' title='bbox 3017 2236 3194 2282; x_wconf 89' lang='lat' dir='ltr'><strong>morte</strong></span> <span class='ocrx_word' id='word_1_489' title='bbox 3242 2224 3498 2281; x_wconf 89' lang='lat' dir='ltr'><strong>morietur</strong></span> <span class='ocrx_word' id='word_1_490' title='bbox 3544 2222 3819 2293; x_wconf 81' lang='lat' dir='ltr'><strong>pessima,</strong></span> 
     </span>
    </p>
   </div>
   <div class='ocr_carea' id='block_1_69' title="bbox 2231 2314 3817 2397">
    <p class='ocr_par' dir='ltr' id='par_1_69' title="bbox 2231 2314 3817 2397">
     <span class='ocr_line' id='line_1_69' title="bbox 2231 2314 3817 2397; baseline -0.008 -15"><span class='ocrx_word' id='word_1_491' title='bbox 2231 2328 2503 2382; x_wconf 89' lang='lat' dir='ltr'><strong>alienatus</strong></span> <span class='ocrx_word' id='word_1_492' title='bbox 2546 2341 2577 2380; x_wconf 89' lang='lat' dir='ltr'><strong>a</strong></span> <span class='ocrx_word' id='word_1_493' title='bbox 2620 2340 2788 2397; x_wconf 88' lang='lat' dir='ltr'><strong>regno</strong></span> <span class='ocrx_word' id='word_1_494' title='bbox 2833 2322 3120 2384; x_wconf 71' lang='lat' dir='ltr'><strong>caelorum,</strong></span> <span class='ocrx_word' id='word_1_495' title='bbox 3149 2330 3206 2375; x_wconf 88' lang='lat' dir='ltr'><strong>et</strong></span> <span class='ocrx_word' id='word_1_496' title='bbox 3237 2328 3453 2375; x_wconf 60' lang='lat' dir='ltr'><strong>aeternae</strong></span> <span class='ocrx_word' id='word_1_497' title='bbox 3477 2316 3607 2372; x_wconf 77' lang='lat' dir='ltr'><strong>vita:</strong></span> <span class='ocrx_word' id='word_1_498' title='bbox 3638 2314 3817 2370; x_wconf 75' lang='lat' dir='ltr'><strong>detri-</strong></span> 
     </span>
    </p>
   </div>
   <div class='ocr_carea' id='block_1_70' title="bbox 2232 2407 3815 2487">
    <p class='ocr_par' dir='ltr' id='par_1_70' title="bbox 2232 2407 3815 2487">
     <span class='ocr_line' id='line_1_70' title="bbox 2232 2407 3815 2487; baseline -0.01 -11"><span class='ocrx_word' id='word_1_499' title='bbox 2232 2430 2477 2476; x_wconf 89' lang='lat' dir='ltr'><strong>mentum</strong></span> <span class='ocrx_word' id='word_1_500' title='bbox 2522 2418 2823 2482; x_wconf 87' lang='lat' dir='ltr'><strong>sustinens,</strong></span> <span class='ocrx_word' id='word_1_501' title='bbox 2854 2414 2950 2487; x_wconf 87' lang='lat' dir='ltr'><strong>qui</strong></span> <span class='ocrx_word' id='word_1_502' title='bbox 2998 2422 3056 2469; x_wconf 92' lang='lat' dir='ltr'><strong>et</strong></span> <span class='ocrx_word' id='word_1_503' title='bbox 3088 2420 3377 2482; x_wconf 87' lang='lat' dir='ltr'><strong>propterea</strong></span> <span class='ocrx_word' id='word_1_504' title='bbox 3418 2422 3547 2463; x_wconf 87' lang='lat' dir='ltr'><strong>reus</strong></span> <span class='ocrx_word' id='word_1_505' title='bbox 3579 2415 3685 2472; x_wconf 87' lang='lat' dir='ltr'><strong>est,</strong></span> <span class='ocrx_word' id='word_1_506' title='bbox 3720 2407 3815 2476; x_wconf 90' lang='lat' dir='ltr'><strong>qui</strong></span> 
     </span>
    </p>
   </div>
   <div class='ocr_carea' id='block_1_71' title="bbox 2231 2499 3812 2583">
    <p class='ocr_par' dir='ltr' id='par_1_71' title="bbox 2231 2499 3812 2583">
     <span class='ocr_line' id='line_1_71' title="bbox 2231 2499 3812 2583; baseline -0.011 -15"><span class='ocrx_word' id='word_1_507' title='bbox 2231 2512 2564 2583; x_wconf 72' lang='lat' dir='ltr'><strong>praedicante</strong></span> <span class='ocrx_word' id='word_1_508' title='bbox 2616 2508 2868 2573; x_wconf 91' lang='lat' dir='ltr'><strong>Domino,</strong></span> <span class='ocrx_word' id='word_1_509' title='bbox 2924 2516 2981 2562; x_wconf 89' lang='lat' dir='ltr'><strong>et</strong></span> <span class='ocrx_word' id='word_1_510' title='bbox 3030 2503 3362 2575; x_wconf 64' lang='lat' dir='ltr'><strong>praedicante</strong></span> <span class='ocrx_word' id='word_1_511' title='bbox 3405 2500 3543 2554; x_wconf 85' lang='lat' dir='ltr'><strong>nihil</strong></span> <span class='ocrx_word' id='word_1_512' title='bbox 3591 2499 3812 2561; x_wconf 85' lang='lat' dir='ltr'><strong>durum,</strong></span> 
     </span>
    </p>
   </div>
   <div class='ocr_carea' id='block_1_72' title="bbox 2232 2593 3814 2677">
    <p class='ocr_par' dir='ltr' id='par_1_72' title="bbox 2232 2593 3814 2677">
     <span class='ocr_line' id='line_1_72' title="bbox 2232 2593 3814 2677; baseline -0.009 -17"><span class='ocrx_word' id='word_1_513' title='bbox 2232 2620 2335 2661; x_wconf 90' lang='lat' dir='ltr'><strong>nec</strong></span> <span class='ocrx_word' id='word_1_514' title='bbox 2373 2620 2556 2677; x_wconf 86' lang='lat' dir='ltr'><strong>grave,</strong></span> <span class='ocrx_word' id='word_1_515' title='bbox 2593 2618 2771 2671; x_wconf 91' lang='lat' dir='ltr'><strong>neque</strong></span> <span class='ocrx_word' id='word_1_516' title='bbox 2807 2600 2955 2670; x_wconf 89' lang='lat' dir='ltr'><strong>quod</strong></span> <span class='ocrx_word' id='word_1_517' title='bbox 3003 2596 3287 2667; x_wconf 90' lang='lat' dir='ltr'><strong>temporis,</strong></span> <span class='ocrx_word' id='word_1_518' title='bbox 3319 2603 3378 2649; x_wconf 89' lang='lat' dir='ltr'><strong>et</strong></span> <span class='ocrx_word' id='word_1_519' title='bbox 3423 2593 3689 2656; x_wconf 74' lang='lat' dir='ltr'><strong>materiae,</strong></span> <span class='ocrx_word' id='word_1_520' title='bbox 3724 2600 3814 2645; x_wconf 84' lang='lat' dir='ltr'><strong>aut</strong></span> 
     </span>
    </p>
   </div>
   <div class='ocr_carea' id='block_1_73' title="bbox 2231 2683 3813 2762">
    <p class='ocr_par' dir='ltr' id='par_1_73' title="bbox 2231 2683 3813 2762">
     <span class='ocr_line' id='line_1_73' title="bbox 2231 2683 3813 2762; baseline -0.01 -10"><span class='ocrx_word' id='word_1_521' title='bbox 2231 2697 2400 2761; x_wconf 88' lang='lat' dir='ltr'><strong>artis,</strong></span> <span class='ocrx_word' id='word_1_522' title='bbox 2460 2704 2557 2750; x_wconf 89' lang='lat' dir='ltr'><strong>aut</strong></span> <span class='ocrx_word' id='word_1_523' title='bbox 2618 2691 2921 2762; x_wconf 62' lang='lat' dir='ltr'><strong>disciplinae</strong></span> <span class='ocrx_word' id='word_1_524' title='bbox 2980 2697 3202 2761; x_wconf 87' lang='lat' dir='ltr'><strong>egeret,</strong></span> <span class='ocrx_word' id='word_1_525' title='bbox 3272 2686 3367 2740; x_wconf 88' lang='lat' dir='ltr'><strong>sed</strong></span> <span class='ocrx_word' id='word_1_526' title='bbox 3437 2683 3813 2738; x_wconf 88' lang='lat' dir='ltr'><strong>tantummodo</strong></span> 
     </span>
    </p>
   </div>
   <div class='ocr_carea' id='block_1_74' title="bbox 2232 2772 3813 2849">
    <p class='ocr_par' dir='ltr' id='par_1_74' title="bbox 2232 2772 3813 2849">
     <span class='ocr_line' id='line_1_74' title="bbox 2232 2772 3813 2849; baseline -0.009 -9"><span class='ocrx_word' id='word_1_527' title='bbox 2232 2786 2422 2840; x_wconf 90' lang='lat' dir='ltr'><strong>mundi</strong></span> <span class='ocrx_word' id='word_1_528' title='bbox 2479 2783 2682 2849; x_wconf 89' lang='lat' dir='ltr'><strong>cordis,</strong></span> <span class='ocrx_word' id='word_1_529' title='bbox 2733 2791 2789 2836; x_wconf 89' lang='lat' dir='ltr'><strong>et</strong></span> <span class='ocrx_word' id='word_1_530' title='bbox 2843 2779 2990 2843; x_wconf 82' lang='lat' dir='ltr'><strong>fidei,</strong></span> <span class='ocrx_word' id='word_1_531' title='bbox 3038 2777 3142 2833; x_wconf 87' lang='lat' dir='ltr'><strong>iste</strong></span> <span class='ocrx_word' id='word_1_532' title='bbox 3196 2784 3395 2847; x_wconf 84' lang='lat' dir='ltr'><strong>sponte</strong></span> <span class='ocrx_word' id='word_1_533' title='bbox 3447 2775 3554 2830; x_wconf 90' lang='lat' dir='ltr'><strong>hoc</strong></span> <span class='ocrx_word' id='word_1_534' title='bbox 3608 2772 3813 2828; x_wconf 86' lang='lat' dir='ltr'><strong>donum</strong></span> 
     </span>
    </p>
   </div>
   <div class='ocr_carea' id='block_1_75' title="bbox 2232 2886 2647 2935">
    <p class='ocr_par' dir='ltr' id='par_1_75' title="bbox 2232 2886 2647 2935">
     <span class='ocr_line' id='line_1_75' title="bbox 2232 2886 2647 2935; baseline -0.01 0"><span class='ocrx_word' id='word_1_535' title='bbox 2232 2887 2516 2935; x_wconf 85' lang='lat' dir='ltr'><strong>aversatus</strong></span> <span class='ocrx_word' id='word_1_536' title='bbox 2542 2886 2647 2933; x_wconf 86' lang='lat' dir='ltr'><strong>est.</strong></span> 
     </span>
    </p>
   </div>
   <div class='ocr_carea' id='block_1_76' title="bbox 2303 2956 3815 3028">
    <p class='ocr_par' dir='ltr' id='par_1_76' title="bbox 2303 2956 3815 3028">
     <span class='ocr_line' id='line_1_76' title="bbox 2303 2956 3815 3028; baseline -0.009 -7"><span class='ocrx_word' id='word_1_537' title='bbox 2303 2965 2466 3024; x_wconf 73' lang='lat' dir='ltr'><strong>Vens.</strong></span> <span class='ocrx_word' id='word_1_538' title='bbox 2502 2968 2587 3021; x_wconf 74' lang='grc' dir='ltr'>ιδ.</span> <span class='ocrx_word' id='word_1_539' title='bbox 2630 2986 2647 3018; x_wconf 88' lang='grc' dir='ltr'><strong>ι</strong></span> <span class='ocrx_word' id='word_1_540' title='bbox 2683 2965 2741 3019; x_wconf 87' lang='lat' dir='ltr'><strong>Si</strong></span> <span class='ocrx_word' id='word_1_541' title='bbox 2786 2960 3090 3018; x_wconf 72' lang='lat' dir='ltr'><strong>mmcltatus</strong></span> <span class='ocrx_word' id='word_1_542' title='bbox 3132 2958 3256 3028; x_wconf 89' lang='lat' dir='ltr'><strong>quis</strong></span> <span class='ocrx_word' id='word_1_543' title='bbox 3288 2956 3457 3013; x_wconf 86' lang='lat' dir='ltr'><strong>fuerit</strong></span> <span class='ocrx_word' id='word_1_544' title='bbox 3488 2970 3613 3010; x_wconf 88' lang='lat' dir='ltr'><strong>cum</strong></span> <span class='ocrx_word' id='word_1_545' title='bbox 3645 2969 3815 3009; x_wconf 80' lang='lat' dir='ltr'><strong>uxore</strong></span> 
     </span>
    </p>
   </div>
   <div class='ocr_carea' id='block_1_77' title="bbox 2233 3050 3815 3125">
    <p class='ocr_par' dir='ltr' id='par_1_77' title="bbox 2233 3050 3815 3125">
     <span class='ocr_line' id='line_1_77' title="bbox 2233 3050 3815 3125; baseline -0.009 -10"><span class='ocrx_word' id='word_1_546' title='bbox 2233 3059 2477 3124; x_wconf 89' lang='lat' dir='ltr'><strong>alterius,</strong></span> <span class='ocrx_word' id='word_1_547' title='bbox 2531 3070 2588 3114; x_wconf 89' lang='lat' dir='ltr'><strong>et</strong></span> <span class='ocrx_word' id='word_1_548' title='bbox 2633 3055 2957 3112; x_wconf 89' lang='lat' dir='ltr'><strong>adulterium</strong></span> <span class='ocrx_word' id='word_1_549' title='bbox 3016 3050 3413 3122; x_wconf 80' lang='lat' dir='ltr'><strong>perpetraverit</strong></span> <span class='ocrx_word' id='word_1_550' title='bbox 3462 3063 3590 3125; x_wconf 86' lang='lat' dir='ltr'><strong>cum</strong></span> <span class='ocrx_word' id='word_1_551' title='bbox 3645 3062 3815 3102; x_wconf 77' lang='lat' dir='ltr'><strong>uxore</strong></span> 
     </span>
    </p>
   </div>
   <div class='ocr_carea' id='block_1_78' title="bbox 2234 3141 3813 3222">
    <p class='ocr_par' dir='ltr' id='par_1_78' title="bbox 2234 3141 3813 3222">
     <span class='ocr_line' id='line_1_78' title="bbox 2234 3141 3813 3222; baseline -0.007 -17"><span class='ocrx_word' id='word_1_552' title='bbox 2234 3153 2463 3222; x_wconf 76' lang='lat' dir='ltr'><strong>proximi</strong></span> <span class='ocrx_word' id='word_1_553' title='bbox 2517 3151 2624 3217; x_wconf 89' lang='lat' dir='ltr'><strong>sui,</strong></span> <span class='ocrx_word' id='word_1_554' title='bbox 2656 3159 2832 3205; x_wconf 90' lang='lat' dir='ltr'><strong>morte</strong></span> <span class='ocrx_word' id='word_1_555' title='bbox 2872 3146 3138 3202; x_wconf 89' lang='lat' dir='ltr'><strong>moriatur</strong></span> <span class='ocrx_word' id='word_1_556' title='bbox 3180 3153 3236 3200; x_wconf 87' lang='lat' dir='ltr'><strong>et</strong></span> <span class='ocrx_word' id='word_1_557' title='bbox 3290 3144 3537 3199; x_wconf 62' lang='lat' dir='ltr'><strong>machus</strong></span> <span class='ocrx_word' id='word_1_558' title='bbox 3571 3151 3626 3197; x_wconf 91' lang='lat' dir='ltr'><strong>et</strong></span> <span class='ocrx_word' id='word_1_559' title='bbox 3662 3141 3813 3196; x_wconf 87' lang='lat' dir='ltr'><strong>adul-</strong></span> 
     </span>
    </p>
   </div>
   <div class='ocr_carea' id='block_1_79' title="bbox 2232 3254 2426 3300">
    <p class='ocr_par' dir='ltr' id='par_1_79' title="bbox 2232 3254 2426 3300">
     <span class='ocr_line' id='line_1_79' title="bbox 2232 3254 2426 3300; baseline -0.015 -1"><span class='ocrx_word' id='word_1_560' title='bbox 2232 3254 2365 3300; x_wconf 88' lang='lat' dir='ltr'><strong>tera.</strong></span> <span class='ocrx_word' id='word_1_561' title='bbox 2407 3264 2426 3296; x_wconf 78' lang='grc' dir='ltr'><strong>ι</strong></span> 
     </span>
    </p>
   </div>
   <div class='ocr_carea' id='block_1_80' title="bbox 2303 3325 3813 3400">
    <p class='ocr_par' dir='ltr' id='par_1_80' title="bbox 2303 3325 3813 3400">
     <span class='ocr_line' id='line_1_80' title="bbox 2303 3325 3813 3400; baseline -0.009 -10"><span class='ocrx_word' id='word_1_562' title='bbox 2303 3336 2417 3392; x_wconf 83' lang='lat' dir='ltr'><strong>Nec</strong></span> <span class='ocrx_word' id='word_1_563' title='bbox 2445 3346 2637 3391; x_wconf 89' lang='lat' dir='ltr'><strong>contra</strong></span> <span class='ocrx_word' id='word_1_564' title='bbox 2661 3335 2806 3390; x_wconf 89' lang='lat' dir='ltr'><strong>hunc</strong></span> <span class='ocrx_word' id='word_1_565' title='bbox 2833 3332 2988 3399; x_wconf 88' lang='lat' dir='ltr'><strong>dura,</strong></span> <span class='ocrx_word' id='word_1_566' title='bbox 3014 3330 3107 3388; x_wconf 91' lang='lat' dir='ltr'><strong>sed</strong></span> <span class='ocrx_word' id='word_1_567' title='bbox 3136 3330 3245 3385; x_wconf 89' lang='lat' dir='ltr'><strong>imo</strong></span> <span class='ocrx_word' id='word_1_568' title='bbox 3275 3328 3446 3400; x_wconf 88' lang='lat' dir='ltr'><strong>magis</strong></span> <span class='ocrx_word' id='word_1_569' title='bbox 3474 3325 3643 3381; x_wconf 90' lang='lat' dir='ltr'><strong>nimis</strong></span> <span class='ocrx_word' id='word_1_570' title='bbox 3670 3326 3813 3396; x_wconf 69' lang='lat' dir='ltr'><strong>just:</strong></span> 
     </span>
    </p>
   </div>
   <div class='ocr_carea' id='block_1_81' title="bbox 2229 3420 3812 3493">
    <p class='ocr_par' dir='ltr' id='par_1_81' title="bbox 2229 3420 3812 3493">
     <span class='ocr_line' id='line_1_81' title="bbox 2229 3420 3812 3493; baseline -0.011 -7"><span class='ocrx_word' id='word_1_571' title='bbox 2229 3429 2440 3486; x_wconf 73' lang='lat' dir='ltr'><strong>exstitit</strong></span> <span class='ocrx_word' id='word_1_572' title='bbox 2482 3429 2592 3485; x_wconf 80' lang='lat' dir='ltr'><strong>lex.</strong></span> <span class='ocrx_word' id='word_1_573' title='bbox 2632 3426 2770 3483; x_wconf 90' lang='lat' dir='ltr'><strong>Cum</strong></span> <span class='ocrx_word' id='word_1_574' title='bbox 2821 3427 3012 3481; x_wconf 83' lang='lat' dir='ltr'><strong>liceret</strong></span> <span class='ocrx_word' id='word_1_575' title='bbox 3061 3423 3207 3478; x_wconf 86' lang='lat' dir='ltr'><strong>enim</strong></span> <span class='ocrx_word' id='word_1_576' title='bbox 3259 3420 3536 3493; x_wconf 87' lang='lat' dir='ltr'><strong>propriam</strong></span> <span class='ocrx_word' id='word_1_577' title='bbox 3584 3432 3812 3472; x_wconf 78' lang='lat' dir='ltr'><strong>uxorem</strong></span> 
     </span>
    </p>
   </div>
   <div class='ocr_carea' id='block_1_82' title="bbox 2231 3510 3813 3591">
    <p class='ocr_par' dir='ltr' id='par_1_82' title="bbox 2231 3510 3813 3591">
     <span class='ocr_line' id='line_1_82' title="bbox 2231 3510 3813 3591; baseline -0.009 -13"><span class='ocrx_word' id='word_1_578' title='bbox 2231 3523 2454 3587; x_wconf 86' lang='lat' dir='ltr'><strong>habere,</strong></span> <span class='ocrx_word' id='word_1_579' title='bbox 2488 3519 2790 3591; x_wconf 88' lang='lat' dir='ltr'><strong>corrumpit</strong></span> <span class='ocrx_word' id='word_1_580' title='bbox 2828 3518 3055 3572; x_wconf 85' lang='lat' dir='ltr'><strong>alterius</strong></span> <span class='ocrx_word' id='word_1_581' title='bbox 3089 3535 3102 3567; x_wconf 82' lang='lat'><strong>:</strong></span> <span class='ocrx_word' id='word_1_582' title='bbox 3140 3530 3266 3569; x_wconf 89' lang='lat' dir='ltr'><strong>cum</strong></span> <span class='ocrx_word' id='word_1_583' title='bbox 3309 3512 3499 3567; x_wconf 87' lang='lat' dir='ltr'><strong>liceret</strong></span> <span class='ocrx_word' id='word_1_584' title='bbox 3542 3511 3600 3565; x_wconf 92' lang='lat' dir='ltr'><strong>in</strong></span> <span class='ocrx_word' id='word_1_585' title='bbox 3646 3510 3813 3566; x_wconf 79' lang='lat' dir='ltr'><strong>casti-</strong></span> 
     </span>
    </p>
   </div>
   <div class='ocr_carea' id='block_1_83' title="bbox 2228 3601 3812 3677">
    <p class='ocr_par' dir='ltr' id='par_1_83' title="bbox 2228 3601 3812 3677">
     <span class='ocr_line' id='line_1_83' title="bbox 2228 3601 3812 3677; baseline -0.009 -8"><span class='ocrx_word' id='word_1_586' title='bbox 2228 3624 2339 3670; x_wconf 89' lang='lat' dir='ltr'><strong>tate</strong></span> <span class='ocrx_word' id='word_1_587' title='bbox 2391 3614 2619 3677; x_wconf 89' lang='lat' dir='ltr'><strong>nubere,</strong></span> <span class='ocrx_word' id='word_1_588' title='bbox 2654 3621 2710 3666; x_wconf 85' lang='lat' dir='ltr'><strong>et</strong></span> <span class='ocrx_word' id='word_1_589' title='bbox 2766 3611 2822 3665; x_wconf 88' lang='lat' dir='ltr'><strong>in</strong></span> <span class='ocrx_word' id='word_1_590' title='bbox 2880 3607 3312 3665; x_wconf 78' lang='lat' dir='ltr'><strong>sanctiﬁcatione</strong></span> <span class='ocrx_word' id='word_1_591' title='bbox 3367 3618 3603 3674; x_wconf 70' lang='lat' dir='ltr'><strong>preprta:</strong></span> <span class='ocrx_word' id='word_1_592' title='bbox 3658 3601 3812 3657; x_wconf 79' lang='lat' dir='ltr'><strong>uxori</strong></span> 
     </span>
    </p>
   </div>
   <div class='ocr_carea' id='block_1_84' title="bbox 2229 3693 3813 3771">
    <p class='ocr_par' dir='ltr' id='par_1_84' title="bbox 2229 3693 3813 3771">
     <span class='ocr_line' id='line_1_84' title="bbox 2229 3693 3813 3771; baseline -0.009 -13"><span class='ocrx_word' id='word_1_593' title='bbox 2229 3701 2533 3758; x_wconf 87' lang='lat' dir='ltr'><strong>secundum</strong></span> <span class='ocrx_word' id='word_1_594' title='bbox 2584 3702 2756 3771; x_wconf 81' lang='lat' dir='ltr'><strong>legem</strong></span> <span class='ocrx_word' id='word_1_595' title='bbox 2807 3698 3048 3759; x_wconf 86' lang='lat' dir='ltr'><strong>misceri.</strong></span> <span class='ocrx_word' id='word_1_596' title='bbox 3080 3697 3134 3751; x_wconf 93' lang='lat' dir='ltr'><strong>in</strong></span> <span class='ocrx_word' id='word_1_597' title='bbox 3168 3693 3566 3765; x_wconf 76' lang='lat' dir='ltr'><strong>impudicitiam</strong></span> <span class='ocrx_word' id='word_1_598' title='bbox 3604 3701 3666 3746; x_wconf 88' lang='lat' dir='ltr'><strong>et</strong></span> <span class='ocrx_word' id='word_1_599' title='bbox 3701 3707 3813 3746; x_wconf 83' lang='lat' dir='ltr'><strong>cor-</strong></span> 
     </span>
    </p>
   </div>
   <div class='ocr_carea' id='block_1_85' title="bbox 2228 3784 3812 3865">
    <p class='ocr_par' dir='ltr' id='par_1_85' title="bbox 2228 3784 3812 3865">
     <span class='ocr_line' id='line_1_85' title="bbox 2228 3784 3812 3865; baseline -0.007 -16"><span class='ocrx_word' id='word_1_600' title='bbox 2228 3794 2541 3865; x_wconf 88' lang='lat' dir='ltr'><strong>ruptionem</strong></span> <span class='ocrx_word' id='word_1_601' title='bbox 2573 3792 2799 3848; x_wconf 89' lang='lat' dir='ltr'><strong>alterius</strong></span> <span class='ocrx_word' id='word_1_602' title='bbox 2832 3791 3095 3845; x_wconf 86' lang='lat' dir='ltr'><strong>miscetur</strong></span> <span class='ocrx_word' id='word_1_603' title='bbox 3119 3788 3296 3850; x_wconf 84' lang='lat' dir='ltr'><strong>uxori,</strong></span> <span class='ocrx_word' id='word_1_604' title='bbox 3326 3796 3383 3841; x_wconf 91' lang='lat' dir='ltr'><strong>et</strong></span> <span class='ocrx_word' id='word_1_605' title='bbox 3415 3785 3651 3855; x_wconf 88' lang='lat' dir='ltr'><strong>dissipat</strong></span> <span class='ocrx_word' id='word_1_606' title='bbox 3682 3784 3812 3838; x_wconf 82' lang='lat' dir='ltr'><strong>ﬁlio-</strong></span> 
     </span>
    </p>
   </div>
   <div class='ocr_carea' id='block_1_86' title="bbox 2227 3874 3811 3950">
    <p class='ocr_par' dir='ltr' id='par_1_86' title="bbox 2227 3874 3811 3950">
     <span class='ocr_line' id='line_1_86' title="bbox 2227 3874 3811 3950; baseline -0.007 -11"><span class='ocrx_word' id='word_1_607' title='bbox 2227 3900 2349 3939; x_wconf 85' lang='lat' dir='ltr'><strong>rum</strong></span> <span class='ocrx_word' id='word_1_608' title='bbox 2374 3883 2778 3948; x_wconf 88' lang='lat' dir='ltr'><strong>succossiones,</strong></span> <span class='ocrx_word' id='word_1_609' title='bbox 2812 3880 3151 3950; x_wconf 87' lang='lat' dir='ltr'><strong>dubiumque</strong></span> <span class='ocrx_word' id='word_1_610' title='bbox 3192 3876 3433 3932; x_wconf 82' lang='lat' dir='ltr'><strong>mulieris</strong></span> <span class='ocrx_word' id='word_1_611' title='bbox 3471 3886 3719 3944; x_wconf 86' lang='lat' dir='ltr'><strong>partum,</strong></span> <span class='ocrx_word' id='word_1_612' title='bbox 3751 3874 3811 3928; x_wconf 89' lang='lat' dir='ltr'><strong>ad</strong></span> 
     </span>
    </p>
   </div>
   <div class='ocr_carea' id='block_1_87' title="bbox 2227 3968 3811 4046">
    <p class='ocr_par' dir='ltr' id='par_1_87' title="bbox 2227 3968 3811 4046">
     <span class='ocr_line' id='line_1_87' title="bbox 2227 3968 3811 4046; baseline -0.004 -16"><span class='ocrx_word' id='word_1_613' title='bbox 2227 3992 2390 4046; x_wconf 87' lang='lat' dir='ltr'><strong>quem</strong></span> <span class='ocrx_word' id='word_1_614' title='bbox 2425 3976 2718 4046; x_wconf 80' lang='lat' dir='ltr'><strong>pertineat,</strong></span> <span class='ocrx_word' id='word_1_615' title='bbox 2749 3974 2897 4029; x_wconf 89' lang='lat' dir='ltr'><strong>facit.</strong></span> <span class='ocrx_word' id='word_1_616' title='bbox 2931 3971 3037 4027; x_wconf 87' lang='lat' dir='ltr'><strong>Sed</strong></span> <span class='ocrx_word' id='word_1_617' title='bbox 3069 3980 3124 4027; x_wconf 86' lang='lat' dir='ltr'><strong>ct</strong></span> <span class='ocrx_word' id='word_1_618' title='bbox 3167 3979 3453 4041; x_wconf 88' lang='lat' dir='ltr'><strong>postquam</strong></span> <span class='ocrx_word' id='word_1_619' title='bbox 3487 3968 3647 4033; x_wconf 74' lang='lat' dir='ltr'><strong>dixit,</strong></span> <span class='ocrx_word' id='word_1_620' title='bbox 3692 3986 3811 4024; x_wconf 71' lang='lat' dir='ltr'><strong>mc-</strong></span> 
     </span>
    </p>
   </div>
   <div class='ocr_carea' id='block_1_88' title="bbox 2228 4062 3490 4139">
    <p class='ocr_par' dir='ltr' id='par_1_88' title="bbox 2228 4062 3490 4139">
     <span class='ocr_line' id='line_1_88' title="bbox 2228 4062 3490 4139; baseline -0.007 -16"><span class='ocrx_word' id='word_1_621' title='bbox 2228 4070 2412 4123; x_wconf 75' lang='lat' dir='ltr'><strong>cltatus</strong></span> <span class='ocrx_word' id='word_1_622' title='bbox 2441 4069 2600 4139; x_wconf 81' lang='lat' dir='ltr'><strong>fuerit</strong></span> <span class='ocrx_word' id='word_1_623' title='bbox 2633 4084 2752 4121; x_wconf 79' lang='lat' dir='ltr'><strong>cum</strong></span> <span class='ocrx_word' id='word_1_624' title='bbox 2781 4083 2940 4121; x_wconf 77' lang='lat' dir='ltr'><strong>uxore</strong></span> <span class='ocrx_word' id='word_1_625' title='bbox 2968 4065 3208 4129; x_wconf 82' lang='lat' dir='ltr'><strong>alterius,</strong></span> <span class='ocrx_word' id='word_1_626' title='bbox 3241 4062 3448 4118; x_wconf 84' lang='lat' dir='ltr'><strong>addidit</strong></span> <span class='ocrx_word' id='word_1_627' title='bbox 3477 4078 3490 4114; x_wconf 89' lang='lat'><strong>:</strong></span> 
     </span>
    </p>
   </div>
   <div class='ocr_carea' id='block_1_89' title="bbox 2296 4149 3812 4227">
    <p class='ocr_par' dir='ltr' id='par_1_89' title="bbox 2296 4149 3812 4227">
     <span class='ocr_line' id='line_1_89' title="bbox 2296 4149 3812 4227; baseline -0.006 -14"><span class='ocrx_word' id='word_1_628' title='bbox 2296 4159 2366 4213; x_wconf 85' lang='lat' dir='ltr'><strong>Et</strong></span> <span class='ocrx_word' id='word_1_629' title='bbox 2395 4158 2730 4212; x_wconf 88' lang='lat' dir='ltr'><strong>adulteratus</strong></span> <span class='ocrx_word' id='word_1_630' title='bbox 2755 4157 2913 4227; x_wconf 84' lang='lat' dir='ltr'><strong>fuerit</strong></span> <span class='ocrx_word' id='word_1_631' title='bbox 2943 4172 3062 4209; x_wconf 88' lang='lat' dir='ltr'><strong>cum</strong></span> <span class='ocrx_word' id='word_1_632' title='bbox 3087 4170 3249 4207; x_wconf 72' lang='lat' dir='ltr'><strong>uxore</strong></span> <span class='ocrx_word' id='word_1_633' title='bbox 3272 4151 3503 4225; x_wconf 69' lang='lat' dir='ltr'><strong>proximi</strong></span> <span class='ocrx_word' id='word_1_634' title='bbox 3532 4150 3637 4205; x_wconf 87' lang='lat' dir='ltr'><strong>sui.</strong></span> <span class='ocrx_word' id='word_1_635' title='bbox 3671 4149 3812 4205; x_wconf 86' lang='lat' dir='ltr'><strong>Tan-</strong></span> 
     </span>
    </p>
   </div>
   <div class='ocr_carea' id='block_1_90' title="bbox 2226 4242 3811 4321">
    <p class='ocr_par' dir='ltr' id='par_1_90' title="bbox 2226 4242 3811 4321">
     <span class='ocr_line' id='line_1_90' title="bbox 2226 4242 3811 4321; baseline -0.008 -15"><span class='ocrx_word' id='word_1_636' title='bbox 2226 4266 2388 4321; x_wconf 86' lang='lat' dir='ltr'><strong>quam</strong></span> <span class='ocrx_word' id='word_1_637' title='bbox 2438 4251 2575 4305; x_wconf 89' lang='lat' dir='ltr'><strong>alter</strong></span> <span class='ocrx_word' id='word_1_638' title='bbox 2620 4249 2691 4305; x_wconf 91' lang='lat' dir='ltr'><strong>sit</strong></span> <span class='ocrx_word' id='word_1_639' title='bbox 2735 4249 2845 4313; x_wconf 91' lang='lat' dir='ltr'><strong>illc,</strong></span> <span class='ocrx_word' id='word_1_640' title='bbox 2874 4248 3013 4302; x_wconf 88' lang='lat' dir='ltr'><strong>alter</strong></span> <span class='ocrx_word' id='word_1_641' title='bbox 3040 4255 3223 4301; x_wconf 88' lang='lat' dir='ltr'><strong>autem</strong></span> <span class='ocrx_word' id='word_1_642' title='bbox 3264 4244 3352 4298; x_wconf 84' lang='lat' dir='ltr'><strong>hic</strong></span> <span class='ocrx_word' id='word_1_643' title='bbox 3382 4243 3530 4313; x_wconf 90' lang='lat' dir='ltr'><strong>quod</strong></span> <span class='ocrx_word' id='word_1_644' title='bbox 3563 4242 3811 4295; x_wconf 81' lang='lat' dir='ltr'><strong>invenire</strong></span> 
     </span>
    </p>
   </div>
   <div class='ocr_carea' id='block_1_91' title="bbox 2228 4329 3811 4406">
    <p class='ocr_par' dir='ltr' id='par_1_91' title="bbox 2228 4329 3811 4406">
     <span class='ocr_line' id='line_1_91' title="bbox 2228 4329 3811 4406; baseline -0.007 -14"><span class='ocrx_word' id='word_1_645' title='bbox 2228 4338 2539 4392; x_wconf 84' lang='lat' dir='ltr'><strong>nullatenus</strong></span> <span class='ocrx_word' id='word_1_646' title='bbox 2583 4344 2835 4406; x_wconf 89' lang='lat' dir='ltr'><strong>possunt,</strong></span> <span class='ocrx_word' id='word_1_647' title='bbox 2870 4333 2964 4404; x_wconf 91' lang='lat' dir='ltr'><strong>qui</strong></span> <span class='ocrx_word' id='word_1_648' title='bbox 3016 4332 3318 4389; x_wconf 88' lang='lat' dir='ltr'><strong>secundum</strong></span> <span class='ocrx_word' id='word_1_649' title='bbox 3361 4331 3599 4384; x_wconf 83' lang='lat' dir='ltr'><strong>litteram</strong></span> <span class='ocrx_word' id='word_1_650' title='bbox 3640 4329 3811 4383; x_wconf 87' lang='lat' dir='ltr'><strong>solam</strong></span> 
     </span>
    </p>
   </div>
   <div class='ocr_carea' id='block_1_92' title="bbox 541 4424 3808 4503">
    <p class='ocr_par' dir='ltr' id='par_1_92' title="bbox 541 4424 3808 4503">
     <span class='ocr_line' id='line_1_92' title="bbox 541 4424 3808 4503; baseline -0.003 -18"><span class='ocrx_word' id='word_1_651' title='bbox 541 4431 629 4485; x_wconf 87' lang='lat' dir='ltr'><strong>his</strong></span> <span class='ocrx_word' id='word_1_652' title='bbox 661 4429 756 4498; x_wconf 89' lang='lat' dir='ltr'><strong>qui</strong></span> <span class='ocrx_word' id='word_1_653' title='bbox 785 4426 890 4481; x_wconf 89' lang='lat' dir='ltr'><strong>alia</strong></span> <span class='ocrx_word' id='word_1_654' title='bbox 923 4435 1114 4503; x_wconf 74' lang='lat' dir='ltr'><strong>contra</strong></span> <span class='ocrx_word' id='word_1_655' title='bbox 1146 4442 1324 4481; x_wconf 87' lang='lat' dir='ltr'><strong>meam</strong></span> <span class='ocrx_word' id='word_1_656' title='bbox 1350 4428 1543 4497; x_wconf 83' lang='lat' dir='ltr'><strong>legem,</strong></span> <span class='ocrx_word' id='word_1_657' title='bbox 1569 4440 1662 4485; x_wconf 84' lang='lat' dir='ltr'><strong>aut</strong></span> <span class='ocrx_word' id='word_1_658' title='bbox 1698 4446 1875 4487; x_wconf 87' lang='lat' dir='ltr'><strong>meam</strong></span> <span class='ocrx_word' id='word_1_659' title='bbox 1915 4435 2122 4491; x_wconf 89' lang='lat' dir='ltr'><strong>doctri-</strong></span> <span class='ocrx_word' id='word_1_660' title='bbox 2154 4435 2199 4491; x_wconf 86' lang='grc' dir='ltr'>ι)</span> <span class='ocrx_word' id='word_1_661' title='bbox 2227 4433 2398 4502; x_wconf 82' lang='lat' dir='ltr'><strong>legem</strong></span> <span class='ocrx_word' id='word_1_662' title='bbox 2431 4430 2707 4501; x_wconf 88' lang='lat' dir='ltr'><strong>accipiunt</strong></span> <span class='ocrx_word' id='word_1_663' title='bbox 2739 4447 2753 4483; x_wconf 87' lang='lat'><strong>:</strong></span> <span class='ocrx_word' id='word_1_664' title='bbox 2786 4428 2881 4483; x_wconf 88' lang='lat' dir='ltr'><strong>sed</strong></span> <span class='ocrx_word' id='word_1_665' title='bbox 2910 4428 3194 4483; x_wconf 84' lang='lat' dir='ltr'><strong>invenient</strong></span> <span class='ocrx_word' id='word_1_666' title='bbox 3222 4426 3296 4479; x_wconf 91' lang='lat' dir='ltr'><strong>illi</strong></span> <span class='ocrx_word' id='word_1_667' title='bbox 3329 4425 3419 4494; x_wconf 88' lang='lat' dir='ltr'><strong>qui</strong></span> <span class='ocrx_word' id='word_1_668' title='bbox 3449 4424 3515 4479; x_wconf 88' lang='lat' dir='ltr'><strong>ad</strong></span> <span class='ocrx_word' id='word_1_669' title='bbox 3550 4424 3808 4478; x_wconf 87' lang='lat' dir='ltr'><strong>moralem</strong></span> 
     </span>
    </p>
   </div>
   <div class='ocr_carea' id='block_1_93' title="bbox 540 4517 2122 4587">
    <p class='ocr_par' dir='ltr' id='par_1_93' title="bbox 540 4517 2122 4587">
     <span class='ocr_line' id='line_1_93' title="bbox 540 4517 2122 4587; baseline 0.005 -14"><span class='ocrx_word' id='word_1_670' title='bbox 540 4534 669 4573; x_wconf 85' lang='lat' dir='ltr'><strong>nam</strong></span> <span class='ocrx_word' id='word_1_671' title='bbox 700 4518 912 4581; x_wconf 87' lang='lat' dir='ltr'><strong>dicunt,</strong></span> <span class='ocrx_word' id='word_1_672' title='bbox 952 4517 1422 4587; x_wconf 86' lang='lat' dir='ltr'><strong>corrumpemini?</strong></span> <span class='ocrx_word' id='word_1_673' title='bbox 1451 4517 1564 4587; x_wconf 87' lang='lat' dir='ltr'><strong>Ego</strong></span> <span class='ocrx_word' id='word_1_674' title='bbox 1603 4522 1750 4575; x_wconf 88' lang='lat' dir='ltr'><strong>enim</strong></span> <span class='ocrx_word' id='word_1_675' title='bbox 1782 4538 1902 4577; x_wconf 91' lang='lat' dir='ltr'><strong>sum</strong></span> <span class='ocrx_word' id='word_1_676' title='bbox 1938 4523 2122 4581; x_wconf 89' lang='lat' dir='ltr'><strong>Domi-</strong></span> 
     </span>
    </p>
   </div>
   <div class='ocr_carea' id='block_1_94' title="bbox 537 4609 2120 4678">
    <p class='ocr_par' dir='ltr' id='par_1_94' title="bbox 537 4609 2120 4678">
     <span class='ocr_line' id='line_1_94' title="bbox 537 4609 2120 4678; baseline 0.005 -14"><span class='ocrx_word' id='word_1_677' title='bbox 537 4625 668 4675; x_wconf 90' lang='lat' dir='ltr'><strong>nus,</strong></span> <span class='ocrx_word' id='word_1_678' title='bbox 699 4609 791 4678; x_wconf 93' lang='lat' dir='ltr'><strong>qui</strong></span> <span class='ocrx_word' id='word_1_679' title='bbox 826 4624 923 4663; x_wconf 88' lang='lat' dir='ltr'><strong>vos</strong></span> <span class='ocrx_word' id='word_1_680' title='bbox 951 4609 1252 4674; x_wconf 79' lang='lat' dir='ltr'><strong>sanctifico,</strong></span> <span class='ocrx_word' id='word_1_681' title='bbox 1286 4616 1342 4663; x_wconf 88' lang='lat' dir='ltr'><strong>et</strong></span> <span class='ocrx_word' id='word_1_682' title='bbox 1374 4609 1559 4664; x_wconf 90' lang='lat' dir='ltr'><strong>nullus</strong></span> <span class='ocrx_word' id='word_1_683' title='bbox 1588 4610 1896 4678; x_wconf 87' lang='lat' dir='ltr'><strong>hominum,</strong></span> <span class='ocrx_word' id='word_1_684' title='bbox 1934 4632 2039 4671; x_wconf 90' lang='lat' dir='ltr'><strong>nec</strong></span> <span class='ocrx_word' id='word_1_685' title='bbox 2076 4618 2120 4673; x_wconf 92' lang='lat' dir='ltr'><strong>si</strong></span> 
     </span>
    </p>
   </div>
   <div class='ocr_carea' id='block_1_95' title="bbox 536 4685 2119 4773">
    <p class='ocr_par' dir='ltr' id='par_1_95' title="bbox 536 4685 2119 4773">
     <span class='ocr_line' id='line_1_95' title="bbox 536 4685 2119 4773; baseline 0.007 -20"><span class='ocrx_word' id='word_1_686' title='bbox 536 4700 863 4772; x_wconf 87' lang='lat' dir='ltr'><strong>prophetam</strong></span> <span class='ocrx_word' id='word_1_687' title='bbox 888 4716 947 4754; x_wconf 91' lang='lat' dir='ltr'><strong>sc</strong></span> <span class='ocrx_word' id='word_1_688' title='bbox 976 4697 1282 4764; x_wconf 67' lang='lat' dir='ltr'><strong>esse&#39;dicat,</strong></span> <span class='ocrx_word' id='word_1_689' title='bbox 1307 4715 1409 4755; x_wconf 87' lang='lat' dir='ltr'><strong>nec</strong></span> <span class='ocrx_word' id='word_1_690' title='bbox 1434 4685 1479 4755; x_wconf 82' lang='lat' dir='ltr'><strong>si</strong></span> <span class='ocrx_word' id='word_1_691' title='bbox 1508 4703 1809 4773; x_wconf 88' lang='lat' dir='ltr'><strong>quamlibet</strong></span> <span class='ocrx_word' id='word_1_692' title='bbox 1835 4707 2119 4764; x_wconf 90' lang='lat' dir='ltr'><strong>scientiam</strong></span> 
     </span>
    </p>
   </div>
   <div class='ocr_carea' id='block_1_96' title="bbox 537 4790 2122 4863">
    <p class='ocr_par' dir='ltr' id='par_1_96' title="bbox 537 4790 2122 4863">
     <span class='ocr_line' id='line_1_96' title="bbox 537 4790 2122 4863; baseline 0.005 -16"><span class='ocrx_word' id='word_1_693' title='bbox 537 4791 843 4863; x_wconf 79' lang='lat' dir='ltr'><strong>promittat,</strong></span> <span class='ocrx_word' id='word_1_694' title='bbox 874 4792 979 4846; x_wconf 87' lang='lat' dir='ltr'><strong>nisi</strong></span> <span class='ocrx_word' id='word_1_695' title='bbox 1013 4790 1172 4854; x_wconf 89' lang='lat' dir='ltr'><strong>forte,</strong></span> <span class='ocrx_word' id='word_1_696' title='bbox 1197 4807 1318 4861; x_wconf 72' lang='lat' dir='ltr'><strong>quae</strong></span> <span class='ocrx_word' id='word_1_697' title='bbox 1347 4807 1466 4847; x_wconf 80' lang='lat' dir='ltr'><strong>mea</strong></span> <span class='ocrx_word' id='word_1_698' title='bbox 1489 4806 1620 4851; x_wconf 87' lang='lat' dir='ltr'><strong>sunt</strong></span> <span class='ocrx_word' id='word_1_699' title='bbox 1645 4795 1866 4862; x_wconf 80' lang='lat' dir='ltr'><strong>dixerit,</strong></span> <span class='ocrx_word' id='word_1_700' title='bbox 1890 4807 1946 4853; x_wconf 91' lang='lat' dir='ltr'><strong>et</strong></span> <span class='ocrx_word' id='word_1_701' title='bbox 1972 4814 2002 4854; x_wconf 87' lang='lat' dir='ltr'><strong>a</strong></span> <span class='ocrx_word' id='word_1_702' title='bbox 2034 4815 2122 4855; x_wconf 90' lang='lat' dir='ltr'><strong>me</strong></span> 
     </span>
    </p>
   </div>
   <div class='ocr_carea' id='block_1_97' title="bbox 536 4879 2046 4956">
    <p class='ocr_par' dir='ltr' id='par_1_97' title="bbox 536 4879 2046 4956">
     <span class='ocr_line' id='line_1_97' title="bbox 536 4879 2046 4956; baseline 0.003 -15"><span class='ocrx_word' id='word_1_703' title='bbox 536 4882 832 4955; x_wconf 82' lang='lat' dir='ltr'><strong>act-operit,</strong></span> <span class='ocrx_word' id='word_1_704' title='bbox 860 4893 917 4939; x_wconf 90' lang='lat' dir='ltr'><strong>et</strong></span> <span class='ocrx_word' id='word_1_705' title='bbox 942 4898 1098 4937; x_wconf 91' lang='lat' dir='ltr'><strong>meus</strong></span> <span class='ocrx_word' id='word_1_706' title='bbox 1127 4882 1361 4954; x_wconf 89' lang='lat' dir='ltr'><strong>Spiritus</strong></span> <span class='ocrx_word' id='word_1_707' title='bbox 1392 4884 1448 4939; x_wconf 92' lang='lat' dir='ltr'><strong>in</strong></span> <span class='ocrx_word' id='word_1_708' title='bbox 1478 4901 1546 4941; x_wconf 92' lang='lat' dir='ltr'><strong>eo</strong></span> <span class='ocrx_word' id='word_1_709' title='bbox 1573 4897 1828 4956; x_wconf 91' lang='lat' dir='ltr'><strong>operatus</strong></span> <span class='ocrx_word' id='word_1_710' title='bbox 1858 4879 2046 4946; x_wconf 84' lang='lat' dir='ltr'><strong>fuerit.</strong></span> 
     </span>
    </p>
   </div>
   <div class='ocr_carea' id='block_1_98' title="bbox 611 4975 2117 5050">
    <p class='ocr_par' dir='ltr' id='par_1_98' title="bbox 611 4975 2117 5050">
     <span class='ocr_line' id='line_1_98' title="bbox 611 4975 2117 5050; baseline 0.005 -19"><span class='ocrx_word' id='word_1_711' title='bbox 611 4978 772 5033; x_wconf 73' lang='lat' dir='ltr'><strong>Vens.</strong></span> <span class='ocrx_word' id='word_1_712' title='bbox 805 4977 859 5032; x_wconf 87' lang='lat'><strong>9.</strong></span> <span class='ocrx_word' id='word_1_713' title='bbox 898 4996 915 5027; x_wconf 86' lang='grc' dir='ltr'><strong>ι</strong></span> <span class='ocrx_word' id='word_1_714' title='bbox 951 4975 1055 5044; x_wconf 85' lang='lat' dir='ltr'><strong>Qui</strong></span> <span class='ocrx_word' id='word_1_715' title='bbox 1095 4976 1439 5034; x_wconf 80' lang='lat' dir='ltr'><strong>maledixerit</strong></span> <span class='ocrx_word' id='word_1_716' title='bbox 1489 4981 1631 5050; x_wconf 89' lang='lat' dir='ltr'><strong>patri</strong></span> <span class='ocrx_word' id='word_1_717' title='bbox 1686 4996 1789 5035; x_wconf 90' lang='lat' dir='ltr'><strong>suo</strong></span> <span class='ocrx_word' id='word_1_718' title='bbox 1835 4991 1892 5036; x_wconf 91' lang='lat' dir='ltr'><strong>et</strong></span> <span class='ocrx_word' id='word_1_719' title='bbox 1934 4984 2117 5049; x_wconf 88' lang='lat' dir='ltr'><strong>matri,</strong></span> 
     </span>
    </p>
   </div>
   <div class='ocr_carea' id='block_1_99' title="bbox 536 5063 2118 5138">
    <p class='ocr_par' dir='ltr' id='par_1_99' title="bbox 536 5063 2118 5138">
     <span class='ocr_line' id='line_1_99' title="bbox 536 5063 2118 5138; baseline 0.002 -14"><span class='ocrx_word' id='word_1_720' title='bbox 536 5077 715 5124; x_wconf 85' lang='lat' dir='ltr'><strong>morte</strong></span> <span class='ocrx_word' id='word_1_721' title='bbox 760 5066 1045 5121; x_wconf 89' lang='lat' dir='ltr'><strong>moriatur.</strong></span> <span class='ocrx_word' id='word_1_722' title='bbox 1093 5063 1198 5133; x_wconf 87' lang='lat' dir='ltr'><strong>Qui</strong></span> <span class='ocrx_word' id='word_1_723' title='bbox 1244 5066 1387 5136; x_wconf 87' lang='lat' dir='ltr'><strong>patri</strong></span> <span class='ocrx_word' id='word_1_724' title='bbox 1438 5068 1708 5138; x_wconf 87' lang='lat' dir='ltr'><strong>matrique</strong></span> <span class='ocrx_word' id='word_1_725' title='bbox 1752 5069 2118 5135; x_wconf 78' lang='lat' dir='ltr'><strong>maledixerit.</strong></span> 
     </span>
    </p>
   </div>
   <div class='ocr_carea' id='block_1_100' title="bbox 535 5157 1460 5230">
    <p class='ocr_par' dir='ltr' id='par_1_100' title="bbox 535 5157 1460 5230">
     <span class='ocr_line' id='line_1_100' title="bbox 535 5157 1460 5230; baseline -0.005 -16"><span class='ocrx_word' id='word_1_726' title='bbox 535 5157 760 5230; x_wconf 81' lang='lat' dir='ltr'><strong>sanguis</strong></span> <span class='ocrx_word' id='word_1_727' title='bbox 795 5158 916 5227; x_wconf 82' lang='lat' dir='ltr'><strong>ejus</strong></span> <span class='ocrx_word' id='word_1_728' title='bbox 948 5158 1017 5211; x_wconf 89' lang='lat' dir='ltr'><strong>sit</strong></span> <span class='ocrx_word' id='word_1_729' title='bbox 1054 5172 1221 5227; x_wconf 90' lang='lat' dir='ltr'><strong>super</strong></span> <span class='ocrx_word' id='word_1_730' title='bbox 1249 5173 1398 5212; x_wconf 89' lang='lat' dir='ltr'><strong>cum.</strong></span> <span class='ocrx_word' id='word_1_731' title='bbox 1441 5177 1460 5209; x_wconf 79' lang='grc' dir='ltr'><strong>ι</strong></span> 
     </span>
    </p>
   </div>
   <div class='ocr_carea' id='block_1_101' title="bbox 607 5249 2115 5326">
    <p class='ocr_par' dir='ltr' id='par_1_101' title="bbox 607 5249 2115 5326">
     <span class='ocr_line' id='line_1_101' title="bbox 607 5249 2115 5326; baseline 0.005 -23"><span class='ocrx_word' id='word_1_732' title='bbox 607 5249 737 5305; x_wconf 90' lang='lat' dir='ltr'><strong>Sive</strong></span> <span class='ocrx_word' id='word_1_733' title='bbox 767 5258 827 5305; x_wconf 91' lang='lat' dir='ltr'><strong>ut</strong></span> <span class='ocrx_word' id='word_1_734' title='bbox 870 5249 1033 5317; x_wconf 74' lang='lat' dir='ltr'><strong>LXX,</strong></span> <span class='ocrx_word' id='word_1_735' title='bbox 1065 5266 1184 5303; x_wconf 85' lang='lat' dir='ltr'><strong>rcus</strong></span> <span class='ocrx_word' id='word_1_736' title='bbox 1215 5259 1310 5315; x_wconf 85' lang='lat' dir='ltr'><strong>est,</strong></span> <span class='ocrx_word' id='word_1_737' title='bbox 1360 5260 1419 5305; x_wconf 92' lang='lat' dir='ltr'><strong>ut</strong></span> <span class='ocrx_word' id='word_1_738' title='bbox 1462 5251 1567 5307; x_wconf 85' lang='lat' dir='ltr'><strong>hoc</strong></span> <span class='ocrx_word' id='word_1_739' title='bbox 1608 5268 1808 5308; x_wconf 90' lang='lat' dir='ltr'><strong>nomen</strong></span> <span class='ocrx_word' id='word_1_740' title='bbox 1840 5255 1905 5308; x_wconf 89' lang='lat' dir='ltr'><strong>ad</strong></span> <span class='ocrx_word' id='word_1_741' title='bbox 1937 5256 2115 5326; x_wconf 88' lang='lat' dir='ltr'><strong>ipsum</strong></span> 
     </span>
    </p>
   </div>
   <div class='ocr_carea' id='block_1_102' title="bbox 537 5342 2120 5420">
    <p class='ocr_par' dir='ltr' id='par_1_102' title="bbox 537 5342 2120 5420">
     <span class='ocr_line' id='line_1_102' title="bbox 537 5342 2120 5420; baseline 0.004 -24"><span class='ocrx_word' id='word_1_742' title='bbox 537 5343 711 5398; x_wconf 84' lang='lat' dir='ltr'><strong>Deum</strong></span> <span class='ocrx_word' id='word_1_743' title='bbox 757 5343 1049 5407; x_wconf 83' lang='lat' dir='ltr'><strong>referatur.</strong></span> <span class='ocrx_word' id='word_1_744' title='bbox 1110 5342 1402 5399; x_wconf 85' lang='lat' dir='ltr'><strong>Malachias</strong></span> <span class='ocrx_word' id='word_1_745' title='bbox 1450 5345 1596 5400; x_wconf 86' lang='lat' dir='ltr'><strong>enim</strong></span> <span class='ocrx_word' id='word_1_746' title='bbox 1647 5346 1784 5401; x_wconf 63' lang='lat' dir='ltr'><strong>dixit</strong></span> <span class='ocrx_word' id='word_1_747' title='bbox 1821 5366 1833 5400; x_wconf 93' lang='lat'><strong>:</strong></span> <span class='ocrx_word' id='word_1_748' title='bbox 1867 5347 2120 5420; x_wconf 81' lang='lat' dir='ltr'><strong>Nunquid</strong></span> 
     </span>
    </p>
   </div>
   <div class='ocr_carea' id='block_1_103' title="bbox 535 5435 2118 5510">
    <p class='ocr_par' dir='ltr' id='par_1_103' title="bbox 535 5435 2118 5510">
     <span class='ocr_line' id='line_1_103' title="bbox 535 5435 2118 5510; baseline 0.004 -20"><span class='ocrx_word' id='word_1_749' title='bbox 535 5451 640 5490; x_wconf 83' lang='lat' dir='ltr'><strong>non</strong></span> <span class='ocrx_word' id='word_1_750' title='bbox 688 5435 826 5490; x_wconf 87' lang='lat' dir='ltr'><strong>Deus</strong></span> <span class='ocrx_word' id='word_1_751' title='bbox 884 5454 1018 5491; x_wconf 85' lang='lat' dir='ltr'><strong>unus</strong></span> <span class='ocrx_word' id='word_1_752' title='bbox 1074 5437 1193 5507; x_wconf 77' lang='lat' dir='ltr'><strong>fecit</strong></span> <span class='ocrx_word' id='word_1_753' title='bbox 1248 5438 1371 5492; x_wconf 83' lang='lat' dir='ltr'><strong>vos?</strong></span> <span class='ocrx_word' id='word_1_754' title='bbox 1409 5439 1645 5508; x_wconf 80' lang='lat' dir='ltr'><strong>nunquid</strong></span> <span class='ocrx_word' id='word_1_755' title='bbox 1687 5449 1838 5510; x_wconf 82' lang='lat' dir='ltr'><strong>pater</strong></span> <span class='ocrx_word' id='word_1_756' title='bbox 1883 5443 2118 5496; x_wconf 87' lang='lat' dir='ltr'><strong>omnium</strong></span> 
     </span>
    </p>
   </div>
   <div class='ocr_carea' id='block_1_104' title="bbox 533 5530 2114 5600">
    <p class='ocr_par' dir='ltr' id='par_1_104' title="bbox 533 5530 2114 5600">
     <span class='ocr_line' id='line_1_104' title="bbox 533 5530 2114 5600; baseline 0.002 -16"><span class='ocrx_word' id='word_1_757' title='bbox 533 5539 703 5585; x_wconf 77' lang='lat' dir='ltr'><strong>vester</strong></span> <span class='ocrx_word' id='word_1_758' title='bbox 737 5530 819 5585; x_wconf 72' lang='lat'><strong>&quot;2’</strong></span> <span class='ocrx_word' id='word_1_759' title='bbox 849 5530 915 5584; x_wconf 85' lang='lat' dir='ltr'><strong>Et</strong></span> <span class='ocrx_word' id='word_1_760' title='bbox 951 5545 1144 5585; x_wconf 85' lang='lat' dir='ltr'><strong>rursus</strong></span> <span class='ocrx_word' id='word_1_761' title='bbox 1178 5548 1191 5584; x_wconf 88' lang='lat'><strong>:</strong></span> <span class='ocrx_word' id='word_1_762' title='bbox 1222 5530 1464 5599; x_wconf 87' lang='lat' dir='ltr'><strong>Domine,</strong></span> <span class='ocrx_word' id='word_1_763' title='bbox 1519 5540 1672 5600; x_wconf 84' lang='lat' dir='ltr'><strong>pater</strong></span> <span class='ocrx_word' id='word_1_764' title='bbox 1726 5542 1898 5586; x_wconf 84' lang='lat' dir='ltr'><strong>noster</strong></span> <span class='ocrx_word' id='word_1_765' title='bbox 1938 5550 1990 5588; x_wconf 83' lang='lat' dir='ltr'><strong>es</strong></span> <span class='ocrx_word' id='word_1_766' title='bbox 2037 5544 2114 5599; x_wconf 85' lang='lat' dir='ltr'><strong>tu,</strong></span> 
     </span>
    </p>
   </div>
   <div class='ocr_carea' id='block_1_105' title="bbox 606 5659 2122 5739">
    <p class='ocr_par' dir='ltr' id='par_1_105' title="bbox 606 5659 2122 5739">
     <span class='ocr_line' id='line_1_105' title="bbox 606 5659 2122 5739; baseline 0.007 -28"><span class='ocrx_word' id='word_1_767' title='bbox 606 5661 652 5739; x_wconf 68' lang='grc' dir='ltr'><em>ξξ</em></span> <span class='ocrx_word' id='word_1_768' title='bbox 676 5661 816 5739; x_wconf 65' lang='grc' dir='ltr'>ζξειιι.</span> <span class='ocrx_word' id='word_1_769' title='bbox 850 5677 1045 5739; x_wconf 54' lang='lat' dir='ltr'><strong>ns)&quot;,</strong></span> <span class='ocrx_word' id='word_1_770' title='bbox 1077 5663 1162 5719; x_wconf 86' lang='lat' dir='ltr'><strong>l7.</strong></span> <span class='ocrx_word' id='word_1_771' title='bbox 1240 5664 1287 5696; x_wconf 86' lang='grc'><strong>⁷⁸</strong></span> <span class='ocrx_word' id='word_1_772' title='bbox 1318 5664 1479 5722; x_wconf 83' lang='lat' dir='ltr'><strong>Rom.</strong></span> <span class='ocrx_word' id='word_1_773' title='bbox 1510 5684 1550 5734; x_wconf 86' lang='grc' dir='ltr'>ι,</span> <span class='ocrx_word' id='word_1_774' title='bbox 1573 5659 1669 5723; x_wconf 59' lang='grc'><strong>32.</strong></span> <span class='ocrx_word' id='word_1_775' title='bbox 1747 5668 1792 5719; x_wconf 74' lang='grc'><strong>⁷⁸</strong></span> <span class='ocrx_word' id='word_1_776' title='bbox 1828 5666 2058 5725; x_wconf 79' lang='lat' dir='ltr'><strong>Malaclt.</strong></span> <span class='ocrx_word' id='word_1_777' title='bbox 2089 5686 2122 5725; x_wconf 90' lang='grc' dir='ltr'><strong>ιι</strong></span> 
     </span>
    </p>
   </div>
   <div class='ocr_carea' id='block_1_106' title="bbox 2228 5659 3292 5739">
    <p class='ocr_par' dir='ltr' id='par_1_106' title="bbox 2228 5668 3292 5739">
     <span class='ocr_line' id='line_1_106' title="bbox 2228 5668 3292 5739; baseline 0.001 -15"><span class='ocrx_word' id='word_1_778' title='bbox 2228 5670 2268 5724; x_wconf 77' lang='grc'>).</span> <span class='ocrx_word' id='word_1_779' title='bbox 2346 5670 2390 5701; x_wconf 88' lang='grc'><strong>⁷⁷</strong></span> <span class='ocrx_word' id='word_1_780' title='bbox 2416 5668 2519 5725; x_wconf 90' lang='lat' dir='ltr'><strong>lsa.</strong></span> <span class='ocrx_word' id='word_1_781' title='bbox 2551 5685 2693 5738; x_wconf 78' lang='lat' dir='ltr'><strong>mv,</strong></span> <span class='ocrx_word' id='word_1_782' title='bbox 2727 5671 2780 5727; x_wconf 91' lang='lat'><strong>8.</strong></span> <span class='ocrx_word' id='word_1_783' title='bbox 2859 5673 2905 5705; x_wconf 80' lang='grc'><strong>⁷⁸</strong></span> <span class='ocrx_word' id='word_1_784' title='bbox 2934 5670 3095 5727; x_wconf 80' lang='lat' dir='ltr'><strong>Joan.</strong></span> <span class='ocrx_word' id='word_1_785' title='bbox 3131 5687 3212 5739; x_wconf 89' lang='grc' dir='ltr'>ιιι,</span> <span class='ocrx_word' id='word_1_786' title='bbox 3240 5671 3292 5726; x_wconf 82' lang='grc'><strong>5.</strong></span> 
     </span>
    </p>
   </div>
   <div class='ocr_carea' id='block_1_107' title="bbox 536 5725 990 5797">
    <p class='ocr_par' dir='ltr' id='par_1_107' title="bbox 536 5725 990 5797">
     <span class='ocr_line' id='line_1_107' title="bbox 536 5725 990 5797; baseline 0.015 -16"><span class='ocrx_word' id='word_1_787' title='bbox 536 5725 584 5758; x_wconf 72' lang='grc'><strong>’⁸</strong></span> <span class='ocrx_word' id='word_1_788' title='bbox 607 5727 651 5781; x_wconf 90' lang='lat' dir='ltr'><strong>ll</strong></span> <span class='ocrx_word' id='word_1_789' title='bbox 677 5729 802 5786; x_wconf 83' lang='lat' dir='ltr'><strong>Cur.</strong></span> <span class='ocrx_word' id='word_1_790' title='bbox 828 5747 907 5797; x_wconf 75' lang='grc' dir='ltr'>ιι,</span> <span class='ocrx_word' id='word_1_791' title='bbox 935 5734 990 5788; x_wconf 78' lang='grc'><strong>2.</strong></span> 
     </span>
    </p>
   </div>
   <div class='ocr_carea' id='block_1_108' title="bbox 2228 4518 3807 4591">
    <p class='ocr_par' dir='ltr' id='par_1_108' title="bbox 2228 4518 3807 4591">
     <span class='ocr_line' id='line_1_108' title="bbox 2228 4518 3807 4591; baseline -0.004 -14"><span class='ocrx_word' id='word_1_792' title='bbox 2228 4525 2565 4580; x_wconf 89' lang='lat' dir='ltr'><strong>intellectum</strong></span> <span class='ocrx_word' id='word_1_793' title='bbox 2597 4532 2653 4577; x_wconf 89' lang='lat' dir='ltr'><strong>et</strong></span> <span class='ocrx_word' id='word_1_794' title='bbox 2681 4521 3201 4591; x_wconf 88' lang='lat' dir='ltr'><strong>contemplationem</strong></span> <span class='ocrx_word' id='word_1_795' title='bbox 3234 4518 3535 4589; x_wconf 88' lang='lat' dir='ltr'><strong>spiritalem</strong></span> <span class='ocrx_word' id='word_1_796' title='bbox 3560 4528 3807 4572; x_wconf 88' lang='lat' dir='ltr'><strong>currunt.</strong></span> 
     </span>
    </p>
   </div>
   <div class='ocr_carea' id='block_1_109' title="bbox 2224 4610 3809 4687">
    <p class='ocr_par' dir='ltr' id='par_1_109' title="bbox 2224 4610 3809 4687">
     <span class='ocr_line' id='line_1_109' title="bbox 2224 4610 3809 4687; baseline -0.005 -16"><span class='ocrx_word' id='word_1_797' title='bbox 2224 4616 2501 4684; x_wconf 90' lang='lat' dir='ltr'><strong>Quantum</strong></span> <span class='ocrx_word' id='word_1_798' title='bbox 2550 4631 2682 4687; x_wconf 88' lang='lat' dir='ltr'><strong>ergo</strong></span> <span class='ocrx_word' id='word_1_799' title='bbox 2734 4614 2997 4670; x_wconf 89' lang='lat' dir='ltr'><strong>sensibile</strong></span> <span class='ocrx_word' id='word_1_800' title='bbox 3054 4611 3387 4668; x_wconf 86' lang='lat' dir='ltr'><strong>adulterium</strong></span> <span class='ocrx_word' id='word_1_801' title='bbox 3444 4610 3653 4664; x_wconf 88' lang='lat' dir='ltr'><strong>malum</strong></span> <span class='ocrx_word' id='word_1_802' title='bbox 3711 4620 3809 4671; x_wconf 86' lang='lat' dir='ltr'><strong>est,</strong></span> 
     </span>
    </p>
   </div>
   <div class='ocr_carea' id='block_1_110' title="bbox 2226 4700 3810 4777">
    <p class='ocr_par' dir='ltr' id='par_1_110' title="bbox 2226 4700 3810 4777">
     <span class='ocr_line' id='line_1_110' title="bbox 2226 4700 3810 4777; baseline -0.005 -15"><span class='ocrx_word' id='word_1_803' title='bbox 2226 4706 2436 4763; x_wconf 85' lang='lat' dir='ltr'><strong>tantum</strong></span> <span class='ocrx_word' id='word_1_804' title='bbox 2468 4716 2553 4762; x_wconf 91' lang='lat' dir='ltr'><strong>est</strong></span> <span class='ocrx_word' id='word_1_805' title='bbox 2587 4706 2927 4777; x_wconf 84' lang='lat' dir='ltr'><strong>intelligibile</strong></span> <span class='ocrx_word' id='word_1_806' title='bbox 2958 4705 3222 4760; x_wconf 86' lang='lat' dir='ltr'><strong>deterius.</strong></span> <span class='ocrx_word' id='word_1_807' title='bbox 3273 4703 3411 4758; x_wconf 85' lang='lat' dir='ltr'><strong>Nam</strong></span> <span class='ocrx_word' id='word_1_808' title='bbox 3444 4701 3520 4756; x_wconf 89' lang='lat' dir='ltr'><strong>illi</strong></span> <span class='ocrx_word' id='word_1_809' title='bbox 3550 4703 3730 4769; x_wconf 89' lang='lat' dir='ltr'><strong>carni,</strong></span> <span class='ocrx_word' id='word_1_810' title='bbox 3759 4700 3810 4754; x_wconf 79' lang='lat' dir='ltr'><strong>lii</strong></span> 
     </span>
    </p>
   </div>
   <div class='ocr_carea' id='block_1_111' title="bbox 2222 4782 3806 4869">
    <p class='ocr_par' dir='ltr' id='par_1_111' title="bbox 2222 4782 3806 4869">
     <span class='ocr_line' id='line_1_111' title="bbox 2222 4782 3806 4869; baseline -0.006 -15"><span class='ocrx_word' id='word_1_811' title='bbox 2222 4809 2405 4854; x_wconf 85' lang='lat' dir='ltr'><strong>autem</strong></span> <span class='ocrx_word' id='word_1_812' title='bbox 2436 4798 2651 4869; x_wconf 91' lang='lat' dir='ltr'><strong>spiritui</strong></span> <span class='ocrx_word' id='word_1_813' title='bbox 2693 4782 3079 4853; x_wconf 83' lang='lat' dir='ltr'><strong>oontumeliam</strong></span> <span class='ocrx_word' id='word_1_814' title='bbox 3110 4794 3321 4850; x_wconf 88' lang='lat' dir='ltr'><strong>faciunt</strong></span> <span class='ocrx_word' id='word_1_815' title='bbox 3357 4812 3372 4848; x_wconf 90' lang='lat'><strong>:</strong></span> <span class='ocrx_word' id='word_1_816' title='bbox 3401 4804 3457 4848; x_wconf 88' lang='lat' dir='ltr'><strong>et</strong></span> <span class='ocrx_word' id='word_1_817' title='bbox 3487 4794 3544 4847; x_wconf 89' lang='lat' dir='ltr'><strong>bi</strong></span> <span class='ocrx_word' id='word_1_818' title='bbox 3576 4793 3806 4854; x_wconf 85' lang='lat' dir='ltr'><strong>homini,</strong></span> 
     </span>
    </p>
   </div>
   <div class='ocr_carea' id='block_1_112' title="bbox 2223 4882 3808 4961">
    <p class='ocr_par' dir='ltr' id='par_1_112' title="bbox 2223 4882 3808 4961">
     <span class='ocr_line' id='line_1_112' title="bbox 2223 4882 3808 4961; baseline -0.006 -16"><span class='ocrx_word' id='word_1_819' title='bbox 2223 4890 2296 4946; x_wconf 89' lang='lat' dir='ltr'><strong>illi</strong></span> <span class='ocrx_word' id='word_1_820' title='bbox 2327 4901 2513 4951; x_wconf 84' lang='lat' dir='ltr'><strong>autem</strong></span> <span class='ocrx_word' id='word_1_821' title='bbox 2549 4890 2653 4961; x_wconf 92' lang='lat' dir='ltr'><strong>ipsi</strong></span> <span class='ocrx_word' id='word_1_822' title='bbox 2685 4888 2815 4955; x_wconf 87' lang='lat' dir='ltr'><strong>Deo,</strong></span> <span class='ocrx_word' id='word_1_823' title='bbox 2847 4882 2916 4944; x_wconf 84' lang='lat' dir='ltr'><strong>de</strong></span> <span class='ocrx_word' id='word_1_824' title='bbox 2953 4888 3157 4959; x_wconf 92' lang='lat' dir='ltr'><strong>quibus</strong></span> <span class='ocrx_word' id='word_1_825' title='bbox 3200 4886 3372 4942; x_wconf 87' lang='lat' dir='ltr'><strong>Oseas</strong></span> <span class='ocrx_word' id='word_1_826' title='bbox 3403 4885 3582 4941; x_wconf 79' lang='lat' dir='ltr'><strong>dixit:</strong></span> <span class='ocrx_word' id='word_1_827' title='bbox 3616 4884 3808 4940; x_wconf 78' lang='lat' dir='ltr'><strong>amnes</strong></span> 
     </span>
    </p>
   </div>
   <div class='ocr_carea' id='block_1_113' title="bbox 2223 4970 3807 5051">
    <p class='ocr_par' dir='ltr' id='par_1_113' title="bbox 2223 4970 3807 5051">
     <span class='ocr_line' id='line_1_113' title="bbox 2223 4970 3807 5051; baseline -0.006 -13"><span class='ocrx_word' id='word_1_828' title='bbox 2223 4970 2586 5038; x_wconf 83' lang='lat' dir='ltr'><strong>adulterantes</strong></span> <span class='ocrx_word' id='word_1_829' title='bbox 2629 4982 2781 5051; x_wconf 85' lang='lat' dir='ltr'><strong>quasi</strong></span> <span class='ocrx_word' id='word_1_830' title='bbox 2829 4981 3065 5035; x_wconf 87' lang='lat' dir='ltr'><strong>clibanus</strong></span> <span class='ocrx_word' id='word_1_831' title='bbox 3102 4989 3383 5036; x_wconf 77' lang='lat' dir='ltr'><strong>succensus</strong></span> <span class='ocrx_word' id='word_1_832' title='bbox 3407 4996 3440 5032; x_wconf 93' lang='lat' dir='ltr'><strong>a</strong></span> <span class='ocrx_word' id='word_1_833' title='bbox 3476 4990 3729 5049; x_wconf 83' lang='lat' dir='ltr'><strong>coquente</strong></span> <span class='ocrx_word' id='word_1_834' title='bbox 3756 4980 3807 5029; x_wconf 78' lang='lat' dir='ltr'><strong>iit</strong></span> 
     </span>
    </p>
   </div>
   <div class='ocr_carea' id='block_1_114' title="bbox 2221 5067 3806 5141">
    <p class='ocr_par' dir='ltr' id='par_1_114' title="bbox 2221 5067 3806 5141">
     <span class='ocr_line' id='line_1_114' title="bbox 2221 5067 3806 5141; baseline -0.004 -14"><span class='ocrx_word' id='word_1_835' title='bbox 2221 5073 2376 5127; x_wconf 85' lang='lat' dir='ltr'><strong>corde</strong></span> <span class='ocrx_word' id='word_1_836' title='bbox 2403 5090 2498 5126; x_wconf 87' lang='lat' dir='ltr'><strong>suo</strong></span> <span class='ocrx_word' id='word_1_837' title='bbox 2528 5073 2596 5125; x_wconf 67' lang='lat'><strong>’9.</strong></span> <span class='ocrx_word' id='word_1_838' title='bbox 2637 5072 2983 5127; x_wconf 87' lang='lat' dir='ltr'><strong>Adulterium</strong></span> <span class='ocrx_word' id='word_1_839' title='bbox 3013 5070 3351 5141; x_wconf 83' lang='lat' dir='ltr'><strong>iutelligibile</strong></span> <span class='ocrx_word' id='word_1_840' title='bbox 3379 5084 3650 5125; x_wconf 86' lang='lat' dir='ltr'><strong>accusans</strong></span> <span class='ocrx_word' id='word_1_841' title='bbox 3684 5087 3699 5121; x_wconf 79' lang='lat' dir='ltr'><strong><em>z</em></strong></span> <span class='ocrx_word' id='word_1_842' title='bbox 3740 5067 3806 5121; x_wconf 85' lang='lat' dir='ltr'><strong>ab</strong></span> 
     </span>
    </p>
   </div>
   <div class='ocr_carea' id='block_1_115' title="bbox 2218 5162 3803 5234">
    <p class='ocr_par' dir='ltr' id='par_1_115' title="bbox 2218 5162 3803 5234">
     <span class='ocr_line' id='line_1_115' title="bbox 2218 5162 3803 5234; baseline -0.004 -15"><span class='ocrx_word' id='word_1_843' title='bbox 2218 5164 2369 5219; x_wconf 91' lang='lat' dir='ltr'><strong>omni</strong></span> <span class='ocrx_word' id='word_1_844' title='bbox 2412 5165 2560 5219; x_wconf 84' lang='lat' dir='ltr'><strong>enim</strong></span> <span class='ocrx_word' id='word_1_845' title='bbox 2606 5164 2807 5234; x_wconf 84' lang='lat' dir='ltr'><strong>pupulo</strong></span> <span class='ocrx_word' id='word_1_846' title='bbox 2850 5162 3164 5219; x_wconf 78' lang='lat' dir='ltr'><strong>Judzeorum</strong></span> <span class='ocrx_word' id='word_1_847' title='bbox 3202 5163 3307 5218; x_wconf 90' lang='lat' dir='ltr'><strong>hoc</strong></span> <span class='ocrx_word' id='word_1_848' title='bbox 3339 5162 3803 5224; x_wconf 73' lang='lat' dir='ltr'><strong>committebatur,</strong></span> 
     </span>
    </p>
   </div>
   <div class='ocr_carea' id='block_1_116' title="bbox 2177 5254 3806 5327">
    <p class='ocr_par' dir='ltr' id='par_1_116' title="bbox 2177 5254 3806 5327">
     <span class='ocr_line' id='line_1_116' title="bbox 2177 5254 3806 5327; baseline -0.005 -15"><span class='ocrx_word' id='word_1_849' title='bbox 2177 5286 2186 5296; x_wconf 95' lang='lat'><strong>-</strong></span> <span class='ocrx_word' id='word_1_850' title='bbox 2226 5267 2614 5327; x_wconf 83' lang='lat' dir='ltr'><strong>corrumpente</strong></span> <span class='ocrx_word' id='word_1_851' title='bbox 2664 5255 2839 5327; x_wconf 88' lang='lat' dir='ltr'><strong>legem</strong></span> <span class='ocrx_word' id='word_1_852' title='bbox 2890 5255 3132 5327; x_wconf 74' lang='lat' dir='ltr'><strong>legisque</strong></span> <span class='ocrx_word' id='word_1_853' title='bbox 3171 5255 3445 5326; x_wconf 86' lang='lat' dir='ltr'><strong>dogmata.</strong></span> <span class='ocrx_word' id='word_1_854' title='bbox 3486 5254 3806 5323; x_wconf 84' lang='lat' dir='ltr'><strong>Quicunque</strong></span> 
     </span>
    </p>
   </div>
   <div class='ocr_carea' id='block_1_117' title="bbox 2222 5346 3804 5419">
    <p class='ocr_par' dir='ltr' id='par_1_117' title="bbox 2222 5346 3804 5419">
     <span class='ocr_line' id='line_1_117' title="bbox 2222 5346 3804 5419; baseline -0.004 -16"><span class='ocrx_word' id='word_1_855' title='bbox 2222 5364 2353 5419; x_wconf 83' lang='lat' dir='ltr'><strong>ergo</strong></span> <span class='ocrx_word' id='word_1_856' title='bbox 2378 5349 2527 5404; x_wconf 90' lang='lat' dir='ltr'><strong>illius</strong></span> <span class='ocrx_word' id='word_1_857' title='bbox 2552 5349 2677 5413; x_wconf 87' lang='lat' dir='ltr'><strong>viri,</strong></span> <span class='ocrx_word' id='word_1_858' title='bbox 2706 5349 2775 5403; x_wconf 89' lang='lat' dir='ltr'><strong>de</strong></span> <span class='ocrx_word' id='word_1_859' title='bbox 2802 5365 2910 5419; x_wconf 92' lang='lat' dir='ltr'><strong>quo</strong></span> <span class='ocrx_word' id='word_1_860' title='bbox 2934 5349 3010 5403; x_wconf 90' lang='lat' dir='ltr'><strong>ait</strong></span> <span class='ocrx_word' id='word_1_861' title='bbox 3039 5348 3244 5403; x_wconf 85' lang='lat' dir='ltr'><strong>Paulus</strong></span> <span class='ocrx_word' id='word_1_862' title='bbox 3268 5366 3281 5402; x_wconf 92' lang='lat'><strong>:</strong></span> <span class='ocrx_word' id='word_1_863' title='bbox 3308 5346 3576 5415; x_wconf 84' lang='lat' dir='ltr'><strong>Despondi</strong></span> <span class='ocrx_word' id='word_1_864' title='bbox 3600 5364 3687 5400; x_wconf 80' lang='lat' dir='ltr'><strong>vos</strong></span> <span class='ocrx_word' id='word_1_865' title='bbox 3712 5348 3804 5397; x_wconf 78' lang='grc' dir='ltr'>ιιιιὶ</span> 
     </span>
    </p>
   </div>
   <div class='ocr_carea' id='block_1_118' title="bbox 2222 5437 3806 5511">
    <p class='ocr_par' dir='ltr' id='par_1_118' title="bbox 2222 5437 3806 5511">
     <span class='ocr_line' id='line_1_118' title="bbox 2222 5437 3806 5511; baseline -0.004 -17"><span class='ocrx_word' id='word_1_866' title='bbox 2222 5441 2355 5502; x_wconf 84' lang='lat' dir='ltr'><strong>uiro,</strong></span> <span class='ocrx_word' id='word_1_867' title='bbox 2384 5441 2639 5511; x_wconf 82' lang='lat' dir='ltr'><strong>virginem</strong></span> <span class='ocrx_word' id='word_1_868' title='bbox 2675 5449 2878 5493; x_wconf 86' lang='lat' dir='ltr'><strong>castam</strong></span> <span class='ocrx_word' id='word_1_869' title='bbox 2908 5439 3147 5493; x_wconf 70' lang='lat' dir='ltr'><strong>exhibere</strong></span> <span class='ocrx_word' id='word_1_870' title='bbox 3177 5438 3384 5493; x_wconf 82' lang='lat' dir='ltr'><strong>Christo</strong></span> <span class='ocrx_word' id='word_1_871' title='bbox 3404 5439 3474 5503; x_wconf 82' lang='grc'><strong>⁸⁸,</strong></span> <span class='ocrx_word' id='word_1_872' title='bbox 3502 5437 3806 5492; x_wconf 75' lang='lat' dir='ltr'><strong>mwcltatur</strong></span> 
     </span>
    </p>
   </div>
   <div class='ocr_carea' id='block_1_119' title="bbox 2223 5531 3800 5603">
    <p class='ocr_par' dir='ltr' id='par_1_119' title="bbox 2223 5531 3800 5603">
     <span class='ocr_line' id='line_1_119' title="bbox 2223 5531 3800 5603; baseline -0.004 -16"><span class='ocrx_word' id='word_1_873' title='bbox 2223 5532 2527 5597; x_wconf 86' lang='lat' dir='ltr'><strong>mulierem,</strong></span> <span class='ocrx_word' id='word_1_874' title='bbox 2576 5532 2829 5589; x_wconf 84' lang='lat' dir='ltr'><strong>videlicet</strong></span> <span class='ocrx_word' id='word_1_875' title='bbox 2869 5532 3194 5597; x_wconf 83' lang='lat' dir='ltr'><strong>Ecclesiam,</strong></span> <span class='ocrx_word' id='word_1_876' title='bbox 3239 5533 3306 5587; x_wconf 87' lang='lat' dir='ltr'><strong>de</strong></span> <span class='ocrx_word' id='word_1_877' title='bbox 3348 5549 3455 5603; x_wconf 90' lang='lat' dir='ltr'><strong>qua</strong></span> <span class='ocrx_word' id='word_1_878' title='bbox 3495 5533 3639 5586; x_wconf 88' lang='lat' dir='ltr'><strong>idem</strong></span> <span class='ocrx_word' id='word_1_879' title='bbox 3683 5531 3800 5584; x_wconf 76' lang='lat' dir='ltr'><strong>ait:</strong></span> 
     </span>
    </p>
   </div>
   <div class='ocr_carea' id='block_1_120' title="bbox 3379 5666 3802 5733">
    <p class='ocr_par' dir='ltr' id='par_1_120' title="bbox 3379 5666 3802 5733">
     <span class='ocr_line' id='line_1_120' title="bbox 3379 5666 3802 5733; baseline -0.012 -8"><span class='ocrx_word' id='word_1_880' title='bbox 3379 5669 3424 5703; x_wconf 80' lang='grc'><strong>⁷⁸</strong></span> <span class='ocrx_word' id='word_1_881' title='bbox 3446 5666 3589 5725; x_wconf 89' lang='lat' dir='ltr'><strong>Osce</strong></span> <span class='ocrx_word' id='word_1_882' title='bbox 3619 5682 3713 5733; x_wconf 85' lang='lat' dir='ltr'><strong>vu,</strong></span> <span class='ocrx_word' id='word_1_883' title='bbox 3743 5666 3802 5721; x_wconf 64' lang='grc' dir='ltr'><strong>Δ.</strong></span> 
     </span>
    </p>
   </div>
  </div>
