4038 6182
284 290 420 357 1045
448 300 455 307 ’

1424 290 1506 351 ΙΝ
1547 291 1987 355 LEVITICUM.
2020 317 2089 327 -·
2128 292 2275 353 LIB.
2308 293 2407 355 VI.

3407 298 3543 362 1046

284 384 416 474 Viri,
447 402 666 481 diligite,
702 409 945 463 mulieres
984 416 1204 475 vestras,
1244 409 1399 473 sicut,
1426 417 1474 461 et
1515 406 1753 464 Christus
1784 410 1864 462 ιη-
1894 416 1936 470 Α
1965 408 2321 480 delinquitur,
2363 408 2494 465 illud
2539 419 2722 466 autem
2758 411 2815 466 in
2855 411 3023 467 lilium
3060 429 3089 469 a
3124 422 3300 485 patre.
3344 414 3548 471 Similis

283 501 409 557 texit
451 500 744 556 Ecclesium
771 502 842 557 ⁸⁸.
888 500 957 556 Et
1005 518 1237 557 rursus:
1270 501 1560 572 Propterea
1605 501 1861 573 relinquet

280 595 432 648 homo
461 602 666 663 patrem
696 603 747 647 et
773 603 1019 660 matrem,
1055 604 1103 648 et
1142 595 1425 649 adluerebit
1465 597 1619 650 uxori
1656 612 1784 657 suae,
1814 606 1863 649 et

278 695 430 740 erunt
484 686 587 740 duo
629 687 687 739 in
730 703 890 740 carne
934 704 1060 740 una.
1111 686 1513 743 Sacramentutn
1560 698 1736 742 autem
1771 691 1865 743 IIOC

281 794 535 849 magnum
563 787 657 832 est.
697 777 808 850 Ego
839 788 1016 833 autem
1047 780 1161 833 dico
1196 782 1250 833 in
1277 778 1486 835 Christo
1515 792 1561 835 ct
1604 784 1658 835 in
1687 783 1865 837 Eccle-

280 868 363 922 sia
395 867 464 921 “.
505 866 807 923 Moechatus
857 877 1039 922 autem
1079 868 1259 923 verbis
1302 869 1572 939 turpibus,
1614 871 1865 925 dissenti-

281 976 421 1015 nans
445 960 496 1013 in
521 975 586 1015 ea
610 960 918 1015 doctrinam
948 960 1248 1030 propriam,
1267 972 1448 1015 etnon
1473 960 1697 1027 Christi,
1725 962 1865 1018 sicut

280 1052 361 1108 ait
405 1051 627 1120 Paulus,
656 1053 824 1122 turpis
860 1051 992 1106 lueri
1014 1051 1192 1121 gratia
1222 1051 1290 1116 ³³,
1322 1080 1395 1093 -—
1422 1062 1586 1107 morte
1609 1054 1867 1107 moriatur

282 1152 332 1198 et
377 1144 606 1198 iniec/tus
647 1157 700 1197 et
740 1142 1006 1197 adultera.
1038 1142 1097 1197 ld
1142 1152 1248 1207 est,
1273 1143 1363 1213 qui
1408 1143 1643 1198 alienum
1675 1161 1869 1215 super-

284 1236 523 1290 seminat
555 1235 804 1300 verbum,
849 1244 907 1291 et
946 1236 1213 1302 Ecclesia,
1246 1252 1367 1305 quae
1406 1237 1460 1290 in
1494 1238 1620 1291 talia
1664 1239 1867 1308 patitur

285 1327 569 1383 seminari.
606 1327 759 1382 Hanc
788 1327 957 1394 enim,
991 1326 1132 1382 sicut
1162 1327 1422 1392 diximus,
1456 1344 1677 1383 uxorem
1710 1330 1867 1384 intel-

285 1415 540 1488 ligamus.
585 1416 829 1473 Primum
877 1419 1097 1488 quidem
1150 1418 1269 1472 veri
1320 1419 1567 1491 conjugis
1616 1421 1870 1476 videlicet

284 1508 513 1574 Christi,
561 1509 760 1565 deinde
810 1521 865 1565 et
916 1509 1204 1582 conjugem
1256 1510 1397 1580 ejus,
1440 1513 1525 1567 cui
1578 1528 1608 1566 a
1653 1513 1885 1573 Christo,

285 1602 495 1656 credita
526 1611 609 1656 est
644 1600 885 1657 Ecclesia
937 1602 1260 1667 sacerdotis,
1293 1612 1389 1657 aut
1429 1602 1567 1658 forte
1609 1604 1864 1659 doctoris.

282 1692 566 1762 Quotquot
613 1695 759 1747 enim
804 1693 1112 1749 :emulando
1157 1695 1459 1758 Christum,
1501 1704 1555 1751 et
1598 1698 1666 1750 ad
1708 1712 1867 1751 suum

285 1783 475 1839 odium
522 1784 751 1838 verbum
807 1795 1206 1859 corrumpunt,
1261 1787 1404 1842 circa
1463 1787 1868 1858 naufragantes,

287 1872 430 1928 sicut
458 1872 781 1944 llymenreus
815 1883 868 1928 et
898 1875 1220 1941 Alexander,
1255 1893 1392 1947 quos
1427 1878 1653 1933 tradidit
1676 1877 1875 1933 Paulus

287 1963 506 2019 Satanae
523 1962 627 2028 ⁸³⁸,
652 1972 711 2017 ιιι
762 1964 1040 2020 discerent
1078 1981 1191 2019 non
1220 1967 1627 2036 blasphemare,
1679 1968 1874 2022 horum

288 2055 618 2110 adulterium
657 2056 711 2109 in
747 2071 1035 2126 personam
1066 2056 1270 2110 Christi
1303 2067 1603 2127 reputatur.
1629 2057 1873 2124 Quicun-

288 2162 399 2218 que
431 2157 616 2201 autem
653 2148 1000 2201 mtnulatione
1033 2148 1346 2218 hominum,
1367 2151 1457 2219 qui
1490 2151 1749 2221 tegendas
1774 2152 1875 2203 Ee-

289 2238 488 2294 clesias
518 2248 646 2294 sunt
675 2240 875 2302 sortiti,
900 2240 1005 2293 tale
1030 2241 1310 2309 quidpiam
1340 2242 1566 2306 faciunt,
1595 2250 1655 2297 ut
1683 2258 1873 2296 eorum

291 2332 601 2387 doctrinam
645 2334 937 2396 subruunt,
977 2335 1120 2403 quod
1156 2333 1356 2389 Paulus
1384 2337 1752 2392 Alexandrum
1795 2339 1875 2392 fe-

292 2423 434 2477 cisse
488 2423 624 2477 dixit
662 2424 934 2485 aerarium.
975 2427 1051 2479 ait
1096 2427 1241 2480 cuitu
1273 2446 1286 2481 :
1313 2428 1611 2482 Alexander
1653 2432 1876 2484 arrarius

293 2514 465 2569 multa
503 2514 645 2567 mala
683 2515 810 2567 mihi
838 2516 1084 2578 ostendit,
1131 2517 1305 2570 reddet
1336 2518 1382 2569 ei
1418 2518 1668 2571 Dominus
1693 2536 1876 2573 secun-

292 2611 421 2659 dum
468 2622 627 2675 opera
676 2622 798 2671 sua,
844 2623 996 2676 quem
1045 2614 1093 2661 et
1142 2615 1197 2661 tu
1235 2609 1429 2670 devita,
1478 2610 1698 2662 multum
1738 2611 1876 2663 enim

291 2698 488 2752 restitit
511 2699 678 2753 verbis
702 2700 893 2752 nostris
922 2699 988 2753 ⁸⁸.
1018 2700 1222 2755 Ποι-ιιιιι
1252 2700 1578 2755 adulterium
1608 2702 1662 2756 in
1691 2703 1874 2773 proxi-

291 2802 446 2842 mum
478 2796 785 2858 reputatur,
809 2804 935 2843 eum
976 2790 1259 2845 sacerdote
1300 2789 1570 2855 videlicet,
1604 2790 1718 2846 sive
1748 2807 1878 2846 con-

288 2880 543 2945 ductorc,
576 2889 802 2951 propter
838 2882 996 2950 cujus
1028 2882 1452 2947 aemulationem,
1488 2882 1554 2937 ad
1589 2883 1749 2937 talem
1795 2885 1877 2938 itt-

283 2971 559 3042 iustitiam
621 2973 991 3044 progreditur.
1042 2973 1148 3028 Sed
1195 2981 1251 3028 et
1300 2974 1463 3044 hujus
1511 2989 1673 3043 pinna
1730 2990 1877 3030 mors

1964 511 2147 556 autem
2181 501 2435 572 impietas
2467 513 2547 559 est
2580 503 2749 559 lilium
2779 504 2950 576 patris
2980 508 3065 560 sui
3095 508 3395 574 denudarc,
3430 508 3548 564 sive

1964 590 2250 646 ditl'amare
2289 601 2595 662 peccatum,
2627 610 2751 648 cum
2791 603 2845 647 et
2881 594 2981 664 ipsi
3017 595 3071 649 in
3113 595 3382 652 similibus
3409 596 3549 653 deli-

1963 686 2207 755 querint.
2265 684 2347 740 Ad
2402 701 2541 755 quos
2588 686 2788 741 Paulus
2825 686 3039 741 dicebat
3086 704 3099 740 :
3150 686 3375 757 Propter
3416 706 3551 759 quoa

1966 777 2338 832 inexcusabilis
2381 795 2456 843 es,
2489 795 2518 831 o
2555 777 2707 855 homo
2737 779 2903 832 omnis
2942 779 3031 847 qui
3067 778 3283 847 judicas
3309 797 3326 845 ;
3352 781 3405 833 in
3451 800 3552 852 quo

1967 871 2105 924 enim
2131 870 2297 924 alium
2315 870 2553 939 judicas,
2579 872 2801 940 teipsum
2829 870 3166 937 condemnas,
3197 876 3382 926 eadem
3414 876 3553 929 enim

1968 959 2104 1030 agis,
2138 967 2186 1013 et
2212 959 2432 1028 Judicas
2462 958 2531 1012 ⁸⁸.

2040 1049 2210 1106 Vens.
2260 1050 2345 1105 l5.
2382 1069 2400 1102 α
2437 1048 2544 1117 Qui
2598 1050 2884 1108 dormierit
2936 1068 3065 1109 cum
3116 1055 3359 1111 masculo
3407 1057 3555 1112 coitu

1971 1141 2229 1207 femineo,
2266 1149 2498 1213 uterque
2549 1153 2808 1212 operatus
2852 1153 2935 1199 est
2979 1146 3153 1213 nefas,
3204 1156 3381 1204 morte
3425 1165 3555 1204 mo-

1970 1233 2181 1288 riantur
2211 1252 2227 1290 :
2261 1234 2333 1289 sit
2362 1239 2587 1306 sanguis
2618 1251 2808 1292 eorum
2839 1252 3007 1309 super
3034 1254 3148 1294 eos.
3186 1260 3205 1290 ι

2040 1323 2177 1390 Quia
2223 1324 2424 1396 injuria
2467 1334 2676 1382 naturae
2714 1337 2799 1382 est
2834 1328 2938 1383 hoc
2967 1338 3276 1398 peccatum,
3314 1333 3569 1388 ostendit

1971 1426 2079 1471 tam
2121 1416 2338 1472 novitas
2362 1418 2503 1484 ejus,
2536 1434 2701 1487 quam
2743 1418 2977 1474 facinus.
3020 1421 3163 1493 Ergo
3206 1438 3317 1478 non
3354 1424 3557 1481 frustra

1969 1524 2186 1578 pcenam
2218 1509 2275 1563 in
2307 1508 2402 1563 illo
2437 1508 2631 1564 mortis
2661 1510 2746 1564 lex
2780 1509 3048 1566 decernit.
3090 1512 3202 1568 Nos
3237 1521 3420 1568 autem
3453 1516 3557 1571 hu-

1966 1600 2204 1669 justnodi
2239 1600 2521 1677 etgauditu
2560 1617 2898 1657 aversantur.
2946 1602 3249 1660 Careamus
3277 1615 3461 1661 autem
3503 1618 3558 1662 et

1971 1708 2095 1746 eum
2142 1692 2234 1763 qui
2286 1691 2443 1747 fortis
2494 1702 2578 1747 est
2630 1694 2832 1759 anima,
2874 1703 3037 1764 atque
3080 1694 3204 1750 ideo
3251 1696 3557 1766 appellatur

1973 1783 2278 1848 masculus,
2328 1784 2411 1839 vir
2466 1783 2611 1838 enim
2667 1784 2866 1853 ubique
2920 1784 2977 1840 in
3030 1785 3217 1841 divina
3274 1785 3557 1855 Scriptura

1974 1879 2249 1949 perfectus
2276 1880 2567 1935 virtutibus
2592 1881 2933 1946 nominatur,
2962 1881 3111 1937 unde
3135 1890 3190 1937 et
3213 1880 3415 1938 Paulus
3442 1882 3556 1941 ait:

1972 1973 2149 2027 Donec
2203 1989 2542 2028 occurramus
2592 1990 2770 2027 omnes
2819 1974 2877 2027 in
2929 1976 3103 2028 virum
3154 1975 3463 2046 perfectum,
3501 1977 3560 2031 in

1973 2080 2249 2130 personant
2301 2065 2475 2118 aztatis
2521 2065 2869 2134 plenitudinis
2918 2063 3116 2121 Christi
3150 2066 3220 2123 ⁸⁷.
3257 2064 3565 2127 Caveamus~

1974 2170 2104 2226 ergo
2140 2154 2321 2210 verbis
2370 2154 2695 2233 incongruis
2722 2156 3062 2222 ell‘euiinare,
3096 2156 3183 2213 vel
3226 2158 3567 2224 actionibus,
3646 2182 3651 2185 -

1974 2258 2030 2303 ct
2065 2249 2367 2307 dissolvere
2406 2250 2570 2321 hujus
2603 2250 2800 2306 anima:
2839 2251 3121 2317 virtutem,
3162 2251 3290 2307 dum
3336 2267 3460 2308 cum
3491 2267 3565 2309 eo

1976 2336 2229 2392 videlicet
2258 2346 2313 2392 et
2340 2353 2441 2393 nos
2473 2339 2861 2394 dissolvamur.
2894 2340 3190 2405 Utriusque
3217 2341 3387 2409 enim,
3416 2341 3559 2397 sicut

1975 2424 2179 2489 cernis,
2221 2440 2384 2494 poma
2420 2440 2569 2481 mors
2603 2433 2706 2480 est.

2047 2514 2211 2572 Vens.
2267 2516 2353 2570 H.
2397 2534 2415 2567 ι
2460 2515 2563 2582 Qui
2615 2532 2780 2587 supra
2831 2533 3055 2573 uxorem
3109 2519 3296 2586 filiam,
3342 2520 3561 2576 duxerit

1976 2617 2209 2662 matrem
2258 2607 2402 2678 ejus,
2457 2608 2637 2664 scelus
2692 2618 2953 2679 operatus
2996 2620 3097 2677 est,
3146 2611 3303 2668 vivus
3347 2613 3562 2669 ardebit

1976 2712 2100 2751 cum
2131 2696 2236 2763 eis,
2271 2711 2376 2753 nec
2429 2697 2774 2768 permanebit
2822 2707 3036 2755 tantum
3086 2700 3241 2757 nefas
3281 2702 3338 2757 in
3380 2702 3559 2758 medio

1977 2800 2165 2843 VCSU‘I.
2208 2807 2227 2841 ι

2047 2877 2220 2934 Nimis
2252 2886 2404 2935 recte
2442 2878 2521 2934 sic
2556 2893 2757 2935 saevam
2786 2893 3004 2950 prenam
3041 2878 3166 2935 huic
3206 2879 3444 2937 minatus
3473 2890 3560 2937 est

1978 2968 2199 3035 delicto,
2228 2984 2325 3025 eos
2357 2969 2508 3025 enim
2549 2970 2640 3041 qui
2680 2985 2749 3026 ex
2791 2981 2966 3026 matre
2996 2971 3161 3044 geniti
3194 2981 3341 3040 sunt,
3372 2950 3443 3030 ab
3472 2974 3559 3030 his

288 3072 379 3121 est
415 3082 429 3119 :
456 3066 608 3136 quia,
643 3065 749 3120 etsi
804 3082 913 3121 non
970 3067 1281 3136 specialiter
1331 3076 1520 3121 contra
1570 3066 1879 3141 Christum,
1903 3098 1944 3155 ο
1977 3062 2070 3130 (ιυί
2101 3076 2132 3115 a
2162 3061 2271 3116 filia
2296 3062 2467 3134 geniti
2496 3072 2645 3129 sunt,
2668 3079 2793 3119 cum
2820 3078 2964 3119 unus
2990 3065 3059 3119 sit
3081 3074 3257 3135 pater,
3285 3065 3558 3145 incertum

287 3167 476 3214 tamen
502 3168 693 3213 contra
717 3157 997 3213 hominem
1025 3159 1383 3224 contendens,
1403 3159 1647 3229 corrupit
1672 3160 1875 3214 Christi

287 3265 433 3320 opus
482 3263 811 3320 gregemque
866 3249 1161 3318 dispersit,
1214 3259 1438 3319 propter
1496 3250 1639 3319 quod
1696 3252 1876 3307 socius

290 3343 415 3411 ejus
459 3340 693 3395 ellicitur
728 3356 926 3412 paznat,
954 3340 1267 3410 quicunque
1306 3340 1375 3395 ab
1408 3356 1474 3396 eo
1513 3343 1787 3413 corrumpi
1819 3357 1878 3400 se

292 3432 522 3503 patitur.

367 3520 532 3577 Vens.
574 3523 762 3578 H42.
812 3542 831 3575 ι
869 3524 973 3590 Qui
1009 3524 1292 3578 dormierit
1325 3539 1449 3578 cum
1481 3540 1719 3581 noverca
1753 3543 1875 3594 sua,

294 3623 351 3669 et
396 3613 722 3668 revelaverit
766 3614 1123 3684 ignominiam
1169 3614 1340 3684 patris
1384 3615 1491 3679 sui,
1531 3625 1710 3671 morte
1761 3634 1879 3673 mo-

296 3705 511 3759 riantur
561 3704 754 3768 ambo,
806 3705 1029 3775 sanguis
1073 3719 1264 3758 eorum
1320 3705 1390 3759 sit
1441 3721 1607 3775 super
1656 3722 1770 3762 eos.
1821 3708 1878 3763 Si

294 3794 420 3867 quis
468 3793 757 3848 dormierit
803 3808 929 3848 cum
987 3809 1129 3847 nuru
1168 3809 1300 3857 sua,
1353 3801 1583 3865 uterque
1637 3797 1880 3853 morian-

295 3894 405 3951 tur,
431 3887 558 3957 quia
594 3886 774 3943 scelus
803 3887 1013 3958 operati
1044 3895 1190 3954 sunt,
1216 3889 1435 3959 sanguis
1463 3904 1652 3945 eorum
1685 3891 1755 3947 sit
1783 3908 1880 3948 su-

295 3995 394 4050 per
425 3994 533 4035 eos.
554 3998 572 4031 ι

366 4068 520 4124 Dicta
557 4077 687 4123 sunt
726 4069 842 4124 haec
876 4068 933 4123 in
967 4070 1071 4124 hoc
1094 4069 1318 4125 Levitici
1348 4070 1487 4126 libro
1513 4087 1543 4126 a
1576 4073 1883 4143 legislatore

296 4160 573 4230 superius,
609 4160 704 4215 sed
736 4160 846 4215 illic
900 4160 1118 4228 quidem
1147 4179 1162 4216 :
1198 4160 1319 4214 Non
1351 4160 1603 4216 reuelabis
1644 4166 1878 4234 turpitu-

294 4252 471 4309 dinem
501 4252 671 4321 patris
705 4252 782 4304 tui
814 4259 861 4304 et
898 4251 1106 4317 matris,
1144 4268 1236 4305 nec
1270 4254 1487 4317 sororis,
1520 4263 1569 4307 et
1605 4271 1790 4322 nurus,
1823 4266 1879 4312 ct

295 4342 632 4413 reliquorum
681 4358 779 4412 per
835 4342 1083 4396 ordinem
1136 4342 1278 4398 dixit
1304 4344 1372 4410 ⁸³,
1410 4347 1631 4416 quando
1676 4356 1731 4403 et
1775 4365 1879 4405 nos

1979 3164 2067 3210 est
2098 3162 2279 3209 utrum
2311 3155 2531 3222 fratres,
2559 3171 2629 3211 an
2661 3156 2962 3212 avunculus
2994 3167 3246 3228 oporteat
3273 3159 3556 3229 appellari.

1978 3246 2113 3301 Nam
2139 3262 2263 3301 cum
2294 3254 2450 3317 pater
2478 3263 2623 3304 unus
2651 3248 2743 3313 sit,
2768 3246 2967 3304 fratres
2990 3265 3085 3305 eos
3116 3250 3258 3323 cogit
3278 3250 3555 3307 :estimari.

1979 3336 2057 3390 Es
2091 3336 2304 3393 duabus
2346 3346 2528 3393 autem
2568 3338 2909 3410 parientibus
2945 3355 3069 3395 cum
3109 3356 3216 3397 una
3255 3342 3326 3398 sit
3363 3353 3557 3408 mater,

1978 3428 2083 3483 alia
2120 3428 2251 3496 ﬁlia,
2289 3430 2592 3485 avunculos
2622 3431 2746 3490 hos.
2771 3431 2864 3500 qui
2899 3440 3073 3486 matre
3102 3442 3232 3487 sunt
3268 3435 3459 3505 geniti,
3491 3436 3561 3491 ab

1949 3520 2066 3596 _his
2099 3521 2195 3590 qui
2225 3520 2337 3575 nati
2373 3528 2504 3576 sunt
2538 3520 2607 3576 de
2647 3520 2777 3586 filia,
2802 3522 3079 3593 compellit
3120 3526 3422 3580 necessitas
3464 3544 3562 3597 ap-

1979 3610 2171 3679 pellari
2209 3629 2221 3665 :
2257 3620 2315 3666 et
2354 3611 2459 3666 hoc
2503 3610 2726 3681 quidem
2769 3610 2926 3667 valde
2970 3613 3276 3668 secundum
3327 3616 3564 3676 litteram

1980 3700 2307 3767 custoditur,
2335 3710 2392 3757 et
2410 3709 2637 3759 cavetur
2658 3702 2969 3773 huiusmodi
2995 3704 3205 3759 incerta
3229 3706 3567 3771 commistio,

1978 3792 2302 3864 generisque
2357 3793 2628 3853 confusio.
2693 3795 2833 3862 Quia
2883 3795 3063 3852 omnis
3117 3799 3328 3867 peccati
3385 3808 3567 3859 male:

1980 3885 2427 3956 concupiscentia
2452 3896 2558 3953 est,
2603 3894 2821 3957 oportet
2846 3896 2903 3943 et
2932 3888 3037 3944 hoc
3075 3890 3390 3960 przecaveri,
3420 3899 3481 3946 ut
3517 3893 3563 3948 si

1983 3994 2087 4048 qua
2140 3980 2300 4036 nobis
2358 3980 2569 4051 peccati
2625 3981 3074 4052 concupiscentia
3125 3982 3224 4047 sit,
3277 4000 3451 4055 usque
3492 3985 3564 4042 ad

1983 4071 2125 4126 hanc
2182 4079 2415 4140 stemus,
2446 4081 2503 4126 et
2549 4087 2661 4129 non
2713 4073 2762 4128 ei
2820 4072 3217 4144 conjungamus
3265 4075 3558 4131 actionem.

1981 4161 2085 4230 Qui
2114 4173 2295 4219 autem
2321 4164 2626 4237 conjungit,
2667 4165 2725 4220 in
2764 4166 2888 4238 igne
2915 4166 3289 4233 succenditur,
3319 4183 3429 4223 non
3474 4184 3567 4225 so-

1981 4256 2093 4310 lum
2124 4263 2306 4311 autem
2335 4257 2476 4327 ipse,
2499 4258 2597 4313 sed
2625 4266 2680 4314 et
2707 4257 3042 4313 desiderium
3072 4260 3306 4328 peccati,
3337 4260 3565 4332 insuper

1980 4356 2036 4404 et
2079 4349 2222 4404 actio
2269 4349 2407 4419 ipsa.
2440 4349 2560 4417 Quo
2608 4350 2773 4422 igne?
2818 4349 2887 4406 de
2924 4367 3034 4421 quo
3084 4351 3223 4407 dixit
3262 4352 3561 4409 Christus:

294 4432 413 4488 haec
442 4442 801 4504 exponentes,
836 4449 945 4487 non
988 4434 1163 4489 solum
1196 4436 1372 4505 turpis
1408 4448 1787 4507 cognatorum,
1816 4450 1871 4497 et
1903 4438 1949 4494 Ι)
1983 4437 2165 4510 Ignem
2198 4441 2315 4495 veni
2350 4441 2558 4495 mittere
2581 4442 2636 4496 in
2657 4450 2823 4507 terra,
2854 4451 2907 4497 et
2927 4442 3041 4496 volo
3065 4454 3121 4496 ut
3151 4445 3472 4499 accendatur
3491 4446 3560 4512 ⁸⁸,

293 4525 517 4580 nefaria:
562 4526 962 4582 commistionis
1016 4527 1415 4583 aversationem
1456 4530 1629 4601 legem
1678 4533 1873 4603 przeci-

295 4632 449 4688 pere,
486 4617 583 4672 sed
621 4628 675 4672 et
712 4620 779 4675 de
827 4635 935 4676 non
976 4620 1303 4687 revelandis,
1338 4637 1460 4692 qum
1497 4625 1872 4695 cognovimus,

293 4724 474 4780 neque
534 4710 881 4769 dilfamandis
949 4714 1291 4780 carnalium,
1357 4714 1723 4785 spiritalium,
1790 4719 1879 4774 vel

295 4809 653 4871 cognatorum
706 4805 948 4874 peccatis
987 4806 1130 4861 dicta
1178 4819 1302 4861 esse
1353 4807 1724 4876 exposuimus.
1777 4808 1878 4864 llic

294 4899 478 4947 autem
525 4894 691 4960 Deus,
746 4897 792 4949 si
842 4898 1135 4963 dormierit,
1186 4898 1396 4954 addidit
1435 4916 1449 4952 :
1484 4900 1639 4955 illum
1684 4902 1879 4970 procul

293 4984 462 5041 dubio
490 4986 767 5043 deducens
797 4989 867 5044 ad
894 4991 1158 5055 medium,
1195 4992 1290 5061 qui
1322 4991 1573 5047 eamdem
1604 4993 1876 5048 actionem

294 5092 542 5147 pravam,
578 5095 740 5149 quam
788 5081 1096 5151 proximum
1135 5084 1317 5155 egisse
1364 5084 1640 5155 cognovit,
1681 5082 1880 5139 nihilo-

294 5171 477 5228 minus
532 5174 679 5244 agit,
735 5190 838 5230 nec
889 5176 1100 5247 peccati
1154 5178 1469 5233 societatem
1529 5178 1878 5243 erubescens,

294 5264 463 5319 etiam
501 5265 583 5321 sic
611 5266 831 5322 exsistit
859 5267 1105 5338 proditor
1132 5267 1186 5321 in
1215 5283 1324 5337 quo
1357 5276 1413 5322 et
1437 5271 1629 5325 mortis
1661 5285 1879 5340 pinnam

294 5355 575 5428 legislator
603 5368 753 5414 recte
781 5358 1059 5417 definivit.
1088 5357 1236 5414 Bene
1271 5367 1453 5415 autem
1483 5375 1736 5423 novercae
1774 5379 1879 5419 nu-

295 5463 417 5504 rum
456 5450 764 5521 conjunxit,
792 5452 921 5522 quia
970 5451 1072 5507 hoc
1118 5450 1338 5521 quidem
1387 5450 1442 5506 in
1492 5462 1648 5523 patre
1695 5469 1727 5510 a
1767 5454 1877 5511 filio

367 5653 410 5685 ”
440 5652 655 5710 Coloss.
684 5671 766 5720 ιιι,
802 5655 887 5709 19.

1011 5655 1055 5684 ⁸¹
1090 5652 1289 5723 prcs.
1316 5654 1464 5723 v,.3l
1525 5653 1612 5711 32.

307 5712 548 5780 “Levit.
581 5741 735 5792 svnt,
753 5712 794 5747 ’⁸⁸

835 5739 984 5797 seqq.
1068 5718 1301 5813 "Rom.
1333 5718 1397 5793 tt,
1434 5727 1484 5779 t.

1562 5654 1612 5708 '2.
1738 5654 1786 5685 ⁸³
1817 5654 1925 5709 Tit.
1958 5672 1994 5717 ι,
2026 5655 2111 5709 Η.
2212 5654 2281 5686 ³³⁸
2316 5654 2333 5708 1
2368 5654 2511 5707 Tim.
2554 5669 2612 5720 t,
2646 5654 2741 5715 20;
2868 5654 2914 5682 ⁸⁵
2943 5654 2986 5705 ll
3035 5654 3156 5705 Tim

1558 5726 1600 5758 ⁸⁷
1635 5724 1838 5797 Ephes.
1868 5739 1941 5793 tv,
1972 5726 2055 5780 l5.
2125 5726 2169 5759 "
2198 5725 2332 5782 Luc.
2363 5737 2460 5791 xu,
2522 5724 2600 5779 ιιι.
2677 5725 2722 5755 ⁸⁸
2760 5718 2921 5777 ﬁom.
2950 5737 3067 5787 vnt,
3098 5720 3178 5774 15.

1978 4534 2033 4589 id
2076 4542 2159 4589 est
2192 4534 2726 4590 administrationem
2761 4535 3010 4606 spiritus,
3044 4536 3135 4607 qui
3176 4537 3328 4603 ipsos
3366 4554 3561 4608 pecca-

1979 4633 2126 4681 tores
2156 4625 2226 4681 de
2252 4626 2438 4704 medio
2465 4626 2697 4693 auferet,
2725 4643 3027 4700 eorumque
3058 4638 3301 4699 peccata.
3335 4629 3394 4685 Si
3423 4631 3563 4685 enim

1978 4719 2191 4789 spiritu,
2229 4719 2307 4774 ait
2354 4717 2579 4786 Paulus,
2628 4720 2771 4789 facta
2819 4723 2998 4776 carnis
3048 4722 3393 4791 mortiﬁcatis,
3423 4723 3563 4777 viue-

1982 4809 2050 4863 tis
2075 4808 2141 4861 ”.

2052 4898 2217 4954 Vens.
2252 4899 2338 4968 l5,
2374 4901 2460 4957 16.
2496 4920 2516 4954 ι
2549 4900 2653 4968 Qui
2683 4916 2806 4957 cum
2836 4903 3109 4973 jumento,
3141 4910 3199 4959 et
3232 4917 3433 4974 pecore
3469 4917 3565 4961 co.-

1979 4990 2127 5058 ierit,
2158 5002 2335 5048 morte
2373 4993 2641 5050 moriatur
2677 5011 2689 5048 :
2728 5008 2895 5063 pecus
2921 5008 3138 5064 quoque
3167 4993 3464 5050 occidetur.
3498 4992 3567 5049 Et

1982 5081 2198 5149 mulier,
2225 5099 2347 5154 quin
2378 5086 2732 5142 succubuerit
2759 5086 3030 5157 jumento,
3068 5085 3234 5141 simul
3268 5084 3565 5143 interﬁcie-

1983 5183 2073 5230 tur
2101 5190 2226 5229 cum
2259 5190 2347 5231 eo.
2383 5175 2617 5249 Sanguis
2646 5192 2834 5232 eorum
2869 5192 3033 5247 super
3056 5192 3173 5258 eos.
3209 5198 3229 5230 ι

2054 5264 2235 5322 Nimia
2274 5274 2465 5321 contra
2503 5266 2767 5338 populum
2809 5266 3123 5322 Iudaeorum
3153 5266 3564 5340 legislalor.uti-.

1986 5368 2078 5415 tur
2118 5357 2482 5425 districtione,
2511 5358 2640 5428 quia
2678 5357 2736 5411 in
2766 5364 2979 5410 tantum
3024 5356 3216 5427 iniqui,
3245 5365 3412 5427 atque
3440 5358 3566 5413 libi.

1986 5450 2101 5507 dini
2136 5449 2309 5506 dediti
2336 5456 2512 5516 erant,
2540 5457 2600 5502 ut
2628 5448 2697 5502 ad
2729 5457 2946 5503 exteras
2977 5448 3138 5504 etiam
3168 5446 3564 5519 concupiscens

2212 5654 2281 5686 "°
2316 5653 2333 5708 1
2368 5651 2511 5707 Tim.
2554 5669 2612 5720 t,
2646 5652 2741 5715 20;
2771 5718 2788 5720 η
2868 5649 2914 5682 ⁸³⁵
2943 5649 2986 5705 ll
3034 5644 3156 5705 T-im
3198 5666 3248 5704 tv
3284 5689 3298 5717 ,
3323 5648 3433 5713 l4,
3484 5647 3547 5701 15
