4038 6182
473 209 606 276 1047

1648 212 2010 273 HESYCHII
2056 210 2529 273 PRESBYTEIH

3578 188 3719 253 1048

470 322 572 375 tias
615 319 955 385 aberrarent,
989 326 1048 375 et
1091 327 1379 390 propterea
1430 333 1557 374 cum
1603 315 2046 390 quadrupedibus
2076 327 2119 381 Α
2147 330 2336 389 spectu
2384 320 2617 376 borum?
2665 316 2735 374 Ut
2782 317 2945 372 unius
2985 328 3147 385 poma
3178 307 3360 368 caeteri
3400 302 3725 377 pudicitiam

466 410 594 475 viri,
631 410 982 479 mulierisque
1013 408 1415 466 commistionis
1446 409 1779 464 mentionem
1811 409 2041 478 faciens,

470 500 665 557 mortis
715 513 838 555 esse
888 499 1202 569 hujusmodi
1238 514 1458 570 pernam
1504 500 1919 556 demonstravit.
1966 501 2047 556 Tu

470 604 671 662 autem,
703 594 935 652 forsitan
982 592 1312 664 superﬂuam
1354 610 1478 650 esse
1512 593 1764 654 ﬁdelibus
1800 598 1943 653 hanc
1972 597 2050 650 le-

471 704 590 761 gem
619 689 922 759 judicabis;
958 701 1137 757 neque
1185 687 1355 750 enim,
1402 687 1604 759 inquis,
1650 700 1815 761 egent
1861 690 2051 759 hujus-

472 779 617 836 modi
663 781 787 851 jure
831 779 1065 837 censeri.
1109 777 1229 835 Non
1273 787 1454 835 autem
1501 790 1585 835 est
1627 780 1923 852 superﬁua,
1958 780 2051 837 sed

471 870 639 926 nimis
668 871 788 940 ejus
826 885 927 925 nos
966 870 1159 940 juvare
1192 870 1451 940 spiritalis
1492 880 1674 941 potest
1712 873 2050 943 contempla-

472 961 550 1018 tio
579 978 593 1015 :
624 960 668 1014 si
703 960 1101 1031 quadrnpedia,
1124 959 1436 1031 voluptates
1467 978 1685 1033 pravas,
1713 973 1771 1019 et
1795 958 2051 1020 deorsum

475 1057 677 1103 terram
707 1058 1030 1106 contuentes
1071 1046 1441 1121 intelligamus
1476 1068 1491 1109 :
1524 1059 1711 1122 utpote
1754 1053 1905 1107 omni
1948 1053 2053 1107 hu-

473 1141 637 1191 mana
683 1148 937 1194 carentes
991 1135 1205 1193 actione.
1251 1153 1267 1188 :
1310 1147 1366 1192 et
1419 1147 1709 1210 propterea
1759 1141 2055 1211 appellatas

476 1225 869 1296 quadrupedia,
909 1240 1037 1294 quia
1080 1227 1455 1298 quadrupedia
1506 1245 1722 1293 manus,
1768 1232 1910 1286 sicut
1955 1233 2055 1287 ho-

476 1314 675 1381 mines,
712 1329 824 1368 non
869 1314 1092 1381 habent,
1130 1325 1291 1386 atque
1319 1316 1443 1372 ideo
1471 1320 1704 1374 maxima
1738 1332 1923 1375 nostra
1960 1337 2055 1376 co-

477 1406 739 1476 gnatione
788 1417 999 1463 carent.
1053 1407 1378 1479 Quicunque
1426 1425 1556 1483 ergo
1591 1410 1693 1476 vir,
1725 1421 1820 1467 aut
1861 1412 2057 1467 mulier

477 1496 547 1552 ad
583 1496 921 1569 alienigenas
960 1498 1270 1569 voluptates
1317 1500 1373 1554 in
1419 1510 1626 1557 tantum
1674 1503 1962 1566 incumbit,
1997 1513 2057 1558 ut

477 1600 552 1642 ne
578 1587 796 1657 quidem
826 1602 927 1657 per
962 1587 1229 1643 desidiam
1272 1590 1340 1645 ab
1380 1591 1464 1647 eis
1513 1593 1780 1663 capiatur,
1813 1594 1908 1649 sed
1944 1594 2053 1648 imo

2150 412 2378 468 disca'nt.
2410 412 2741 482 interempto
2775 419 2956 465 autem
2997 413 3309 484 peccatore,
3341 405 3398 454 et
3434 403 3727 467 peccatum

2148 503 2310 559 simul
2357 501 2562 568 interit,
2595 497 3050 572 quemadmodum
3094 492 3264 550 semel
3301 491 3356 546 in
3402 485 3728 561 pmeeden-

2150 593 2297 648 tibus
2325 591 2581 647 diximus.

2221 682 2384 738 Vens.
2438 681 2525 737 l8.
2574 699 2592 731 ι
2634 680 2740 746 Qui
2776 665 2971 733 coierit
3019 688 3143 730 cum
3189 670 3418 727 muliere
3469 667 3526 722 in
3570 666 3728 720 ﬂuxu

2152 781 2451 837 menstruo,
2494 780 2549 826 et
2592 768 2921 827 revelaverit
2960 763 3351 836 turpitudinem
3396 760 3537 830 ejus,
3577 758 3731 828 ipsae

2151 879 2257 934 que
2305 862 2581 934 aperuerit
2626 860 2834 917 fontem
2885 857 3167 931 sanguinis
3205 853 3288 909 sui
3327 849 3731 915 interﬁcientur

2152 955 2311 1010 ambo
2344 954 2412 1008 de
2443 954 2621 1008 medio
2647 952 2831 1023 populi
2864 952 2966 1006 sui.
3001 969 3019 1002 ι

2223 1046 2264 1099 Α
2325 1054 2658 1100 menstruata
2716 1042 2980 1099 abstineri
3030 1034 3307 1114 legislator
3355 1054 3469 1092 non
3524 1034 3731 1090 frustra

2153 1138 2428 1208 praecepit,
2454 1138 2547 1193 sed
2577 1136 2854 1191 hominem
2878 1134 3115 1189 suadens
3139 1132 3204 1187 ad
3232 1129 3547 1202 pudicitiam
3569 1126 3733 1181 casti-

2154 1229 2385 1299 tatisque
2408 1244 2528 1283 cum
2551 1226 2884 1299 diligentiam
2906 1225 3128 1289 habere,
3148 1238 3212 1277 ex
3234 1238 3338 1292 qua
3366 1218 3732 1275 sanctiﬁcatio

2152 1320 2437 1390 provenit,
2484 1318 2677 1372 nolens
2718 1327 2771 1371 et
2820 1317 2874 1369 in
2918 1315 3083 1370 modo
3133 1328 3419 1384 porcorum
3464 1311 3733 1366 continue

2154 1407 2473 1463 mulieribus
2500 1406 2737 1472 misceri,
2764 1414 2821 1460 et
2848 1406 2914 1459 ad
2941 1417 3288 1459 communem
3319 1400 3729 1470 corruptionem

2155 1514 2366 1562 var-are,
2402 1498 2493 1552 sed
2538 1514 2605 1552 ex
2650 1505 2836 1552 coacta
2882 1494 3211 1549 abstinentia
3249 1507 3406 1546 usum
3447 1491 3624 1545 facere
3654 1492 3729 1546 ad

2157 1588 2568 1647 continentiam.
2616 1587 2721 1643 Sed
2758 1586 3211 1657 quemadmodum
3246 1583 3489 1654 disperdi
3529 1599 3620 1637 eus
3657 1584 3729 1638 de

476 1655 637 1733 valde
665 1677 745 1733 eis
767 1655 1059 1745 θοὶιωιιθει,
1088 1688 1291 1734 etcum
1317 1681 1400 1735 eis
1424 1655 1600 1747 coeat;
1632 1691 1693 1737 ut
1721 1655 2053 1739 cummis-vtio.
2085 1655 2129 1712 Β
2157 1680 2356 1751 populo
2402 1695 2502 1733 suo
2550 1655 2843 1748 prmeepit.
2899 1692 3025 1731 cum
3078 1675 3457 1747 purgationem
3499 1675 3581 1740 ei,
3629 1675 3727 1744 qui

475 1782 607 1822 nem
638 1782 762 1822 cum
795 1767 879 1823 eis
910 1769 1227 1825 diuturnam
1269 1779 1325 1826 et
1361 1782 1798 1842 perseverantem
1833 1775 2050 1837 haheat,

479 1872 609 1913 reus
634 1867 719 1914 est
748 1858 817 1923 is,
852 1860 948 1930 qui
996 1860 1121 1916 talis
1164 1870 1267 1927 est,
1299 1863 1484 1917 morti.
1520 1863 1621 1919 llic
1654 1873 1739 1921 est
1776 1865 1920 1920 enim
1952 1881 2054 1919 ne-

477 1947 741 2004 fariarum
773 1950 1059 2006 libidinum
1092 1949 1235 2018 ﬁnis,
1266 1954 1359 2022 qui
1398 1954 1752 2023 operantibus
1776 1971 1871 2012 eas
1894 1956 2055 2028 puni-

480 2039 575 2106 tis,
609 2048 758 2095 recte
804 2041 908 2111 ipsi
957 2041 1122 2096 etiam
1179 2043 1318 2097 mori
1370 2044 1648 2100 dicuntur.
1689 2047 1875 2117 Neque
1904 2051 2053 2102 enim

478 2143 579 2200 per
605 2144 666 2185 se
694 2130 1076 2197 subsistentes,
1109 2131 1237 2201 quia
1270 2133 1417 2188 nulla
1448 2144 1531 2189 est
1558 2137 1767 2207 peccati
1798 2137 2054 2192 substan-

481 2220 555 2275 tia
592 2218 649 2275 in
689 2222 1094 2291 peccatoribus,
1130 2234 1449 2294 operantur,
1476 2226 1677 2296 quibus
1707 2235 1891 2283 tamen
1927 2244 2055 2299 per-

480 2312 629 2379 ditis,
660 2324 720 2369 et
753 2313 888 2383 ipsae
913 2315 1076 2370 simul
1100 2324 1353 2386 pereunt.

551 2403 716 2461 Vsus.
756 2406 843 2462 i7.
879 2425 899 2460 ι
934 2406 1037 2473 Qui
1084 2409 1358 2479 acceperit
1403 2425 1647 2467 sororem
1697 2428 1851 2469 suam
1890 2414 2055 2469 ﬁliam

480 2498 659 2569 patris
697 2498 805 2564 sui,
830 2499 920 2554 vel
955 2499 1122 2553 ﬁliam
1156 2500 1348 2555 matris
1388 2516 1521 2568 suae,
1564 2511 1619 2558 et
1651 2504 1851 2559 viderit
1879 2505 2057 2576 turpi-

483 2585 730 2641 tudinem
771 2586 911 2657 ejus,
947 2588 1146 2659 illaque
1190 2591 1541 2660 conspexerit
1590 2592 1776 2648 fratris
1823 2595 2057 2665 ignomi-

483 2674 655 2741 niam,
689 2675 955 2732 nefariam
1006 2693 1122 2733 rem
1174 2680 1387 2750 operati
1434 2691 1564 2737 sunt
1596 2699 1617 2737 :
1645 2684 1965 2740 occidentur
2002 2686 2059 2740 in

483 2781 784 2842 conspectu
840 2770 1063 2842 populi,
1119 2786 1187 2826 eo
1240 2772 1387 2841 quod
1444 2774 1838 2844 turpitudinem
1903 2791 2057 2832 suam

484 2872 676 2917 mutuo
753 2862 1119 2918 revelaverint
1194 2871 1251 2917 et
1333 2865 1633 2933 portabunt
1717 2866 2059 2937 iniquitatem

485 2970 661 3010 suam.
697 2973 716 3006 ι

556 3043 865 3100 Tolerabile
909 3058 1030 3099 esse
1070 3046 1195 3109 hoc,
1235 3059 1266 3099 a
1304 3045 1491 3100 multis
1539 3048 1855 3119 putabatur,
1903 3066 2059 3104 soro-

487 3140 641 3197 ribus
668 3138 790 3193 lilite
819 3138 1011 3209 patris,
1046 3138 1133 3193 vel
1178 3137 1302 3195 ﬁliae
1341 3140 1532 3196 matris
1560 3140 1798 3206 misceri,
1845 3142 1971 3211 quia
2006 3149 2062 3197 et

484 3230 759 3288 Abraham
788 3228 856 3284 de
883 3226 1013 3284 Sara
1045 3228 1261 3285 dicebat
1292 3249 1306 3284 :
1340 3228 1502 3285 Soror
1539 3247 1653 3285 mea
1690 3241 1765 3285 est
1795 3248 1860 3285 ex
1886 3241 2056 3301 patre,

486 3329 539 3375 et
574 3335 678 3374 non
706 3334 771 3373 ea:
796 3327 965 3372 matre
1006 3318 1075 3372 ”.
1117 3317 1272 3385 Quod
1323 3320 1545 3389 quidem
1595 3336 1705 3375 non
1746 3322 2060 3377 omnimodo

485 3410 566 3465 sic
593 3417 697 3473 est,
725 3407 868 3463 sicut
890 3408 1090 3463 habere
1117 3416 1340 3478 putatur
1367 3410 1594 3465 historia
1626 3429 1639 3465 :
1664 3426 1790 3465 nam
1823 3427 1937 3477 eos,
1965 3412 2058 3482 qui

483 3516 554 3557 ex
580 3499 760 3554 Thare
787 3509 941 3570 patre
977 3500 1249 3555 Abraham
1286 3501 1457 3571 geniti
1483 3489 1645 3567 'sunt,
1682 3501 1896 3573 Moyses
1930 3518 2059 3560 nar-

483 3607 631 3656 rans,
663 3607 933 3663 nusquam
971 3589 1122 3647 Sara;
1165 3592 1498 3647 mentionem
1548 3592 1697 3659 fecit,
1726 3594 1871 3662 quod
1915 3593 1962 3648 si
2003 3603 2059 3650 et

483 3681 658 3739 sorori
713 3697 827 3738 suae
880 3682 1154 3737 Abraham
1209 3683 1413 3752 nupsit,
1461 3693 1588 3738 ante
1648 3694 1831 3739 tamen
1894 3700 2057 3754 quam

480 3781 839 3845 cognosceret
882 3771 1075 3829 Deum.
1118 3758 1321 3828 Malum
1350 3782 1434 3829 est
1465 3790 1593 3846 ergo
1620 3776 1899 3830 sororibus
1926 3791 2060 3831 con-

477 3863 614 3935 jugii
654 3865 913 3919 societate
951 3863 1190 3932 misceri,
1218 3866 1364 3921 unde
1390 3875 1447 3921 et
1474 3865 1604 3921 illud
1635 3865 1721 3920 lex
1753 3866 2053 3938 prohibuit.

480 3954 619 4012 Cum
662 3971 792 4028 ergo
839 3958 956 4013 haec
997 3958 1077 4013 sic
1118 3974 1178 4014 se
1225 3959 1483 4024 habeant,
1516 3960 1828 4016 nullatenus
1857 3980 1887 4017 a
1919 3980 2058 4033 prai-

480 4047 627 4103 dicta
697 4049 1161 4119 contemplatione
1224 4053 1566 4106 recedamus.
1639 4051 2057 4123 Turpitudinem

481 4145 664 4194 autem
692 4139 897 4194 sororis
920 4154 988 4195 ex
1017 4149 1195 4209 patre,
1224 4150 1320 4196 aut
1356 4156 1422 4196 ex
1452 4152 1645 4206 matre,
1682 4159 1869 4199 revera
1907 4145 2056 4200 illum

482 4228 731 4299 intellige
772 4228 984 4292 videre,
1012 4237 1069 4285 et
1100 4230 1370 4301 accipere,
1404 4233 1498 4304 qui
1532 4241 1746 4306 turpem
1786 4237 2057 4293 actionem

2152 1768 2411 1825 dormivit
2448 1782 2570 1822 cum
2601 1774 2956 1831 menstruata,
2985 1766 3234 1836 superius
3259 1765 3564 1828 indixisset,
3590 1764 3732 1818 dixit

2153 1862 2295 1917 enim
2332 1879 2344 1915 ε
2380 1859 2440 1915 Si
2494 1860 2674 1913 coierit
2730 1874 2848 1913 cum
2907 1876 2969 1913 ea
3027 1858 3108 1912 uir
3166 1867 3396 1927 tempore
3455 1856 3731 1927 sanguinis

2154 1950 2510 2012 menstrualis,
2546 1951 2847 2003 immundus
2873 1950 2969 2003 erit
2999 1959 3193 2018 septem
3219 1949 3398 2001 diebus
3427 1948 3493 2000 ".
3525 1947 3731 2001 Deinde

2153 2057 2251 2114 per
2292 2043 2426 2107 haec,
2463 2041 2846 2111 purgationum
2887 2040 3150 2095 sacriﬁcia
3184 2054 3410 2093 narrans
3437 2037 3672 2093 subdidit
3703 2054 3720 2090 :

2153 2134 2263 2190 Ista
2299 2145 2372 2190 est
2414 2135 2496 2191 lex
2524 2136 2636 2205 ejus
2668 2136 2755 2206 qui
2788 2137 2991 2205 ﬂuxum
3026 2134 3240 2189 seminis
3288 2134 3500 2202 patitur,
3546 2140 3593 2184 et
3623 2132 3724 2199 qui

2155 2228 2432 2298 polluitur,
2465 2236 2513 2281 et
2542 2241 2658 2296 qua:
2699 2225 2972 2295 sanguinis
3013 2225 3217 2293 ﬂuxum
3258 2223 3455 2290 patitur
3488 2221 3542 2273 in
3576 2236 3733 2274 men-

2154 2321 2315 2375 struis
2368 2320 2497 2381 suis,
2534 2328 2583 2372 et
2634 2317 2892 2386 iuﬂuxum
2944 2316 3156 2369 seminis
3201 2315 3432 2382 patiente
3479 2312 3535 2364 in
3581 2312 3735 2379 ﬂuxu

2156 2428 2250 2467 suo
2303 2410 2535 2465 masculo
2583 2418 2631 2462 et
2682 2408 2877 2478 femina
2913 2408 2980 2459 ".
3024 2405 3090 2461 Et
3141 2407 3293 2469 viro,
3342 2404 3388 2458 si
3446 2401 3737 2458 dormierit

2157 2520 2282 2561 cum
2308 2509 2667 2566 menstruata,
2694 2500 2775 2555 sic
2803 2499 3019 2570 purgari
3059 2507 3114 2552 et
3152 2499 3317 2559 hunc,
3347 2498 3486 2551 sicut
3514 2504 3571 2550 et
3596 2496 3736 2549 alios

2158 2612 2267 2651 non
2297 2595 2479 2667 puniri
2522 2595 2657 2649 vult.
2701 2591 2843 2663 Ergo
2872 2591 3303 2660 contemplemur
3339 2596 3735 2667 menstruatam

2158 2659 2442 2759 genti-lium
2472 2659 2816 2754 sapientiam.
2850 2682 3011 2752 longe
3038 2659 3186 2735 enim
3213 2696 3243 2734 a
3270 2681 3380 2735 Deo
3411 2687 3518 2744 est,
3548 2659 3641 2733 sed
3680 2687 3741 2734 et

2159 2772 2227 2826 de
2270 2770 2456 2824 volatu
2496 2769 2700 2833 avium,
2741 2784 2906 2824 cursu
2938 2767 3178 2823 siderum
3218 2779 3272 2823 et
3314 2767 3584 2822 mensuris
3610 2767 3738 2822 eteli

2160 2863 2350 2918 dicens
2379 2870 2543 2932 atque
2580 2863 2803 2918 docens.
2839 2860 3113 2916 Cum‘hac
3152 2877 3281 2933 ergo
3323 2861 3618 2930 pessimum
3649 2871 3745 2914 est

2162 2953 2423 3018 dormire,
2458 2952 2513 3007 id
2536 2961 2621 3007 est
2652 2952 2909 3008 delectari
2945 2952 3002 3006 in
3030 2967 3115 3016 ea,
3143 2963 3198 3006 et
3228 2952 3320 3006 diu
3360 2944 3527 3014 coire,
3554 2950 3650 3004 sed
3684 2959 3745 3005 et

2163 3045 2425 3111 revelare,
2449 3055 2505 3100 et
2534 3045 2708 3115 palam
2738 3036 3007 3115 proferre,
3043 3043 3433 3114 turpitudinem
3462 3042 3599 3111 ejus,
3625 3050 3745 3096 tra-

2160 3136 2341 3192 dendo
2373 3150 2498 3203 eas,
2541 3150 2661 3205 qua:
2690 3134 2835 3205 apud
2872 3150 2992 3190 eam
3028 3144 3188 3199 sunt,
3221 3137 3411 3188 teletas
3435 3143 3491 3187 et
3520 3148 3745 3188 errores

2158 3243 2297 3298 quos
2325 3227 2508 3294 habet,
2542 3238 2597 3281 et
2631 3226 2837 3282 fontem
2883 3227 3050 3283 totius
3086 3227 3290 3282 erroris
3323 3234 3695 3297 exponentem
3728 3243 3744 3274 τ

2158 3320 2287 3390 quia
2312 3319 2399 3374 his
2425 3317 2736 3390 publicatis,
2764 3319 2969 3374 revelat
2996 3327 3053 3374 et
3082 3319 3197 3389 ipsa
3222 3318 3425 3374 ﬁuxum
3457 3318 3747 3388 sanguinis

2160 3407 2267 3473 sui,
2292 3408 2344 3462 id
2373 3416 2457 3461 est
2485 3422 2549 3461 ea
2576 3422 2697 3477 quat
2733 3416 2863 3462 sunt
2891 3408 2960 3463 de
2985 3407 3269 3463 sacriﬁciis
3309 3409 3576 3463 idolorum
3603 3410 3746 3463 sub-

2159 3500 2516 3554 introduceus
2548 3518 2560 3553 :
2593 3509 2817 3569 propter
2864 3500 3010 3569 quod
3061 3515 3171 3555 non
3218 3499 3537 3570 simpliciter
3576 3498 3743 3565 dixit,

2158 3590 2556 3660 interﬁcientur,
2588 3592 2684 3646 sed
2714 3591 2923 3646 addidit
2953 3610 2965 3645 :

2233 3684 2308 3737 De
2336 3684 2506 3738 medio
2529 3683 2707 3754 populi
2726 3685 2828 3738 sui.
2854 3683 2974 3746 Vel,
3018 3683 3321 3739 secundum
3346 3683 3514 3750 LXX,
3547 3702 3613 3739 ea:
3645 3703 3745 3757 ge-

2160 3793 2280 3833 nere
2304 3795 2417 3832 suo.
2453 3776 2589 3844 Quia
2613 3778 2704 3847 qui
2736 3778 3062 3848 sapientiam
3090 3779 3255 3833 tradit
3283 3778 3589 3850 gentilium,
3614 3795 3745 3849 quae

2158 3871 2543 3939 prmvaricatur
2575 3884 2820 3923 errorem
2866 3877 3138 3932 nostrum,
3186 3879 3243 3923 et
3271 3871 3559 3924 scientiam
3590 3872 3743 3940 ejus.

2158 3968 2214 4014 et
2255 3960 2533 4029 pietatem,
2592 3974 2702 4013 non
2743 3969 2823 4014 est
2873 3960 3082 4028 justum
3134 3962 3245 4029 jam
3300 3969 3361 4014 ut
3423 3961 3747 4017 nominetur

2159 4053 2323 4107 homo
2356 4070 2368 4106 :
2402 4051 2497 4106 sed
2527 4060 2582 4106 et
2608 4051 2843 4119 imagine
2878 4050 2976 4104 Dei
3006 4051 3388 4127 semetipsum,
3433 4052 3746 4122 ignorando

2158 4145 2498 4209 Creatorem,
2534 4143 2806 4214 privavit;
2839 4152 2895 4198 et
2923 4143 3046 4199 ideo
3092 4143 3423 4198 interﬁcitur
3457 4144 3525 4199 de
3556 4146 3744 4200 medio

2158 4234 2384 4306 populo,
2438 4233 2555 4289 sive
2584 4234 2651 4289 de
2677 4249 2877 4305 genere
2920 4248 3041 4297 suo,
3076 4243 3135 4289 ut
3182 4250 3292 4287 non
3315 4234 3432 4305 jam
3470 4236 3743 4306 sapientia

480 4334 511 4374 a
541 4328 697 4390 patre
739 4328 834 4376 aut
875 4329 1068 4386 matre,
1101 4320 1153 4376 id
1183 4329 1288 4389 est,
1332 4322 1386 4377 in
1425 4339 1532 4394 qua
1564 4333 1717 4394 pater
1756 4336 1849 4383 aut
1881 4338 2059 4384 mater
2089 4321 2131 4375 D
2161 4322 2494 4388 nominetur,
2542 4322 2639 4378 sed
2680 4332 2866 4379 careat
2908 4325 3056 4394 quod
3107 4325 3301 4380 habuit
3329 4324 3467 4381 falso
3512 4328 3743 4382 nomine

480 4409 728 4479 deliquit,
760 4425 871 4464 non
903 4410 1081 4466 solum
1113 4411 1280 4477 videt,
1312 4413 1409 4469 sed
1438 4422 1493 4469 et
1520 4415 1738 4486 accipit,
1771 4432 1871 4486 per
1899 4417 2054 4472 simi-

480 4498 587 4553 lem
617 4509 674 4555 et
713 4515 896 4571 parem
921 4503 1192 4557 actionem
1224 4519 1239 4558 :
1269 4512 1327 4559 et
1358 4505 1601 4561 nefarius
1637 4515 1723 4561 est
1774 4507 1861 4562 hic
1891 4523 1905 4561 :
1945 4524 2053 4562 non

481 4589 658 4644 solum
685 4598 1055 4660 perscrutans,
1077 4608 1199 4664 quae
1227 4609 1337 4650 non
1364 4596 1626 4666 oportuit,
1660 4599 1755 4653 sed
1781 4608 1836 4654 et
1863 4615 2055 4671 super—

480 4680 775 4746 adiﬁcans,
808 4689 865 4737 et
911 4683 1255 4756 eonjungens
1297 4700 1358 4742 se
1398 4695 1722 4757 perpetratae
1750 4703 1782 4743 a
1813 4690 2056 4760 parenti-

480 4772 585 4827 bus
614 4769 889 4842 pravitati.
920 4771 1055 4839 Qute
1083 4788 1240 4831 soror
1266 4776 1408 4847 ejus,
1436 4776 1593 4848 quasi
1634 4780 1787 4848 pravi
1819 4781 2058 4850 pravitas

479 4865 806 4937 appellatur.
850 4865 959 4922 Sed
991 4877 1046 4923 et
1080 4878 1138 4923 ut
1166 4868 1260 4939 qui
1286 4868 1591 4926 diﬁ‘amavit
1620 4885 1763 4937 eam,
1794 4881 1849 4928 et
1885 4874 2059 4930 disse-

480 4956 734 5021 minavit,
761 4957 989 5013 latentia
1011 4960 1159 5014 enim
1190 4960 1486 5030 plurimum
1517 4971 1803 5030 parentum
1836 4974 2057 5035 peccata

480 5046 770 5104 dilamant
801 5047 917 5116 ﬁlii,
946 5051 1167 5121 quando
1219 5062 1388 5125 agunt
1434 5055 1655 5111 similia.
1706 5057 1863 5114 Unde
1910 5059 2060 5113 hunc

479 5139 575 5208 qui
624 5141 750 5196 talis
799 5152 903 5205 est.
952 5142 1193 5213 disperdi
1243 5144 1300 5199 in
1353 5155 1651 5218 conspectu
1698 5149 1905 5219 populi,
1947 5149 2054 5213 vel,

481 5228 624 5286 sicut
652 5230 815 5298 LXX,
845 5234 902 5287 in
938 5245 1215 5304 conspectu
1253 5236 1486 5306 ﬁliorum
1523 5241 1727 5311 generis
1757 5241 1861 5304 sui,
1891 5240 1943 5295 id
1971 5250 2054 5295 est

481 5318 793 5379 videntibus
824 5325 1025 5380 similia
1063 5325 1446 5399 cogitantibus,
1478 5330 1736 5401 praecepit
1768 5349 1781 5385 :
1821 5331 1874 5385 hi
1905 5332 2051 5386 enim

482 5410 578 5468 ﬁlii
604 5415 822 5484 generis
851 5418 971 5489 ejus
998 5429 1144 5477 recte
1172 5420 1450 5480 dicuntur.
1477 5421 1589 5480 Cur
1616 5432 1799 5479 autem
1831 5424 1885 5478 in
1923 5439 2053 5480 con-

548 5614 595 5646 “
618 5612 756 5672 Gen.
786 5633 875 5684 xx,
913 5620 1000 5674 12.
1077 5624 1122 5657 ⁸⁸
1146 5623 1319 5682 Levit.
1353 5642 1447 5695 xv,
1476 5627 1566 5683 24.
1640 5627 1685 5660 ’¹
1718 5625 1848 5682 ibid.
1881 5627 1970 5693 52,
1994 5627 2085 5684 '55.

2159 4424 2323 4485 atque
2371 4415 2520 4481 ﬁcto,
2560 4426 2698 4471 teste
2749 4415 2939 4481 Paulo,
2981 4418 3074 4488 qui
3108 4419 3222 4474 ait:
3266 4419 3539 4489 Sapientia
3578 4423 3743 4493 hujus

2162 4507 2363 4571 mundi,
2390 4507 2615 4562 stultitia
2650 4517 2724 4563 est
2753 4510 2899 4578 apud
2941 4509 3105 4565 Deum
3140 4511 3211 4565 ’³.

2230 4595 2393 4652 Vens.
2435 4599 2520 4654 19.
2578 4616 2598 4650 t
2642 4598 3056 4671 Turpitudinem
3108 4610 3416 4659 matertera:
3462 4614 3517 4660 et
3551 4606 3740 4662 amite

2161 4699 2272 4745 tua:
2310 4705 2421 4744 non
2473 4690 2882 4761 discooperies:
2936 4692 3030 4763 qui
3081 4692 3187 4749 hoc
3234 4694 3449 4761 fecerit,
3499 4696 3736 4766 ignomi-

2163 4781 2310 4837 niam
2341 4781 2525 4837 carnis
2557 4796 2670 4837 suae
2699 4783 2958 4850 nudavit;
2991 4785 3290 4856 portabunt
3332 4788 3494 4844 ambo
3527 4788 3737 4859 iniqui-

2163 4881 2329 4929 tatem
2356 4888 2532 4930 suam.
2566 4893 2585 4926 ι

2229 4964 2342 5023 Nec
2388 4967 2667 5023 sororibus
2724 4970 2986 5041 praecepit
3031 4986 3222 5028 eorum
3264 4973 3359 5044 qui
3389 4989 3491 5029 nos
3526 4988 3739 5044 genue-

2160 5066 2311 5121 runt,
2365 5061 2733 5122 commisceri,
2782 5070 2891 5115 tam
2940 5072 3164 5133 propter
3209 5065 3631 5135 generationes.
3678 5076 3737 5120 ut

2160 5163 2269 5203 non
2302 5149 2729 5217 confundantur,
2771 5169 2934 5224 quam
2963 5163 3025 5209 ut
3046 5166 3449 5227 competentem
3480 5174 3735 5213 reveren-

2158 5244 2287 5298 tiam
2315 5244 2633 5314 parentihus
2657 5262 3067 5314 conservemus,
3106 5260 3329 5321 propter
3366 5266 3463 5307 eos
3491 5260 3546 5307 et
3574 5267 3605 5307 a
3636 5264 3722 5306 so.

2157 5335 2375 5391 roribus
2434 5350 2626 5390 eorum
2687 5338 3075 5395 abstinentes:
3148 5342 3295 5411 quod
3352 5342 3608 5398 similiter
3674 5350 3729 5397 et

2154 5426 2456 5481 sectmdum
2506 5426 2757 5496 spiritum
2802 5428 3089 5501 intelligas,
3143 5439 3203 5486 ut
3250 5447 3361 5488 non
3413 5432 3590 5489 solum
3637 5446 3732 5487 ve-

2166 5628 2212 5660 ’³
2241 5627 2262 5684 Ι
2288 5627 2414 5684 Cor.
2456 5643 2534 5695 ut,
2576 5627 2658 5685 l9.
