4038 6182
321 209 459 274 1049
488 220 494 227 ’

1451 204 1535 263 IN
1582 200 2028 264 LEVITICUM.
2056 223 2122 234 -·-
2164 200 2312 260 LIB.
2343 200 2442 261 VI.

3444 193 3580 264 1(56

317 322 500 378 lentur
527 330 816 392 parentum
837 327 1065 392 peccata
1093 318 1336 384 silentio,
1364 328 1424 374 et
1450 291 1738 375 tradantur
1757 319 1901 373 obli-
1928 320 1975 374 Α
2004 313 2143 369 mori
2197 315 2475 386 prmcepit,
2517 314 2636 370 sine
2669 313 2797 368 ﬁliis
2824 321 3006 367 autem
3060 312 3181 366 illos
3229 310 3365 366 mari
3422 312 3579 377 dicit,

318 412 487 477 vioni,
514 412 611 470 sed
652 422 712 469 et
736 428 955 476 eorum,
992 413 1088 484 qui
1125 412 1209 468 eis
1236 411 1428 467 sociati
1462 420 1612 477 sunt,
1662 410 1808 466 unde
1843 418 1900 464 et

317 517 505 558 eorum
537 501 732 559 fratres
758 519 881 560 esse
909 503 1194 558 dicuntur.
1224 502 1503 557 Sileamus
1543 512 1730 557 autem
1771 502 1899 556 illo-

318 608 438 648 rum
469 604 712 663 peccata,
737 595 864 664 quia
895 592 1120 649 nudatis
1144 592 1273 658 illis,
1318 593 1492 649 latere
1516 609 1619 648 nec
1644 602 1900 663 parentes

316 694 569 753 possunt,
597 686 743 741 unde
770 686 846 742 ait
870 705 885 742 :

384 777 743 848 Ignominiam
792 780 969 833 carnis
1015 794 1127 833 sua:
1160 778 1401 834 nudavit.
1447 777 1549 846 Qui
1576 788 1760 834 autem
1797 782 1901 834 hoc

318 872 549 937 faciunt,
581 873 667 928 cui
699 890 879 944 paenae
914 874 1350 929 submittuntur?
1380 874 1687 930 Portabunt
1709 875 1895 937 ambo.

321 962 529 1033 inquit,
585 963 929 1033 iniquitatem
986 964 1167 1020 suam;
1221 962 1369 1018 LXX
1423 974 1609 1021 autem
1665 967 1892 1029 addunt,

319 1052 431 1107 sine
479 1052 606 1120 ﬁliis
660 1054 969 1108 morientur.
1025 1053 1165 1121 Quia
1226 1055 1321 1126 qui
1376 1044 1768 1111 non'iuvicem
1796 1072 1897 1111 sua

320 1143 564 1211 pondera
606 1154 842 1215 portant,
881 1146 979 1201 sed
1019 1146 1304 1203 dill'amant
1342 1158 1506 1217 atque
1537 1148 1900 1203 disseminant

318 1240 695 1300 COgllﬂlOl‘lllll,
742 1243 851 1290 tam
887 1237 1188 1291 secundum
1230 1252 1451 1292 carnem
1502 1253 1667 1307 quam
1698 1253 1901 1292 8801111·-

318 1322 450 1378 dum
510 1325 763 1394 spiritum
795 1337 1043 1397 peccata.
1074 1329 1195 1384 sine
1228 1330 1523 1386 virtutibus
1571 1333 1894 1395 morientur,

317 1429 439 1483 qum
488 1425 571 1471 est
622 1418 854 1485 pessima
908 1419 1193 1475 sterilitas.
1234 1419 1357 1475 Filii
1382 1423 1587 1477 etenim
1630 1439 1731 1478 nos
1762 1434 1900 1478 tem-

318 1520 451 1574 pore
481 1508 672 1577 judieii
719 1526 829 1564 non
892 1511 1127 1579 juvant,
1173 1513 1409 1571 virtutes
1455 1525 1639 1569 autem
1678 1516 1893 1583 juvant,

317 1611 550 1664 quarum
588 1616 750 1655 causa
786 1601 1041 1657 videlicet
1080 1620 1428 1666 coronamur,
1475 1621 1705 1674 quarum
1734 1606 1895 1660 steri-

317 1686 469 1743 litate
513 1691 751 1746 animam
808 1703 1077 1761 :cgrotare
1131 1695 1500 1750 miserrimum
1559 1707 1662 1752 est.
1700 1696 1897 1752 Ornari

315 1791 497 1836 autem
537 1784 843 1854 huiusmodi
892 1788 1126 1842 filiorum
1169 1789 1544 1859 generatione,
1572 1789 1901 1845 beatitudini

314 1881 418 1927 est.
444 1875 514 1931 Et
554 1878 656 1931 hoc
689 1888 779 1931 est
813 1895 938 1933 cum
974 1881 1114 1934 Isaia
1150 1881 1358 1936 dicere.
1394 1882 1438 1934 Α
1465 1883 1604 1951 facie
1637 1891 1755 1944 tua,
1789 1881 1895 1935 Do-

315 1966 472 2029 mine,
535 1970 884 2035 roncepimus,
926 1981 974 2024 et
1014 1973 1167 2042 quasi
1194 1974 1577 2041 parturivimus
1608 1983 1656 2027 et
1690 1977 1898 2044 peperi-

312 2072 427 2108 mus
450 2058 696 2123 spiritum
731 2059 940 2117 salutis.
989 2061 1263 2129 justitiam
1304 2079 1408 2115 non
1440 2064 1660 2132 fecimus
1707 2065 1760 2117 in
1791 2075 1901 2119 ter-

312 2161 373 2197 ra
390 2145 456 2198 ⁸³³.
493 2144 556 2196 Ει
592 2146 708 2201 lucc
736 2146 1010 2218 intelligis,
1040 2159 1097 2204 et
1131 2166 1253 2220 qua:
1282 2152 1739 2222 subsequuntur:

387 2235 544 2290 Vens.
575 2236 667 2300 20,
693 2238 784 2290 9.1.
821 2256 840 2288 ς
879 2239 981 2305 Qui
1014 2241 1208 2295 coierit
1234 2258 1358 2295 cum
1384 2260 1553 2298 uxore
1577 2246 1779 2314 patrui,
1810 2248 1898 2303 vel

310 2329 567 2384 avunculi
607 2331 715 2395 sui,
743 2340 796 2385 et
824 2334 1150 2391 rcvelaverit
1175 2337 1528 2406 ignominiam
1558 2340 1900 2411 cognationis

311 2434 460 2485 suae,
514 2424 813 2491 portabunt
873 2428 1035 2480 ambo
1090 2438 1375 2497 peceatum
1430 2447 1631 2496 suum,
1688 2434 1897 2503 absque

311 2508 497 2566 liberis
545 2513 866 2569 morientur.
916 2515 1018 2582 Qui
1050 2518 1268 2574 duxerit
1305 2537 1529 2577 uxorem
1561 2522 1754 2578 fratris
1785 2526 1893 2589 sui,

310 2615 427 2655 rem
458 2601 585 2657 fecit
609 2604 876 2671 illicitum,
912 2609 1309 2678 turpitudinem
1358 2611 1539 2667 fratris
1568 2614 1654 2669 sui
1683 2617 1895 2671 revela—

308 2693 405 2755 vit.
429 2695 636 2764 absque
669 2698 792 2752 filiis
821 2711 1005 2756 erunt.
1052 2722 1071 2753 ι

379 2785 635 2843 Ostendit
690 2807 821 2862 ergo
873 2793 1153 2864 legislator
1196 2796 1323 2866 quia
1383 2800 1621 2856 maxime
1651 2800 1890 2857 filiorum

306 2893 473 2933 causa
533 2896 565 2934 a
654 2882 917 2940 Creatore
994 2888 1259 2944 societate
1335 2892 1569 2962 percipit
1641 2904 1894 2951 naturam

307 2974 582 3047 conjungi,
633 2991 698 3031 ea
743 2980 943 3051 quippe
972 2997 1095 3052 qua:
1135 3000 1282 3040 nunc
1311 2993 1567 3058 tanquam
1606 2990 1895 3046 abomina-

305 3176 630 3232 congruum,
673 3172 727 3218 et
775 3165 1154 3235 iumentorum
1202 3170 1328 3225 vite
1362 3174 1678 3242 proximum
1706 3179 1894 3231 uxori-

307 3250 408 3306 bus
433 3251 684 3320 fratrum,
707 3266 1088 3327 cognatorum,
1114 3260 1421 3317 vicinorum
1454 3264 1713 3322 videlicet
1739 3283 1893 3323 com-

306 3342 558 3398 misceri:
594 3356 648 3399 et
674 3346 790 3401 haec
819 3348 877 3401 in
909 3349 1013 3403 alia
1049 3361 1203 3419 parte
1245 3353 1402 3424 legis,
1435 3355 1488 3410 id
1515 3366 1618 3421 est,
1658 3358 1712 3412 in
1751 3359 1892 3414 libro

308 3431 756 3501 Deuteronomii,
816 3452 926 3491 non
983 3440 1159 3493 solum
1227 3445 1508 3514 praecepit,
1569 3448 1668 3502 sed
1725 3449 1889 3505 etiam

308 3527 591 3594 compulit,
627 3527 863 3584 dicens:
921 3532 1148 3595 Quando
1205 3535 1560 3592 habitaverint
1606 3542 1798 3601 fratres
1819 3544 1891 3597 si-

308 3617 439 3681 mul,
489 3627 539 3672 et
583 3636 715 3674 unus
755 3638 821 3675 ex
866 3623 942 3677 eis
986 3625 1182 3695 absque
1235 3626 1412 3683 liberis
1441 3641 1679 3686 mortuus
1706 3636 1887 3705 fuerit,

307 3729 442 3766 uxor
468 3712 700 3782 defuncti
726 3728 826 3766 non
847 3716 1004 3769 nubet
1035 3716 1212 3782 alteri,
1243 3719 1335 3773 sed
1356 3721 1577 3787 accipiet
1624 3741 1740 3779 eam
1772 3730 1887 3797 fra-

308 3814 386 3857 ter
413 3802 547 3875 ejus,
597 3812 644 3857 et
685 3805 957 3860 suscitabit
1004 3824 1179 3862 semen
1229 3811 1415 3880 fratris
1457 3815 1624 3868 sui”.
1689 3819 1756 3872 Et
1804 3818 1888 3876 his

307 3894 527 3949 similia.
558 3892 696 3949 Cum
726 3902 910 3948 autem
954 3896 1125 3951 frater
1152 3913 1263 3953 non
1300 3899 1487 3966 fuerit,
1513 3914 1610 3959 aut
1635 3920 1883 3963 avuncu-

304 3986 440 4052 lum,
492 3995 588 4041 aut
637 4002 763 4041 eum
813 3987 1050 4057 qualiter
1098 3999 1184 4046 est
1226 4006 1293 4046 ex
1328 3994 1501 4062 patris
1529 4000 1880 4068 cognatione,

303 4079 505 4135 ducere
530 4080 814 4135 mulierem
838 4079 1084 4137 defuncti
1108 4082 1229 4139 sine
1247 4085 1372 4142 filiis
1390 4090 1669 4159 prmeepit,
1685 4108 1882 4162 quem-

299 4171 593 4226 admodum
640 4181 695 4225 et
740 4170 882 4226 Βοοι
945 4170 1091 4227 [{th
1151 4176 1457 4232 secundum
1484 4179 1660 4252 legem
1680 4196 1882 4254 cogna-

301 4262 467 4330 tionis
513 4263 805 4334 accepit".
851 4265 943 4319 Sic
987 4265 1233 4323 libidinis
1288 4269 1508 4338 quidem
1551 4288 1715 4329 causa
1739 4275 1881 4348 fugit

2002 409 2302 463 secundum
2344 407 2487 462 LXX
2532 408 2799 463 duntaxat
2841 406 3205 474 interpretum
3254 401 3573 466 editionem,

2004 511 2063 556 ut
2102 516 2210 556 non
2262 509 2548 570 reputetur
2581 499 2662 553 eis
2712 498 2947 552 filiorum
2978 494 3277 556 successio,
3311 509 3416 547 nec
3451 493 3578 548 filiis

2001 609 2155 648 suam
2187 592 2497 662 relinquant
2532 590 2927 646 hazreditatem.
2961 587 3077 642 Hoc
3124 595 3304 640 autem
3339 584 3576 639 ostendit

2000 681 2165 735 etiam
2215 679 2576 751 Symmachus
2619 678 2789 732 edens
2835 675 3073 745 planius,
3104 672 3200 726 sed
3240 681 3295 725 et
3326 669 3579 724 Theodo-

2001 774 2136 837 tion,
2170 770 2264 842 qui
2291 785 2390 839 pro
2413 784 2479 822 eo
2504 768 2650 838 quod
2675 767 2882 822 dictum
2915 772 3017 829 est,
3053 761 3165 816 sine
3193 760 3319 829 ﬁliis
3347 760 3578 813 morien-

2000 874 2105 926 tur,
2138 863 2340 916 —sine
2385 860 2510 930 ﬁliis
2570 870 2743 921 erunt,
2804 865 3036 925 uterque
3070 853 3385 908 ediderunt.
3420 849 3575 906 Unde

1999 964 2055 1012 et
2104 954 2405 1026 spiritalem
2438 950 2949 1022 interpretationem
2979 956 3045 1003 et'
3082 945 3471 1001 resolutionem
3500 945 3577 999 si-

2000 1048 2182 1103 milem
2217 1045 2386 1101 habet
2407 1041 2801 1114 superioribus.

2072 1140 2233 1196 Vens.
2266 1139 2359 1193 22.
2398 1156 2416 1189 ‹
2452 1135 2737 1191 Custodite
2776 1133 2923 1204 leges
2952 1146 3124 1192 meas,
3155 1138 3318 1198 atque
3346 1127 3572 1197 judicia,

2000 1242 2056 1286 et
2081 1230 2243 1285 facite
2268 1243 2357 1289 ea.
2386 1241 2459 1281 ne
2473 1236 2528 1280 et
2558 1239 2653 1279 vos
2698 1228 2917 1278 evomat
2949 1230 3094 1274 terra
3125 1232 3288 1289 quam
3320 1216 3577 1271 intraturi

1999 1322 2131 1376 estis
2151 1328 2205 1375 et
2234 1316 2490 1373 habituri.
2525 1333 2544 1365 ›

2069 1413 2188 1468 Non
2220 1410 2379 1465 nobis
2434 1406 2634 1462 suflicit
2686 1413 2899 1476 partem
2930 1403 3221 1474 quamdam
3254 1414 3580 1456 conservare

1999 1507 2154 1578 legis,
2211 1519 2313 1558 nec
2366 1517 2534 1556 unum
2572 1499 2792 1554 aliudve
2850 1498 3165 1551 mandatum
3190 1496 3257 1550 ad
3283 1495 3578 1549 correctio—

2000 1616 2127 1654 nem
2162 1598 2289 1652 vita:
2318 1608 2599 1666 peragere,
2642 1591 2737 1646 sed
2764 1590 2947 1644 omnia
2976 1595 3246 1658 praecepta
3286 1596 3342 1641 et
3372 1586 3581 1655 judicia

1930 1662 1974 1716 η
2001 1693 2277 1749 custodire
2304 1703 2529 1745 necesse
2576 1688 2862 1749 habemus,
2906 1695 3245 1753 quaecunque
3271 1695 3300 1733 a
3333 1679 3443 1733 Deo
3465 1678 3584 1747 jus-

2002 1796 2097 1837 sus
2142 1779 2420 1851 legislator
2472 1774 2712 1844 scripsit.
2766 1772 2891 1826 Haec
2917 1770 3066 1824 enim
3104 1767 3239 1821 dicit
3284 1775 3581 1836 prascepta,

2000 1877 2086 1931 vel
2133 1875 2202 1929 de
2250 1872 2449 1943 quibus
2493 1870 2611 1939 ipse
2657 1866 2916 1921 dubitans
2960 1861 3272 1931 inquirebat
3303 1861 3497 1919 Deum.
3528 1867 3583 1914 ct

2001 1968 2093 2021 illo
2123 1964 2315 2021 didicit
2345 1962 2650 2032 judicante,
2684 1957 2827 2012 sicut
2851 1957 2905 2008 in
2938 1953 3081 2035 filios
3106 1951 3425 2007 lsraelitidis
3457 1966 3583 2005 mu-

2002 2060 2169 2123 lieris,
2220 2057 2313 2128 qui
2365 2057 2581 2110 locutus
2632 2060 2719 2106 est
2752 2047 3182 2119 blasphemiam:
3236 2046 3384 2116 leges
3435 2044 3581 2099 enim

2001 2168 2123 2223 qua:
2160 2152 2234 2206 ita
2283 2150 2508 2220 prolata:
2558 2155 2707 2208 sunt,
2749 2141 2955 2211 judicia
3009 2141 3277 2195 nominat.
3330 2139 3433 2193 Per
3464 2139 3584 2192 hzee

2001 2253 2179 2298 autem
2242 2251 2411 2297 totam
2460 2242 2602 2296 hanc
2631 2240 2804 2310 legem
2855 2237 3093 2292 breviter
3141 2234 3486 2306 significavit.
3512 2232 3584 2286 de

2001 2350 2109 2405 qua
2154 2334 2295 2387 nihil
2340 2340 2559 2403 oportet
2603 2329 2928 2401 transgredi,
2974 2339 3034 2382 ut
3064 2342 3176 2381 non
3224 2325 3497 2396 ejiciatur,
3527 2324 3581 2378 id

2001 2437 2085 2482 est
2112 2428 2427 2497 projiciatur
2446 2423 2849 2497 prawarieator.
2873 2419 2989 2476 Hoc
3018 2429 3103 2475 est
3128 2419 3275 2474 enim
3301 2433 3577 2477 evomere.

1999 2516 2146 2585 quod
2193 2523 2250 2569 et
2271 2513 2656 2586 Symmachus,
2690 2509 2946 2564 similiter
2975 2517 3032 2563 et
3072 2506 3413 2562 Theodotion
3441 2503 3582 2573 abji-
3634 2514 3639 2517 '

1998 2623 2125 2663 cere
2158 2608 2350 2663 edidit.
2385 2606 2576 2661 Evomi
2622 2613 2829 2669 autem,
2872 2601 3053 2657 unde?
3098 2599 3174 2655 De
3209 2607 3354 2655 terra
3386 2597 3583 2653 videli-

1998 2711 2106 2765 cet,
2136 2702 2189 2754 in
2219 2717 2325 2771 qua
2354 2715 2456 2756 nos
2518 2702 2661 2753 Deus
2695 2696 2968 2751 introduci
3001 2692 3275 2766 promittit
3301 2710 3314 2747 :
3367 2706 3490 2762 qua:
3515 2691 3597 2745 sit

1997 2804 2182 2850 autem
2210 2795 2346 2859 lliBC,
2386 2807 2451 2847 ex
2499 2788 2958 2860 subsequentibus
2990 2787 3159 2841 disce.

2069 2890 2235 2944 Vens.
2267 2889 2356 2953 25,
2396 2887 2486 2941 9.4.
2527 2905 2545 2938 ι
2583 2883 2761 2940 Nolite
2814 2882 3094 2938 ambulare
3127 2882 3180 2935 in
3205 2877 3464 2950 legitimis
3489 2891 3588 2930 na-

2000 2984 2233 3046 tionum,
2261 2996 2397 3051 quas
2426 2995 2526 3050 ego
2554 2977 2887 3048 expulsurus
2917 2991 3037 3031 sum
3067 2983 3197 3029 ante.
3237 2987 3356 3028 vos.
3387 2964 3586 3026 Omnia

306 3066 439 3122 bilia
470 3069 877 3143 incongruaque
926 3078 1226 3146 prohibuit.
1260 3079 1352 3135 Est
1396 3083 1543 3136 enim
1577 3100 1769 3139 revera
1805 3086 1892 3140 in-
1921 3061 1963 3134 ιτ
2001 3075 2147 3131 enim
2205 3074 2322 3129 Ῑιίὲο
2358 3071 2608 3128 ίθεθτυηῑ
2635 3080 2692 3126 ει
2718 3069 3066 3124 abominatus
3097 3083 3221 3121 sum
3253 3080 3371 3121 905-
3411 3061 3584 3118 “mis

2000 3167 2149 3223 enim
2178 3166 2391 3237 loquor,
2422 3164 2698 3236 possidete
2748 3175 2946 3218 terram
2978 3177 3188 3226 eorum,
3236 3175 3399 3232 quam
3443 3159 3587 3214 dabo

1999 3260 2156 3314 vobis
2206 3258 2261 3312 in
2298 3257 2710 3313 haereditatem:
2765 3264 2964 3310 terram
3012 3254 3275 3309 fluentem
3332 3253 3471 3307 lacte
3529 3259 3586 3306 et

2000 3352 2182 3406 melle.
2220 3351 2332 3421 Ego
2365 3349 2624 3404 Dominus
2651 3346 2794 3402 Deus
2819 3355 3023 3411 vester,
3065 3345 3156 3416 qui
3194 3344 3443 3415 separavi
3487 3359 3586 3400 vos

1999 3461 2028 3500 a
2063 3445 2275 3500 caeteris
2301 3444 2539 3514 pupulis.
2583 3460 2600 3493 ι

2067 3535 2191 3589 Non
2247 3535 2422 3590 solum
2483 3533 2549 3587 ad
2578 3531 2795 3587 Judazos
2850 3528 2970 3583 lucc
3003 3528 3149 3582 dicta
3202 3535 3333 3581 sunt
3392 3526 3483 3596 qui
3515 3526 3586 3580 ab

1997 3627 2254 3681 onmibus
2288 3624 2542 3696 gentibus
2570 3630 2790 3692 propter
2820 3618 3300 3674 circumcisionem
3328 3626 3383 3672 et
3413 3616 3579 3688 Moysi

1996 3700 2170 3791 legem
2202 3725 2487 3787 separatos
2524 3729 2583 3769 se
2613 3729 2734 3769 esse
2786 3711 3042 3777 credunt,
3081 3709 3173 3764 sed
3205 3716 3261 3762 et
3294 3708 3361 3762 ad
3389 3722 3582 3760 omnes

1994 3813 2088 3883 qui
2126 3812 2397 3868 accedunt
2431 3808 2639 3865 servire
2667 3808 2776 3861 Deo
2804 3824 2818 3860 :
2845 3805 2947 3859 hos
2981 3802 3129 3857 enim
3157 3801 3437 3856 ambulare
3466 3814 3583 3853 ma-

1994 3906 2139 3961 xime
2167 3905 2220 3958 in
2254 3903 2499 3975 gentium
2527 3899 2766 3972 legitima
2798 3913 2906 3952 non
2931 3896 3056 3951 licet
3089 3912 3103 3949 :
3132 3894 3377 3965 gentium
3400 3900 3581 3945 autem

1991 3999 2112 4054 sine
2144 3997 2451 4058 nationum,
2478 3991 2752 4064 quarum?
2781 3989 2928 4057 Quas
2946 4003 3050 4060 ego
3081 3986 3410 4057 expulsurus
3438 3998 3581 4049 sum,

1990 4089 2090 4156 ait,
2136 4097 2263 4143 ante
2302 4102 2437 4142 vos:
2469 4082 2618 4154 quod
2644 4081 2827 4137 caeteri
2867 4080 3229 4148 interpretum
3260 4075 3579 4138 ediderunt,

1989 4195 2121 4251 quas
2146 4177 2302 4247 ejicio
2331 4191 2423 4247 ego
2449 4191 2482 4228 a
2509 4173 2646 4246 facie
2696 4180 2892 4226 vestra.
2924 4166 3067 4223 LXX
3111 4175 3317 4230 autem,
3353 4183 3385 4219 a
3417 4164 3580 4225 vobis.

1987 4271 2044 4331 id
2072 4279 2157 4324 est
2184 4268 2470 4323 daemonia.
2506 4264 2631 4320 llam
2660 4263 2809 4318 enim
2841 4277 2872 4316 a
2915 4260 3055 4315 facie
3076 4258 3320 4314 fidelium
3374 4255 3584 4327 expulit

300 4364 655 4424 cognatorum
695 4354 1160 4419 commistionem,
1212 4360 1643 4433 societatemque
1685 4367 1871 4437 prohi-
1916 4361 2321 4444 Ddominantia
2372 4360 2477 4426 eis,
2528 4357 2680 4429 prius
2710 4370 2837 4411 cum
2883 4355 2937 4409 in
2976 4353 3261 4422 impietate
3306 4351 3580 4421 persiste-

298 4444 411 4499 bct.
458 4444 686 4511 Quando
729 4454 913 4501 autem
963 4463 1153 4504 rursus
1185 4460 1401 4519 oportet
1430 4454 1881 4517 tribulationibus

298 4536 585 4591 sublevare
615 4537 700 4592 vel
730 4539 967 4606 casibus,
1001 4542 1264 4612 prtecepit
1307 4552 1364 4599 et
1396 4545 1513 4601 vult
1538 4564 1551 4601 :
1577 4556 1633 4604 et
1656 4553 1881 4623 nuptias

297 4639 407 4678 non
455 4624 511 4679 in
562 4626 864 4694 pollutione
906 4629 1299 4701 corruptionis,
1344 4632 1441 4687 sed
1466 4635 1534 4690 ad
1567 4641 1881 4696 successio-

296 4731 424 4771 nem
473 4717 691 4788 generis
726 4719 1046 4777 hominibus
1074 4724 1355 4795 praecepit,
1390 4738 1619 4799 propter
1643 4733 1789 4802 quod
1822 4742 1879 4790 et

295 4822 423 4863 eum
450 4809 543 4880 qui
571 4809 651 4866 sic
679 4811 961 4879 miscetur,
984 4814 1104 4870 sine
1132 4815 1258 4871 filiis
1286 4818 1429 4873 mori
1460 4823 1764 4893 praecepit;
1804 4826 1881 4882 ait

296 4900 464 4967 enim,
490 4907 685 4973 absque
705 4903 833 4969 ﬁliis
869 4915 1022 4959 erunt
1052 4923 1071 4961 :
1095 4908 1224 4978 quia
1266 4909 1504 4967 filiorum
1536 4917 1880 4984 procreatio-

295 4989 383 5044 nis
415 4991 609 5062 legem,
663 4995 809 5049 male
853 4995 1075 5063 utendo,
1107 4998 1415 5056 confundit.
1449 5000 1590 5069 Quid
1634 5020 1766 5076 ergo
1796 5016 1881 5061 est

294 5084 435 5138 mori
460 5086 579 5141 sine
605 5087 774 5142 filiis?
805 5103 908 5144 voc
936 5090 1081 5146 enim
1103 5092 1207 5147 hac
1230 5093 1349 5165 lege
1366 5109 1612 5166 quaerere
1642 5099 1880 5155 maxime

294 5178 669 5247 necessarium
711 5191 816 5245 est,
866 5191 1048 5238 utrum
1088 5182 1227 5240 ﬁlios
1271 5201 1461 5243 eorum
1487 5190 1579 5259 qui
1612 5193 1877 5249 uxoribus

197 5330 210 5345 ,
294 5268 522 5327 fratrum
551 5276 1056 5345 avunculorumque
1101 5288 1430 5347 nupserunt,
1466 5281 1707 5337 interimi
1736 5301 1874 5354 pra:-

246 5762 279 5780 ρ

290 5365 523 5433 ceperit,
571 5376 628 5422 et
662 5368 936 5438 quomodo
966 5368 1074 5424 ait:
1112 5368 1233 5423 Non
1262 5374 1551 5427 morientur
1578 5385 1756 5445 patres
1780 5394 1873 5446 pro

294 5454 439 5525 ﬁliis,
470 5473 564 5512 nec
604 5458 707 5528 ﬁlii
758 5476 852 5528 pro
896 5460 1136 5528 patribus
1158 5459 1243 5515 ’7?
1295 5459 1402 5518 Sed
1434 5464 1747 5520 nullatenus
1779 5484 1874 5522 cos

363 5658 411 5692 "
431 5660 536 5717 lsa.
560 5677 704 5730 xxvi,
736 5662 823 5718 l8.

901 5664 946 5697 "
970 5663 1127 5720 Deut.
1152 5681 1277 5731 xxv,
1314 5666 1365 5722 5.
1443 5667 1488 5701 ³⁵
1516 5665 1682 5723 Ruth.
1718 5685 1799 5735 ιιι,
1842 5669 1863 5723 l
1906 5684 2056 5739 seqq.
2134 5669 2179 5702 ³⁷
2213 5668 2367 5724 Deut.
2402 5684 2546 5733 xxiv,
2588 5667 2669 5724 l6.

1983 4463 2128 4519 rent,
2179 4461 2367 4508 etnec
2408 4465 2550 4505 unus
2591 4447 2707 4512 uni,
2760 4444 2858 4501 sed
2892 4445 3048 4500 multi
3087 4444 3179 4498 uni
3219 4441 3584 4498 dominaban-

1984 4555 2095 4601 tur.
2134 4544 2291 4612 Quod
2322 4543 2521 4615 probat
2568 4540 2735 4595 Maria
2767 4538 3108 4612 Magdalene,
3142 4537 3212 4593 de
3237 4552 3343 4608 qua
3372 4544 3582 4605 septem
3648 4580 3653 4599 κ

1984 4638 2146 4709 ejecit
2188 4636 2481 4699 daemonia,
2516 4645 2573 4691 et
2604 4634 2697 4705 qui
2737 4635 2955 4689 vinctus
2992 4641 3112 4689 erat
3151 4633 3397 4696 catenis;
3444 4627 3580 4684 dicit

1986 4729 2132 4784 enim
2161 4729 2210 4783 ei
2238 4746 2254 4784 :
2285 4728 2444 4798 Legio
2475 4743 2666 4781 nomen
2691 4735 2765 4780 est
2801 4726 2947 4790 nti/ii,
2984 4726 3109 4796 quia
3142 4723 3296 4778 multi
3323 4718 3578 4775 sumus".

1985 4822 2114 4877 Haec
2159 4836 2291 4891 ergo
2351 4836 2475 4892 qua:
2526 4820 2613 4876 lex
2658 4818 2960 4891 prohibuit,
3009 4817 3080 4872 ab
3129 4815 3251 4869 aliis
3290 4810 3580 4868 commissa

1986 4919 2134 4975 sunt,
2180 4920 2274 4966 aut
2315 4910 2416 4983 ipsi
2448 4927 2546 4982 per
2579 4928 2639 4967 se
2676 4910 2990 4983 agentibus,
3026 4914 3121 4962 aut
3167 4906 3222 4958 in
3258 4899 3579 4956 hominibus

1986 5004 2382 5074 operantibus:
2448 5012 2671 5074 propter
2722 5017 2860 5073 quos
2915 5016 3011 5055 eos
3060 4999 3206 5052 Deus
3236 4991 3583 5049 abominatus

1983 5105 2088 5163 est,
2143 5106 2199 5152 et
2259 5112 2363 5151 nos
2414 5096 2471 5151 in
2523 5097 2899 5153 haereditatem
2946 5092 3166 5147 illorum
3199 5085 3498 5143 introduxit
3525 5085 3579 5139 in

1987 5200 2190 5244 terram
2240 5187 2503 5242 fluentem
2534 5188 2618 5244 lac
2648 5198 2705 5242 et
2737 5188 2864 5241 mel.
2898 5184 3016 5238 Non
3057 5183 3217 5247 dixit,
3258 5178 3577 5244 habentem,

1983 5291 2044 5337 ut
2073 5282 2141 5336 de
2173 5282 2277 5336 hac
2305 5280 2553 5336 sensibili
2591 5289 2735 5334 terra
2766 5277 3026 5345 accipias,
3058 5274 3205 5345 quod
3232 5272 3443 5328 dictum
3470 5280 3576 5337 est,
3648 5282 3655 5285 ‘

1980 5374 2077 5429 sed
2118 5375 2390 5442 ﬂuentem.
2443 5372 2577 5438 Quae
2609 5381 2696 5426 est
2740 5379 2923 5424 autem
2958 5379 3099 5424 terra
3130 5383 3252 5439 qua:
3278 5364 3361 5419 lac
3385 5372 3442 5419 et
3468 5369 3575 5424 mel
3606 5364 3611 5367 ’

1982 5465 2150 5521 fluat?
2208 5464 2440 5520 Delicias
2502 5464 2666 5537 igitur
2695 5462 2829 5519 dicit
2879 5461 3046 5518 futuri
3079 5464 3287 5534 saeculi,
3321 5476 3377 5523 et
3422 5465 3567 5522 bona

2749 5667 2794 5700 ³⁸
2829 5665 2990 5723 Marc.
3025 5684 3076 5734 v,
3099 5668 3153 5724 9.
