4038 6182
416 265 551 336 1051
1602 261 1970 324 HESYCHII
2005 259 2155 321 PRE
2166 256 2487 319 SBYTEKI
3542 249 3687 316 1052

407 396 529 456 qua;
577 383 740 439 nobis
781 381 926 439 Deus
974 389 1097 453 post
1136 379 1595 436 resurrectionem
1644 391 1991 436 mortuorum
2024 386 2066 441 Α
2093 386 2320 435 scuntur
2362 376 2693 442 actionibus,
2730 374 2833 430 etsi
2864 371 3121 429 ﬁdelium
3165 370 3374 444 ﬁngant
3403 371 3687 437 habitum,

408 479 610 546 donat;
677 493 799 547 quae.
851 476 935 530 lac
993 483 1049 529 et
1086 475 1193 528 mel
1241 473 1556 544 appellavit,
1589 474 1717 543 quia
1747 489 1815 527 eo
1855 473 1991 527 nihil

408 578 492 626 est
522 570 744 626 suavius
772 568 827 621 in
854 568 939 622 his
960 566 1159 637 quibus
1189 582 1337 622 nunc
1361 566 1566 621 utimur
1620 566 1781 633 cibis,
1814 581 1993 635 neque

408 663 645 718 dulcius.
695 659 803 716 Sed
832 670 888 715 et
920 660 1039 715 sine
1067 657 1257 714 labore
1305 674 1517 723 eorum,
1567 658 1723 714 cibus
1753 670 1837 713 est
1872 658 1995 712 nul-

407 755 515 809 lius
541 752 879 822 operationis
906 751 992 806 vel
1023 752 1440 822 praeparationis
1468 766 1633 823 egens
1658 769 1671 805 :
1705 750 1816 805 illic
1846 751 1992 807 enim

408 845 552 899 bona
580 843 761 898 futura
789 843 972 898 sceculi
1020 844 1139 899 sine
1174 843 1362 898 labore
1392 853 1556 897 erunt
1581 842 1762 911 aliquo
1786 843 1873 896 vel
1903 843 1997 897 do-

406 937 545 1002 lore,
582 936 787 993 nullius
817 937 1006 1001 studii,
1056 936 1262 991 nullius
1291 947 1610 1006 apparatus,
1638 935 1844 989 nullius
1870 950 1996 1006 ope-

408 1031 639 1085 rationis
672 1030 909 1100 egentia.
945 1030 1013 1084 Et
1049 1030 1173 1100 quis
1200 1029 1362 1085 nobis
1389 1029 1507 1083 tunc
1540 1029 1655 1095 det,
1690 1037 1882 1099 aperte
1916 1043 1997 1082 sc-

409 1121 630 1190 quentia
658 1121 823 1176 verba
852 1120 1181 1192 legislatoris
1208 1120 1528 1175 ostendunt.

478 1213 595 1285 Ego
627 1213 885 1268 Dominus
926 1214 1062 1268 Deus
1097 1224 1281 1277 vester,
1315 1214 1404 1284 qui
1444 1213 1688 1282 separavi
1727 1227 1815 1264 vos
1839 1227 1872 1263 a
1898 1225 2001 1263 cat-

412 1306 537 1359 teris
567 1306 792 1374 populis.
826 1305 940 1359 [loc
978 1314 1161 1359 autem
1195 1303 1451 1359 Christus
1501 1303 1669 1358 fecit:
1701 1301 1818 1372 ipse
1848 1300 1998 1355 enim

362 1412 367 1415 ‘
410 1396 467 1449 in
511 1394 823 1466 Evangeliis
863 1397 932 1452 ab
971 1396 1230 1452 omnibus
1278 1395 1531 1466 gentibus
1557 1411 1668 1449 non
1703 1394 1879 1450 solum
1912 1392 1998 1446 in-

411 1486 807 1557 telligibilibus,
862 1487 959 1541 sed
1008 1487 1384 1550 sensibilibus,
1451 1485 1739 1557 distinguit
1783 1500 1880 1539 eos
1907 1483 1999 1553 qui

413 1578 467 1631 in
502 1593 628 1632 eum
684 1579 946 1645 credunt;
990 1580 1067 1632 ait
1110 1578 1255 1632 enim
1285 1598 1298 1633 :
1332 1578 1411 1632 Ne
1443 1579 1698 1646 cogitetis,
1734 1578 1999 1630 dicentes:

413 1668 553 1734 Quid
575 1671 955 1725 comedemus?
1003 1683 1094 1725 aut
1130 1673 1258 1742 quid
1313 1672 1586 1726 bibemus?
1639 1679 1733 1723 aut
1775 1687 1875 1739 quo
1903 1685 2003 1722 ve-

2094 481 2155 527 ut
2199 470 2467 526 immundi
2530 467 2767 539 separati
2817 474 3062 531 sunt,et
3101 466 3247 521 inter
3288 466 3571 521 immunda
3597 467 3693 522 di-

2093 564 2281 620 stincti
2314 572 2464 629 Sunt,
2496 579 2526 617 a
2554 577 2789 633 quorum
2816 576 2921 615 nos
2952 558 3275 615 omnimodo
3319 559 3478 615 malis
3507 560 3689 615 absti-

2092 670 2225 711 nere
2256 654 2532 710 desiderat
2581 661 2808 723 propter
2831 651 2979 722 quod
3005 650 3251 705 addidit:

2165 747 2329 802 Eritis
2351 746 2522 800 sancti
2544 744 2690 808 mihi,
2725 744 2849 812 quia
2883 759 2975 814 ego
3004 752 3220 797 sanctus
3250 759 3366 796 sum
3398 740 3681 796 Dominus.

2094 838 2198 906 Qui
2249 839 2425 893 forma
2454 836 2610 891 vobis
2634 834 3073 890 conversationis
3127 832 3362 889 effectus
3416 848 3557 898 sum,
3588 850 3681 903 qui

2096 940 2308 986 tantum
2356 936 2638 984 aversatus
2688 942 2813 982 sum
2867 936 3109 989 terrena,
3152 934 3215 980 ut
3271 940 3377 980 nec
3420 925 3682 980 haberem

2096 1041 2205 1095 quo
2253 1023 2578 1079 reclinarem
2619 1030 2805 1091 caput,
2859 1020 2954 1090 qui
3011 1021 3177 1074 etiam
3220 1020 3363 1074 meis
3395 1019 3683 1089 discipulis

2098 1113 2389 1169 mandavi:
2443 1111 2564 1166 Non
2607 1111 2921 1181 possidentis
2952 1127 3149 1164 aurum
3182 1125 3348 1179 neque
3380 1119 3676 1178 argentum,

2100 1225 2262 1278 neque
2283 1223 2353 1261 (es
2379 1208 2433 1260 in
2456 1207 2600 1260 zonis
2627 1207 2829 1269 vestris,
2865 1222 2969 1259 non
3000 1222 3184 1275 peram
3207 1206 3266 1258 in
3293 1207 3403 1271 via,
3436 1222 3531 1259 nec
3549 1206 3686 1259 duas

2101 1301 2323 1363 tunicas,
2354 1315 2517 1369 neque
2545 1298 2927 1362 calceamenta,
2970 1314 3139 1368 neque
3157 1298 3420 1368 virgam'.
3458 1298 3515 1352 In
3560 1307 3688 1352 tan-

2101 1403 2215 1447 tum
2239 1407 2366 1464 ergo
2394 1406 2581 1446 eorum
2622 1406 2744 1460 qua:
2774 1391 2834 1445 in
2873 1398 3019 1445 terra
3049 1398 3272 1462 repunt,
3308 1390 3453 1446 nihil
3474 1407 3568 1446 eos
3597 1405 3693 1445 sa-

2100 1501 2232 1557 pere
2258 1494 2351 1539 aut
2378 1499 2538 1555 agere
2562 1484 2763 1539 studet.

2175 1578 2336 1632 Vsus.
2368 1576 2459 1631 27.
2508 1595 2526 1627 ι
2574 1575 2690 1640 Vir,
2739 1575 2857 1630 sive
2901 1574 3122 1638 mulier,
3165 1575 3221 1628 in
3254 1574 3459 1644 quibus
3487 1575 3695 1644 Pytho-

2102 1670 2279 1735 nicus,
2312 1670 2398 1724 vel
2446 1668 2797 1723 divinationis
2837 1666 3007 1722 fuerit
3055 1667 3306 1737 spiritus,
3358 1675 3535 1720 morte
3574 1682 3696 1722 mo-

412 1761 674 1815 stiemur?
716 1762 827 1816 lucc
852 1772 1028 1815 autem
1052 1763 1230 1816 omnia
1268 1773 1444 1832 gentes
1467 1762 1824 1832 inquirunt".
1857 1760 1999 1831 Ergo
2032 1742 2072 1798 Β
2102 1762 2331 1826 riantur,
2376 1760 2649 1831 lapidibus
2692 1759 2930 1814 obruent
2958 1772 3075 1812 eos.
3110 1756 3346 1826 Sanguis
3394 1772 3580 1811 corum
3623 1757 3696 1812 sit

414 1860 600 1920 aperte
630 1867 732 1906 nos
782 1863 1066 1922 separatos
1109 1869 1233 1908 esse
1268 1870 1298 1906 a
1343 1854 1600 1923 gentibus
1638 1853 1775 1918 vult,
1828 1853 2002 1907 subli-

413 1945 643 1999 miorem
673 1946 935 2000 sectaudo
960 1945 1454 2000 conversationem.
1762 1930 1763 1933 η
1842 1952 1855 1963 ’

486 2036 654 2093 Vens.
685 2038 776 2102 25,
809 2038 900 2091 26.
939 2057 956 2088 ι
995 2038 1256 2107 Separate
1291 2055 1421 2109 ergo
1456 2047 1512 2092 et
1554 2054 1651 2094 vos
1691 2039 2001 2107 jumcutum

413 2128 680 2183 mundum
708 2129 777 2182 ab
818 2128 1123 2194 immundo,
1155 2145 1309 2183 avem
1365 2130 1623 2184 mundam
1662 2132 1728 2184 ab
1759 2130 2004 2184 immun-

415 2218 504 2273 da.
548 2218 626 2273 Ne
674 2220 931 2289 polluatis
980 2221 1191 2274 animas
1235 2229 1448 2276 vestras
1488 2222 1541 2274 iu
1587 2238 1806 2291 pecore,
1860 2231 1915 2275 ct
1949 2221 2004 2274 iu

415 2311 630 2375 avibus,
676 2320 732 2366 et
779 2311 993 2366 cunctis
1043 2327 1164 2381 quae
1194 2320 1495 2380 moventur.
1520 2312 1575 2366 in
1602 2322 1766 2375 terra,
1798 2321 1852 2367 et
1883 2326 2005 2381 quae

415 2402 571 2458 vobis
595 2403 808 2458 ostendi
838 2419 961 2458 esse
992 2404 1220 2473 polluta.
1268 2405 1433 2459 Erilis
1478 2406 1650 2459 sancti
1688 2405 1846 2469 mihi,
1879 2404 2005 2475 quia

415 2501 640 2547 sanctus
682 2509 803 2547 sum
836 2507 936 2563 ego
967 2492 1232 2549 Dominus
1273 2503 1328 2549 et
1362 2494 1610 2564 separavi
1644 2510 1741 2548 vos
1770 2509 1800 2546 a
1832 2509 2005 2563 popu-

417 2584 504 2649 lis,
540 2589 602 2635 ut
631 2582 828 2636 essetis
854 2583 985 2636 mei.
1024 2601 1043 2633 ι

485 2675 765 2738 Jumcnta,
816 2674 932 2729 sive
981 2689 1200 2745 pecora,
1243 2674 1371 2744 quia
1410 2675 1702 2745 populares
1752 2676 2007 2730 homines

417 2766 829 2837 iutclligatlex;
883 2766 1122 2821 volatilia
1167 2776 1347 2821 autem
1393 2768 1880 2837 contemplatorcs,
1912 2768 2006 2838 qui

417 2860 487 2915 ad
513 2860 905 2915 sublimitatem
935 2869 1131 2915 vacant
1176 2860 1443 2926 scientias,
1471 2869 1659 2930 aperte
1686 2876 1715 2914 a
1744 2860 1923 2924 nobis,
1953 2869 2009 2915 ct

419 2969 544 3007 cum
574 2953 776 3022 quibus
812 2953 1101 3023 oportebat
1125 2951 1532 3023 Scripturarnm
1566 2954 2004 3022 probationibus,

417 3052 699 3099 ostensum
722 3052 825 3110 est,
857 3060 983 3100 cum
1016 3045 1084 3099 de
1116 3044 1398 3099 sacriﬁciis
1430 3053 1486 3099 et
1528 3045 1664 3101 cibis
1707 3046 2010 3116 quadrupe-

419 3135 552 3191 dum
599 3136 1013 3207 volatiliumque
1040 3137 1370 3199 diceremus,
1405 3137 1529 3206 quia
1569 3138 1752 3191 omnis
1778 3138 2006 3208 popula-

418 3230 496 3284 ris
535 3231 774 3284 mundus
816 3241 1041 3300 propter
1083 3229 1491 3300 simplicitatem
1524 3249 1554 3285 a
1584 3232 1835 3301 pluribus
1859 3231 2010 3301 judi-

420 3332 599 3386 catur,
621 3322 981 3392 similiterque
1010 3329 1066 3377 et
1096 3323 1188 3392 qui
1218 3323 1286 3378 ad
1317 3323 1599 3378 scientiam
1643 3324 1882 3378 divinam
1920 3339 2010 3378 sc-

422 3414 689 3484 mctipsos
747 3414 962 3468 tradere
1010 3423 1175 3484 atque
1225 3430 1493 3484 occupare
1531 3416 1809 3470 videntur.
1851 3416 2011 3482 Quod

426 3524 538 3563 non
590 3508 664 3561 ita
713 3522 772 3563 se
804 3509 1019 3564 habet:
1069 3518 1291 3580 oportet
1336 3513 1482 3565 enim
1520 3510 1838 3581 popularem
1886 3528 2014 3583 pru-

422 3601 642 3656 dentem
675 3617 797 3655 csse
828 3602 879 3654 iu
915 3602 1089 3668 bono;
1121 3603 1173 3656 in
1204 3603 1346 3658 malo
1379 3612 1584 3687 autem,
1609 3604 1749 3658 sicut
1781 3604 1856 3657 ait
1884 3603 2014 3658 Pau-

424 3692 566 3758 lus‘,
625 3693 949 3762 simplicem.
996 3693 1092 3749 llic
1121 3694 1266 3749 cnim
1300 3695 1391 3766 qui
1431 3695 1553 3750 talis
1606 3703 1723 3762 est,
1774 3697 2014 3752 mundus

425 3792 539 3850 est;
592 3785 684 3854 qui
725 3795 907 3839 autem
955 3785 1077 3840 talis
1117 3802 1225 3842 non
1261 3797 1366 3850 est,
1404 3786 1724 3841 immundus
1754 3796 1860 3842 est.
1906 3786 2013 3841 Sed

426 3886 482 3931 ct
537 3877 628 3946 qui
674 3877 1116 3947 contemplandis
1176 3878 1376 3934 divinis
1422 3886 1601 3943 vacat,
1638 3879 2013 3933 necessarium

428 3971 594 4027 habet
617 3972 883 4026 mundum
934 3988 1048 4039 cor,
1098 3974 1467 4044 mundamqne
1495 3972 1918 4036 conscientiam,
1962 3980 2017 4027 ct

428 4061 587 4117 ﬁdem
619 4077 729 4115 non
779 4064 982 4115 lictam.
1031 4060 1135 4127 Qui
1175 4072 1357 4117 autem
1399 4063 1520 4117 haec
1562 4077 1669 4117 non
1701 4050 1926 4125 habent,
1960 4061 2016 4115 in

427 4152 738 4221 vaniloquia
787 4160 1206 4217 convertuntur,
1248 4169 1351 4205 non
1382 4151 1731 4220 intelligentes
1767 4169 1932 4222 neque
1954 4152 2017 4204 de

429 4244 614 4313 quibus
680 4243 983 4314 loquuntur,
1036 4261 1201 4314 neque
1227 4245 1290 4297 de
1325 4243 1512 4314 quibus
1559 4245 1846 4313 affirmant,
1877 4243 2015 4298 sicut

429 4334 495 4386 ad
525 4331 875 4387 Timotheum
917 4334 1181 4404 scriptum
1214 4338 1358 4389 est‘.
1414 4334 1731 4390 Necessario
1785 4352 1916 4407 ergo
1963 4343 2019 4389 ct

2105 1868 2269 1921 super
2295 1853 2434 1906 illos.
2476 1871 2497 1904 ι

2176 1944 2291 1999 lloc
2325 1945 2499 2015 ipsum
2530 1942 2892 2015 Pythonicum
2931 1957 3075 2004 esse,
3106 1940 3191 1995 vel
3243 1940 3513 2003 divinum,
3548 1940 3693 1998 sive,

2103 2033 2355 2102 utLXX,
2406 2035 2814 2099 incantatorem,
2861 2033 3043 2087 nimiae
3099 2031 3404 2101 iniquitatis
3440 2040 3561 2084 est:
3594 2030 3696 2098 qui

2106 2130 2251 2183 enim
2289 2129 2411 2183 talis
2437 2137 2542 2194 est,
2574 2136 2630 2182 ct
2660 2128 2777 2197 ipse
2810 2133 3108 2196 corruptus
3155 2132 3262 2188 est,
3291 2135 3343 2178 et
3372 2123 3505 2176 alios
3550 2136 3693 2191 pro-

2106 2220 2192 2275 cul
2216 2219 2382 2274 dubio
2427 2220 2479 2272 in
2530 2235 2626 2274 sua
2666 2218 2955 2288 iniquitate
2984 2216 3302 2286 corrumpit.
3348 2214 3503 2269 Unde
3543 2229 3699 2283 pne-

2106 2310 2249 2379 cepit
2276 2310 2547 2379 lapidibus
2590 2325 2715 2364 eum
2743 2309 2924 2373 obrui,
2957 2308 3086 2378 quia
3120 2322 3226 2361 nec
3267 2306 3524 2361 sensibile
3559 2304 3704 2374 quid

2107 2406 2340 2475 agimus,
2387 2404 2480 2459 sed
2517 2404 2734 2458 fabulas
2764 2403 2832 2458 de
2864 2403 3053 2466 corde,
3100 2400 3268 2455 veluti
3304 2397 3614 2469 superﬂuos
3645 2409 3706 2452 et

2108 2512 2276 2550 vanos
2328 2511 2630 2557 sermones,
2686 2495 2773 2550 vel
2827 2494 3076 2564 quaedam
3143 2492 3302 2564 quasi
3359 2492 3704 2545 inrautantia

2108 2590 2502 2655 blandimenta,
2553 2587 2873 2658 iucongruis
2921 2587 3296 2643 doctrinarum
3348 2585 3704 2640 sermonibus

2110 2681 2415 2743 studemus,
2464 2688 2523 2735 ut
2554 2680 2921 2750 pepulerium,
2955 2678 3069 2733 sive
3100 2677 3434 2747 simplicium
3470 2675 3707 2730 scduca-

2110 2789 2232 2828 mus
2254 2774 2494 2837 auditus,
2542 2774 2611 2828 ad
2647 2774 2970 2829 nutriendos
3004 2783 3227 2827 ventres
3267 2781 3510 2835 nostros,
3539 2781 3708 2840 atque

2110 2865 2329 2935 explere
2360 2876 2579 2920 nostras
2626 2867 2934 2936 voluptates
2967 2867 3103 2921 alias
3134 2866 3335 2922 talibus
3378 2867 3710 2937 exquisitio—

2110 2958 2273 3012 nibus
2302 2958 2606 3028 cupientes.
2644 2959 2844 3029 Aperte
2893 2960 3040 3014 enim
3076 2959 3445 3030 intelligibiles
3499 2959 3711 3029 Pytho-

2112 3050 2267 3104 uicos
2320 3058 2376 3104 et
2435 3066 2635 3119 pravos
2691 3051 3061 3106 incautatores
3118 3050 3386 3125 Romanis
3451 3051 3710 3106 scribens

2110 3141 2312 3195 Paulus
2368 3157 2464 3195 vas
2515 3142 2798 3197 electionis
2837 3143 3151 3213 expressit:
3207 3142 3473 3213 Rogamus
3520 3152 3709 3196 autem

2111 3247 2219 3298 vos,
2257 3232 2469 3301 fratres,
2507 3243 2562 3284 ut
2595 3232 2876 3287 observetis
2905 3250 2991 3287 eos
3033 3233 3123 3304 qui
3170 3233 3518 3286 dissensiones
3565 3232 3714 3286 inter

2114 3341 2199 3378 vos
2230 3335 2279 3378 ct
2316 3325 2625 3395 offendicula
2667 3335 2861 3395 pra'ter
2905 3327 3201 3380 doctrinam
3242 3342 3403 3397 quam
3438 3342 3529 3379 vos
3558 3326 3710 3379 didi-

2113 3418 2274 3480 cistis,
2324 3418 2546 3488 faciunt,
2580 3429 2626 3471 et
2656 3419 2915 3473 declinate
2942 3418 3008 3472 ab
3031 3420 3106 3473 eis
3129 3420 3168 3473 ’⁵,
3208 3417 3311 3486 Qui
3353 3429 3539 3473 autem
3596 3418 3714 3473 sint

2114 3509 2193 3573 bi,
2228 3510 2282 3563 in
2321 3510 2787 3579 subsequentibus
2813 3512 3150 3580 explanavit:
3184 3511 3255 3565 lli
3303 3512 3442 3566 enim
3481 3511 3715 3565 Domino

2115 3612 2292 3656 nostra
2330 3602 2532 3658 Christo
2573 3620 2675 3656 non
2724 3604 2974 3669 serviunt,
3003 3605 3094 3658 sed
3134 3620 3229 3658 suo
3278 3606 3468 3670 ventri,
3513 3612 3568 3656 et
3618 3620 3719 3673 per

2114 3694 2291 3748 dulces
2344 3712 2626 3761 sermones,
2679 3705 2729 3750 et
2776 3697 3195 3763 benedictiones,
3242 3700 3499 3753 seducunt
3546 3700 3717 3753 corda

2115 3788 2467 3840 innocentium
2491 3788 2531 3841 ⁸.
2569 3786 2710 3858 Ergo
2738 3788 2879 3843 bene
2909 3788 2990 3843 eis
3016 3790 3291 3861 lcgislator
3319 3791 3455 3846 dixit
3486 3809 3501 3844 :

2186 3873 2415 3945 Sanguis
2448 3893 2631 3931 eorum
2666 3879 2733 3932 sit
2754 3894 2913 3947 super
2941 3896 3043 3933 eos.
3090 3880 3230 3945 Quia
3256 3881 3308 3936 vi
3344 3892 3719 3953 corrumpunt

2116 3968 2403 4039 populum.

2713 4062 2941 4118 CAPUT
2976 4064 3116 4118 XXI.

2191 4150 2353 4208 Vens.
2385 4154 2502 4209 1-4.
2562 4174 2581 4205 ‹
2616 4155 2870 4225 Dixitque
2901 4156 3168 4211 Dominus
3197 4157 3265 4211 ad
3302 4157 3562 4229 Moysen:
3602 4158 3718 4214 Lo-

2118 4261 2287 4315 quere
2316 4246 2385 4301 ad
2422 4247 2754 4311 sacerdotes,
2795 4246 2937 4303 filios
2970 4248 3171 4315 Aaron,
3219 4260 3274 4304 et
3306 4250 3456 4304 dices
3492 4252 3561 4304 ad
3593 4266 3717 4306 eos.

2119 4336 2197 4391 Ne
2228 4339 2635 4393 contaminetur
2658 4340 2916 4395 sacerdos
2961 4341 3019 4394 in
3050 4341 3318 4397 mortibus
3344 4342 3545 4396 civium
3584 4359 3721 4399 suo-

431 4425 630 4479 horum
654 4425 981 4493 illorumque
1012 4426 1245 4480 mundos
1286 4426 1529 4496 separari
1565 4427 1828 4496 przecepit
1855 4435 2019 4498 atque
2055 4442 2096 4497 υ
2125 4441 2267 4492 rum,
2298 4427 2403 4481 nisi
2433 4437 2641 4482 tantum
2676 4429 2729 4483 in
2753 4431 3181 4502 consanguineis
3215 4442 3311 4487 aut
3344 4434 3717 4503 propinquis;

431 4515 763 4581 immundos,
799 4524 860 4569 ut
884 4516 953 4570 ab
991 4517 1075 4571 his
1103 4517 1494 4581 abstineamus,
1530 4518 1637 4573 illis
1668 4520 2021 4575 commiscea-

431 4625 576 4664 mur.
631 4609 739 4663 Sed
788 4609 1017 4663 multam
1068 4609 1394 4679 sapientiam
1436 4626 1591 4665 suam
1648 4612 1811 4665 etiam
1869 4629 2021 4668 nunc

432 4698 707 4769 legislator
751 4697 1027 4764 ostendit,
1079 4698 1147 4753 de
1192 4698 1640 4769 quadrupedibus
1693 4699 1913 4770 quidem
1964 4708 2021 4756 ct

433 4791 747 4847 volatilibus
800 4792 878 4846 ita
949 4791 1314 4863 distinguens,
1372 4791 1426 4845 in
1487 4792 1776 4863 rcptilibus
1828 4803 2015 4848 autem

432 4893 590 4939 terrae
619 4900 730 4938 non
760 4884 853 4948 ita,
889 4893 1085 4940 cuncta
1113 4884 1259 4938 enim
1279 4900 1398 4954 qua:
1431 4893 1722 4939 moventur
1753 4884 1807 4939 in
1851 4896 2016 4952 terra,

432 4980 713 5035 immunda
769 4988 899 5035 sunt
928 4997 941 5034 :
975 4978 1078 5045 Qui
1112 4988 1327 5034 terrena
1369 4978 1625 5034 videlicet
1665 4979 1831 5050 sapit,
1854 4979 2020 5050 cujus

433 5072 579 5128 Deus
604 5080 795 5129 venter
839 5082 943 5138 est,
996 5073 1090 5143 qui
1132 5088 1346 5128 veneno
1405 5072 1646 5143 pascitur
1693 5074 2020 5129 constituta-

434 5180 556 5219 rum
588 5164 641 5217 in
674 5164 898 5234 pulvere
926 5164 1287 5235 voluptatum.
1324 5163 1398 5219 De
1430 5164 1563 5235 ipsis
1610 5166 1903 5237 siquidem,
1942 5166 2019 5221 si-

433 5265 524 5312 cut
562 5257 764 5322 cernis,
794 5255 1110 5312 indistincte
1144 5266 1349 5323 narrat,
1381 5257 1608 5312 dicens:

510 5346 576 5399 Et
616 5348 816 5401 cunctis
868 5365 987 5418 qua:
1037 5359 1310 5404 moventur
1363 5351 1419 5403 in
1458 5360 1622 5416 terra,
1656 5360 1705 5405 et
1739 5368 1856 5421 qum
1883 5352 2022 5406 vobis

440 5441 638 5494 ostendi
684 5457 793 5494 esse
833 5441 1054 5510 polluta.
1104 5442 1245 5515 Ergo
1291 5460 1483 5500 omnes
1518 5444 1609 5514 qui
1656 5445 1892 5500 terrenis
1922 5461 2021 5515 pa-

442 5701 541 5756 IS.

2124 4517 2176 4572 id
2199 4527 2304 4580 est,
2334 4533 2501 4588 super
2525 4527 2701 4589 patre,
2730 4536 2795 4574 ac
2824 4529 3020 4585 matre,
3047 4532 3104 4577 et
3132 4523 3266 4585 ﬁlio,
3297 4534 3347 4577 ct
3381 4524 3514 4588 ﬁlia,
3539 4525 3722 4583 fratre

2125 4624 2341 4679 quoque
2375 4621 2430 4665 et
2454 4626 2641 4666 sorore
2667 4613 2894 4683 virgine,
2924 4630 3046 4684 qua:
3078 4631 3185 4669 non
3238 4626 3323 4670 est
3352 4628 3520 4687 nupta
3553 4621 3678 4675 viro
3700 4638 3720 4674 :

2127 4702 2225 4757 scd
2308 4719 2410 4758 nec
2472 4704 2526 4758 in
2591 4705 2841 4776 principe
2882 4709 3096 4778 populi
3154 4709 3237 4763 sui
3310 4713 3725 4768 contaminabi—

2131 4800 2238 4847 tur.
2280 4812 2299 4844 ι

2199 4884 2342 4940 LXX
2380 4895 2583 4953 autem,
2643 4888 2763 4944 Non
2790 4890 3056 4960 polluetur
3094 4908 3158 4947 ea:
3186 4895 3356 4949 subito
3422 4897 3477 4949 in
3521 4899 3725 4963 populo

2125 4996 2242 5046 suo,
2268 4981 2336 5034 ad
2364 4983 2788 5053 profanationem
2821 5002 2995 5041 suam.
3018 4985 3225 5041 Littera
3260 4988 3480 5057 quidem
3509 5004 3539 5042 a
3571 5004 3726 5044 mor-

2128 5081 2347 5128 tuorum
2401 5074 2792 5143 pollutionibus
2844 5077 3036 5148 fugere
3082 5080 3397 5135 sacerdotes
3428 5084 3719 5150 praecepit,

2129 5165 2224 5219 sed
2257 5181 2368 5220 non
2406 5167 2523 5222 haec
2546 5177 2631 5223 est
2658 5169 2793 5239 legis
2822 5169 3079 5236 intentio,
3106 5187 3289 5243 neque
3311 5174 3379 5228 de
3417 5174 3523 5228 huc
3550 5175 3723 5246 legis-
3760 5190 3761 5195 ‘

2129 5256 2272 5310 lator
2342 5259 2643 5328 proposuit,
2699 5261 2795 5316 sed
2824 5263 3030 5332 aliquid
3082 5266 3263 5335 majus
3311 5264 3611 5331 intellexit,
3662 5272 3725 5319 et

2129 5351 2272 5419 quod
2309 5351 2476 5407 nimis
2523 5354 2590 5409 de
2626 5356 3005 5413 sacerdotibus
3034 5359 3349 5413 necessarie
3395 5358 3717 5414 diceretur:

2127 5445 2255 5514 quia
2285 5445 2430 5499 enim
2466 5445 2614 5517 ipsos
2641 5448 2935 5520 inspicere,
2965 5451 3187 5521 quando
3212 5451 3492 5525 negligunt
3526 5451 3727 5522 populi

512 5635 557 5664 "
597 5632 784 5688 llatth.
816 5652 890 5701 vt,
918 5638 1004 5691 Si.
1084 5641 1096 5671 ³
1126 5639 1283 5695 Rom.
1312 5656 1420 5707 xvi,
1452 5640 1532 5695 l9.
1604 5640 1663 5696 Ἰ
1691 5639 1830 5698 Tim.
1865 5658 1902 5708 t,
1933 5643 1988 5713 6,
2024 5645 2074 5698 7.
2154 5647 2174 5678 ³
2202 5644 2392 5703 Matth.
2426 5666 2481 5716 π,
2513 5649 2576 5718 9;
2602 5648 2734 5708 Luc.
2763 5668 2836 5720 ιι,
2864 5653 2916 5708 3.
2990 5656 3011 5688 ⁸
3042 5654 3199 5712 Rom.
3226 5672 3337 5725 xvi,
3369 5655 3455 5711 l7.
3531 5654 3553 5687 ⁸
3577 5654 3719 5717 ibid.
