4038 6182
381 204 521 276 1053

1538 220 1621 279 ΙΝ
1655 220 2095 280 LEVITICUM.
2129 242 2196 255 ·-
2232 221 2380 280 LIB.
2418 222 2519 282 VI.

3519 220 3654 288 1054

373 340 617 402 peccata,
646 330 870 397 dicitur,
898 336 1202 393 secundum
1236 337 1386 408 quod
1416 337 1471 392 in
1514 337 1657 394 Osee
1694 336 1963 406 scriptum
1996 350 2039 396 Α
2069 338 2471 407 subsequenter
2511 335 2742 403 addidit,
2783 336 3086 391 secundum
3125 334 3292 399 LXX,
3326 351 3429 389 non
3462 338 3654 406 pollui-

373 431 492 477 est:
525 420 751 476 Peccata
774 424 955 492 populi
986 427 1089 480 mei
1121 430 1420 492 comedunt,
1457 439 1506 484 et
1534 432 1605 484 ad
1628 431 1963 500 iniquitatem

370 529 553 567 eorum
605 514 945 570 sublevabunt
990 520 1201 573 animas
1255 523 1491 576 eorum“.
1564 522 1685 577 Non
1741 523 1961 592 quidem

369 605 573 671 omnia,
609 621 951 677 quascunque
999 610 1236 679 populus
1297 621 1511 681 peccat,
1564 613 1701 682 ipsis
1746 624 1966 683 oportet

371 697 655 766 imputari,
718 699 816 753 sed
872 699 1206 783 intendenda
1268 712 1354 757 est
1409 703 1498 757 illa
1553 704 1624 758 ab
1679 702 1966 759 Ezechiele

371 791 638 860 propheta
694 790 840 846 dicta
874 791 1112 847 divisio:
1153 792 1263 849 Fili
1295 795 1544 860 hominis,
1576 785 1963 865 speculatorem

369 881 489 935 dedi
519 891 568 935 te
604 882 783 936 domui
824 882 1016 949 Israel,
1049 894 1098 939 et
1126 887 1310 953 audies
1333 888 1397 941 de
1427 900 1519 941 ore
1568 904 1683 942 meo
1727 887 1959 951 verbum,

370 982 419 1024 et
449 973 793 1026 annuntiabis
820 974 895 1027 eis
935 991 1001 1028 ex
1032 992 1114 1029 me
1136 992 1155 1031 :
1197 977 1243 1029 si
1265 976 1469 1031 dicente
1494 993 1575 1031 me
1611 978 1685 1031 ad
1710 979 1955 1047 impium,

369 1061 535 1116 Morte
557 1064 816 1127 morieris,
850 1082 956 1118 non
998 1068 1399 1122 annuutiaveris
1457 1068 1526 1131 ei,
1560 1084 1728 1139 neque
1748 1068 1955 1123 locutus

371 1155 554 1223 fueris,
608 1166 665 1209 ut
711 1166 983 1212 avertatur
1029 1175 1061 1211 a
1093 1160 1178 1213 via
1213 1176 1311 1213 sua
1359 1161 1547 1230 impia,
1578 1169 1629 1214 et
1648 1161 1812 1225 vivat,
1854 1162 1964 1229 ipse

372 1246 564 1313 impius
598 1248 655 1299 iu
699 1248 980 1316 iniquitate
1002 1266 1106 1303 sua
1135 1252 1409 1316 morietur,
1437 1252 1749 1321 sanguinem
1774 1259 1958 1304 autent

369 1335 487 1402 ejus
504 1336 569 1388 de
619 1353 780 1389 manu
809 1346 902 1389 tua
930 1338 1224 1409 requiram.
1263 1338 1323 1394 Si
1358 1350 1538 1393 autem
1579 1348 1634 1393 tu
1666 1340 1961 1392 annuntia—

369 1426 502 1479 veris
534 1427 716 1495 impio,
752 1436 802 1480 et
839 1426 933 1481 ille
959 1444 1061 1482 non
1099 1430 1259 1500 fuerit
1292 1446 1567 1483 conversus
1594 1430 1660 1482 ab
1690 1430 1962 1497 impietate

368 1536 487 1583 sua,
524 1529 573 1572 et
604 1520 688 1572 via
713 1536 809 1572 sua
844 1521 1030 1587 impia,
1072 1523 1183 1591 ipse
1215 1522 1427 1591 quidem
1456 1522 1512 1575 in
1547 1521 1833 1591 iniquitate
1859 1537 1959 1574 sua

370 1611 642 1673 morietur,
693 1620 748 1663 tu
797 1621 978 1665 autem
1018 1610 1254 1665 animam
1306 1621 1452 1664 tuam
1497 1612 1793 1666 liberasti'.
1846 1611 1961 1665 Hoc

2066 439 2153 482 tur
2211 430 2384 484 subito
2429 431 2486 482 in
2514 428 2707 499 populo
2749 444 2845 481 suo
2867 466 2881 490 ,
2916 427 2987 481 ad
3016 429 3437 499 profanationem
3477 443 3650 480 suam.
3680 444 3693 474 ς

2065 518 2206 584 Quid
2245 534 2345 588 per
2371 518 2474 573 hoc
2501 519 2817 579 ostendens,
2850 517 2954 571 nisi
2982 516 3107 585 quia
3139 517 3401 586 polluitur
3426 516 3647 586 quidem

2065 610 2211 666 etin
2254 611 2455 680 populo
2499 618 2759 680 peccante
2806 607 3081 672 sacerdos,
3129 607 3228 661 sed
3283 622 3393 659 non
3427 606 3654 660 subito?

2066 700 2197 766 Quae
2254 710 2440 755 autem
2481 700 2749 756 accedunt
2807 698 2861 752 in
2931 696 3209 752 extraneis
3272 696 3463 764 culpm,
3536 695 3682 748 haec,

2066 807 2176 845 non
2236 791 2380 846 illico
2434 791 2775 845 sacerdotem
2832 786 3231 851 contaminant,
3288 787 3384 840 sed
3435 785 3683 855 quando.

2064 884 2166 954 ipsi
2223 884 2443 952 quidem
2495 880 2901 952 permanserint
2930 879 2985 932 in
3041 877 3299 949 peccatis,
3342 876 3653 930 sacerdotes

2064 986 2248 1031 autem
2297 991 2392 1031 eos
2456 989 2650 1029 curare
2704 971 3079 1043 neglexerint.
3162 969 3389 1039 Insuper
3471 969 3654 1021 subito

2064 1066 2335 1136 quispiam
2368 1079 2604 1135 peccans
2636 1063 2705 1117 de
2751 1062 2978 1132 populo,
3018 1061 3176 1115 venia
3216 1060 3443 1134 dignum
3472 1072 3656 1112 sacer-

2063 1160 2269 1222 dotem,
2311 1165 2500 1226 utpote
2546 1156 2912 1226 ignorantem,
2964 1153 3126 1217 facit;
3172 1160 3417 1221 tempore
3467 1160 3652 1205 autem

2063 1248 2225 1317 longo
2249 1254 2612 1316 praeparatum
2648 1254 2934 1315 peccatum
2982 1241 3353 1304 committens,
3381 1240 3565 1294 locum
3598 1238 3652 1293 ei

2064 1336 2236 1392 venia:
2262 1352 2371 1391 non
2393 1336 2610 1406 reliquit
2634 1354 2646 1388 :
2675 1333 2965 1405 oportebat
2994 1331 3142 1387 enim
3167 1332 3506 1386 sacerdotem
3539 1346 3653 1385 non

2064 1429 2333 1501 ignorare,
2368 1428 2422 1484 si
2461 1434 2644 1481 tamen
2707 1427 2999 1497 diligenter
3033 1425 3235 1495 populo
3284 1422 3649 1509 prcesedisset,

2064 1530 2318 1590 essetque
2354 1519 2621 1573 sollicitus
2669 1517 2945 1588 quomodo
2998 1515 3111 1582 hic,
3150 1514 3426 1586 quomodo
3460 1512 3564 1568 'ille
3592 1529 3652 1568 se

2066 1611 2314 1674 haberet,
2366 1619 2549 1663 utrum
2611 1617 2819 1663 starent
2856 1623 2927 1659 an
2970 1614 3251 1669 nularent,
3289 1614 3349 1659 ut
3395 1614 3655 1660 nutantes

367 1706 549 1752 autem
579 1699 842 1768 apertius,
876 1701 972 1755 sed
1005 1710 1061 1755 et
1081 1699 1339 1755 subtilius
1368 1701 1425 1754 in
1455 1701 1710 1770 praesenti
1742 1700 1959 1770 legisla-
1996 1677 2033 1729 Β
2063 1704 2303 1759 fulciret.
2334 1702 2396 1757 lli
2440 1702 2588 1756 enim
2626 1701 2716 1770 qui
2774 1700 2961 1755 subito
2994 1698 3219 1764 cadunt,
3253 1714 3348 1753 eos
3374 1699 3465 1767 qui
3507 1714 3651 1767 pra:-

369 1797 454 1841 tor
492 1788 749 1857 exposuit
775 1805 790 1841 :

436 1876 501 1931 In
535 1879 809 1943 mortibus,
840 1879 1034 1950 inquit,
1059 1878 1164 1933 non
1195 1881 1622 1933 contaminemur
1656 1879 1794 1932 inter
1825 1878 1962 1932 cives

366 1986 506 2023 suos.
541 1969 601 2023 ln
630 1971 874 2040 quibus?
922 1972 984 2026 In
1009 1972 1369 2041 peccantibus
1402 1970 1679 2036 videlicet,
1717 1971 1811 2040 qui
1841 1970 1959 2040 pol-

369 2062 577 2116 lutione
629 2065 994 2133 complentur,
1061 2070 1118 2120 et
1178 2063 1300 2119 aliis
1367 2064 1586 2132 quidem
1655 2064 1957 2118 secundum

280 2176 289 2184 -
365 2156 631 2224 quosdam
660 2157 853 2211 modos
882 2157 1200 2227 pollutionis
1232 2164 1492 2211 auctores
1521 2157 1679 2222 fiunt,
1716 2157 1954 2210 maxime

369 2254 553 2299 tamen
601 2247 980 2302 sacerdotibus
1020 2256 1077 2302 et
1105 2247 1449 2312 doctoribus,
1492 2246 1713 2317 quando
1744 2261 1838 2300 cos
1867 2261 1958 2299 ne-

368 2337 649 2407 glexerint.
684 2335 1073 2393 Verumtamen
1100 2338 1156 2392 in
1190 2339 1298 2401 his,
1326 2339 1422 2402 ait,
1468 2354 1580 2393 non
1609 2339 1955 2393 contamina-

370 2437 460 2482 tur
510 2428 567 2482 in
618 2431 903 2499 mortibus
937 2430 1140 2485 civium
1192 2446 1440 2496 suorum,
1496 2431 1551 2485 id
1598 2441 1705 2496 cst,
1737 2430 1956 2499 quando

367 2522 502 2576 nihil
529 2523 736 2578 inventi
757 2522 980 2590 fuerint,
1001 2526 1145 2595 quod
1171 2528 1253 2581 eis
1289 2526 1633 2595 expediebat,
1680 2525 1953 2585 omisisse.

367 2612 463 2666 sed
490 2612 593 2681 ipsi
620 2612 841 2681 quidem
864 2614 1011 2682 quod
1040 2615 1109 2668 ad
1138 2629 1198 2670 se
1223 2614 1488 2684 pertinuit
1519 2614 1827 2677 fecisse,.et
1859 2614 1954 2668 Dei

365 2700 538 2771 legem
587 2702 948 2771 praedicasse:
1011 2703 1089 2758 illi
1146 2713 1330 2759 autem
1385 2704 1637 2759 nolentes
1687 2704 1947 2767 obedire,

365 2806 598 2852 mortem
651 2798 872 2854 sibimet
920 2799 1306 2855 conduxerunt
1369 2799 1775 2855 inobedientize.
1831 2796 1951 2853 Non

364 2901 496 2959 ergo
540 2888 596 2943 in
628 2889 715 2944 his
757 2890 850 2959 qui
889 2900 1137 2960 praesunt
1186 2891 1531 2961 polluuntur,
1580 2891 1679 2946 sed
1726 2891 1783 2945 in
1823 2906 1952 2960 pro-

365 2978 570 3049 pinquo
612 2988 670 3032 et
718 2979 966 3047 proximo
1018 2994 1140 3042 suo,
1197 2978 1251 3033 in
1303 2991 1461 3050 patre
1487 2987 1544 3035 et
1572 2979 1628 3033 in
1664 2987 1858 3044 matre,
1892 2978 1949 3033 in

363 3073 491 3129 ﬁliis
521 3081 591 3127 et.
624 3072 860 3138 filiabus,
909 3073 967 3126 in
1024 3072 1197 3129 fratre
1226 3081 1284 3129 et
1315 3088 1523 3129 sorore.
1561 3072 1795 3144 virgine,
1831 3088 1956 3141 qua:

363 3182 476 3222 non
507 3175 591 3222 est
615 3175 785 3237 nupta
822 3166 964 3220 viro.
998 3164 1230 3241 Oportet
1258 3166 1409 3221 enim
1458 3165 1800 3220 sacerdotem
1834 3163 1959 3218 dili-

363 3255 604 3325 gentiam
637 3255 898 3310 adhibere
921 3263 978 3310 et
1004 3255 1207 3325 pepqu
1238 3263 1299 3308 ut
1324 3270 1435 3309 non
1460 3262 1674 3324 peccet,
1698 3253 1797 3311 sed
1823 3268 1961 3323 prte—

365 3349 525 3416 cipue
556 3349 742 3403 domui
772 3364 887 3403 suae
915 3358 973 3403 et
993 3348 1241 3419 cognatis
1266 3364 1281 3412 ;
1323 3356 1548 3418 propter
1582 3347 1729 3416 quod
1759 3332 1962 3400 Paulus

365 3441 479 3494 ait:
513 3438 640 3494 Hac
655 3441 904 3508 praecipe,
967 3449 1025 3493 ut
1073 3437 1551 3505 irrepreltensibiles
1590 3440 1715 3492 sint.
1751 3437 1810 3493 Si
1844 3439 1961 3508 quis

371 3540 544 3583 autem
596 3547 834 3592 suorum,
863 3540 911 3585 et
936 3532 1167 3585 maxime
1184 3531 1613 3593 domesticorum,
1643 3547 1828 3584 curam
1857 3549 1961 3585 non

366 3621 539 3684 habet,
580 3621 737 3691 ﬁdem
794 3623 1025 3692 negavit,
1082 3631 1132 3674 et
1181 3630 1257 3675 est
1306 3621 1508 3689 inﬁdeli
1568 3622 1854 3676 deterior“.
1895 3623 1963 3677 Et

367 3728 595 3769 rursus:
646 3712 705 3769 Si
734 3722 910 3768 autem
965 3714 1081 3784 quis
1117 3728 1229 3768 suta
1276 3713 1457 3767 domui
1510 3730 1732 3782 prwesse
1776 3717 1957 3779 nescit,

276 3870 290 3880 ο
367 3806 624 3876 quomodo
662 3805 910 3860 Ecclesia:
961 3805 1059 3860 Dei
1094 3822 1278 3860 curant
1300 3805 1544 3860 habebit9
1570 3807 1595 3859 ?
1627 3806 1687 3862 In
1723 3806 1861 3872 lilio,
1897 3814 1954 3862 et

367 3897 589 3965 lilia,et
643 3898 832 3963 fratre,
860 3907 914 3952 et
940 3912 1132 3953 sorore
1176 3899 1406 3971 virgine,
1441 3898 1698 3955 videlicet
1723 3914 1961 3969 peccati-

367 3990 513 4044 tibus
535 4029 549 4054 ,
571 3989 884 4045 necessarie
902 3990 1167 4045 sacerdos
1201 3990 1494 4061 polluitur:
1533 3999 1720 4061 utpote
1747 3992 1839 4060 qui
1866 3992 1962 4047 de-

363 4081 457 4138 bet
488 4083 752 4153 quotidie,
802 4083 899 4138 sed
924 4092 979 4136 et
1021 4083 1170 4138 omni
1198 4084 1355 4147 hora,
1383 4098 1448 4138 ea
1475 4100 1597 4153 quae
1621 4084 1689 4138 ad
1723 4084 1956 4137 salutem

364 4176 647 4246 pertinent
697 4192 792 4231 eos
832 4176 1128 4241 instruere,
1189 4186 1245 4231 et
1296 4176 1521 4247 vigilare
1564 4176 1709 4232 circa
1749 4191 1869 4238 eos,
1901 4186 1960 4231 ut

362 4284 471 4324 non
506 4278 732 4339 peccent
753 4269 876 4322 talia
907 4284 1029 4338 qua:
1049 4277 1227 4323 morte
1252 4277 1381 4323 sunt
1406 4268 1591 4337 digna.
1628 4267 1744 4322 Hoc
1772 4276 1957 4324 autem

2062 1803 2192 1848 sunt
2245 1794 2364 1848 sine
2420 1794 2577 1862 culpa
2635 1791 2861 1855 faciunt,
2914 1789 3372 1860 quemadmodum
3417 1787 3653 1858 procella

2060 1888 2450 1957 gubernantes,
2508 1901 2574 1940 ex
2617 1884 2912 1954 improviso
2950 1880 3372 1951 superveniens.
3427 1881 3496 1934 Et
3521 1895 3653 1949 pro-

2061 1988 2247 2046 pterea
2272 1992 2381 2031 non
2413 1976 2551 2030 dixit
2575 1976 2914 2031 sacerdotem
2946 1973 3129 2028 subito
3165 1972 3219 2026 in
3243 1971 3447 2042 populo
3479 1970 3651 2041 pollui

2057 2068 2125 2121 ad
2174 2067 2613 2137 profanationem
2663 2082 2838 2121 suam.
2882 2063 3002 2120 Non
3041 2064 3243 2118 frustra
3273 2071 3458 2117 autem
3490 2063 3648 2117 addi-

2057 2160 2139 2214 dit
2183 2162 2626 2232 profanationem,
2695 2160 2792 2214 sed
2841 2158 2974 2212 illud
3026 2173 3125 2228 per
3157 2157 3261 2211 hoc
3298 2156 3526 2211 verbum
3560 2156 3649 2209 in-

2057 2266 2265 2304 nuens:
2316 2250 2442 2319 quia
2482 2249 2702 2319 quando
2732 2246 2986 2303 sacerdos
3020 2246 3302 2317 polluitur,
3347 2244 3649 2300 secundum

2059 2342 2372 2410 praedictam
2415 2356 2658 2404 causam,
2705 2339 2888 2409 populi
2920 2337 3131 2408 peccati
3161 2336 3437 2399 videlicet,
3467 2334 3640 2404 negli-

2057 2447 2191 2503 gens
2212 2441 2266 2487 et
2294 2448 2405 2486 non
2435 2447 2601 2502 agens
2642 2447 2763 2501 qua:
2791 2429 2968 2484 modis
3003 2428 3257 2483 omnibus
3306 2427 3648 2481 sacerdotem

2056 2525 2361 2595 oportebat,
2393 2523 2676 2593 profanus,
2715 2522 2768 2576 id
2800 2534 2886 2576 est
2914 2520 3096 2574 nudus
3124 2516 3415 2573 sacerdotii
3456 2515 3640 2586 digni-

2056 2624 2168 2671 tate
2218 2615 2495 2669 invenitur
2558 2629 2702 2668 unus
2754 2621 2810 2666 et
2866 2613 2982 2680 ipse
3039 2610 3106 2665 de
3136 2609 3362 2663 multis:
3426 2604 3647 2677 profani

2055 2707 2203 2762 enim
2256 2708 2312 2761 bi
2363 2706 2456 2776 qui
2508 2721 2618 2760 non
2666 2712 2797 2760 sunt
2845 2702 3169 2758 sanctiﬁcati
3243 2702 3542 2762 dicuntur,
3596 2707 3651 2752 et

2053 2800 2287 2856 multum
2345 2806 2513 2864 recte,
2575 2797 2704 2866 quia
2761 2811 2825 2850 ea
2857 2810 2979 2865 qua:
3012 2803 3139 2851 sunt
3195 2793 3498 2851 sacerdotis
3539 2806 3650 2848 non
3717 2809 3721 2813 ·

2053 2893 2320 2963 legerunt.

2126 2981 2289 3038 Vens.
2322 2984 2377 3038 5.
2422 3001 2441 3034 ι
2478 2982 2598 3036 Non
2624 2980 2824 3036 radent
2846 2988 3032 3050 caput,
3055 2994 3161 3035 nec
3187 2978 3441 3044 barbam,
3471 2962 3653 3048 ncqtte

2063 3076 2116 3130 in
2157 3075 2415 3129 carnibus
2436 3074 2550 3129 suis
2580 3073 2785 3128 facient
2811 3072 3099 3127 incisuras.
3140 3091 3159 3123 ι
3199 3144 3203 3149 ὴ

2136 3166 2293 3220 Vinci
2340 3183 2370 3220 a
2423 3165 2803 3221 sacerdotibus
2868 3165 3033 3219 etiam
3092 3162 3371 3220 tristitiam
3415 3178 3535 3233 qua:
3584 3163 3653 3218 de

2061 3271 2238 3316 morte
2264 3261 2406 3315 solet
2434 3261 2718 3327 accedere,
2748 3261 2835 3315 lex
2864 3268 3013 3315 recte
3049 3260 3315 3330 prtecipit,
3339 3272 3526 3331 utpote
3557 3264 3648 3330 qui

2062 3360 2119 3406 et
2142 3351 2244 3421 ipsi
2270 3366 2423 3419 spem
2456 3351 2582 3405 vita:
2604 3351 2802 3404 futurae
2830 3350 3032 3405 habent
3055 3359 3111 3404 et
3140 3350 3398 3419 populum
3429 3351 3646 3406 docent.

2063 3442 2174 3496 Sed
2204 3449 2357 3496 extra
2387 3441 2505 3495 haec
2535 3455 2647 3496 non
2678 3440 2858 3496 solum
2888 3439 2944 3492 in
2978 3438 3216 3508 propriis
3244 3439 3482 3508 peccatis
3512 3440 3652 3511 vigi-

2061 3534 2176 3589 lare
2206 3549 2305 3590 eos
2342 3543 2399 3589 et
2425 3542 2639 3588 mentes
2666 3532 2871 3587 habere
2900 3544 3082 3595 sanas,
3113 3530 3218 3584 sed
3238 3530 3399 3584 etiam
3424 3531 3477 3584 in
3517 3532 3652 3586 alie-

2062 3626 2171 3691 nis,
2199 3626 2253 3679 in
2283 3626 2369 3681 bis
2383 3639 2668 3695 qumnunc
2694 3623 2839 3678 dicta
2867 3630 3017 3687 sunt,
3037 3622 3324 3676 evidenter
3350 3622 3595 3691 prmcipit
3620 3641 3633 3677 :

2061 3718 2337 3788 quomodo
2367 3726 2574 3782 autem,
2625 3715 2796 3771 disce.
2836 3713 3013 3784 Caput
3066 3722 3123 3767 et
3150 3713 3314 3768 barba
3367 3713 3647 3783 sapientiai.

2062 3820 2231 3867 estet
2273 3809 2629 3881 perfectionis
2676 3818 2880 3865 nostra:
2932 3804 3184 3875 signum:
3219 3814 3446 3875 propter
3503 3806 3648 3874 quod

2060 3911 2225 3973 caput
2254 3910 2506 3958 nostrum
2545 3899 2851 3970 appellatur
2888 3897 3161 3963 Christus,
3198 3897 3253 3952 in
3298 3914 3408 3967 quo
3456 3911 3652 3967 sapere

2063 3997 2330 4051 habemus
2391 3995 2629 4049 maxima
2684 4008 2914 4063 quaeque
2965 4003 3129 4062 atque
3186 3993 3452 4063 perfecta,
3511 4000 3646 4046 teste

2063 4089 2250 4154 Paulo,
2281 4089 2373 4158 qui
2407 4089 2573 4145 dicit:
2617 4089 2791 4143 Donec
2821 4103 3162 4143 occurramus
3195 4103 3370 4140 omnes
3400 4085 3453 4138 in
3479 4086 3647 4138 virum

2059 4183 2380 4251 perfectum,
2430 4192 2479 4235 et
2532 4176 2843 4236 mensuram
2874 4181 3050 4235 aztatis
3104 4179 3445 4246 plenitudinis
3495 4177 3649 4232 Chri-

2059 4275 2128 4329 sti
2161 4275 2225 4327 ³ο.
2256 4274 2425 4329 Recto
2456 4284 2638 4329 autem
2671 4283 2723 4330 et
2756 4275 2920 4329 barba
2961 4273 3229 4344 significat
3254 4271 3645 4341 perfectionem

364 4363 542 4430 ipsum
575 4361 630 4414 in
666 4371 821 4431 patre
864 4370 920 4416 et
952 4362 1004 4415 in
1039 4370 1211 4415 matre
1257 4360 1671 4433 intelligendum
1724 4370 1829 4416 est.
1863 4362 1954 4416 Fi-
1988 4366 2033 4422 ί)
2060 4363 2367 4433 sapientiae,
2405 4364 2642 4417 alterum
2703 4373 2887 4417 autem
2945 4361 3382 4433 intelligentiam,
3425 4359 3550 4430 quia
3590 4358 3645 4412 in

365 4451 498 4505 lium
529 4451 731 4520 quippe
764 4453 1040 4508 doctorem
1070 4452 1240 4522 patris
1271 4453 1572 4523 matrisque
1594 4455 1952 4509 sacerdotalis

362 4543 601 4613 dignitas
626 4542 773 4598 facit.
808 4545 1007 4600 Dicens
1034 4544 1255 4614 quidem
1295 4559 1569 4609 sororem,
1596 4560 1713 4614 qua:
1736 4561 1841 4598 non
1873 4554 1951 4598 est

365 4643 529 4703 nupta
555 4635 687 4703 viro,
707 4636 943 4691 ostendit
968 4651 1066 4705 per
1087 4635 1247 4697 hanc,
1267 4637 1414 4705 quia,
1439 4636 1483 4689 si
1517 4636 1735 4707 cognati
1763 4651 1952 4690 sacer-

362 4726 522 4781 dotes
550 4727 872 4795 semetipsos
917 4726 1315 4794 separaverint,
1346 4734 1402 4780 et
1443 4725 1641 4780 domus
1675 4726 1947 4794 quodam-

364 4815 528 4870 modo
557 4815 660 4870 alia
689 4817 1012 4885 semetipsos
1049 4824 1366 4886 separantes
1404 4814 1532 4869 facti
1560 4814 1790 4876 fuerint,
1819 4815 1947 4868 nul-

362 4907 469 4961 lam
525 4906 809 4976 patiuntur
867 4907 921 4960 in
978 4906 1333 4976 peccantibus
1402 4906 1488 4959 his
1567 4905 1952 4975 pollutionem.

361 4997 617 5064 Quandiu
646 5007 831 5052 autem
861 4997 942 5052 eis
966 4998 1270 5062 adhzerent,
1316 4994 1744 5066 propinquitatis
1775 5004 1829 5048 et
1858 5013 1954 5049 co-

363 5089 637 5159 gnationis
692 5089 865 5161 legem
925 5088 1400 5154 custodientibus,
1460 5085 1953 5142 contaminationis

362 5192 557 5233 corum
607 5187 753 5233 recte
791 5175 1082 5248 participes
1114 5176 1446 5238 efﬁciuntur,
1501 5176 1628 5247 quia
1667 5192 1767 5231 nec
1796 5177 1948 5248 igno-

362 5280 486 5320 rare
529 5281 721 5321 eorum
774 5274 1017 5338 peccata,
1084 5272 1275 5334 utpote
1327 5265 1786 5331 cohabitantium,
1817 5282 1946 5336 pos-

363 5369 514 5427 sunt,
538 5364 685 5434 quod
726 5364 808 5419 cis
847 5371 904 5418 et
951 5361 1438 5418 contaminationis
1491 5378 1718 5417 causam
1776 5363 1941 5432 parit.

364 5450 525 5511 Unde
571 5470 703 5528 ergo
754 5456 944 5511 dicens
990 5453 1137 5524 quod
1188 5453 1243 5508 in
1297 5454 1381 5508 his
1430 5454 1943 5511 contaminarentur

441 5632 619 5693 ‘Osee
657 5650 731 5703 tv,
762 5635 817 5692 8.
888 5639 908 5670 ⁷
944 5636 1145 5693 Ezech.
1184 5653 1263 5705 ιιι,
1302 5639 1487 5695 17-19.

1567 5642 1587 5673 ⁸
1628 5641 1653 5697 Ι
1687 5642 1827 5698 Tim.
1861 5662 1911 5708 v,
1948 5646 2000 5699 7.

2057 4454 2143 4507 his
2166 4452 2259 4522 qui
2292 4454 2359 4508 ad
2406 4454 2700 4521 iuvenilem
2758 4461 3030 4508 venerunt
3082 4463 3321 4517 aetatem,
3363 4451 3474 4521 jam
3524 4465 3645 4519 quas

2055 4555 2187 4600 sunt
2210 4545 2362 4599 utilia
2391 4545 2532 4599 scire
2560 4545 2871 4600 valentibus
2894 4544 3061 4599 barba
3094 4545 3353 4598 nascitur.
3375 4543 3645 4619 Quoniam

2053 4653 2181 4707 ergo
2215 4646 2463 4691 mortuos
2492 4647 2808 4706 peccatores
2859 4654 2971 4691 non
3002 4638 3177 4692 solum
3218 4636 3506 4695 Dominus,
3546 4632 3644 4685 scd

2050 4735 2106 4780 et
2139 4725 2341 4781 Paulus
2362 4728 2619 4796 appellat,
2645 4744 2768 4781 cuni
2799 4728 2933 4782 dicit
2958 4747 2970 4783 :
3003 4728 3071 4781 Et
3099 4743 3218 4780 cum
3253 4740 3477 4778 essemus
3500 4738 3644 4775 mor-

2058 4820 2135 4871 tui
2162 4819 2391 4885 peccatis
2416 4819 2629 4881 nostris,
2659 4818 3046 4887 convivi/iacvit
3090 4834 3180 4870 nos
3208 4814 3491 4871 Christo“.
3522 4811 3640 4866 Non

2052 4917 2271 4977 oportet
2324 4910 2626 4963 sacerdotis
2676 4907 2911 4961 maxime
2969 4915 3139 4975 caput
3187 4914 3282 4958 aut
3311 4904 3481 4958 barba
3525 4902 3642 4956 radi

2054 5013 2223 5067 super
2271 5007 2573 5066 mortuum,
2609 5000 2661 5054 id
2715 5006 2799 5053 est
2835 5014 3001 5067 super
3039 5004 3407 5066 peccatorem.
3454 4995 3642 5064 Neque

2051 5090 2198 5144 enim
2219 5099 2441 5162 oportet
2464 5092 2848 5165 c0gitationes,
2885 5107 3006 5161 qua:
3034 5092 3177 5143 sicut
3215 5087 3392 5157 capilli
3416 5096 3642 5142 ornatus

2057 5190 2187 5236 sunt
2219 5182 2432 5252 capitis,
2465 5192 2519 5236 et
2550 5184 2679 5253 ipsa:
2706 5194 2933 5237 ornatus
2957 5191 3086 5235 sunt
3116 5189 3318 5234 nostra:
3339 5179 3639 5248 sapientire,

2055 5274 2275 5344 quando
2295 5283 2475 5327 tamen
2498 5284 2629 5328 sunt
2652 5274 2919 5328 ordinata:
2947 5283 3113 5344 atque
3144 5273 3360 5336 sobriae,
3386 5274 3642 5329 sacerdo-

2057 5374 2163 5420 tem
2190 5378 2545 5434 corrumpere
2578 5364 2685 5419 alio
2706 5375 2990 5435 peccante,
3022 5366 3118 5420 sed
3147 5379 3472 5419 conservare
3497 5363 3641 5418 inte-

2063 5474 2214 5529 grus,
2241 5468 2298 5512 ut
2327 5457 2823 5527 possitexhortari,
2846 5459 3152 5525 obsecrare,
3178 5473 3423 5530 arguere,
3458 5457 3638 5512 incre-

2081 5647 2101 5676 ν
2137 5644 2157 5699 Ι
2185 5646 2326 5701 Tim.
2362 5662 2444 5712 ιιι,
2470 5647 2526 5702 5.

2609 5645 2869 5717 "Ephcs.
2910 5664 2981 5717 ιν,
3022 5647 3105 5703 15.
3185 5647 3224 5680 ¹¹
3254 5644 3449 5712 Ephes.
3483 5660 3539 5710 ιι,
3572 5644 3623 5698 5.
