4038 6182
344 236 489 307 1055
1541 213 1909 281 IIESYCHII
1944 204 2427 271 PRESBYTERI
3483 191 3628 258 1056

341 369 501 429 pare,
527 351 833 410 secundum
868 349 1014 420 quod
1048 344 1251 401 Paulus
1280 339 1347 397 ad
1392 335 1747 429 Timotheum
1779 329 1929 429 ‘scri-
1958 329 2005 386 Δ

343 425 473 519 psit.
511 445 707 516 Argue,
739 444 975 510 increpa,
1028 437 1241 492 obsecra
1288 438 1345 487 in
1374 430 1517 486 omni
1566 425 1826 498 patientia
1879 429 1926 475 et

345 511 673 592 doctrina'“.
705 529 994 598 Quomodo
1025 534 1207 581 autem
1235 525 1343 578 hoc
1382 520 1495 584 ﬁat,
1538 514 1810 573 subdidit:
1849 511 1929 565 Tu

347 636 527 680 autem
556 621 738 694 vigila,
781 621 837 673 in
868 616 1110 673 omnibus
1158 614 1363 676 labora,
1409 624 1536 679 opus
1585 607 1670 677 {ac
1704 618 1928 667 evange-

350 716 566 772 lista".
600 713 741 785 Ergo
780 710 1034 766 sacerdos
1060 707 1152 778 qui
1185 721 1290 760 non
1317 703 1638 758 exhortatur
1669 705 1725 752 et
1755 694 1933 763 arguit

350 784 696 879 peccantem,
725 817 836 857 non
860 797 1171 871 vigilat;qui
1195 804 1374 850 autem
1393 807 1503 846 non
1520 789 1725 861 vigilat,
1742 784 1932 839 radere

353 906 517 968 caput
541 904 597 951 et
626 894 849 950 barbam
891 889 1191 946 secundum
1242 886 1500 953 virtutem
1547 879 1934 951 praedictorum

354 967 502 1043 recte
530 985 748 1040 dicitur.
772 982 878 1037 Sed
902 994 1078 1052 neque
1109 977 1291 1032 facere
1326 976 1381 1030 in
1413 988 1580 1028 carne
1614 986 1712 1025 sua
1743 967 1932 1023 conci-

353 1081 539 1136 sioncs
567 1092 733 1147 super
758 1084 975 1129 mortuo
997 1069 1339 1126 sacerdotem
1367 1066 1542 1129 decet,
1597 1062 1652 1117 id
1707 1070 1791 1115 est
1826 1072 1934 1113 non

354 1165 707 1224 scandalizari
752 1166 805 1218 in
843 1169 1150 1234 peccatore,
1188 1173 1296 1213 nec
1343 1154 1628 1212 offendere
1675 1158 1938 1222 pecvante

356 1258 559 1328 aliquo.
596 1271 773 1327 neque
797 1253 1075 1311 carnalem
1098 1267 1163 1306 ex
1194 1250 1301 1305 hoc
1330 1263 1550 1303 sumere
1586 1243 1934 1315 sapientiam,

356 1350 426 1406 ad
490 1349 789 1404 illicitatem
838 1345 1035 1400 similis
1096 1342 1420 1413 iniquitatis.
1475 1336 1717 1392 Incisura
1789 1333 1941 1387 enim

359 1442 627 1513 sapientia
645 1439 827 1496 carnis
851 1447 966 1493 est:
994 1436 1142 1506 quod
1168 1435 1237 1490 de
1264 1433 1489 1496 Judaeis,
1525 1431 1618 1502 qui
1648 1427 1942 1485 carnaliter

359 1535 552 1590 vivunt
574 1542 629 1588 ct
653 1531 874 1601 sapiunt
903 1538 1144 1592 terrena,
1176 1527 1254 1581 ait
1276 1525 1505 1580 Paulus:
1561 1521 1737 1576 Videte
1763 1535 1939 1582 canes,

358 1629 527 1683 uitlete
553 1622 720 1677 malos
740 1622 1029 1692 operarios,
1054 1621 1222 1674 videte
1255 1618 1598 1671 concisionem
1616 1614 1681 1668 “.

430 1716 595 1773 Vens.
629 1714 681 1770 6.
728 1734 749 1767 ι
782 1712 968 1768 Sancti
999 1721 1164 1766 erunt
1180 1712 1293 1765 Deo
1316 1726 1415 1765 suo
1472 1716 1528 1762 et
1553 1723 1660 1761 non
1692 1706 1944 1776 pollnent

361 1823 563 1862 nomen
593 1807 733 1875 ejus.
773 1803 1065 1858 Incensnm
1097 1801 1243 1856 enim
1280 1796 1496 1853 Domini
1537 1807 1592 1853 et
1622 1812 1792 1868 panes
1846 1795 1943 1850 Dei

360 1900 448 1957 sui
475 1900 752 1964 oderunt;
786 1907 842 1952 et
862 1897 984 1951 ideo
1013 1893 1185 1947 sancti
1222 1900 1400 1946 erunt.
1455 1910 1473 1942 ι

431 1989 720 2056 Quomodo
746 1989 993 2059 polluant
1026 1976 1348 2041 sacerdotes
1401 1998 1600 2038 nomen
1637 1981 1749 2045 Dei,
1779 1979 1946 2033 Mala-

362 2083 516 2139 chias
546 2083 814 2151 propheta
844 2078 1130 2150 exposuit:
1165 2076 1260 2131 Vos
1286 2076 1604 2136 sacerdotes,
1637 2075 1726 2145 qui
1747 2073 1946 2142 ιλιιιαὶ-

363 2176 429 2229 tis
460 2189 647 2227 nomen
676 2189 869 2235 meum,
900 2179 948 2226 et
991 2169 1202 2224 dixistis
1229 2186 1248 2223 :
1289 2172 1355 2224 In
1380 2184 1481 2239 quo
1514 2166 1796 2237 polluimus
1854 2165 1949 2219 te?

362 2266 559 2336 offertis
580 2281 737 2333 super
758 2264 934 2318 altare
964 2279 1138 2318 meum
1174 2277 1366 2333 panem
1394 2259 1647 2329 pollutum
1671 2259 1736 2311 "'.
1769 2257 1834 2310 Et
1866 2257 1948 2309 Itis

362 2359 562 2415 similia
584 2359 792 2413 addens
838 2355 1112 2411 subdidit:
1165 2354 1389 2424 Propter
1437 2352 1574 2422 quod
1614 2351 1660 2404 si
1716 2348 1950 2418 offeratis

364 2469 560 2507 aecum
591 2452 661 2505 ad
694 2450 1094 2509 immolandum,
1131 2464 1302 2501 nonne
1332 2445 1534 2498 malum
1558 2453 1652 2508 est,
1680 2453 1727 2497 et
1750 2443 1795 2496 si
1824 2442 1949 2510 offe-

366 2541 507 2596 ratis
532 2558 550 2595 :
573 2540 822 2595 claudunt
853 2550 901 2593 et
921 2539 1253 2609 languidum,
1276 2553 1448 2590 nonne
1463 2536 1663 2589 malum
1687 2544 1760 2588 est
1781 2535 1862 2586 1‘?
1887 2533 1951 2586 Et

363 2648 591 2688 rursus:
619 2635 875 2701 Magnum
906 2640 980 2685 est
1003 2646 1189 2683 nomen
1233 2646 1404 2683 meum
1433 2629 1490 2682 in
1516 2627 1773 2699 gentibus.
1822 2626 1951 2679 dicit

366 2727 645 2789 Dominus,
674 2741 762 2780 vos
789 2735 968 2778 autem
996 2720 1255 2793 polluistis
1296 2720 1432 2774 illud
1460 2721 1514 2773 in
1544 2736 1604 2773 eo
1652 2722 1791 2789 quod
1817 2718 1951 2771 dici~

368 2817 454 2881 tis,
493 2821 674 2872 Mensa
718 2816 931 2870 Domini
959 2815 1165 2869 deserta
1213 2821 1289 2866 est
1311 2813 1374 2864 ³⁷.
1425 2808 1565 2881 Ergo
1620 2809 1676 2863 in
1725 2816 1952 2879 peccato

368 2907 765 2964 sacriﬁciorum
791 2905 887 2961 Dei
906 2919 1109 2959 nomen
1149 2902 1406 2973 pollnunt
1437 2899 1767 2956 sacerdotes.
1797 2896 1952 2953 Unde

368 3015 493 3055 cum
541 2999 815 3069 legislator
852 2996 1122 3051 dixisset:
1156 2993 1277 3048 Non
1308 2993 1544 3064 polluent
1586 3005 1775 3047 nomen
1814 2988 1948 3059 ejus,

371 3106 481 3147 non
502 3091 702 3144 frustra
732 3089 960 3153 addidit,
983 3087 1262 3142 Incensum
1291 3087 1432 3141 enim
1459 3078 1692 3147 Domini,
1713 3091 1760 3135 et
1790 3096 1954 3150 panes

374 3182 473 3237 Dei
503 3180 586 3233 sui
618 3179 861 3249 offerunt.
895 3176 993 3232 Vel
1027 3176 1167 3232 sicut
1198 3172 1359 3242 LXX,
1393 3172 1531 3240 Quia
1572 3175 1673 3244 ipsi
1725 3173 1954 3241 offerunt

371 3271 638 3341 sacriﬁcia
664 3270 801 3334 Dei;
837 3286 958 3339 quae
989 3284 1101 3323 non
1136 3277 1348 3333 tantum
1397 3267 1465 3322 de
1492 3263 1957 3320 irrationabilibus

374 3363 589 3428 bestiis,
617 3370 883 3431 quantum
910 3363 977 3417 de
1001 3360 1362 3416 rationalibus
1408 3358 1703 3430 praecipere
1738 3356 1957 3427 legisla-

377 3467 552 3511 torem
577 3465 632 3510 ct
679 3455 1002 3525 prophetam
1037 3465 1216 3524 putes.
1244 3453 1514 3508 Pollutam
1555 3451 1702 3506 enim
1733 3450 1864 3505 dicit
1903 3458 1960 3505 et

375 3546 619 3603 ostendit
666 3545 878 3602 Domini
934 3561 1184 3601 mensam
1218 3545 1475 3601 sacerdos
1534 3543 1624 3598 ille
1662 3542 1752 3613 qui
1786 3543 1855 3596 ab
1894 3556 1959 3595 ea

376 3654 473 3694 eos
501 3637 593 3708 qui
624 3637 913 3708 iniquitate
950 3638 1159 3709 peccati
1189 3637 1381 3708 polluti
1410 3644 1558 3701 sunt,
1582 3649 1693 3690 non
1712 3633 1960 3703 praecipit

375 3729 688 3795 abstinere,
752 3729 849 3785 sed
909 3730 1205 3785 indiscrete
1264 3728 1528 3784 terribilia
1579 3725 1853 3798 permittit
1901 3734 1959 3778 et

377 3833 568 3881 sancta
594 3822 874 3895 contingi;
931 3822 1000 3877 de
1039 3821 1240 3892 quibus
1286 3823 1366 3875 ait
1406 3820 1645 3875 Paulus:
1687 3817 1791 3884 Qui
1855 3833 1960 3871 non

375 3918 623 3973 discernit
651 3915 1147 3985 corpus,judicium
1186 3913 1287 3967 sibi
1319 3914 1604 3967 mandarat
1638 3921 1685 3966 et
1738 3911 1865 3964 bibit
1891 3910 1956 3965 ¹⁶.

375 4009 585 4065 Oﬁ‘eret
616 4019 801 4064 autem
835 4018 890 4063 et
923 4007 1179 4063 claudum
1214 4008 1279 4061 ad
1310 4006 1503 4069 altare,
1551 4006 1645 4077 qui
1680 4004 1958 4059 inﬁdelem

375 4103 444 4159 ad
476 4101 845 4157 ministerium
876 4100 1169 4172 provehit;
1203 4099 1286 4154 sic
1335 4098 1482 4155 enim
1517 4097 1767 4152 inﬁdeles
1809 4096 1958 4151 Elias

377 4197 669 4253 Thesbites
731 4194 1057 4267 appellavit,
1130 4192 1350 4266 quando
1422 4192 1628 4247 Judmis
1695 4191 1995 4247 dicebatz.

382 4292 654 4362 Usquequo
677 4289 992 4343 claudicatis
1018 4288 1074 4340 in
1102 4296 1382 4358 utramque
1408 4293 1614 4353 partem
1633 4283 1675 4316 "
1697 4283 1721 4336 ?
1740 4283 1957 4338 chnm

2035 338 2202 393 neque
2238 317 2706 374 communicaveris
2735 311 2962 385 peccatis
3006 310 3197 367 alienis
3232 326 3250 364 :
3291 307 3629 372 temetipsum

2030 425 2236 469 castum
2275 410 2570 465 custodi".
2606 407 2750 480 Ergo
2785 421 2968 461 causa.
3002 401 3272 460 castitatis
3309 409 3368 457 et
3416 400 3629 455 sancti-

2030 506 2300 565 ﬁcationis
2333 513 2421 560 est
2453 502 2747 567 sacerdoti,
2778 500 2836 555 in
2891 498 3045 553 nullo
3100 494 3491 567 praedictorum
3518 493 3630 549 mi-

2031 616 2122 657 sce
2132 600 2201 654 ri.

2104 688 2267 745 Vens.
2314 686 2435 743 7-8.
2476 703 2497 738 σ
2553 682 2807 739 Scortum
2858 692 2915 738 et
2936 681 3042 737 vile
3093 679 3465 750 prostibulum
3513 695 3628 734 non

2032 783 2196 839 ducet
2225 768 2475 844 uxorem,
2504 791 2608 831 nec
2629 790 2750 831 eam
2772 789 2894 846 qua:
2923 772 3208 843 repudiata
3234 778 3321 827 est
3344 787 3374 825 a
3407 771 3626 833 marito.

2033 874 2161 946 quia
2186 878 2536 929 consecratus
2563 878 2648 924 est
2678 868 2792 923 Deo
2819 881 2941 930 suo,
2959 874 3012 920 et
3040 878 3212 936 panes
3232 863 3630 934 propositionis

2034 964 2246 1019 oﬁeret.
2279 966 2364 1017 δἐι
2390 976 2520 1030 ergo
2545 970 2791 1019 sanctus,
2834 958 2961 1028 quia
2984 963 3041 1011 et
3079 971 3180 1025 ego
3223 964 3451 1010 sanctus
3501 969 3625 1008 sum

2037 1056 2321 1131 Dominus,
2353 1056 2446 1123 qui
2476 1050 2760 1107 sanctiﬁco
2783 1064 2901 1104 vos.
2940 1067 2959 1100 ι

2107 1143 2368 1200 Mirabilis
2389 1153 2473 1199 est
2498 1156 2739 1213 praesens
2763 1138 2973 1195 sanctio
3002 1138 3056 1192 in
3085 1134 3224 1191 LXX
3254 1134 3632 1196 translatione,

2038 1238 2163 1308 quia
2203 1236 2346 1291 idem
2400 1234 2719 1289 mandatum
2766 1231 2820 1285 in
2869 1244 3162 1300 personam
3210 1227 3529 1289 multorum,
3576 1236 3633 1279 et

2040 1340 2230 1384 rursus
2256 1330 2311 1383 in
2355 1327 2536 1383 medio
2567 1324 2872 1395 proferens,
2922 1322 3257 1385 advocavit;
3295 1320 3362 1374 Et
3402 1319 3634 1373 manife-

2042 1429 2186 1474 stum
2226 1418 2415 1488 procul
2445 1416 2613 1472 dubio
2639 1430 2707 1469 ex
2737 1414 2842 1469 hoc
2872 1423 2978 1479 est,
3008 1412 3155 1483 quod
3187 1412 3255 1466 de
3284 1409 3634 1464 multitudine

2042 1510 2260 1581 quidem
2292 1507 2638 1564 sacerdotum
2665 1506 2947 1577 praecepit,
2976 1506 3031 1559 in
3074 1517 3250 1559 unum
3290 1511 3474 1556 autem
3515 1517 3633 1554 om-

2044 1602 2195 1656 nium
2233 1598 2715 1655 sanctiﬁcationcm
2759 1596 3005 1660 deduxit,
3038 1595 3199 1649 aiunt
3235 1594 3384 1648 enim
3411 1611 3425 1646 :
3449 1592 3636 1647 Mulie-

2046 1709 2155 1746 rem
2185 1691 2506 1745 meretricem
2536 1698 2584 1742 et
2608 1691 2893 1760 profanam
2922 1703 3024 1740 non
3055 1685 3338 1755 accipient,
3382 1693 3440 1738 et
3473 1683 3636 1753 paulo

2045 1793 2187 1852 post,
2223 1781 2448 1837 Sanctus
2471 1784 2607 1837 erit:
2628 1790 2681 1836 et
2704 1794 2917 1844 rursus,
2943 1777 3295 1845 Sanctiﬁcabo
3320 1792 3459 1837 eum,
3481 1775 3639 1845 quasi

2046 1877 2115 1930 de
2143 1875 2247 1930 illis
2290 1875 2421 1930 dicit
2458 1873 2551 1944 qui
2579 1873 2763 1935 unius.
2808 1871 2862 1926 id
2888 1878 2975 1925 est
3027 1869 3171 1923 illius
3210 1868 3304 1937 qui
3336 1867 3638 1923 secundum

2047 1969 2294 2023 ordinem
2336 1966 2736 2023 Melchisedech
2770 1962 3136 2019 ministrantis
3171 1960 3407 2016 ollicium
3448 1974 3642 2014 susce-

2048 2070 2247 2138 perunt
2282 2078 2295 2113 :
2324 2060 2474 2114 illum
2510 2059 2656 2114 enim
2689 2066 2747 2112 et
2774 2057 2889 2127 ipsa
2927 2062 3111 2109 textus
3163 2054 3322 2108 verba
3365 2052 3482 2107 sine
3514 2051 3631 2106 dif-

2049 2153 2287 2208 ﬁcultate
2318 2150 2645 2223 signiﬁcant,
2683 2150 2827 2205 sicut
2859 2154 3015 2202 extra
3043 2154 3282 2200 nostram
3321 2144 3639 2198 translatio-

2047 2262 2173 2300 nem
2199 2245 2362 2301 etiatn
2394 2243 2574 2299 ca:teri
2607 2243 2967 2310 interpretum
2991 2238 3366 2294 ostenderunt.
3397 2235 3644 2299 Etenim,

2049 2339 2194 2407 quod
2252 2335 2394 2392 LXX
2417 2337 2702 2397 dixerunt,
2737 2334 2889 2388 Dona
2926 2330 3140 2386 Domini
3196 2330 3291 2384 Dei
3332 2329 3491 2383 vestri
3528 2329 3647 2397 ipse

2050 2431 2245 2500 offeret.
2275 2430 2348 2483 illi
2365 2427 2686 2483 ediderunt:
2709 2424 2846 2490 Quia
2878 2441 3041 2495 panes
3079 2422 3173 2487 Dei
3206 2423 3283 2475 tui
3305 2422 3414 2492 ipse
3441 2421 3642 2491 oﬁeret.

2049 2521 2207 2576 Nullo
2236 2522 2399 2574 modo
2430 2526 2612 2573 autem
2642 2518 2858 2588 ignoras
2892 2514 3022 2585 quia
3053 2513 3453 2569 Melchisedech
3484 2512 3645 2566 obla-

2053 2615 2255 2669 tionem
2285 2621 2341 2667 et
2371 2610 2737 2666 sacerdotium
2769 2609 2823 2663 in
2853 2608 3088 2679 panibus
3110 2606 3444 2678 possidebat.
3471 2603 3644 2670 Proli-

2051 2712 2136 2758 ter
2171 2703 2313 2772 quod
2364 2710 2420 2756 et
2448 2701 2680 2756 Abrahte
2716 2714 2887 2770 panes
2935 2713 3129 2770 gerens
3158 2706 3214 2751 et
3284 2696 3494 2758 vinum,
3518 2708 3641 2762 qua:

2050 2800 2208 2848 erant
2240 2792 2394 2863 signa
2432 2792 2553 2862 ejus
2583 2789 2893 2855 sacerdotii,
2930 2788 3207 2844 occurrit:
3241 2785 3465 2859 gerebat
3488 2785 3644 2838 enim

2052 2884 2345 2955 imaginem
2393 2882 2616 2945 Christi,
2660 2882 2730 2936 de
2766 2897 2876 2951 quo
2914 2878 3080 2933 David
3131 2886 3343 2949 patrem
3388 2874 3648 2930 exhibuit

2007 3041 2021 3061 θ
2054 2976 2112 3031 in
2135 2976 2422 3047 prophetia
2453 2975 2725 3030 dicentem
2756 2991 2771 3026 :
2803 2973 2877 3027 Tu
2911 2989 2963 3027 es
2994 2970 3252 3027 Sacerdos
3278 2970 3335 3023 in
3357 2978 3648 3031 internum,

2055 3068 2338 3122 secundum
2396 3067 2631 3120 ordinem
2684 3065 3055 3120 Melchisedech
3090 3064 3159 3117 “.
3205 3062 3377 3130 Cujus
3414 3067 3468 3115 et
3496 3073 3653 3113 nunc

2059 3159 2331 3231 Iegislator
2360 3158 2451 3213 hic
2470 3157 2791 3229 dignitatem
2817 3173 2929 3211 non
2972 3155 3149 3211 solum
3186 3168 3389 3224 panum
3430 3166 3653 3206 memo-

2060 3250 2194 3304 riam
2239 3248 2444 3305 l'aciens
2469 3248 2710 3303 ostendit
2744 3265 2759 3301 :
2791 3247 2888 3302 sed
2927 3254 2982 3302 et
3013 3242 3410 3313 subsequentia
3452 3241 3649 3306 verba,

2059 3342 2102 3397 si
2121 3357 2311 3396 eorum
2326 3342 2580 3397 subtilius
2593 3341 2841 3396 ordinem
2858 3339 3226 3399 attendamus,
3245 3335 3351 3390 hoc
3363 3334 3654 3389 evidenter

2058 3433 2315 3495 innuunt.
2342 3433 2467 3504 quia
2506 3433 2853 3488 sacerdotum
2879 3428 3238 3486 sanctiﬁcatio
3276 3426 3346 3481 ad
3370 3425 3653 3480 Christum

2056 3522 2252 3587 tendit,
2275 3539 2388 3579 non
2409 3524 2584 3579 solum
2602 3524 2726 3593 quia
2752 3522 2821 3577 ab
2839 3537 2903 3577 eo
2920 3519 3210 3577 sacerdotii
3236 3519 3413 3590 legem
3433 3525 3490 3571 et
3518 3532 3649 3571 mo-

2059 3612 2191 3668 dum
2218 3622 2568 3684 accepernnt,
2604 3613 2700 3669 sed
2729 3614 2857 3685 quia
2898 3612 3295 3670 sacriﬁciorum
3323 3625 3443 3680 qua:
3472 3611 3544 3665 ab
3564 3610 3655 3665 eis

2061 3706 2387 3774 oﬁ'ernntur,
2440 3715 2603 3777 atque
2657 3706 3019 3768 oblationum,
3070 3705 3189 3776 ipse
3245 3703 3392 3774 apud
3436 3711 3658 3773 patrem

2062 3795 2330 3852 mediator
2364 3804 2467 3851 est.
2494 3796 2563 3851 Et
2584 3805 2871 3867 propterea
2898 3796 3012 3850 ait:

2133 3914 2408 3967 Incensum
2456 3910 2596 3964 enim
2624 3909 2841 3963 Domini
2884 3919 2933 3963 et
2958 3926 3122 3979 panes
3155 3908 3250 3963 Dei
3285 3909 3368 3962 sui
3407 3909 3658 3978 offerunt.

2061 4000 2188 4057 Sive
2213 4001 2511 4057 secundum
2535 3998 2706 4054 LXX:
2736 4000 2884 4054 Dona
2906 4000 3120 4055 Domini
3143 4001 3296 4055 vestri
3323 4000 3433 4067 ipse
3453 4000 3657 4070 oﬂ'eret.

2061 4095 2172 4152 Cur
2197 4104 2381 4150 autem
2406 4094 2615 4150 addidit
2638 4113 2652 4149 :
2678 4091 2761 4149 Sit
2781 4111 2903 4165 ergo
2932 4104 3166 4161 sanctus,
3182 4094 3307 4165 quia
3333 4102 3382 4147 et
3417 4110 3513 4165 ego
3536 4111 3662 4147 sum

2062 4201 2275 4242 sanctus
2308 4185 2586 4253 Dominus,
2610 4185 2700 4256 qui
2743 4186 3015 4254 sancti/ica
3046 4187 3173 4241 vos?
3200 4186 3321 4240 Non
3356 4186 3513 4249 dixit,
3549 4186 3659 4252 Qui

2062 4277 2342 4335 sanctiﬁco
2390 4285 2477 4342 te,
2526 4292 2598 4331 ne
2626 4275 2766 4330 forte
2799 4276 3077 4331 existimes
3126 4276 3278 4330 illum
3322 4274 3659 4329 sanctiﬁcari

376 4392 434 4439 et
460 4383 687 4437 surdum
716 4380 991 4452 provehit,
1023 4379 1117 4449 qui
1151 4376 1537 4433 inobedientiae
1582 4375 1668 4430 vel
1698 4373 1957 4445 ignoran-
1993 4415 2039 4468 Β
2062 4372 2155 4445 qui
2181 4372 2323 4427 dona
2356 4370 2424 4426 ad
2452 4369 2693 4435 Patrem,
2722 4381 2783 4424 ut
2808 4368 3075 4425 mediator
3112 4368 3326 4432 oﬁ'eret,
3370 4368 3467 4423 sed
3521 4384 3661 4421 san-

378 4472 468 4527 tiat
500 4470 596 4526 Dei
641 4469 837 4525 morbo
890 4468 1230 4523 laborantem
1280 4464 1574 4537 producit;
1630 4463 1699 4519 de
1752 4463 1955 4533 quibus

374 4566 545 4622 Isaias
575 4565 749 4619 Deum
790 4578 949 4618 suum
976 4561 1278 4618 introduxit
1306 4560 1612 4616 dicentem:
1651 4557 1831 4620 Sardi,
1860 4574 1961 4610 au-

376 4658 506 4725 dite,
547 4666 598 4711 et
644 4655 786 4721 eieci,
836 4652 1135 4725 intelligite.
1187 4649 1314 4716 Quis
1368 4667 1558 4714 απυδ,
1622 4649 1723 4704 nisi
1770 4647 1962 4704 Servus

376 4750 558 4806 meus?
600 4758 650 4803 et
687 4748 805 4821 quis
847 4748 1061 4813 surdus,
1111 4746 1215 4800 nisi
1256 4746 1328 4799 ad
1377 4760 1531 4815 quem
1573 4743 1783 4797 nuntios
1823 4757 1962 4797 meos

376 4845 500 4902 misi
514 4844 601 4899 ’θῖ
628 4841 858 4911 Quando
894 4857 1025 4915 ergo
1057 4842 1160 4898 hos
1183 4840 1277 4912 qui
1318 4839 1455 4895 tales
1488 4846 1643 4905 sunt,
1665 4836 1866 4893 oﬂ'erre
1892 4837 1959 4891 ad

376 4939 548 4994 altare
584 4946 641 4993 et
665 4935 947 5009 suscipere
978 4934 1267 5007 mysticum
1298 4930 1668 4988 ministerium
1705 4929 1962 4985 sacerdos

376 5028 750 5102 proposuerit,
779 5041 964 5084 nonne
1016 5025 1439 5097 polluitnomen
1491 5021 1589 5076 Dei
1617 5019 1738 5076 sui?
1781 5035 1963 5091 neque

379 5121 526 5177 enim
559 5120 664 5176 erit
707 5121 760 5177 ei
814 5120 923 5175 hoc
969 5118 1095 5174 sine
1158 5115 1450 5172 maledicto
1485 5122 1543 5169 et
1583 5113 1962 5176 detractione,

380 5221 572 5285 utpote
600 5213 691 5284 qui
720 5212 1042 5269 ministrare
1090 5209 1203 5265 Deo
1235 5207 1410 5264 malos
1448 5206 1717 5277 praecipit.
1769 5204 1877 5259 Sed
1912 5215 1968 5258 et

385 5307 504 5377 ipse
528 5314 752 5362 sanctus
780 5305 907 5370 erit,
940 5305 1009 5360 ab
1033 5303 1121 5360 his
1151 5317 1211 5358 se
1233 5300 1560 5367 continens;
1593 5297 1738 5369 quod
1765 5306 1968 5353 osten-

385 5398 468 5455 dit
508 5399 713 5455 Paulus
745 5399 974 5455 dicens:
1016 5395 1215 5454 Manus
1263 5395 1366 5449 cito
1397 5393 1597 5448 nemini
1634 5386 1966 5461 imposueris‘,

2068 4464 2308 4533 ctiﬁcans
2333 4479 2441 4530 vos,
2471 4461 2722 4517 videlicet
2743 4459 2836 4531 qui
2861 4461 2916 4514 in
2943 4460 3062 4530 ejus
3085 4460 3311 4532 ﬁguram
3343 4458 3664 4514 sacerdotis

2069 4559 2326 4616 Ecclesia:
2361 4557 2638 4614 constituti
2669 4565 2818 4611 sunt.
2861 4554 3002 4622 Quid
3028 4570 3156 4626 ergo
3181 4569 3408 4611 necesse
3435 4561 3555 4608 erat
3575 4553 3665 4609 sic

2067 4653 2232 4707 verba
2258 4650 2532 4713 connecti,
2551 4658 2646 4705 aut
2668 4664 2832 4720 quam
2856 4647 3086 4703 omnino
3117 4647 3282 4725 habet
3311 4660 3663 4716 consequen-

2069 4744 2200 4800 tiam
2248 4743 2435 4796 talium
2457 4740 2688 4811 prolatio
2716 4740 3006 4795 verborum
3030 4738 3085 4792 in
3110 4726 3459 4793 translatione
3474 4735 3624 4792 LXX
3642 4756 3662 4793 :

2069 4832 2296 4889 Sanctus
2343 4832 2463 4897 erit,
2511 4832 2634 4901 quia
2682 4839 2897 4885 sanctus
2943 4845 3083 4895 sum,
3130 4846 3223 4900 ego
3267 4827 3521 4883 Dominus
3566 4831 3665 4900 qui

2069 4925 2340 4993 sancti/ica
2395 4939 2483 4978 vos
2518 4924 2545 4977 .’
2582 4922 2847 4992 Superius
2893 4921 3045 4978 enim
3090 4920 3545 4977 sanctiﬁcationis
3607 4922 3662 4977 ei

2072 5015 2445 5073 testimonium
2473 5014 2759 5086 praebitum
2782 5022 2887 5077 est,
2909 5014 3050 5068 sicut
3072 5012 3315 5083 praedicti
3336 5012 3659 5079 ediderunt,

2073 5112 2352 5167 dicentes:
2383 5109 2519 5174 Quia
2549 5117 2763 5162 sanctus
2785 5116 2859 5162 est
2886 5107 3106 5161 Domino
3138 5107 3245 5161 Deo
3272 5122 3385 5160 suo.
3417 5103 3664 5172 Quomo-

2073 5204 2145 5258 do
2178 5218 2307 5274 ergo
2355 5215 2545 5279 rursus
2575 5200 2793 5261 inferet,
2838 5197 2904 5252 Et
2932 5198 3285 5267 saneti/icabis
3316 5215 3435 5252 eum
3457 5199 3485 5252 .’
3504 5197 3662 5252 Dona

2077 5294 2216 5349 enim
2245 5293 2452 5347 Domini
2485 5290 2578 5345 Dei
2607 5291 2763 5344 vestri
2795 5290 2903 5359 ipse
2948 5290 3144 5359 oﬁ'eret.
3194 5287 3319 5342 Tria
3370 5302 3502 5358 ergo
3543 5287 3664 5341 haec

2078 5401 2176 5458 per
2211 5400 2274 5440 ea
2302 5400 2422 5456 qua:
2450 5383 2591 5439 dicta
2622 5389 2749 5436 sunt
2772 5381 3029 5445 ostendit,
3063 5380 3115 5435 id
3143 5388 3223 5435 est
3257 5379 3384 5450 quia
3410 5376 3666 5434 Cltristus

467 5594 583 5647 "ll
607 5594 751 5647 Tim.
792 5610 866 5660 ιν,
906 5593 964 5647 a.
1034 5594 1078 5625 η
1105 5592 1237 5647 ibid.
1284 5590 1336 5644 δ.
1416 5588 1456 5620 ιι
1486 5584 1934 5660 ιιιιίιῑρρηειιβιτ.Δ
1967 5582 2368 5660 Α¹ξῄΜἎΙίιεῑιῙ⁸μ
2396 5582 2481 5660 7.__
2523 5580 2563 5660 ξξ
2592 5577 2720 5660 ibid.
2750 5577 2802 5633 s.
2839 5579 2924 5660 ἰτ
2956 5577 3091 5635 ibid.
3128 5577 3217 5633 tt.
3296 5575 3385 5632 ιιι
3421 5574 3549 5633 Cor.
3583 5591 3664 5643 ιι,

391 5661 485 5718 29.
559 5663 604 5694 ιθ
635 5662 699 5716 ιιι
736 5648 866 5732 κυεῖ
891 5678 1049 5727 xvm,
1079 5663 1171 5717 ‘21.
1250 5661 1425 5714 “lsa.
1463 5673 1571 5725 xu,
1619 5648 1838 5716 {8.19;
1894 5657 1935 5688 ιι

2061 5654 2159 5719 im,
2191 5671 2245 5719 v,
2268 5652 2357 5706 22.
2436 5650 2481 5682 ²¹
2522 5649 2661 5704 Psal.
2693 5664 2801 5715 ως,
2828 5648 2879 5703 4.
