4038 6182
384 217 523 285 1057

1521 214 1606 276 IN
1644 213 2082 276 LEVlTlCUM.
2126 235 2196 250 --·
2233 213 2380 276 LIB.
2416 212 2517 277 VI.

3517 217 3655 283 1058

368 334 674 390 secundum
704 331 849 404 quod
892 339 977 388 est
1013 331 1180 399 Deus,
1215 339 1270 386 et
1291 339 1512 387 sanctus
1540 342 1646 395 est,
1682 348 1715 387 a
1761 341 1955 386 semct-
1994 340 2037 393 Α
2069 329 2434 401 legitimorum
2462 329 2739 399 praedicet,
2761 343 2865 384 nec
2914 338 3099 385 utatur
3122 330 3202 386 eis
3227 330 3426 402 quibus
3452 331 3541 386 illa
3564 349 3656 387 se-

376 427 494 496 ipso
504 424 989 481 sanctiﬁcatiouem
1003 423 1214 478 habens
1229 421 1343 489 ,sed
1358 430 1416 477 et
1430 438 1529 476 nos
1542 422 1963 486 sanctiﬁcamus;

370 514 442 569 de
466 530 575 584 quo
606 515 744 569 dixit
764 514 967 568 Paulus
1001 530 1014 567 :
1054 510 1158 577 Qui
1199 511 1498 580 sanctiﬁcat
1521 520 1570 565 et
1598 512 1690 582 qui
1722 513 1968 582 sanctifi-

371 616 580 671 cuntur,
626 623 692 661 ea:
748 622 855 660 uno
894 621 1072 659 omnes
1104 603 1172 657 ".
1228 602 1336 658 Sed
1377 602 1465 657 ille
1505 603 1728 673 quidem
1774 621 1807 659 a
1855 602 1968 659 Deo

371 713 542 752 unum
587 697 766 752 solum
813 695 1013 761 Filius,
1047 695 1142 751 sed
1173 705 1229 751 et
1253 694 1347 751 Dei
1386 704 1603 759 natura,
1639 711 1743 752 nos
1784 704 1965 751 autem

368 790 589 862 gratia;
642 797 868 860 propter
919 787 1065 858 quod
1114 788 1203 843 ille
1246 788 1466 858 quidem
1499 787 1820 854 sanctiﬁcat,
1865 802 1968 842 nos

369 889 552 934 autem
573 878 998 944 sanctiﬁcamur;
1018 878 1317 933 secundum
1333 887 1513 934 autem
1531 880 1673 949 quod
1691 879 1963 935 incarnari

369 971 422 1025 ei
453 970 672 1039 placuit,
699 978 752 1025 et
777 985 885 1023 non
917 970 1096 1024 solum
1121 969 1476 1032 sacriﬁcium,
1516 971 1612 1025 sed
1635 978 1692 1025 et
1717 970 1966 1041 pontifex

372 1060 511 1127 ﬁeri,
536 1062 836 1117 secundum
864 1063 967 1116 hoc
997 1060 1239 1123 Patrem,
1270 1070 1324 1117 et
1356 1062 1668 1125 Dominum,
1701 1071 1757 1117 et
1797 1062 1966 1117 Deum

372 1154 577 1209 habere
621 1155 840 1217 dicitur.
884 1155 1024 1209 sicut
1061 1153 1179 1222 ipse
1218 1154 1285 1208 ad
1320 1152 1543 1208 Mariam
1594 1153 1962 1224 Magdelenatu

368 1245 507 1301 dixit
540 1263 554 1299 :
588 1245 727 1301 Vade
760 1246 830 1300 ad
863 1248 1055 1318 fratres
1098 1261 1236 1299 meos
1263 1256 1313 1300 et
1347 1246 1431 1300 dic
1476 1247 1550 1300 eis
1580 1262 1598 1300 :
1632 1247 1866 1300 Ascenda
1893 1247 1967 1300 ad

371 1337 596 1393 Patrem
626 1355 818 1404 meum,
842 1348 889 1393 et
910 1337 1129 1392 Patrem
1154 1346 1400 1403 vestrum,
1431 1339 1503 1392 ad
1522 1339 1691 1393 Deum
1717 1356 1889 1394 meum
1917 1348 1966 1393 et

372 1430 540 1499 Deum
565 1441 791 1486 vestrum
816 1430 884 1498 ",
911 1440 967 1487 et
992 1439 1283 1501 propterea
1311 1431 1389 1484 ait
1418 1449 1431 1485 :

440 1521 577 1587 Quia
599 1532 812 1576 sanctus
832 1532 908 1576 est
933 1522 1156 1576 Domino
1185 1520 1290 1575 Deo
1320 1537 1433 1575 suo.
1460 1521 1692 1576 Sanctus
1719 1530 1804 1576 est
1826 1521 1967 1577 sicut

370 1611 536 1680 Deus,
568 1614 798 1668 Domino
826 1622 1009 1667 autem
1046 1611 1157 1667 Deo
1188 1613 1306 1682 ejus
1336 1622 1394 1666 ut
1421 1613 1605 1667 homo.

369 1799 503 1851 mini
529 1798 623 1852 Dei
639 1798 797 1851 vestri
823 1799 933 1867 ipse
961 1798 1162 1867 offeret.
1199 1796 1306 1851 Sed
1333 1803 1389 1851 et
1417 1796 1542 1866 quia
1569 1795 1624 1849 in
1650 1796 1772 1866 ejus
1794 1795 1961 1866 ﬁgura

371 1891 465 1961 qui
491 1890 558 1945 ab
583 1905 651 1944 eo
679 1889 1033 1944 constituitur
1054 1888 1370 1944 sacerdotes
1394 1887 1723 1953 ministrant,
1750 1888 1809 1942 in
1830 1888 1964 1959 ipsis

370 1994 429 2040 et
464 1984 532 2039 ab
576 1983 708 2053 ipsis
738 1981 1068 2038 sanctiﬁcari
1123 1981 1340 2048 dicitur,
1400 1990 1455 2036 et
1498 1988 1788 2051 pr0pterea
1838 1998 1962 2037 cum

374 2077 543 2131 semel
569 2075 819 2138 dixisset,
853 2072 1083 2128 Sanctus
1113 2082 1211 2138 est,
1246 2072 1459 2129 addidit
1501 2081 1686 2127 tamen
1715 2072 1963 2139 Sancti/i-

373 2169 516 2222 cabis
547 2183 686 2231 eum,
713 2174 768 2221 et
798 2180 1014 2230 rursus,
1047 2163 1279 2219 Sanctus
1311 2164 1431 2220 erit.
1464 2162 1750 2230 Quomodo
1780 2172 1961 2219 autem

374 2275 477 2314 nos
506 2274 629 2313 eum
680 2258 1024 2313 sauetiﬁcare
1068 2256 1412 2328 possumus?
1460 2255 1617 2311 Unde
1667 2267 1763 2312 aut
1794 2272 1820 2310 a
1854 2273 1962 2327 quo

374 2352 863 2409 sanctiﬁcatiouem
896 2351 1184 2416 habentes,
1218 2350 1516 2405 ostendens
1544 2349 1749 2405 addidit
1778 2368 1790 2404 :

444 2444 581 2510 Quia
622 2455 837 2498 sanctus
873 2459 967 2515 ego
995 2459 1113 2497 sum
1165 2441 1423 2497 Dominus
1468 2441 1805 2510 sanctiﬁcaus
1851 2457 1957 2495 eos.

372 2532 433 2588 Si
476 2549 606 2603 ergo
639 2548 670 2588 a
716 2532 829 2588 Deo
873 2533 1055 2588 datam
1114 2532 1276 2587 nobis
1318 2531 1806 2587 sanctiﬁcationem
1858 2547 1961 2588 nos

372 2625 684 2681 sacerdotes
723 2624 1115 2689 custodiamus,
1151 2623 1557 2680 sanetiﬁcamus
1580 2640 1679 2694 pqr
1717 2634 1959 2679 nostram

372 2640 684 2681 saceruOtes
723 2640 1115 2689 cuswatamus,
1151 2640 1557 2680 sancuucamus
1580 2640 1614 2694 p
1653 2640 1679 2677 r
1717 2640 1959 2679 nosuam

370 2716 862 2771 sanetiﬁcationem
892 2729 1018 2770 eum
1046 2715 1140 2787 qui
1180 2724 1403 2772 sanctus
1446 2640 1747 2771 secundum
1794 2724 1960 2771 natu-

369 2825 485 2865 ram
517 2819 623 2875 est,
655 2810 711 2863 in
738 2808 902 2865 nobis
928 2808 1215 2874 duntaxat,
1242 2808 1369 2877 quia
1401 2808 1459 2862 in
1499 2806 1878 2863 conformibus
1904 2818 1961 2864 et

368 2900 731 2971 participibus
791 2900 911 2970 ejus
957 2898 1144 2971 glorim
1204 2898 1379 2953 voluit
1438 2898 1795 2964 sanctificari,
1854 2900 1959 2955 hac

2069 418 2310 473 cundum
2338 417 2571 473 litteram
2597 419 2855 474 utebatur
2887 433 2902 472 :
2930 418 2984 473 id
3011 428 3115 483 est,
3140 429 3204 475 ut
3256 435 3436 490 neque
3483 421 3656 476 sacri-

2069 512 2188 568 ﬁcia
2211 511 2630 576 irrationalium,
2665 522 2722 568 et
2772 510 3182 583 purificationes
3230 513 3545 577 sensibiles,
3596 512 3654 567 iu

2067 604 2271 674 quibus
2302 603 2661 674 intelligibilia
2693 603 2899 658 credita
2930 613 3078 668 sunt,
3110 617 3294 673 agant.

2142 694 2310 750 Vsus.
2335 695 2384 751 9.
2432 713 2451 747 ι
2486 694 2797 750 Sacerdotis
2854 693 2961 748 ﬁlia
2989 694 3036 750 si
3090 694 3435 764 deprehensa
3489 694 3657 750 fuerit

2068 786 2123 841 in
2145 796 2361 857 stupro,
2401 794 2457 841 et
2481 786 2771 842 violaverit
2799 801 2999 842 nomen
3049 786 3222 856 patris
3270 785 3376 853 sui,
3425 786 3657 843 flammis

2066 883 2351 931 εκιιτοιιιτ.
2383 891 2403 924 ι

2138 961 2318 1019 Grave
2343 970 2427 1015 est
2449 958 2668 1030 quidem
2695 960 2863 1016 etiam
2881 960 3114 1015 cuilibet
3143 960 3260 1016 viro
3279 960 3540 1016 fornicari
3590 960 3657 1015 fi-

2066 1051 2219 1118 liam,
2282 1049 2520 1106 maxime
2564 1060 2751 1105 tamen
2810 1052 3135 1112 sacerdotis,
3171 1052 3299 1122 quia
3352 1052 3654 1108 secundum

2065 1139 2212 1209 quod
2235 1138 2372 1192 dixit
2398 1137 2636 1192 Paulus:
2688 1137 2904 1206 Oportet
2955 1141 3249 1194 sacerdotes
3296 1140 3433 1209 ﬁlios
3462 1140 3656 1195 habere

2063 1230 2298 1285 subditos
2329 1245 2449 1283 cum
2469 1231 2615 1283 omni
2640 1231 2886 1285 castitate
2914 1231 2980 1297 '°,
3029 1231 3104 1285 ita
3155 1242 3216 1286 ut
3279 1247 3392 1286 non
3441 1232 3654 1288 dicatur

2065 1323 2134 1377 de
2164 1337 2232 1378 eo
2262 1322 2409 1392 quod
2429 1323 2676 1392 sequitur
2707 1341 2722 1356 ο
2778 1322 2838 1379 Si
2891 1325 3013 1394 quis
3065 1342 3175 1379 sua:
3207 1325 3390 1378 domui
3431 1340 3654 1394 pratesse

2064 1423 2250 1482 nescit,
2282 1423 2540 1493 quomodo
2569 1420 2819 1475 Ecclesia:
2844 1421 2945 1475 Dei
2968 1437 3152 1479 curam
3181 1421 3384 1477 [iubebit
3406 1421 3488 1473 ³¹⁴ἶ
3511 1420 3647 1474 Pro-

2066 1520 2254 1580 pterea
2282 1509 2598 1565 Judmorum
2628 1510 2911 1579 Syuagoga
2939 1525 3047 1563 non
3073 1510 3250 1564 solum
3281 1524 3437 1574 uxor,
3467 1508 3561 1563 sed
3590 1517 3648 1564 et

2070 1600 2180 1652 lilia
2207 1598 2297 1652 Dei
2317 1599 2581 1669 appellata
2604 1599 2658 1653 in
2683 1598 2966 1668 prophetis
2987 1596 3285 1652 invenitur.
3311 1596 3415 1671 sed
3436 1605 3653 1650 utrum-

441 1705 664 1776 Propter
689 1706 825 1774 quod
861 1715 910 1758 et
939 1704 1293 1772 sanctiﬁcabis
1326 1720 1468 1769 eum,
1501 1705 1640 1757 dona
1689 1704 1826 1757 enim
1855 1704 1959 1756 Do-

2069 1704 2177 1758 quc
2213 1688 2330 1758 ipsa
2370 1688 2723 1755 depravatis,
2785 1686 3008 1757 indigna
3058 1687 3218 1741 donis
3267 1684 3541 1756 apparuit,
3593 1691 3650 1739 et

2069 1787 2364 1846 propterea
2396 1776 2571 1830 aliena
2606 1775 2748 1831 facta
2780 1785 2904 1843 est;
2938 1777 3013 1830 ita
3056 1783 3116 1829 ut
3150 1775 3291 1830 Deus
3330 1788 3428 1843 per
3447 1773 3647 1829 Isaiam

2066 1869 2281 1923 diceret
2310 1884 2323 1920 :
2356 1864 2697 1937 Relinquetur
2724 1865 2840 1933 ﬁlia
2872 1865 3001 1921 Sion
3033 1869 3167 1921 sicut
3195 1865 3560 1919 umbraculum
3593 1864 3649 1919 iu

2068 1961 2242 2024 uinea,
2265 1969 2315 2011 et
2344 1960 2478 2013 sicut
2506 1960 2777 2027 tugurium
2799 1958 2850 2011 in
2872 1958 3258 2021 cucumerario,
3290 1966 3343 2010 et
3367 1956 3504 2011 sicut
3524 1958 3653 2010 ciui-

2070 2062 2152 2106 tas
2179 2068 2298 2122 quis
2316 2060 2564 2105 vastatur
2586 2050 2653 2104 ³⁸.
2680 2053 2799 2119 Ipsa
2824 2049 3111 2120 profanata
3139 2060 3196 2105 et
3214 2049 3518 2104 adulterata
3538 2058 3652 2104 est.

2074 2144 2153 2199 De
2182 2144 2283 2198 hac
2319 2144 2568 2198 invenies
2595 2142 2891 2197 Dominum
2919 2156 3017 2213 per
3047 2140 3392 2212 prOpbetiam
3422 2140 3477 2195 in
3513 2138 3655 2196 Osca

2075 2236 2351 2292 dicentem
2381 2253 2396 2292 :
2432 2233 2590 2290 Fitiis
2622 2235 2735 2305 ejus
2753 2251 2858 2290 non
2886 2236 3188 2300 miserebor,
3207 2235 3332 2305 quia
3356 2233 3458 2300 lilii
3481 2232 3655 2303 forni-

2078 2328 2300 2383 rationis
2319 2336 2469 2397 sunt,
2486 2330 2612 2399 quia
2634 2328 2897 2399 fornicata
2914 2335 2992 2383 est
3017 2334 3186 2381 mater
3214 2342 3394 2382 eorum
3413 2324 3495 2391 ³³;
3528 2338 3654 2376 nam

2064 2430 2121 2474 et
2147 2422 2270 2490 igne
2308 2429 2501 2474 exusta
2536 2428 2641 2474 est.
2679 2417 2834 2484 Quod
2892 2418 3209 2473 manifestat
3264 2419 3545 2491 templum,
3592 2428 3652 2476 et

2062 2510 2257 2566 civitas
2284 2511 2403 2564 haec
2429 2507 2736 2565 Jerusalem
2766 2508 3011 2580 antiqua,
3041 2509 3227 2568 adhuc
3244 2511 3545 2568 ostendens
3562 2513 3648 2567 in-

2063 2601 2243 2656 cendii
2268 2602 2553 2672 reliquias.
2586 2600 2729 2672 Ergo
2749 2616 2878 2655 vera
2894 2609 2950 2656 et
2976 2601 3379 2674 irrefragabilis
3428 2611 3513 2658 est
3535 2604 3653 2671 spi-

2064 2695 2242 2750 ritalis
2288 2694 2424 2765 legis
2472 2693 2866 2764 contemplatio
2923 2710 2939 2748 :
3014 2708 3194 2764 neque
3258 2694 3404 2749 enim
3475 2694 3651 2749 solum

2065 2804 2329 2846 succensa
2356 2798 2462 2855 est,
2486 2789 2584 2845 sed
2642 2789 2946 2844 secundum
2991 2790 3137 2859 quod
3159 2789 3237 2844 ait
3263 2790 3348 2844 lex
3403 2789 3652 2845 funditus

2061 2896 2249 2942 exusta
2273 2892 2377 2941 est.

368 2989 849 3045 transformatione
897 3003 1032 3043 usus
1076 2995 1181 3050 est.
1235 2989 1390 3059 quasi
1437 2987 1667 3059 ﬁgurate
1697 2996 1751 3043 et
1783 2989 1960 3061 typice
1986 3006 2031 3065 ο
2133 2978 2299 3034 Vnus.
2335 2977 2517 3034 1042,
2550 2996 2570 3030 ι
2601 2977 2872 3044 Pontifex,
2893 2977 2947 3033 id
2979 2986 3065 3034 est
3088 2978 3344 3035 sacerdos
3377 2978 3653 3036 maximus

370 3084 619 3154 loquens.
656 3078 759 3137 Ve;
780 3089 1063 3136 umtamen
1095 3095 1191 3135 eos
1221 3080 1313 3151 qui
1343 3082 1756 3136 sanctiﬁcantur
1782 3082 1851 3137 ab
1875 3097 1961 3149 eo,

371 3180 615 3229 scortum
644 3180 700 3226 et
725 3170 834 3225 vile
863 3169 1231 3240 prostibulum
1255 3168 1457 3223 ducere
1485 3184 1597 3223 non
1617 3169 1750 3234 vult,
1776 3178 1966 3239 aperte

370 3272 561 3322 contra
596 3264 911 3318 .ludreorum
956 3260 1294 3333 Synagogam
1322 3261 1616 3316 intendens
1645 3279 1659 3316 :
1684 3276 1806 3331 quae
1833 3261 1963 3331 quia

370 3356 634 3412 meretrix
679 3362 785 3420 est,
828 3354 957 3408 audi
1000 3353 1296 3408 Dominum
1338 3353 1395 3407 in
1420 3337 1599 3408 'lsaia
1643 3353 1960 3408 dicentem:

373 3447 641 3514 Quomodo
660 3449 804 3516 facta
839 3455 919 3500 est
955 3446 1205 3499 meretrix
1227 3445 1412 3499 ciuitas
1449 3444 1623 3513 fidelis
1655 3442 1781 3499 Sion
1809 3447 1965 3514 plena

365 3542 559 3615 judicii
567 3542 592 3596 .7
605 3539 636 3593 ,Ι
645 3540 824 3594 ustitia
837 3537 1091 3593 habitavit
1105 3537 1160 3591 in
1180 3553 1263 3601 ea,
1278 3551 1412 3590 nunc
1423 3543 1600 3591 autem
1612 3535 1882 3592 homicida:
1893 3539 1963 3596 “.

374 3633 478 3689 Sed
503 3641 558 3688 et
600 3633 654 3687 in
681 3631 860 3687 Osca:
905 3630 973 3685 Et
994 3631 1240 3701 auferam
1293 3629 1692 3700 fornicationem
1748 3629 1863 3699 ejus
1908 3631 1961 3684 in

375 3727 547 3781 medio
585 3724 720 3794 ejus,
769 3732 818 3777 et
868 3722 1194 3777 adulterium
1238 3720 1356 3789 ejus
1414 3719 1480 3773 de
1530 3719 1700 3774 medio
1740 3721 1961 3776 uberum

374 3820 489 3890 ejus
506 3819 573 3871 ".
614 3817 849 3887 Insuper
897 3823 951 3871 et
999 3814 1169 3870 David
1219 3812 1481 3885 praedicat
1523 3812 1959 3883 profanationem

374 3911 578 3982 hujus;
607 3912 685 3966 ait
727 3909 875 3965 enim
897 3908 1006 3963 Deo
1051 3905 1160 3979 [de
1189 3922 1255 3962 eo
1278 3904 1335 3978 j:
1383 3902 1691 3976 Profanasti
1724 3906 1782 3960 in
1817 3916 1958 3961 terra

373 4004 706 4058 sanctitatem
734 4001 868 4070 ejus,
909 3998 1215 4053 destruxirti
1246 4012 1423 4051 omnes
1470 3996 1730 4050 macerias
1758 3996 1956 4066 ejus".

375 4092 749 4149 Sanctiﬁcatio
819 4100 1004 4144 autem
1064 4087 1401 4151 Iudaeorum,
1451 4084 1730 4158 Synagoga
1771 4100 1959 4140 eorum

371 4192 491 4240 erat
523 4181 708 4253 porcul
739 4178 908 4235 dubio
935 4197 948 4233 :
986 4176 1044 4230 in
1078 4176 1196 4246 ipsa
1225 4174 1371 4230 enim
1400 4183 1517 4229 erat
1547 4182 1603 4229 et
1629 4173 1958 4230 sacriﬁcium

374 4272 731 4338 tabernaculi,
777 4271 833 4324 in
866 4284 970 4339 qua
1004 4282 1197 4323 eorum
1226 4265 1751 4322 consummabantur
1775 4264 1956 4337 legiti-

2070 3072 2217 3128 inter
2260 3071 2458 3128 fratres
2511 3087 2659 3137 suos,
2723 3087 2890 3142 super
2910 3073 3068 3142 cujus
3112 3081 3276 3143 caput
3331 3072 3516 3128 fusum
3565 3082 3653 3129 est

2068 3163 2349 3219 unctionis
2368 3164 2569 3230 oleum,
2595 3173 2653 3219 et
2678 3164 2840 3235 cujus
2874 3179 3068 3220 manus
3101 3163 3154 3218 in
3182 3164 3489 3220 sacerdotio
3518 3179 3653 3220 con-

2068 3266 2296 3311 secratae
2326 3265 2475 3321 sunt,
2504 3256 2844 3326 vestitusque
2873 3264 2956 3311 est
2974 3258 3182 3312 sanctis
3203 3258 3653 3328 vestibus,caput

2069 3363 2228 3403 suum
2253 3363 2363 3404 non
2391 3348 2747 3419 disc00perit,
2778 3348 3107 3404 vestimenta
3129 3364 3227 3404 sua
3259 3365 3373 3405 non
3404 3350 3648 3416 scindet,

2068 3448 2124 3495 et
2156 3439 2222 3493 ad
2256 3455 2420 3495 omne
2459 3447 2737 3495 mortuum
2762 3454 2873 3493 non
2907 3439 3245 3509 ingrediatur
3265 3441 3513 3496 omnino.
3539 3443 3652 3498 Su-

2066 3545 2166 3601 per
2198 3539 2356 3601 patre
2380 3544 2599 3600 quoque
2628 3543 2747 3593 suo,
2775 3536 2870 3583 aut
2903 3539 3077 3603 matre
3107 3544 3218 3584 non
3253 3531 3652 3586 contaminabi-

2067 3631 2177 3690 tur,
2221 3638 2325 3678 nec
2353 3621 2667 3692 egredietur
2688 3621 2756 3677 de
2773 3621 2999 3686 sanctis,
3028 3636 3100 3676 ne
3156 3621 3365 3691 polluat
3392 3633 3649 3678 sanctua-

2066 3716 2207 3770 rium
2247 3715 2483 3787 Domini,
2509 3714 2637 3785 quia
2659 3714 2841 3770 oleum
2874 3721 3078 3770 sanctas
3138 3714 3417 3771 unctionis
3437 3716 3530 3772 Dei
3564 3717 3650 3772 sui
3679 3752 3686 3758 ρ

2065 3822 2232 3878 super
2260 3821 2387 3862 eum
2417 3815 2522 3862 est.
2550 3805 2662 3877 Ego
2688 3805 2970 3860 Dominus.
3009 3824 3029 3858 δ

2135 3899 2270 3966 Quis
2301 3908 2385 3955 est
2406 3899 2664 3955 sacerdos
2689 3912 2922 3968 magnus
2947 3897 3094 3952 inter
3123 3895 3323 3958 fratres
3367 3912 3519 3964 suos,
3542 3898 3648 3955 nisi

2063 3993 2256 4063 utique
2288 3992 2466 4048 illedc
2496 4007 2608 4062 quo
2660 3992 2801 4047 dixit
2833 3990 3042 4045 David:
3092 3989 3321 4060 Magnus
3370 3988 3647 4059 Dominus,

2063 4094 2112 4140 et
2144 4101 2339 4156 magna
2363 4086 2530 4140 uirtus
2556 4085 2693 4156 ejus,
2723 4083 3069 4154 etsapientite
3094 4081 3211 4153 ejus
3243 4097 3347 4135 non
3374 4091 3448 4136 est
3466 4097 3650 4137 nume-

2060 4193 2154 4233 rus
2175 4177 2241 4231 “.
2274 4176 2407 4244 Quis
2437 4178 2586 4233 enim
2632 4178 2893 4233 virtutem
2946 4177 3069 4247 ejus
3101 4175 3473 4240 considerare,
3524 4174 3651 4246 quis

2061 4286 2360 4327 numerare
2413 4270 2743 4342 sapientiam
2784 4278 2881 4324 aut
2922 4268 3394 4339 comprehendere
3431 4268 3649 4339 potest?

374 4382 481 4424 ma.
514 4366 636 4435 Ipsa
682 4372 768 4418 est
795 4371 851 4417 et
900 4359 1189 4430 repudiata
1228 4375 1259 4413 a
1306 4358 1434 4423 Deo,
1481 4366 1738 4428 tanquam
1777 4372 1809 4412 a
1836 4358 1956 4413 viro
1989 4375 2032 4431 υ
2060 4364 2210 4435 quia,
2240 4377 2366 4418 cum
2400 4363 2547 4418 Deus
2568 4362 2641 4417 sit
2663 4369 2889 4432 propter
2909 4361 3371 4431 dispensationem
3399 4369 3646 4415 actorum

372 4473 491 4523 suo,
541 4457 636 4527 qui
686 4455 735 4509 ei
794 4471 892 4526 per
916 4453 1244 4509 electionem
1297 4450 1382 4506 vir
1413 4449 1591 4505 factus
1618 4449 1815 4504 fuerat.
1849 4449 1959 4505 Sed

371 4551 498 4621 quia
531 4556 720 4620 postea
754 4564 873 4603 eam
927 4547 1256 4618 culpabilem
1300 4543 1524 4615 reperit,
1557 4552 1846 4614 propterea
1874 4559 1962 4598 rc-

372 4643 640 4716 pudiavit,
671 4643 794 4712 quia
820 4642 1044 4697 omnino
1073 4641 1246 4711 ejecta
1276 4648 1377 4693 est.
1400 4636 1599 4692 Vocem
1624 4636 1772 4699 audi,
1795 4649 1959 4706 quam

371 4739 511 4792 Osee
554 4734 777 4805 protulit
808 4751 821 4788 :
852 4732 1104 4787 Judicatc
1134 4740 1359 4787 matrem
1418 4739 1669 4795 vestram,
1697 4729 1958 4798 judicate,

374 4831 495 4893 quia
526 4829 640 4896 ipsa
674 4843 778 4880 non
803 4843 936 4880 uxor
964 4842 1103 4882 mea.
1134 4834 1181 4879 et
1208 4840 1301 4895 ego
1338 4838 1441 4876 non
1468 4823 1551 4875 vir
1576 4820 1691 4890 ejus
1722 4821 1791 4873 ".
1820 4818 1963 4872 Audi

2060 4473 2161 4528 pro
2189 4456 2353 4512 nobis
2379 4455 2791 4526 mysteriorum,
2822 4454 2989 4510 etiam
3002 4454 3260 4510 sacerdos
3291 4452 3521 4509 en‘ectus
3539 4462 3643 4509 est.

2062 4548 2232 4604 Recte
2259 4563 2390 4619 ergo
2421 4548 2510 4602 hic
2540 4560 2773 4617 magnus
2799 4546 3077 4611 sacerdos,
3108 4553 3300 4616 utpote
3318 4544 3410 4616 qui
3432 4554 3642 4600 semet-

2063 4638 2243 4708 ipsum
2300 4653 2398 4708 pro
2437 4636 2598 4692 nobis
2643 4636 2904 4691 hosﬁam'
2931 4644 2988 4691 et
3040 4635 3375 4691 oblationem
3416 4632 3644 4696 obtulit,

2065 4728 2394 4797 appellatur.
2444 4728 2675 4798 Propter
2733 4728 2881 4795 quod
2944 4734 2999 4781 et
3044 4740 3234 4782 servos
3283 4725 3645 4785 fratressuos

2066 4819 2249 4873 dicere
2280 4833 2477 4888 passus
2507 4827 2612 4883 est,
2648 4818 2703 4873 id
2733 4826 2818 4874 est
2848 4826 3088 4882 sanctos,
3141 4815 3234 4885 qui
3267 4826 3487 4882 semper
3524 4808 3647 4877 ejus

372 4930 553 4976 autem
585 4928 820 4988 etquam
855 4916 1022 4972 Isaias
1078 4916 1344 4987 propheta
1383 4912 1656 4969 tradidit:
1704 4909 1792 4964 Sic
1837 4901 1965 4963 dicit
2065 4909 2272 4965 faciunt
2316 4911 2679 4965 voluntatem.
2736 4909 2826 4963 Ait
2878 4909 3067 4963 enim:
3109 4905 3423 4973 Quicunque
3466 4898 3653 4973 fecerit

374 5014 630 5068 Dominus
657 5029 674 5066 :
700 5010 829 5077 Quis
847 5020 922 5064 est
941 5010 1022 5063 hic
1053 5008 1259 5062 libellus
1284 5007 1492 5077 repudii
1547 5005 1736 5058 matris
1782 5014 1966 5057 vestra:
2060 5000 2385 5054 voluntatem
2412 5000 2596 5054 Patris
2626 5000 2750 5063 mei,
2780 4998 2870 5053 ille
2901 5013 3047 5077 meus
3075 5006 3124 5050 et
3161 4996 3350 5065 frater,
3376 5002 3426 5046 et
3472 5004 3646 5054 soror,

373 5121 474 5170 quo
494 5104 674 5159 dimisi
705 5102 924 5159 eam"?
947 5100 1046 5156 Ubi
1077 5110 1263 5155 autem
1300 5108 1389 5154 est
1417 5097 1709 5168 repudium
1733 5104 1791 5151 et
1828 5096 1963 5150 mis-

377 5197 481 5253 sio?
499 5197 852 5252 manifestum
885 5204 970 5251 est
991 5194 1119 5265 quia
1150 5208 1290 5248 uxor
1318 5200 1435 5247 erat
1465 5192 1534 5246 dc
1564 5204 1673 5260 qua
1702 5190 1820 5245 haec
1877 5188 1962 5243 di-

372 5287 550 5343 cebat.
572 5286 699 5342 Non
729 5287 847 5344 vult
873 5301 1004 5358 ergo
1024 5301 1145 5341 eam
1190 5298 1418 5340 uxorem
1464 5283 1805 5339 sacerdotem
1864 5282 1960 5336 du-

372 5396 519 5449 cere,
553 5390 615 5438 ut
641 5397 755 5436 non
817 5381 1199 5452 aliquaeorum
1244 5393 1365 5449 qua:
1386 5378 1454 5435 ad
1504 5393 1626 5434 eam
1683 5376 1963 5448 pertinent

443 5538 488 5570 "
514 5539 679 5594 Hebr.
705 5555 768 5605 ll,
810 5538 895 5593 ΙΙ.
1008 5537 1055 5570 ’⁵
1090 5536 1247 5593 Joan.
1280 5553 1365 5598 xx.
1400 5537 1486 5590 Π.

373 5608 419 5640 ’⁵
452 5608 559 5662 lsa.
590 5625 641 5676 L,
672 5610 721 5664 1.
805 5610 889 5664 ³⁰Ι
922 5608 1064 5663 Tim.
1109 5623 1191 5674 tu,
1228 5607 1280 5661 4.
1359 5608 1397 5637 "
1427 5606 1561 5661 ibid.
1592 5607 1645 5661 ὅ.

373 5694 471 5746 xu,
505 5678 600 5740 50,

1599 5537 1645 5568 ⁸³
1674 5535 1779 5590 Isa.
1818 5550 1854 5599 ι,
1882 5534 1974 5589 2i.
2051 5532 2097 5564 "
2126 5530 2266 5588 Osee
2295 5546 2355 5595 ιι,
2380 5529 2435 5584 2.

1724 5607 1767 5638 ’τε
1806 5606 1909 5659 lsa.
1946 5620 1981 5670 ι,
2008 5602 2062 5658 8.

2062 5104 2109 5147 et
2136 5102 2307 5147 mater
2327 5099 2404 5145 est
2425 5092 2492 5148 ³³.
2528 5089 2707 5162 Super
2741 5090 2910 5160 hujus
2943 5096 3108 5158 caput
3153 5087 3335 5142 oleum
3367 5083 3651 5140 unctionis

2062 5184 2297 5241 efiusum
2332 5192 2435 5248 est,
2467 5183 2535 5239 de
2566 5199 2674 5254 quo
2709 5181 2878 5238 dixit:
2910 5180 3070 5235 Sedes
3099 5188 3214 5244 tua,
3251 5176 3411 5244 Deus,
3460 5177 3515 5230 in
3544 5191 3648 5230 ste-
3680 5182 3695 5193 '

2067 5278 2242 5335 culum
2272 5276 2473 5341 saeculi,
2502 5277 2651 5347 virga
2677 5282 2817 5330 recta
2844 5281 2942 5335 est,
2965 5272 3113 5343 virga
3144 5270 3291 5342 regni
3321 5270 3422 5324 tui.
3450 5268 3650 5323 Dilexi—

2070 5375 2139 5429 sti
2173 5371 2448 5446 justitiam
2471 5378 2519 5425 et
2547 5368 2706 5422 odisti
2740 5365 3396 5436 iniquitatem,propterca
3416 5360 3570 5423 unxit
3597 5369 3648 5412 te

3264 5515 3311 5549 "
3329 5513 3471 5570 Osee
3494 5528 3555 5575 ιι,
3588 5510 3646 5566 2.

3371 5584 3417 5617 ³⁸
3450 5583 3645 5638 Matth.

2526 5525 2570 5557 ’⁷
2594 5522 2733 5579 Psal.
2759 5536 3026 5580 txxxvut.
3062 5516 3152 5574 40.

2166 5601 2211 5633 ³³
2244 5586 2382 5656 Osee
2430 5614 2491 5665 ll,
2521 5598 2576 5661 4,
2608 5595 2661 5650 ὅ.
2750 5591 2795 5625 ⁸³
2825 5591 2967 5651 Psal.
3004 5604 3180 5652 eam,
3209 5586 3261 5643 5.
