4038 6182
422 286 556 352 1059

1592 267 1951 330 HESYCHII
2018 266 2405 328 PRESBYTE
2414 266 2492 326 BI

3554 263 3708 331 1060

421 404 582 461 Deus,
628 397 765 451 Deus
796 404 914 448 tuus
938 390 1050 446 oleo
1069 387 1291 448 laztitite,
1318 397 1431 453 pra:
1457 379 1789 434 consortibus
1813 378 1917 431 tuis
1935 377 2000 430 ".
2035 385 2081 439 Α
2108 376 2343 431 animam
2379 390 2507 445 ergo
2535 381 2830 435 mortuam,
2854 372 2940 426 vel
2969 371 3037 426 ad
3056 386 3219 426 omne
3254 381 3555 442 mortuum,
3582 393 3708 435 non

420 484 828 548 Coneordantia
890 481 1020 536 huic
1074 478 1177 548 legi
1230 475 1444 538 dicens,
1484 487 1595 525 non
1658 469 1836 524 solum
1877 467 2002 537 quia

423 579 701 637 unctionis
738 583 967 643 uterque
997 568 1319 624 memoriam
1347 564 1500 625 facit,
1521 562 1617 618 scd
1638 561 1765 631 quia
1789 560 1931 614 sicut
1952 566 2007 615 et

423 674 619 735 David,
654 667 925 725 excellere
951 661 1310 729 semetipsum
1341 658 1397 711 in
1433 657 1549 729 ipsa
1595 654 1861 709 unctione
1893 652 2007 706 suis

420 762 792 837 participibus
842 763 1203 827 protestatur.
1256 749 1415 816 Quod
1470 748 1621 802 enim
1677 744 1836 809 dixit,
1898 757 2008 811 pra:

421 834 810 928 participibus,
870 862 1037 917 super
1098 842 1396 915 participes
1463 848 1589 894 tuos
1648 836 1768 890 sine
1828 834 2010 902 aliqua

423 924 707 1004 dubietate
773 938 1126 1008 intelligitur:
1199 933 1281 987 sic
1341 946 1463 986 eum
1519 929 1684 982 etiam
1737 924 2011 996 legislator

424 1040 719 1097 maximum
741 1033 876 1089 dixit
915 1030 1061 1083 inter
1087 1028 1287 1081 fratres
1337 1037 1493 1085 suos,
1548 1019 1603 1073 id
1634 1027 1719 1072 est
1761 1014 2013 1085 superio-

425 1148 565 1190 rem.
625 1127 785 1195 Quod
843 1134 1030 1177 autem
1085 1118 1324 1172 maxime
1381 1113 1436 1166 in
1489 1109 1750 1182 przcsenti
1801 1114 2015 1176 oportet

429 1221 632 1280 intueri
678 1216 943 1277 historia,
988 1227 1112 1266 cum
1176 1204 1475 1262 secundum
1519 1200 1659 1254 LXX
1714 1199 2013 1254 editionem

429 1316 629 1371 addere
661 1310 963 1368 debuisset,
1001 1303 1085 1356 cui
1117 1300 1335 1370 effusum
1361 1306 1433 1350 est
1473 1310 1629 1362 super
1654 1300 1814 1362 caput
1843 1290 2016 1343 oleum

432 1405 715 1467 unctionis,
750 1414 859 1455 non
906 1398 987 1452 sic
1022 1395 1133 1448 ait:
1187 1391 1303 1453 sed,
1343 1388 1606 1441 maximus
1648 1390 1710 1438 de
1763 1383 2015 1454 fratribus

434 1502 567 1571 ejus,
591 1497 680 1568 qni
705 1492 883 1563 eﬂ‘udit
907 1487 1071 1556 super
1094 1492 1252 1553 caput
1283 1481 1419 1550 ejus.
1450 1477 1591 1544 Quia
1621 1478 1766 1532 enim
1812 1472 2013 1528 Christi

434 1570 565 1647 caro
594 1596 699 1650 est,
742 1598 866 1653 qua:
922 1577 1167 1646 suscepit
1215 1574 1530 1628 unctionem
1580 1570 1635 1623 iu
1669 1570 2015 1637 semetipsum

434 1677 852 1737 communicata:
880 1672 999 1727 sive
1022 1668 1191 1724 unita:
1213 1666 1540 1721 divinitatis.
1587 1663 1667 1716 Ex
1696 1663 1797 1715 hac
1834 1669 2014 1714 autem

436 1786 603 1829 carne
626 1771 822 1824 fratres
851 1765 972 1835 ejus
1009 1770 1065 1816 et
1102 1757 1319 1831 cognati
1363 1755 1544 1811 effecti
1590 1768 1798 1810 sumus.
1848 1750 2016 1811 Recte

440 1866 518 1921 ait
548 1861 816 1934 pontifex,
846 1859 902 1913 id
929 1866 1035 1923 est,
1062 1852 1320 1908 sacerdos
1349 1848 1620 1903 maximus
1649 1845 1793 1900 inter
1820 1843 2016 1897 fratres

439 1933 590 2021 suos,
651 1960 819 2023 super
865 1949 1024 2019 cujus
1080 1951 1248 2015 caput
1303 1941 1537 1996 effusum
1598 1946 1683 1993 est
1744 1933 2018 1990 unctionis

439 2051 651 2113 oleum,
674 2055 737 2100 ut
761 2050 951 2113 aperte
996 2037 1310 2093 inveniatur
1343 2035 1451 2088 hoc
1506 2030 1654 2101 quod
1709 2027 2017 2095 intelligen-

438 2141 569 2196 dum
598 2145 702 2204 est,
726 2133 1000 2190 maximus
1033 2131 1176 2184 inter
1216 2127 1434 2188 fratres,
1468 2122 1518 2176 id
1542 2129 1650 2186 est,
1679 2118 1861 2174 carnis
1881 2131 2017 2170 suae.

439 2232 562 2301 Ipsa
597 2236 683 2283 est
709 2225 858 2281 enim
890 2237 1013 2293 quae
1039 2219 1283 2288 suscepit
1313 2214 1585 2270 unctionis
1631 2212 1812 2266 oleum
1853 2207 2019 2277 hujus

440 2300 764 2381 sacerdotis,
808 2324 863 2370 et
893 2318 1246 2369 consecratas
1275 2307 1447 2361 fuisse
1500 2318 1716 2366 manus,
1769 2300 1906 2363 sive,
1960 2306 2022 2352 ut

440 2410 605 2477 LXX,
636 2415 1025 2463 consummatas
1052 2418 1148 2472 per
1177 2399 1356 2454 crucis
1393 2396 1752 2452 conlisionem
1787 2389 2019 2447 manife-

441 2516 586 2561 stum
618 2514 725 2558 est.
758 2501 916 2554 Tunc
941 2497 1090 2552 enim
1115 2490 1578 2564 quemadmodum
1610 2487 1668 2542 hi
1698 2486 1791 2556 qui
1823 2498 2019 2538 secun-

442 2598 573 2652 dum
601 2596 778 2665 legem
813 2598 945 2645 sunt
969 2587 1304 2646 sacerdotes,
1341 2584 1399 2636 in
1447 2580 1713 2652 sanguine
1741 2577 1916 2641 vituli,
1967 2585 2022 2630 et

444 2688 634 2744 arietis
670 2682 1153 2743 consummabant,
1207 2679 1324 2733 sive
1382 2674 1775 2731 consecrabant
1830 2686 2023 2725 manus

448 2795 607 2836 suas:
649 2778 731 2833 sic
755 2785 809 2832 et
834 2776 950 2845 ipse
975 2772 1197 2843 proprio
1227 2769 1493 2841 sanguine
1524 2781 1652 2823 suas
1678 2779 1871 2820 manus
1894 2779 2023 2819 eon-

447 2872 686 2930 secravit
715 2871 828 2926 sive
850 2865 1272 2923 consummavit.
1312 2865 1386 2917 De
1408 2877 1517 2932 quo
1542 2860 1619 2917 ait
1659 2854 1890 2913 Paulus:
1922 2856 2023 2921 Qui

447 2982 566 3022 cum
606 2972 738 3019 esset
764 2961 959 3027 Filius,
1000 2959 1185 3013 didicit
1214 2974 1277 3012 ea;
1298 2957 1376 3010 Itis
1407 2971 1523 3026 qua:
1552 2970 1737 3024 passus
1767 2961 1861 3014 est,
1907 2951 2024 3004 obe-

2114 467 2498 539 ingredietur:
2528 465 2693 542 quia”
2716 464 2821 519 etsi
2855 463 3101 518 omnium
3150 473 3376 533 peccata
3426 471 3708 535 portabit.

2108 567 2489 614 verumtamen
2521 555 2841 626 impollutus
2874 562 3180 623 permanet,
3224 565 3280 608 et
3308 570 3409 609 nec
3447 559 3706 627 gentium

2109 648 2354 720 peccatis
2404 646 2694 717 polluitur.
2738 642 2814 699 De
2848 643 2936 698 bis
2992 642 3142 697 enim
3194 644 3499 698 secundum
3549 647 3703 702 LXX

2110 740 2260 796 omni
2313 738 2512 794 animae
2541 744 2793 800 mortuis,
2822 744 3013 805 utpote
3036 743 3231 789 contra
3292 751 3487 791 omnes
3519 739 3703 795 cll‘usa

2114 833 2393 903 impietate
2415 839 2472 887 et
2510 829 2821 885 idololatria
2849 828 3070 883 dicitur.

2183 926 2252 981 Et
2283 942 2375 979 nec
2401 939 2556 991 super
2593 932 2744 991 patre
2765 932 2817 977 et
2838 931 3028 975 matre.
3064 920 3242 991 Super
3263 922 3522 990 populum
3546 924 3707 979 vitle-

2113 1018 2248 1073 licet
2284 1017 2626 1078 Judmorum,
2664 1030 2730 1069 ex
2756 1012 2959 1083 quibus
2988 1022 3075 1069 est
3124 1015 3426 1068 secundum
3453 1031 3705 1081 carnem,

2113 1119 2171 1166 et
2202 1119 2491 1180 propterea
2524 1106 2837 1177 appellatur
2869 1107 2990 1177 ejus
3022 1115 3178 1176 pater
3199 1118 3255 1162 et
3278 1115 3499 1163 mater:

2188 1199 2677 1263 Contaminabitur,
2726 1214 2818 1251 nec
2863 1198 2928 1251 de
2968 1198 3167 1251 sanctis
3223 1200 3536 1269 egredietur.
3579 1199 3704 1254 Etsi

2117 1292 2961 1365 peccatoribuscondescendere
2992 1290 3175 1361 elegit,
3212 1301 3495 1360 permanet
3513 1302 3703 1347 tamen

2118 1396 2362 1452 sanctus,
2395 1384 2534 1440 etin
2566 1384 2773 1439 sanctis
2806 1382 3122 1453 requiescit,
3147 1392 3203 1437 et
3241 1399 3270 1437 a
3304 1386 3509 1440 sanctis
3530 1386 3705 1455 quiin

2119 1478 2258 1534 coelo
2311 1486 2443 1532 sunt
2491 1475 2699 1547 angelis
2729 1474 3124 1529 circumdatur.
3185 1474 3294 1530 Sed
3340 1492 3445 1532 nee
3493 1478 3707 1547 polluet

2120 1570 2498 1625 Sanctuarium
2526 1568 2763 1632 Domini,
2804 1567 2933 1637 quia
2971 1567 3388 1625 oleum-sancta:
3428 1571 3704 1627 unctionis

2123 1662 2219 1715 Dei
2252 1662 2338 1715 sui
2365 1675 2535 1730 super
2562 1674 2629 1714 co
2674 1666 2778 1714 est.
2840 1659 2985 1730 Ergo
3023 1659 3125 1713 etsi
3159 1658 3363 1715 videris
3405 1677 3528 1717 eum
3571 1677 3701 1717 eum

2129 1752 2465 1821 publicanis,
2528 1759 2585 1805 et
2635 1765 2761 1804 cum
2819 1750 3201 1805 meretricibus
3240 1763 3701 1819 {conversantetm

2120 1844 2394 1899 dicentem
2423 1843 2809 1914 peccatoribus
2834 1862 2849 1899 :
2895 1843 3016 1897 Non
3044 1844 3161 1898 veni
3190 1860 3375 1898 vocare
3387 1846 3573 1914 justas,
3603 1847 3705 1902 sed

2120 1946 2420 2008 peccatores
2456 1937 2510 1989 in
2542 1934 2985 2005 pwnitentiam“,
3018 1944 3201 1990 tamen
3232 1936 3287 1989 in
3314 1938 3462 1991 nullo
3500 1940 3701 1994 horum

2121 2029 2610 2094 contaminabitur,
2647 2028 2879 2085 actionis
2929 2029 3079 2083 enim
3107 2043 3298 2084 eorum
3326 2031 3477 2087 mala:
3520 2033 3700 2101 partie-

2123 2132 2255 2188 ceps
2283 2133 2397 2172 non
2426 2116 2681 2170 ellieitur.

2199 2208 2343 2264 Unde
2367 2223 2469 2259 non
2503 2204 2690 2275 polluit
2720 2206 3087 2259 sanctuarium
3123 2206 3235 2262 Dei.
3283 2208 3331 2264 Id
3349 2220 3446 2277 est,
3505 2211 3697 2283 Spiri-

2122 2308 2239 2354 tum
2258 2305 2531 2364 sanctum,
2572 2297 2640 2352 de
2679 2297 2801 2367 ipso
2832 2299 2977 2352 enim
3010 2297 3086 2353 ait
3126 2317 3139 2351 :
3197 2299 3333 2365 Quia
3369 2303 3533 2357 oleum
3575 2321 3709 2359 san-

2124 2401 2221 2446 cta:
2244 2392 2503 2446 unctionis
2528 2390 2627 2445 Dei
2658 2392 2742 2446 sui
2776 2407 2933 2459 super
2978 2408 3057 2445 eo.
3087 2391 3440 2450 Coneordans
3475 2404 3527 2450 et
3580 2397 3707 2468 ipse

2122 2484 2190 2540 de
2213 2483 2434 2539 Christo
2462 2483 2620 2538 Isaia:
2646 2483 2826 2537 verbis
2851 2499 2866 2538 :
2898 2481 3129 2552 Spiritus
3171 2485 3385 2539 Domini
3416 2503 3567 2556 super
3594 2506 3706 2552 me,

2123 2585 2338 2648 prapter
2363 2576 2503 2644 quod
2531 2576 2680 2629 unxit
2705 2574 2868 2640 me“,
2895 2574 3132 2644 Spiritus
3161 2583 3349 2631 autem
3377 2578 3619 2647 pollutio,
3647 2581 3707 2634 id

2125 2678 2231 2731 est,
2269 2668 2471 2738 injuria
2507 2675 2562 2721 et
2587 2666 2951 2728 eontristatio,
3001 2676 3086 2721 est
3121 2667 3304 2721 omnis
3350 2669 3552 2737 peccati
3586 2669 3711 2739 pol-

2126 2760 2283 2825 lutio,
2305 2762 2527 2829 propter
2552 2758 2700 2827 quod
2730 2767 2785 2812 et
2808 2757 3010 2815 Paulus
3054 2773 3086 2811 a
3134 2760 3377 2827 peccatis
3427 2761 3708 2816 abstinen-

2125 2853 2255 2906 tiam
2280 2851 2485 2905 docens
2514 2850 2730 2904 dicebat
2785 2872 2797 2906 :
2871 2849 3050 2905 Nolite
3083 2852 3398 2907 contristare
3450 2852 3711 2924 Spiritum

2128 2952 2370 2995 sanctum
2396 2942 2573 3006 Dei,in
2589 2959 2689 3011 quo
2701 2944 2897 3009 signati
2916 2944 3035 2996 estis
3054 2944 3109 2996 in
3121 2945 3204 2998 die
3220 2946 3587 3014 redemptionis
3636 2939 3713 3000 ⁸³.

448 3059 723 3115 dieutiam,
758 3064 807 3109 et
836 3060 1224 3107 consummatus
1256 3050 1427 3120 factus
1449 3056 1524 3101 est
1571 3046 1807 3099 omnibus
1828 3044 2025 3097 obtcm-
2052 3052 2096 3108 ο
2129 3036 2222 3091 Sic
2268 3036 2337 3090 dc
2384 3035 2623 3088 maximo
2671 3034 2960 3089 sacerdote
3017 3050 3129 3090 non
3186 3036 3364 3090 solum
3408 3037 3720 3109 praeceden-

448 3148 756 3222 perantibus
791 3146 910 3209 sibi,
968 3160 1130 3197 causa
1178 3140 1366 3194 salutis
1410 3148 1616 3193 attenta:
1667 3136 1962 3205 appellatus
1995 3153 2026 3188 η

451 3238 560 3294 Deo
618 3236 881 3306 Pontifex,
928 3233 1091 3301 juxta
1153 3230 1390 3282 ordinem
1450 3226 1817 3281 Melchisedech
1848 3225 1915 3280 ⁸⁷.
1964 3225 2030 3277 Et

454 3345 682 3386 rursus:
731 3325 955 3378 Decebat
987 3323 1127 3377 enim
1159 3336 1299 3382 eum,
1335 3328 1549 3388 propter
1575 3332 1726 3386 quem
1761 3318 1957 3380 omnia,
1981 3325 2030 3369 et

452 3438 547 3493 per
570 3435 722 3493 quem
752 3417 954 3477 omnia,
979 3416 1110 3485 quia
1147 3411 1339 3467 multos
1365 3410 1500 3480 ﬁlios
1533 3411 1590 3464 in
1622 3408 1845 3480 gloriam
1864 3409 2033 3462 addu-

452 3520 624 3577 xerat,
664 3492 932 3564 auctorem
966 3506 1155 3561 salutis
1197 3519 1378 3558 eorum
1423 3518 1516 3571 per
1566 3501 1862 3571 passionem
1915 3515 2035 3552 con-

454 3617 723 3656 summare
741 3598 809 3650 ³⁸.
846 3596 946 3651 llic
968 3605 1025 3650 et
1056 3593 1398 3649 vestimentis
1427 3592 1531 3647 illis
1562 3592 1786 3646 indutus
1806 3600 1889 3646 est
1912 3606 2034 3661 qure

461 3692 628 3749 David
702 3691 758 3745 in
818 3688 1050 3743 Psalmis
1111 3686 1405 3741 cantabat:
1466 3684 1718 3738 Dominus
1760 3683 2031 3753 regnarit,

458 3786 696 3839 decorem
715 3782 907 3845 induit,
938 3778 1109 3833 induit
1138 3777 1391 3833 Dominus
1420 3776 1800 3857 fortitudinem,
1824 3785 1871 3827 et
1898 3790 2035 3843 pra:-

459 3877 620 3930 cinxit
652 3891 706 3929 se
743 3869 1168 3927 virtute".-ﬂic
1199 3877 1367 3939 caput
1402 3882 1565 3924 suum
1596 3882 1708 3921 non
1748 3866 2036 3934 discoope-

460 3969 590 4032 rnit,
615 3982 719 4021 nec
747 3963 1082 4020 vestimenta
1111 3976 1211 4017 sua
1241 3959 1504 4017 concidit.
1527 3957 1706 4028 Caput
1739 3971 1901 4027 suum
1925 3971 2035 4010 non

459 4058 865 4128 discooperuit,
928 4055 1057 4125 quia
1102 4070 1133 4109 a
1182 4053 1349 4108 Patre
1397 4067 1521 4118 suo,
1573 4051 1665 4120 qui
1711 4049 1832 4120 ejus
1873 4058 2039 4118 caput

460 4152 790 4223 appellatur,
821 4164 925 4204 nec
955 4147 1245 4219 passiones
1272 4144 1457 4200 carnis
1480 4143 1763 4198 sustinens
1809 4155 2038 4210 separa-

460 4254 571 4298 tur.
596 4242 705 4297 Sed
725 4256 828 4295 nec
857 4241 1186 4295 vestimenta
1209 4234 1504 4299 conscidit,
1537 4234 1590 4288 id
1624 4242 1711 4287 est
1735 4232 1950 4288 carnis:
1974 4246 2039 4286 ex

461 4351 571 4404 quo
610 4332 1039 4389 enim'verbum
1086 4346 1215 4385 caro
1273 4329 1477 4383 factum
1536 4335 1642 4389 est,
1692 4325 1835 4379 inest
1891 4332 2039 4378 totus

2130 3129 2202 3183 tia
2242 3128 2527 3199 intelliges,
2546 3128 2640 3181 sed
2663 3136 2716 3181 et
2733 3128 3144 3197 subsequentia.
3167 3128 3278 3184 Nec
3311 3131 3461 3185 enim
3495 3130 3719 3184 incom-

2133 3220 2431 3290 patic-ntem
2459 3220 2748 3289 quemdam
2784 3229 2838 3274 rt
2869 3220 3291 3274 immansuetum
3320 3236 3467 3283 eum,
3486 3222 3719 3291 quipri-

2133 3329 2257 3367 mus
2310 3313 2568 3366 sacerdos
2603 3320 2719 3376 est,
2780 3311 3058 3382 legislator
3103 3312 3253 3377 vult,
3294 3320 3355 3366 ut
3402 3312 3469 3367 ad
3505 3313 3722 3368 nullum

2135 3413 2413 3460 mortuum
2463 3403 2705 3470 accedat,
2769 3404 2865 3458 sed
2888 3404 3120 3459 suadere
3164 3404 3323 3459 nobis
3376 3405 3512 3469 vult,
3590 3407 3726 3476 quia

2135 3506 2283 3551 tanta
2343 3496 2722 3558 sanctificatio,
2767 3513 2874 3566 qua
2930 3497 3175 3566 pontifex
3208 3497 3364 3552 indui
3382 3496 3605 3564 dicitur,
3651 3499 3725 3554 de

2136 3594 2475 3640 mortuorum
2501 3585 2707 3641 visione
2725 3586 3081 3655 pollueretur.

2217 3678 2377 3734 Vens.
2420 3680 2610 3734 13-15.
2664 3699 2681 3730 ι
2733 3678 2842 3749 Ego
2905 3679 3187 3743 Dominus,
3246 3682 3511 3753 virginem
3559 3682 3731 3739 ducet

2138 3787 2383 3835 uxorem,
2410 3772 2631 3826 viduam
2675 3782 2730 3826 et
2764 3772 3101 3840 repudiatam
3129 3783 3186 3828 et
3215 3775 3493 3829 sordidam
3555 3786 3731 3847 atque

2139 3865 2483 3919 meretricem
2513 3880 2625 3917 non
2647 3865 2832 3923 ducet.
2864 3867 2959 3920 sed
3007 3867 3242 3936 puellam
3267 3867 3335 3923 de
3375 3868 3578 3938 populo
3621 3885 3752 3931 suo,

2140 3971 2209 4010 ne
2238 3957 2590 4011 commisccat
2611 3957 2837 4026 stirpem
2872 3958 3087 4027 generis
3118 3960 3203 4013 sui
3237 3961 3402 4032 vulgo
3419 3962 3567 4033 genti
3585 3978 3730 4030 sum,

2139 4046 2266 4115 quia
2297 4062 2397 4119 ego
2422 4047 2686 4105 Dominus
2710 4048 2801 4117 qui
2821 4049 3106 4106 sanctiﬁco
3126 4066 3273 4106 cum.
3306 4071 3324 4104 ι

2213 4138 2467 4208 Seipsum
2486 4154 2609 4195 esse
2642 4140 3028 4211 legislaturem,
3066 4152 3121 4197 ct
3159 4144 3501 4214 impletorem
3560 4144 3734 4216 hujus

2142 4229 2437 4284 sanetionis
2458 4230 2695 4284 maxime
2727 4233 3040 4287 ostendens.
3083 4233 3191 4301 ligo
3228 4236 3479 4289 heminas
3530 4252 3732 4297 neces-

2143 4322 2288 4377 sarie
2320 4322 2551 4384 addidit,
2577 4322 2756 4393 qualis
2774 4332 2980 4390 autem,
3018 4326 3478 4395 subsequentibus
3501 4330 3735 4385 edocuit

465 4441 580 4480 suae
601 4426 773 4490 carni,
806 4435 861 4478 et
892 4438 1173 4492 nunquam
1205 4422 1275 4476 ab
1300 4436 1385 4481 ea,
1428 4433 1533 4473 nec
1571 4434 1602 4472 a
1629 4415 1910 4478 cruciﬁxa,
1935 4430 2036 4469 nec
2069 4396 2111 4449 θ
2145 4413 2342 4469 verbis.

468 4532 499 4571 a
542 4515 777 4586 sepulta,
831 4530 935 4569 nec
1001 4513 1148 4568 aliud
1190 4511 1469 4582 quodlibet
1523 4524 1720 4579 passa,
1776 4507 1922 4577 quod
1977 4508 2045 4561 ad

471 4615 721 4660 naturam
743 4612 986 4660 nostram
1017 4604 1278 4673 pertinet,
1302 4617 1364 4656 se
1398 4600 1651 4655 abscidit.

540 4695 605 4750 Et
654 4698 723 4748 ad
761 4711 913 4748 omne
964 4703 1230 4748 mortuum
1272 4707 1375 4745 non
1426 4690 1765 4760 ingredietur.
1822 4687 2046 4742 Omnino

466 4801 622 4854 super
644 4794 794 4855 patre
819 4800 1022 4855 quoque
1041 4800 1134 4837 suo
1169 4792 1217 4836 et
1251 4790 1421 4836 matre
1454 4797 1558 4833 non
1577 4777 2042 4833 contaminabitur.

468 4879 607 4935 LXX
629 4892 814 4935 autem
837 4880 1060 4934 dicunt:
1093 4877 1263 4947 Super
1292 4892 1496 4929 onmem
1517 4877 1754 4928 animant
1780 4883 2045 4926 mortuam

468 4990 572 5027 non
600 4973 945 5043 ingredietur.
992 4969 1277 5037 Quomodo
1319 4976 1503 5021 autem
1555 4966 1737 5020 anima
1792 4965 2043 5028 moritur,

467 5080 592 5119 cum
659 5064 730 5119 sit
787 5062 1007 5117 condita
1075 5058 1447 5115 immortalis?
1517 5055 1654 5110 Audi
1720 5056 2046 5124 prophetam

446 5154 777 5208 «licentem:
812 5151 1004 5205 Anima
1037 5167 1154 5221 quae
1204 5148 1516 5218 peccaverit,
1553 5148 1669 5215 ipsa
1700 5146 2043 5208 morietur”,

417 5263 428 5276 ·
470 5245 773 5315 impietatis
801 5244 988 5314 utique
1012 5252 1209 5306 morte,
1234 5243 1353 5296 lucc
1370 5250 1454 5294 est
1483 5239 1631 5294 enim
1657 5238 1852 5292 animae
1876 5252 2046 5299 mors,

469 5353 633 5407 quam
662 5336 903 5392 maxime
941 5346 1132 5408 gentes
1167 5350 1342 5405 passae
1390 5341 1540 5396 sunt,
1572 5347 1694 5401 qua:
1726 5346 1830 5386 nec
1872 5332 2046 5401 legem

475 5428 590 5493 Dei,
629 5443 732 5482 nee
762 5428 922 5481 aliam
968 5429 1088 5498 ejus
1137 5424 1425 5482 scientiam
1484 5424 1815 5477 habuerunt.
1869 5419 2048 5491 Super

2222 4505 2489 4575 Virginem
2535 4512 2688 4559 ducet
2718 4522 2936 4561 uxorem
2984 4509 3048 4562 de
3067 4510 3258 4577 perula
3308 4528 3423 4566 suo.
3449 4512 3602 4580 Sive,
3668 4527 3731 4572 ut

2146 4595 2308 4659 LXX,
2326 4598 2389 4650 de
2413 4613 2599 4667 genere
2618 4614 2732 4658 suo,
2763 4599 2887 4667 quia
2918 4615 3092 4671 genus
3123 4602 3322 4657 Christi
3349 4614 3575 4676 propter
3598 4624 3730 4664 car-

2144 4702 2271 4742 nem
2299 4704 2463 4743 omne
2479 4690 2762 4744 hominum
2780 4706 2952 4761 genus
2975 4707 3120 4759 esse,
3144 4696 3370 4751 cuilibet
3393 4708 3604 4753 eertum
3618 4711 3731 4763 est,

2149 4779 2238 4833 hic
2269 4796 2337 4834 ex
2371 4780 2472 4834 hac
2501 4797 2726 4836 uxorem
2759 4783 3044 4850 virginem,
3077 4786 3132 4840 id
3175 4796 3281 4853 est,
3310 4788 3613 4846 Ecclesiam
3676 4794 3735 4848 in

2146 4886 2270 4924 eum
2311 4871 2650 4927 credentium
2679 4872 2854 4938 duxit,
2876 4875 2944 4930 de
2975 4893 3082 4947 qua
3110 4877 3310 4936 Paulus
3337 4881 3594 4939 dicebat:
3623 4886 3737 4941 De-

2144 4964 2333 5031 spondi
2362 4981 2448 5018 vos
2478 4966 2571 5018 uni
2608 4966 2720 5018 viro
2747 4966 3000 5039 virginem
3029 4979 3233 5026 castam
3277 4974 3516 5030 exhibere
3572 4976 3738 5034 Chri-

2143 5063 2222 5107 sto
2251 5057 2317 5107 “.

2221 5149 2443 5205 Viduam
2474 5161 2522 5207 et
2544 5156 2881 5222 repudiatam
2898 5164 2947 5209 et
2978 5160 3270 5228 sordidam,
3347 5172 3506 5233 atque
3564 5183 3734 5222 mereo

2154 5242 2336 5296 tricem
2367 5259 2472 5297 non
2500 5246 2671 5300 ducet.
2708 5246 3022 5304 Iudaeorum
3056 5250 3397 5326 Synagogam
3423 5256 3649 5312 viduam
3680 5259 3734 5312 in

2154 5338 2440 5408 prophetis
2508 5341 2837 5410 appellatam
2896 5346 3173 5411 novimus,
3221 5349 3289 5404 ad
3326 5364 3490 5419 quam
3548 5351 3733 5406 dixit:

2157 5428 2385 5485 Tendere
2407 5442 2455 5486 et
2485 5434 2655 5503 gaude
2678 5451 2835 5504 super
2858 5436 2994 5505 ﬁlios
3022 5447 3137 5493 tuos
3180 5450 3405 5509 teneros,
3452 5444 3626 5498 dilata
3667 5446 3737 5499 rio

554 5629 599 5661 3*
624 5627 765 5682 Psal.
787 5647 933 5695 xtiv,
976 5631 1029 5695 7,
1062 5631 1115 5686 8.
1193 5633 1235 5664 ³⁷
1267 5631 1432 5686 llebr.
1476 5648 1530 5697 v,
1565 5632 1618 5694 8,
1650 5632 1703 5687 9.
1763 5631 1807 5664 ³³
1840 5632 2008 5688 llebr.

482 5712 530 5759 ν,
563 5697 651 5749 52.
715 5702 759 5729 θ’
790 5699 891 5752 lsa.
923 5716 1031 5766 uti,
1070 5702 1093 5753 ι
1122 5718 1138 5767 ;
1166 5701 1294 5756 Luc.
1330 5718 1403 5769 tv,
1444 5702 1524 5755 l8.
1600 5702 1643 5734 ⁸³
1668 5702 1867 5771 Ephes.
1897 5720 1971 5771 tv,
2003 5704 2025 5758 Ξ

2134 5633 2218 5689 lO.
2299 5633 2343 5663 ³⁸
2367 5632 2505 5689 Psal.
2534 5653 2663 5703 cxn,
2700 5636 2749 5692 ί.
2806 5637 2853 5669 ⁸⁸
2878 5638 3079 5698 Ezeeh.
3102 5657 3254 5706 xvtn,
3282 5642 3372 5699 20.
3460 5646 3501 5677 δ’
3538 5643 3736 5703 Matth-

2168 5705 2213 5737 “
2234 5704 2281 5758 ll
2307 5704 2431 5759 Cor.
2465 5723 2536 5769 χι,
2559 5708 2614 5761 2.
