4038 6182
343 193 473 261 lﬁﬁl

1476 193 1559 256 IN
1601 195 2039 261 LEVITICUM.
2073 221 2142 230 —
2184 194 2335 255 LIB.
2372 194 2475 256 VI.

3476 203 3615 272 ωδε

345 311 601 367 animum
627 318 772 365 ιααηι
803 309 936 363 sicut
957 307 1151 371 Aquila
1186 307 1252 360 δ”.
1282 306 1390 362 Sed
1421 315 1478 360 ct
1505 308 1575 361 de
1600 310 1802 380 populo
1832 309 1928 364 διι-
1958 317 2000 371 Λ
2037 308 2131 377 qui
2151 305 2461 361 oll‘eruntnr
2485 307 2541 360 in
2572 307 2900 374 sanetuario,
2940 310 3011 366 ita
3038 311 3322 379 duntaxat,
3358 322 3419 370 ut
3470 319 3613 375 intra

345 399 606 463 dmorum,
690 400 804 453 sive
851 397 1136 468 proditore
1174 395 1333 461 Juda,
1392 399 1701 452 communis
1776 399 1925 452 enim

344 503 531 544 eorum
573 499 656 542 est
690 487 971 556 iniquitas,
1003 487 1135 541 dicit
1166 502 1179 539 :
1208 486 1370 539 Fiant
1387 486 1491 555 ﬁlii
1521 487 1637 555 ejus
1679 489 1922 557 orphani,

343 590 392 634 et
413 596 544 634 uxor
571 580 685 649 ejus
714 580 872 633 vidua
899 580 965 643 “,
1018 579 1193 648 ipsam
1248 587 1433 632 autem
1486 579 1827 648 repudiatam
1871 587 1928 633 et

338 673 560 727 viduam
590 673 894 727 secundum
918 687 981 724 ea
1003 686 1122 740 qua:
1139 681 1268 724 ante
1305 670 1588 739 paululum
1624 671 1768 725 dicta
1796 680 1928 726 sunt

342 762 715 833 intelligimus.
753 761 1053 830 Repudiata
1094 769 1177 815 est
1231 761 1378 815 enim
1411 777 1442 815 a
1494 762 1589 815 Dei
1639 762 1924 826 societate,

341 869 464 908 cum
494 855 673 908 idolis-
694 853 993 915 fornicans,
1019 861 1240 922 propter
1256 854 1403 923 quod
1434 868 1554 907 eam
1588 854 1643 908 in
1670 856 1927 925 eonjugio

342 945 598 1015 accipere
632 959 742 997 non
764 944 989 1013 patitur,
1011 952 1069 997 ut
1123 943 1394 1014 intelligas
1431 945 1557 1014 quia
1616 959 1737 999 eam
1796 960 1928 999 con-

342 1036 877 1103 vcrsationem,qu:e
909 1034 963 1087 in
995 1033 1206 1087 umbris
1257 1041 1313 1087 et
1367 1033 1556 1103 ﬁguris
1604 1042 1688 1088 est
1742 1036 1929 1104 prohi-

345 1129 489 1191 buit,
512 1136 567 1181 et
598 1128 654 1180 in
680 1126 831 1180 nullo
854 1126 904 1179 ei
937 1126 1349 1181 communicare
1414 1130 1531 1179 vult
1578 1126 1700 1189 hos,
1731 1126 1825 1195 qui
1875 1127 1926 1181 ei

352 1227 677 1290 exspectant
696 1235 794 1288 per
827 1218 993 1273 vitam
1024 1219 1245 1281 bonam,
1300 1218 1574 1287 ﬁdemque
1624 1218 1924 1274 cohaerere.

350 1310 509 1366 Unde
550 1326 675 1366 cum
732 1310 900 1365 semel
956 1309 1179 1363 dixisset
1220 1324 1237 1365 :
1292 1308 1536 1362 Puellam
1565 1310 1819 1380 virginem
1865 1311 1929 1363 de

342 1402 534 1473 papula
565 1419 678 1466 suo,
711 1402 817 1454 sive
839 1415 1026 1470 genere
1046 1415 1145 1452 suo
1194 1400 1439 1469 accipiet,
1476 1414 1587 1454 non
1634 1407 1927 1455 contentus

342 1496 464 1559 fuit,
486 1494 758 1551 subdidit:
800 1492 1046 1556 Viduam,
1080 1501 1127 1545 et
1146 1493 1470 1545 meretricem
1507 1500 1559 1545 et
1589 1493 1927 1561 repudiatam

342 1602 445 1640 non
471 1587 710 1654 accipiet.
743 1584 1058 1638 Secundum
1091 1582 1232 1636 LXX
1266 1591 1450 1637 autem
1483 1601 1497 1638 :
1552 1583 1815 1654 Virginem
1862 1588 1927 1639 de

2027 398 2210 453 velum
2238 413 2348 452 non
2374 398 2731 468 ingrediatur,
2748 416 2851 456 nec
2878 404 3098 459 accedat
3144 405 3212 459 ad
3262 407 3453 474 altare,
3485 412 3614 479 quia

2029 488 2297 543 maculam
2326 488 2511 554 habet,
2540 501 2596 545 et
2633 494 3009 551 contaminare
3043 510 3152 550 non
3177 497 3340 552 debet
3362 510 3615 556 sanctua-

2030 576 2173 630 rium
2201 592 2409 641 meum,
2441 592 2544 647 ego
2578 578 2846 635 Dominus
2876 581 2968 650 qui
2999 584 3284 638 sanetiﬁco
3320 602 3433 640 vos.
3482 606 3501 638 ι

2102 667 2157 720 Si
2183 669 2486 723 secundum
2523 669 2758 723 litteram
2797 670 2941 726 hanc
2992 674 3336 728 sanctionem
3363 677 3615 748 accipere

2026 758 2387 819 voluerimus.
2420 761 2696 828 quomodo
2749 761 3075 832 legislatoris
3122 780 3242 819 esse
3267 766 3421 834 juxta
3461 770 3614 825 vide-

2028 848 2464 904 bituriutentio?
2501 850 2689 920 Neque
2738 852 2884 905 enim
2928 854 3208 908 voluntate
3256 872 3354 910 sua
3389 860 3615 914 macula:

2032 938 2350 993 hominibus
2381 940 2664 994 eveniunt.
2724 939 3011 1006 Quomodo
3057 960 3187 1015 ergo
3246 962 3356 1001 non
3424 949 3618 1005 incon-

2028 1045 2223 1100 gruum
2253 1041 2336 1085 est
2370 1031 2427 1085 in
2464 1032 2568 1089 his.
2600 1048 2721 1101 quae
2738 1043 2933 1102 sponte
2962 1050 3072 1090 non
3126 1038 3297 1106 ﬁunt,
3347 1043 3609 1096 sacerdo-

2030 1129 2143 1174 tem
2163 1121 2231 1175 ab
2262 1120 2439 1175 ofﬁcio
2471 1124 2684 1192 repelli.
2717 1122 2857 1188 Quid
2891 1134 3074 1179 autem
3103 1136 3156 1181 et
3209 1129 3255 1183 si
3327 1132 3453 1200 quis
3510 1134 3615 1188 hoc

2028 1211 2211 1280 ipsum
2241 1213 2376 1283 legis
2404 1229 2743 1283 cognoscens
2799 1228 3168 1286 praeceptum,
3221 1224 3490 1277 sacerdoti
3525 1226 3613 1278 in-

2027 1306 2224 1359 videns
2244 1347 2258 1369 ,
2285 1306 2591 1360 membrum
2626 1307 2745 1376 ejus
2763 1349 2777 1373 ,
2805 1300 3028 1363 manum
3050 1352 3066 1374 ,
3115 1313 3201 1366 vel
3257 1315 3450 1382 pedem
3471 1358 3486 1382 ,
3518 1328 3616 1371 aut

2024 1398 2249 1451 oculum
2270 1437 2285 1458 ,
2305 1405 2402 1450 aut
2434 1397 2636 1466 aliquid
2666 1398 2814 1451 aliud
2834 1400 3105 1455 attriveril
3128 1444 3142 1466 ,
3169 1413 3267 1457 aut
3299 1390 3615 1477 sipugnans

2028 1497 2218 1543 contra
2248 1488 2603 1559 alienigenas,
2620 1499 2674 1545 et
2697 1505 2794 1559 pro
2818 1492 3022 1546 sanctis
3048 1493 3144 1547 Dei
3170 1506 3443 1563 armatus,
3469 1516 3613 1569 pra:-

2027 1596 2150 1637 esse
2164 1582 2313 1636 cnim
2336 1582 2492 1637 bellis
2518 1582 2829 1637 sacerdotes
2850 1583 2904 1637 in
2938 1584 3362 1644 Deuteronomio
3382 1590 3448 1644 δ’.
3463 1591 3614 1663 Moy-

342 1694 531 1749 genere
553 1694 647 1731 suo
673 1677 914 1745 accipiet,
945 1666 1010 1730 nt'
1024 1676 1259 1745 primum
1284 1675 1417 1730 illud
1441 1675 1663 1746 quidem
1683 1677 1752 1732 de
1772 1677 1925 1732 omni
1958 1654 1999 1706 π
2029 1688 2118 1728 ses
2149 1674 2442 1743 prmeepit,
2487 1674 2687 1729 vulnus
2721 1675 2965 1745 accepit,
3001 1691 3068 1730 ex
3102 1693 3211 1747 quo
3243 1682 3501 1750 quaelibet
3551 1654 3613 1739 vei

338 1771 615 1841 intelligas
638 1768 892 1823 Ecclesia:
909 1783 1139 1839 corpore
1184 1781 1199 1819 :
1250 1768 1356 1823 hoc
1389 1778 1574 1823 autem
1596 1770 1924 1830 secundum.

338 1861 411 1916 de
436 1861 618 1914 anima
649 1859 820 1913 omni.
856 1859 1329 1925 Quemadmodum
1361 1859 1510 1914 enim
1570 1862 1804 1917 societas
1859 1863 1925 1917 ﬁ-

339 1954 563 2013 delium.
601 1953 681 2007 sic
702 1963 756 2006 et
778 1953 963 2006 anima
1008 1952 1442 2022 uniuscujusque
1472 1968 1679 2022 sponsa
1719 1955 1840 2021 Dei,
1870 1965 1927 2011 et

340 2047 600 2102 Ecclesie
656 2054 756 2100 est.
812 2045 921 2099 Cur
1000 2053 1184 2098 autem
1227 2045 1614 2114 desponsatam
1666 2047 1769 2102 sibi
1814 2064 1924 2102 non

342 2140 457 2193 vult
494 2139 814 2209 participem
860 2136 982 2190 ﬁeri
1031 2135 1278 2190 Judaicas
1328 2138 1754 2204 conversationi,
1809 2139 1926 2209 ipse

338 2230 616 2285 subinl‘ert
649 2247 664 2284 :
1906 2296 1918 2306 .

409 2323 490 2378 Ne
516 2324 849 2377 commiseeat
867 2323 1084 2391 stirpem
1106 2323 1308 2392 generis
1325 2324 1431 2377 sui.
1498 2323 1694 2395 Vulgo,
1750 2325 1926 2396 gentis

341 2429 476 2468 sum.
503 2411 646 2467 LXX
686 2422 907 2467 autem:
939 2412 1004 2465 Et
1026 2428 1128 2465 non
1155 2413 1460 2483 profanabit
1510 2429 1687 2467 semen
1730 2415 1786 2468 in
1829 2430 1924 2484 po-

340 2508 465 2576 pulo
482 2523 595 2560 suo.
625 2506 765 2577 Ergo
796 2504 1100 2576 profanatio
1132 2505 1371 2559 ﬁdelium
1397 2514 1503 2567 est,
1550 2506 1606 2559 bi
1635 2506 1781 2559 enim
1800 2516 1927 2561 sunt

338 2613 527 2652 semen
551 2602 605 2651 et
634 2596 787 2666 plebs
830 2595 999 2650 nostri
1042 2596 1357 2659 sacerdotis,
1393 2594 1635 2649 Judaicis
1681 2596 1927 2650 moribus

339 2690 551 2745 sociati.
581 2689 648 2743 Et
683 2695 970 2757 propterea
994 2686 1197 2741 Paulus
1215 2686 1431 2741 dicebat
1462 2700 1473 2734 :
1517 2685 1778 2740 Evacuati
1804 2688 1926 2741 estis

336 2782 559 2847 Christo,
578 2782 667 2851 qui
688 2781 743 2833 in
761 2780 870 2849 lege
888 2779 1282 2848 justiﬁeamini,
1312 2796 1344 2832 a
1372 2779 1548 2850 gratia
1579 2780 1924 2835 exeidistis".

339 2876 435 2931 llis
458 2874 721 2929 subdidit.

2028 1780 2095 1818 ex
2127 1766 2647 1835 prmdictismaculis
2678 1769 2955 1832 eveniret,
3012 1778 3243 1840 putasne
3278 1772 3475 1844 dignus
3494 1786 3613 1830 erat

2027 1865 2254 1927 propter
2285 1858 2389 1913 hoc
2416 1858 2483 1913 de
2513 1859 2817 1915 saterdotio
2847 1864 3217 1918 removeri?ln
3239 1874 3450 1921 tantum
3463 1871 3611 1923 enim

2026 1964 2141 2002 non
2191 1956 2320 2003 sunt
2366 1965 2656 2019 corporum
2685 1950 2911 2005 macula:
2963 1953 3359 2011 abominabiles
3387 1956 3517 2022 Deo,
3550 1969 3612 2014 ut

2028 2039 2320 2095 Dominum
2376 2041 2688 2095 illuminare
2738 2057 2917 2097 cazcos
2956 2044 3126 2098 David
3183 2046 3389 2102 diceret
3419 2049 3487 2103 ενο.
3549 2049 3605 2106 Si

2027 2130 2496 2199 pulchritudinem
2532 2147 2642 2187 non
2673 2132 2858 2204 elegit,
2914 2149 3015 2187 nec
3057 2135 3339 2190 robustum
3385 2153 3606 2207 corpus,

2027 2236 2131 2275 nec
2159 2221 2306 2291 quod
2327 2221 2698 2277 videturbene
2746 2223 3005 2291 positum;
3059 2233 3120 2278 ut
3168 2226 3237 2279 ad
3295 2225 3606 2289 Samuelem

2025 2312 2234 2368 diceret
2278 2313 2347 2368 de
2377 2314 2587 2383 majore
2645 2313 2756 2369 ﬁlio
2797 2311 2970 2379 Jesse,
3039 2316 3163 2385 quia
3225 2319 3461 2388 Speciem
3493 2320 3607 2374 Deo

2026 2404 2244 2473 placere
2266 2413 2593 2475 putaverat:
2645 2406 2765 2460 Non
2822 2407 3066 2476 respicies
3124 2410 3194 2462 ad
3250 2410 3450 2465 uultum
3493 2413 3607 2480 ejus

2029 2511 2194 2566 neque
2223 2497 2295 2549 ad
2325 2495 2664 2550 altitudinem
2690 2505 2912 2550 statum
2939 2497 3076 2566 ejus,
3135 2500 3385 2569 quoniam
3437 2503 3607 2572 abjeci

2028 2604 2147 2641 eum
2180 2588 2248 2641 ⁸⁸.
2278 2588 2444 2657 Atqui
2473 2603 2571 2642 rex
2596 2603 2708 2643 non
2734 2589 2990 2644 sacerdos
3046 2599 3166 2647 erat
3223 2593 3317 2662 qui
3373 2596 3609 2665 ungeba-

2031 2688 2152 2746 tur;
2187 2680 2299 2751 regi
2327 2689 2509 2734 autem
2544 2682 2853 2737 necessaria
2891 2692 3012 2737 erat
3035 2684 3249 2754 species
3295 2695 3349 2741 et
3391 2689 3607 2759 magni-

2031 2773 2161 2827 tudo
2198 2773 2464 2843 corporis.
2500 2772 2608 2828 Sed
2665 2773 2797 2843 quid
2836 2773 2923 2829 his
2967 2775 3217 2830 addidit?
3280 2776 3390 2831 Nec
3443 2779 3606 2849 juxta

2029 2864 2282 2917 intuitum
2302 2864 2527 2919 hominis
2555 2865 2761 2934 judico.
2804 2865 2976 2921 Homo
3001 2867 3147 2922 videt
3169 2883 3232 2922 ea
3252 2885 3372 2938 quae
3394 2878 3604 2939 patent,

408 2966 519 3040 Ego
548 2968 804 3021 Dominus
829 2967 918 3037 qui
942 2965 1212 3035 sanctiﬁco
1267 2981 1407 3019 eum.
1450 2964 1508 3019 Id
1538 2974 1642 3031 est,
1670 2974 1923 3035 propter-
1951 2996 1989 3051 ο
2029 2954 2175 3008 Deus
2192 2964 2375 3009 autem
2403 2954 2644 3009 intuetur
2685 2969 2776 3009 cor
2814 2970 2829 3021 ;
2866 2971 2960 3011 cor
3001 2956 3145 3012 enim
3206 2968 3495 3028 scrutatur,
3559 2964 3608 3018 si

339 3076 401 3116 ea
430 3076 569 3130 opus
605 3075 716 3113 non
749 3059 913 3112 habet
960 3057 1092 3129 legis
1124 3058 1344 3128 ﬁguras,
1382 3073 1486 3112 nec
1513 3058 1920 3122 sacriﬁcia,nec

338 3152 769 3225 puriﬁeationes,
804 3151 1061 3220 quoniam
1113 3165 1216 3220 ego
1254 3150 1517 3204 Dominus
1538 3166 1638 3220 pro
1667 3152 1923 3207 omnibus

342 3249 449 3303 illis
480 3256 535 3303 et
573 3246 897 3300 sacriﬁcium
928 3243 1153 3307 elﬁcior,
1180 3252 1236 3297 et
1293 3242 1636 3312 puriﬁcatio;
1664 3252 1719 3295 et
1748 3244 1921 3310 quod-

342 3354 557 3408 cunque
587 3336 789 3391 dixeris
812 3336 1087 3404 pertinere
1127 3333 1193 3387 ad
1224 3333 1385 3386 aliam
1418 3332 1921 3387 sanctiﬁcationem.

343 3429 445 3496 Qui
476 3437 678 3492 autem,
715 3426 935 3496 quando
967 3424 1164 3485 viduae,
1193 3431 1252 3477 et
1288 3423 1616 3486 meretricis,
1674 3431 1730 3477 et
1759 3438 1924 3492 repu-

344 3521 502 3575 diata:
528 3515 1039 3577 mentionemlccit,
1091 3514 1212 3578 bas,
1258 3512 1455 3581 inquit,
1507 3528 1620 3567 non
1671 3513 1922 3583 accipiet,

343 3612 575 3667 dicimus
602 3611 775 3664 ethoc
802 3609 870 3663 de
914 3606 1297 3661 liaareticorum
1321 3605 1715 3660 conventiculis
1760 3605 1920 3676 legis-

345 3705 569 3758 latorem
629 3700 831 3755 dixisse
862 3717 875 3752 :
908 3698 1144 3751 viduata:
1184 3694 1482 3751 suntenim
1516 3695 1611 3750 Dei
1672 3696 1923 3763 scientia,

343 3803 564 3868 propter
583 3791 727 3863 quod
755 3800 808 3845 ct
830 3807 859 3845 a
888 3790 1104 3861 piorum
1139 3787 1526 3844 communione
1543 3789 1752 3859 expulsi
1772 3799 1920 3859 sunt,

343 3890 438 3945 sed
468 3899 521 3943 ct
549 3886 891 3941 fornicamur
953 3882 1270 3953 incongruis
1304 3891 1359 3936 et
1392 3882 1617 3937 nefariis
1654 3883 1926 3954 dogmati-

342 3986 465 4038 bus.
492 3982 635 4052 Ergo
668 3987 813 4034 recte
836 3977 1054 4031 viduam
1079 3975 1396 4046 praeposuit,
1436 3976 1731 4031 secundum
1761 3991 1922 4045 repu-

340 4078 566 4135 diatam.
601 4072 819 4127 tertiam
841 4068 1183 4123 meretricem
1211 4067 1459 4122 subdidit
1497 4067 1688 4121 harum
1714 4067 1924 4123 nullam

342 4170 445 4225 sibi
479 4166 739 4223 Dominus
772 4163 839 4219 ad
886 4162 1200 4217 societatem
1237 4159 1408 4224 ducit,
1431 4167 1494 4214 ut
1518 4173 1631 4237 non
1678 4158 1926 4228 polluant

343 4264 580 4319 ﬁdelium
619 4274 829 4321 semen,
862 4256 989 4327 quia
1038 4262 1379 4325 corrumpunt
1424 4268 1592 4307 mores
1613 4252 1770 4308 bonos
1820 4253 1926 4307 cul-

345 4356 519 4426 loqttia
554 4354 699 4407 mala
738 4351 805 4404 “.

410 4444 574 4499 Vens.
608 4442 797 4498 16—25.
835 4459 854 4492 ε
888 4440 1234 4509 Locutusque
1272 4444 1358 4492 est
1383 4434 1650 4492 Dominus
1677 4436 1746 4491 ad
1779 4435 1926 4507 Moy-

341 4548 440 4591 sen
470 4536 678 4591 dicens.
708 4533 957 4605 Loquere
984 4531 1051 4586 ad
1078 4532 1264 4584 Aaron
1293 4543 1310 4584 :
1360 4526 1533 4583 Homo
1587 4527 1656 4582 de
1712 4528 1923 4583 semine

340 4638 435 4686 tuo
469 4645 566 4700 per
607 4628 838 4685 familias
863 4627 956 4696 qui
997 4622 1251 4679 habuerit
1290 4620 1560 4676 maculam
1593 4635 1704 4674 non
1728 4619 1923 4674 oden-et

345 4736 517 4793 panes
543 4718 774 4773 Domino
795 4715 907 4770 Deo
939 4730 1039 4769 suo
1066 4728 1140 4769 ne
1189 4712 1416 4767 accedat
1447 4710 1516 4765 ad
1550 4710 1920 4764 ministerium

342 4815 487 4886 ejus.
520 4812 577 4867 Si
598 4826 776 4867 caecus
803 4808 985 4872 fuerit,
1030 4806 1077 4861 si
1139 4803 1386 4868 claudus,
1456 4802 1571 4857 sive
1614 4816 1783 4870 parvo
1837 4801 1923 4854 vel

337 4904 552 4977 grandi,
582 4902 668 4960 vel
704 4909 846 4955 torto
879 4913 1033 4961 naso,
1068 4896 1113 4951 si
1144 4895 1317 4950 fracto
1352 4891 1496 4962 pede
1524 4890 1611 4944 vel
1644 4903 1831 4954 manu,
1875 4902 1921 4941 Si

341 4999 559 5069 gibbus,
578 4998 627 5052 si
654 4998 855 5067 lippus,
892 4993 937 5049 si
966 4989 1279 5062 albqginem
1318 4982 1616 5040 'habensin
1647 4980 1828 5046 oculo,
1875 4979 1921 5033 si

338 5091 522 5163 jugem
551 5089 812 5151 scabiem,
844 5086 888 5140 si
921 5080 1298 5153 impetiginem
1319 5077 1647 5145 incorpore,
1669 5073 1757 5127 vel
1792 5072 1921 5163 ber-

340 5180 553 5235 niosus.
598 5179 789 5233 Omnis
828 5176 923 5247 qui
976 5170 1228 5228 habuerit
1278 5167 1548 5223 maculam
1591 5164 1660 5217 de
1711 5162 1918 5216 semine

339 5274 524 5327 Aaron
572 5269 894 5333 sacerdotis,
934 5279 1048 5321 non
1093 5260 1319 5317 accedet
1350 5256 1551 5313 oll‘erre
1570 5253 1778 5310 hostias
1815 5252 1921 5307 Do-

341 5365 515 5435 mino,
549 5380 652 5422 nec
669 5378 839 5437 panes
860 5363 970 5415 Deo
998 5373 1119 5422 suo,
1146 5361 1399 5409 vescatur
1430 5359 1615 5406 tamen
1661 5347 1916 5419 panibus,

409 5549 456 5581 “
480 5548 642 5604 Mich.
668 5564 707 5610 ι,
746 5544 833 5598 16.
938 5542 982 5573 ⁸⁸
1011 5542 1065 5596 P:
1083 5542 1153 5596 al.
1201 5552 1352 5610 Civili,
1384 5534 1439 5589 9.

340 5636 495 5687 CXLV,
524 5620 576 5675 8.
653 5620 695 5650 ⁸⁸
731 5616 753 5671 Ι
779 5615 908 5685 Reg.
941 5629 959 5661 κ
980 5629 1053 5679 \‘l,
1083 5612 1161 5665 7.‘

1538 5534 1580 5564 ⁸⁷
1605 5534 1777 5588 Galat.
1809 5549 1863 5592 γ,
1904 5529 1959 5582 Α.

1226 5609 1269 5641 ⁸²
1300 5594 1435 5661 Gen.
1478 5621 1662 5673 xevu,
1693 5607 1777 5660 l0.
1854 5601 1899 5633 ”
1931 5596 2072 5653 Psal.
2100 5609 2231 5661 xvn,
2270 5594 2353 5649 ιϐ.

2029 3047 2295 3101 maculam
2327 3048 2545 3113 habeat,
2576 3056 2632 3102 et
2652 3064 2747 3103 eos
2772 3048 2866 3118 qui
2888 3049 3215 3105 immaculati
3239 3062 3367 3107 sunt
3400 3055 3604 3120 animo,

2027 3139 2128 3193 ltus
2150 3140 2356 3193 electos
2387 3139 2597 3209 judieat
2628 3157 2643 3195 ε
2669 3155 2765 3194 eos
2793 3148 2979 3196 autem
2996 3143 3088 3212 qui
3115 3145 3383 3199 maculam
3405 3146 3459 3199 in
3484 3149 3607 3202 ani-

2026 3247 2113 3284 ma
2145 3231 2367 3293 habent,
2396 3231 2672 3301 reprobat.
2737 3230 2794 3287 Si
2836 3233 2982 3288 enim
3036 3235 3238 3289 malum
3298 3245 3381 3291 est
3455 3239 3608 3294 clau-

2025 3322 2209 3376 dicare
2244 3322 2493 3391 pedibus,
2513 3329 2608 3375 aut
2628 3322 2818 3378 oculos
2844 3322 3089 3378 inﬁrmos
3120 3326 3342 3393 habere;
3377 3336 3477 3383 eta
3495 3329 3606 3384 Deo

2026 3422 2305 3483 separant,
2328 3413 2604 3483 quomodo
2633 3413 2805 3479 Isaac,
2874 3417 3149 3485 quomodo
3182 3417 3350 3473 Jacob
3371 3421 3607 3493 caligare

2027 3504 2272 3571 permisit
2298 3510 2355 3558 et
2384 3504 2615 3558 salutem
2649 3505 2878 3574 perdere
2934 3506 3200 3561 visionis?
3225 3510 3428 3563 etenim
3455 3510 3607 3566 Isaac

2025 3607 2135 3646 non
2154 3594 2409 3665 cognovit
2435 3594 2625 3656 Jacob.
2674 3596 2815 3650 Esau
2851 3594 3143 3667 ﬁngentem
3180 3614 3492 3668 personam.
3530 3601 3605 3654 De

2023 3683 2190 3742 Jacob
2216 3697 2398 3742 autem
2431 3688 2636 3744 dictum
2665 3700 2781 3744 est:
2818 3690 2967 3746 Oculi
2990 3691 3160 3745 Israel
3188 3692 3481 3763 caligavere
3494 3711 3606 3763 pra:

2025 3780 2193 3835 simia
2220 3790 2508 3844 senectute,
2541 3783 2589 3834 el
2616 3782 2760 3837 clare
2787 3783 2962 3837 videre
2992 3799 3093 3837 non
3139 3787 3430 3853 poterat”.
3469 3785 3605 3841 Pro-

2024 3878 2211 3938 pterea
2241 3878 2295 3924 et
2320 3886 2465 3926 nunc
2490 3870 2767 3942 legislator
2800 3873 2882 3928 sic
2933 3870 3251 3929 indistincte
3294 3875 3361 3930 de
3393 3877 3603 3933 macula

2025 3957 2199 4009 sancit
2219 3955 2408 4012 dicens
2426 3956 2572 4012 enim
2595 3976 2609 4012 :

2100 4050 2272 4106 Homo
2298 4054 2361 4106 de
2389 4054 2586 4107 semine
2609 4062 2702 4108 tuo
2760 4054 2852 4125 qui
2914 4055 3160 4110 habuerit
3206 4057 3490 4112 maculam.
3539 4058 3604 4115 Et

2023 4159 2148 4200 eum
2177 4159 2285 4200 non
2311 4144 2653 4202 distinxisset
2684 4146 2886 4213 locum,
2950 4145 3095 4200 illico
3132 4147 3373 4202 subdidit
3405 4166 3418 4202 :
3477 4147 3603 4204 Non

2023 4239 2200 4309 oﬂ'eret
2229 4253 2391 4307 panes
2423 4238 2530 4292 Deo
2581 4254 2676 4292 suo
2724 4253 2817 4293 nec
2868 4239 3078 4295 accedet
3125 4241 3197 4294 ad
3254 4241 3604 4296 ministerium

1954 4340 1999 4395 ι)
2028 4330 2163 4400 ejus.
2198 4327 2343 4385 LXX
2364 4338 2545 4384 autem
2575 4328 2764 4382 dicunt
2790 4345 2803 4381 :
2835 4329 2898 4383 In
2931 4346 3032 4400 quo
3056 4331 3215 4402 fuerit
3250 4332 3480 4397 macula,
3501 4350 3604 4387 non

2023 4421 2439 4478 accedet.\'ides
2470 4422 2615 4497 quia,
2650 4420 2706 4474 in
2738 4436 2848 4491 quo
2878 4421 3036 4490 dixit,
3062 4438 3173 4479 non
3231 4423 3287 4477 in
3333 4440 3601 4496 corpore,

2021 4514 2076 4569 in
2112 4514 2271 4570 nobis
2303 4522 2484 4568 autem
2515 4514 2737 4584 proprie
2775 4514 2898 4579 hoc,
2930 4515 3079 4585 quod
3114 4516 3167 4570 in
3200 4516 3381 4571 anima
3415 4528 3604 4572 nostra
3633 4545 3637 4549 -

2018 4616 2125 4675 est,
2162 4622 2284 4663 esse
2307 4605 2529 4661 dicitur.
2571 4607 2715 4678 Ergo
2736 4607 2990 4663 claudum
3009 4608 3163 4675 dicit,
3191 4609 3336 4664 viam
3363 4609 3457 4663 Dei
3479 4625 3604 4664 cor-
3632 4592 3638 4607 ’

2020 4705 2384 4765 rumpentem,
2408 4695 2501 4764 qui
2535 4710 2601 4750 ex
2624 4704 2801 4765 parte,
2830 4696 3013 4752 divina
3043 4698 3317 4763 mandata,
3342 4707 3398 4751 et
3428 4697 3603 4775 legem

2022 4786 2309 4851 subvertit,
2338 4785 2408 4840 de
2431 4785 2631 4855 quibus
2658 4787 2713 4839 in
2741 4786 2971 4841 Psalmis
3000 4787 3131 4843 dicit
3169 4804 3182 4840 :
3250 4786 3378 4840 Filii
3439 4786 3603 4839 alieni

2022 4875 2229 4928 mentiti
2253 4885 2373 4929 sunt
2396 4876 2545 4940 mihi,
2576 4876 2679 4945 lilii
2700 4876 2863 4930 alieni
2904 4878 3347 4940 inueterauerunt,
3378 4883 3427 4928 et
3448 4874 3600 4927 clau-

2021 4970 2327 5024 dicacerunt
2361 4986 2393 5022 a
2424 4969 2623 5023 semitis
2662 4970 2774 5023 suis
2801 4969 2867 5021 ⁸³.
2914 4967 3384 5033 Quemadmodum
3455 4965 3603 5021 enim

2022 5059 2202 5113 claudi
2247 5073 2390 5113 unus
2454 5072 2551 5129 pes
2592 5073 2763 5113 sanus
2816 5073 2937 5113 esse
3003 5056 3237 5121 videtur,
3262 5056 3399 5111 alter
3419 5064 3604 5110 autem

2025 5152 2297 5207 claudicat
2334 5168 2346 5204 :
2407 5150 2487 5204 sic
2532 5160 2588 5205 et
2625 5152 2791 5222 hujus
2842 5163 3011 5203 unum
3065 5146 3340 5217 quidpiam
3384 5147 3603 5204 interim

2027 5258 2221 5300 sanum
2254 5257 2376 5296 esse
2401 5240 2637 5306 videtur,
2664 5242 2925 5312 gloriatur
2962 5241 3112 5295 enim
3141 5239 3348 5294 servire
3374 5254 3434 5293 se
3467 5237 3598 5293 Deo.

2029 5339 2188 5395 Aliud
2209 5345 2392 5393 autem
2422 5332 2696 5389 inﬁrmum
2729 5342 2835 5401 est,
2867 5334 2997 5389 dum
3026 5342 3342 5404 corrumpat
3388 5347 3601 5403 praeva-

3378 5516 3428 5547 ”
3456 5513 3598 5570 Psal.

2049 5524 2094 5556 “
2121 5524 2143 5579 ι
2174 5523 2297 5577 Cor.
2340 5540 2431 5587 xv,
2470 5522 2563 5578 35.
2659 5521 2703 5553 δ’
2726 5518 2884 5575 Deut.
2923 5534 3012 5586 xx,
3062 5517 3083 5571 l
3120 5531 3273 5586 seqq.
