4038 6182
493 209 634 273 11163

1688 206 2055 268 llESYCHll
2095 202 2567 267 PRESBYTEBI

3632 200 3788 269 1064

492 323 758 378 rieatione
800 321 975 394 legem
1029 320 1437 387 mandatorum,
1494 334 1618 390 qua:
1682 319 2084 390 transgreditur
2111 326 2159 384 Α
2184 316 2279 385 qui
2311 313 2598 370 scientiam
2619 329 2685 367 ex
2707 312 2942 383 quodam
2967 320 3205 373 tumore,
3226 308 3311 365 vel
3341 306 3469 363 vita:
3495 308 3801 380 pravitate

493 414 879 470 intentionem.
908 412 1104 468 Caecus
1138 419 1242 477 est,
1276 411 1372 482 qui
1401 426 1471 466 ex
1507 419 1618 466 tota
1641 410 1948 481 ignorantia
1979 409 2077 465 Dei

490 504 747 559 morbum
774 502 1027 564 sustinet,
1078 501 1332 557 etlucem
1356 501 1605 556 veritatis
1629 500 1914 555 intendere
1962 513 2076 555 non

489 596 656 650 valet.
683 593 911 664 Propter
940 592 1087 663 quod
1125 591 1196 648 de
1239 592 1444 648 Iudaeis
1500 591 1766 647 Dominus
1818 589 2072 645 dicebat:

490 686 668 743 Cacus
701 702 836 741 caseo
867 685 915 740 si
943 686 1197 739 ducatum
1229 686 1484 754 prwbeat,
1547 683 1705 738 ambo
1767 682 1822 736 in
1873 683 2077 753 foveam

490 776 684 830 cadunt
720 775 790 828 ⁸⁸.
836 774 980 830 Naso
1019 774 1303 845 proprium
1349 786 1435 829 est
1495 771 1735 828 odorari.
1786 772 1902 826 lloc
1945 785 2076 843 ergo

489 885 645 936 sano,
694 869 835 923 bene
896 867 1021 938 quis
1076 866 1360 933 odorantur,
1408 866 1685 921 terebrato
1743 872 1929 920 anilem
1990 863 2075 917 vel

490 970 764 1026 truncato,
795 975 907 1015 non
936 959 1076 1014 bene
1100 959 1225 1030 quis
1274 959 1559 1024 odoratur,
1583 957 1771 1027 quales
1793 965 1921 1010 sunt
1949 956 2076 1026 qui-

490 1054 614 1109 dam
630 1054 828 1124 quibus
856 1053 995 1107 mala
1024 1052 1260 1122 placent,
1304 1059 1530 1121 propter
1584 1050 1689 1104 hoc
1714 1048 1841 1119 quia
1869 1049 2073 1103 malum

490 1147 699 1202 habent
723 1145 1117 1216 cogitationum
1149 1144 1459 1199 odoratum.
1518 1141 1660 1208 Quia
1682 1142 1830 1195 enim
1855 1140 2074 1195 odorari

490 1236 673 1292 divina
709 1234 991 1305 Scriptura
1016 1235 1069 1288 in
1109 1249 1196 1299 eo,
1215 1232 1360 1304 quod
1380 1232 1638 1303 placitum
1681 1232 1865 1297 fuerit,
1925 1232 2073 1287 acci-

491 1341 622 1396 pere
670 1326 829 1390 solet,
880 1324 1011 1378 audi
1064 1322 1233 1377 David
1286 1322 1562 1377 dicentem
1606 1322 1673 1377 ad
1693 1321 1958 1376 Saulem:
2013 1319 2072 1375 Si

490 1417 748 1471 Dominus
777 1418 964 1470 incitat
1017 1426 1066 1470 te
1130 1416 1410 1469 adversum
1435 1429 1516 1467 me
1574 1414 1823 1467 adoretur
1872 1414 2071 1482 sacriﬁ-

489 1509 627 1561 cium
655 1508 720 1560 ⁸⁸.
750 1509 817 1562 Ει
850 1522 1066 1570 rursus,
1093 1507 1311 1575 quando
1357 1505 1471 1559 Noe
1499 1505 1821 1570 immolavit,
1846 1506 1922 1559 ait
1952 1522 1965 1557 ε
2002 1506 2069 1559 Et

489 1601 740 1654 odoratus
761 1609 835 1654 est
869 1600 1125 1654 Dominus
1150 1600 1291 1654 Deus
1336 1603 1550 1653 odorem
1580 1600 1864 1652 suavitatis
1893 1600 1962 1652 “.
2009 1599 2069 1652 ln

2178 407 2518 462 vulneratam
2561 404 2786 469 habent,
2816 403 2997 459 abhis
3047 402 3142 473 qui
3167 400 3485 473 ignorantia:
3530 400 3807 457 inﬁrmi-

2179 508 2345 555 tatem
2375 498 2679 569 patiuutur,
2707 497 2844 552 nihil
2892 495 3181 559 diﬁ’erunt.
3211 508 3387 563 usque
3413 492 3539 547 dum
3583 494 3810 549 tumo;

2180 605 2295 644 rem
2348 590 2523 655 illum,
2558 599 2653 644 aut
2711 590 2837 645 vitae
2883 588 3207 658 pravitatem
3254 586 3561 657 dctergant.
3613 587 3811 643 Licet

2176 681 2326 735 enim
2358 680 2443 737 eis
2482 688 2615 736 tunc
2641 695 2774 736 sano
2799 679 2901 742 uti,
2948 685 3007 733 et
3035 677 3242 732 mundo
3304 677 3466 731 oculo
3495 676 3801 732 scientia.

2173 768 2371 843 Jugcm
2416 772 2656 828 scabiem
2697 773 2974 827 detractor
3033 770 3250 825 habet:
3304 768 3805 839 quemadmodum

2176 862 2322 916 enim
2359 864 2597 932 pessima
2628 863 2839 919 scabies
2860 862 3178 926 demolitur,
3210 860 3284 916 ita
3310 861 3591 915 detractor
3606 859 3806 916 facile

2177 964 2525 1023 provocatur.
2550 954 2903 1024 Impetigines
2960 952 3263 1008 fornicator
3298 951 3483 1013 habet,
3535 951 3803 1006 maculas

2176 1045 2324 1099 enim
2359 1054 2562 1115 apertae
2610 1055 2741 1101 sunt
2798 1043 3341 1115 impetigocorporis.
3392 1042 3801 1109 Quemadmo-

2174 1136 2305 1194 dum
2325 1141 2477 1196 enim
2499 1137 2785 1194 fornicatio
2801 1138 3017 1201 animae,
3044 1146 3099 1192 et
3127 1136 3375 1207 corporis
3403 1138 3563 1191 testis
3577 1138 3799 1197 unius.

2175 1234 2477 1290 secundum
2503 1230 2665 1296 LXX,
2702 1241 2787 1287 est
2826 1232 3018 1287 doctor
3074 1232 3168 1301 qui
3198 1231 3355 1295 dicit,
3388 1238 3446 1285 et
3484 1246 3597 1285 non
3614 1230 3750 1302 agit
3775 1249 3796 1285 :

2174 1339 2362 1381 creare
2387 1324 2533 1379 enim
2566 1323 2726 1387 filios,
2760 1323 2857 1393 qui
2887 1323 3009 1378 talis
3039 1332 3145 1386 est,
3204 1338 3316 1378 non
3362 1332 3565 1393 potest.
3617 1322 3791 1389 Qui-

2173 1431 2391 1487 cunque
2416 1431 2548 1488 ergo
2572 1431 2739 1471 unam
2798 1417 3185 1487 praedictarum
3241 1417 3509 1472 maculam
3572 1417 3787 1481 habet,

2170 1509 2311 1563 dona
2365 1507 2478 1563 Deo
2523 1506 2746 1570 oll'erre,
2779 1515 2875 1561 aut
2918 1505 3184 1562 sacrificia
3224 1520 3336 1558 non
3369 1514 3574 1575 potest,
3638 1505 3790 1577 quia

2175 1599 2578 1653 immaculatum
2626 1613 2747 1653 esse
2765 1607 2825 1654 et
2859 1598 3044 1653 animo
3107 1599 3453 1653 sacerdotem
3490 1607 3725 1667 oportet
3764 1613 3781 1650 :

487 1693 754 1761 placenda
778 1701 960 1746 autem
992 1700 1287 1761 utrumque
1317 1707 1473 1747 saera
1528 1691 1811 1762 Scriptura
1837 1692 2068 1763 accepit.
2106 1672 2145 1725 Β
2174 1707 2336 1761 quem
2375 1690 2517 1745 sicut
2542 1690 2757 1762 Moyses
2781 1689 3072 1746 duodecim
3095 1689 3322 1744 maculis
3353 1690 3621 1746 mundum
3640 1707 3787 1747 esse

488 1785 663 1840 Incisa
686 1786 949 1847 auricula,
992 1787 1241 1841 auditum
1270 1785 1337 1840 ad
1367 1785 1801 1840 inobcdientiam
1849 1800 2068 1840 secans.

488 1877 883 1933 Contritionem
919 1890 1101 1934 autem
1137 1893 1353 1944 manus,
1389 1887 1444 1934 et
1466 1878 1850 1933 contritionem
1902 1878 2071 1949 pedes

487 1969 690 2023 habent
718 1970 814 2034 illi,
844 1970 912 2025 de
941 1971 1139 2040 quibus
1180 1969 1347 2024 David
1394 1969 1661 2039 psallebat
1687 1987 1700 2023 :
1749 1968 1870 2022 Non
1894 1971 2070 2023 veniat

486 2062 614 2115 mihi
640 2078 730 2132 pes
759 2064 1034 2133 superbire.
1065 2072 1114 2117 et
1146 2079 1338 2116 manus
1366 2062 1661 2130 peccatoris
1710 2076 1814 2115 non
1863 2070 2068 2115 moveat

485 2165 569 2203 me
596 2150 674 2214 ";
707 2149 1301 2220 videiicetdiripientis,
1344 2152 1462 2205 sive
1514 2149 1775 2204 volantis.
1810 2149 1950 2221 Ergo
1974 2164 2069 2204 su-

484 2239 711 2309 perbum
733 2249 789 2295 et
823 2255 1049 2294 avarum
1068 2255 1165 2310 per
1190 2239 1294 2294 hoc
1322 2238 1599 2310 legislator
1623 2237 1912 2309 signiﬁcat.
1935 2236 2068 2292 Gib-

483 2330 587 2386 bus
610 2342 713 2395 est,
742 2347 907 2402 grave
937 2331 1121 2386 ferens
1167 2341 1517 2402 peccatorum
1556 2330 1792 2400 pondus,
1858 2339 1916 2385 et
1965 2330 2069 2384 hoc

482 2434 595 2474 non
619 2421 832 2488 videns,
859 2421 986 2491 quia
1024 2429 1170 2476 retro
1211 2429 1296 2476 est
1322 2422 1605 2492 gibberqu
1644 2421 1927 2491 congeries
1946 2436 2068 2490 qua:

483 2513 554 2567 ab
570 2513 649 2568 eis
682 2512 906 2567 minime
927 2512 1191 2567 cernitur.
1226 2514 1302 2568 De
1324 2512 1521 2582 quibus
1555 2512 1610 2565 in
1664 2511 1921 2581 parahola
1936 2513 2070 2567 dici-

481 2612 594 2668 tur,
622 2620 787 2673 quam
824 2621 917 2658 rex
938 2603 1101 2660 Israel
1124 2616 1314 2661 contra
1346 2621 1529 2676 regem
1586 2606 1756 2675 Syria:
1786 2620 1919 2660 usus
1947 2614 2063 2661 est:

484 2703 625 2768 Quid
653 2711 903 2770 operatur
926 2703 1166 2773 gibbosus
1196 2703 1349 2774 quasi
1395 2704 1607 2756 rectus?

552 2794 773 2867 Lippus,
802 2805 849 2849 et
879 2794 1179 2867 albuginem
1206 2795 1402 2848 habens
1444 2794 1499 2847 in
1540 2794 1709 2849 oculo.
1742 2792 1844 2859 Qui
1878 2795 2065 2848 oculos

478 2889 638 2945 laesos
662 2897 719 2944 et
742 2889 1019 2943 infirmum
1044 2888 1220 2944 visum
1245 2888 1470 2953 habent,
1492 2888 1728 2942 dicimus
1757 2901 1882 2941 esse
1942 2904 2060 2954 eos,

477 2981 568 3053 qui
600 2983 806 3037 habent
835 2981 1054 3052 quidem
1085 2980 1182 3034 Dei
1209 2980 1513 3045 scientiam,
1577 2980 1672 3034 sed
1726 2988 2060 3049 corruptam,

474 3073 670 3145 quales
702 3071 1071 3141 suntquidam
1111 3070 1205 3140 qni
1237 3068 1496 3123 inflantur
1527 3086 1541 3121 :
1578 3070 1648 3125 de
1670 3070 1870 3140 quibus
1928 3070 2065 3125 dixit

482 3169 680 3229 Paulus
709 3185 721 3220 :
752 3166 813 3222 Si
843 3167 961 3239 quis
988 3166 1147 3219 aliter
1167 3166 1333 3229 docet,
1381 3173 1428 3218 et
1459 3180 1558 3217 non
1590 3165 1875 3236 acquiescit
1918 3165 2064 3219 sanis

476 3261 801 3317 sermonibus
840 3259 1052 3313 Domini
1080 3257 1245 3311 nostri
1273 3256 1401 3311 .Iesu
1424 3255 1642 3319 Christi,
1677 3265 1726 3311 et
1766 3258 1815 3309 ei
1869 3258 2064 3327 quise-

478 3354 705 3407 cundum
730 3351 980 3420 pietatem
1010 3358 1085 3402 est
1107 3348 1380 3411 doctrime,
1416 3348 1667 3418 superbus
1708 3347 1842 3401 nihil
1869 3349 2061 3412 sciens,

474 3446 565 3500 sed
587 3444 844 3513 languens
863 3442 1003 3495 circa
1036 3441 1345 3511 quaestiones
1376 3449 1424 3494 et
1474 3455 1679 3511 pugnas
1692 3440 1969 3496 verborum
1993 3444 2059 3498 ".

478 3533 573 3588 Vel
606 3532 681 3587 iiIi
710 3532 1108 3603 intelliguntur,
1138 3530 1230 3601 qui
1260 3531 1547 3586 scientiam
1584 3531 1697 3586 vita
1765 3533 2059 3604 repellunt.

471 3627 700 3698 Suffusio
721 3633 925 3688 autem,
948 3623 1093 3694 quod
1118 3623 1307 3693 Aquila
1367 3621 1560 3687 edidit,
1590 3623 1717 3693 quia
1740 3639 1852 3680 non
1882 3628 2063 3681 omni-

473 3720 577 3773 bus
595 3724 762 3788 patet,
793 3716 889 3771 sed
916 3715 1046 3769 solis
1071 3713 1248 3769 doctis
1298 3714 1548 3779 medicis,
1575 3714 1629 3769 in
1654 3723 1869 3772 tumore
1915 3729 2062 3773 recte

472 3809 740 3879 accipitur
779 3825 793 3860 :
823 3822 1001 3878 neque
1026 3807 1171 3861 enim
1198 3805 1266 3861 ab
1293 3807 1547 3862 omnibus
1586 3808 1765 3877 passio
1786 3808 1923 3874 haec,
1964 3810 2061 3865 sed

473 3916 505 3956 a
535 3901 664 3956 solis
688 3900 793 3954 illis
813 3900 905 3969 qui
936 3898 1118 3954 sciunt
1152 3899 1465 3955 discernere
1521 3914 1643 3969 qua:
1701 3899 1771 3954 ad
1821 3900 2057 3955 animam

469 3995 830 4065 pertinerent,
848 3990 1212 4060 cognoscitur.
1239 3989 1707 4057 Quemadmodum
1730 4004 1913 4049 autem
1941 3997 2056 4051 suf-

472 4084 619 4140 fusio
649 4084 827 4139 visum
861 4082 1085 4153 pupillze
1116 4082 1268 4153 tegit,
1299 4081 1379 4137 sic
1410 4085 1741 4155 arrogantia,
1799 4096 1855 4143 et
1892 4088 2059 4143 elatio

470 4174 800 4232 circumfusa
830 4175 1046 4238 animae,
1073 4175 1362 4229 obscuram
1404 4175 1524 4245 ejus
1563 4177 1849 4233 scientiam
1902 4178 2052 4236 facit.

468 4267 677 4338 Albugo
704 4275 908 4331 autem,
931 4267 988 4321 in
1020 4266 1152 4326 vita.
1179 4276 1236 4322 et
1295 4268 1734 4325 conversationis
1791 4271 2056 4342 pravitate

2174 1782 2454 1854 praecepit,
2503 1791 2584 1838 tot
2630 1797 2724 1838 eas
2772 1785 2920 1837 enim
2976 1782 3226 1839 invenies
3273 1784 3577 1837 secundum
3618 1782 3787 1840 LXX

2171 1876 2574 1938 denumeratas,
2637 1875 2718 1929 sic
2739 1885 2797 1930 et
2855 1873 3057 1928 Paulus
3101 1873 3394 1930 duodecim
3427 1890 3786 1931 conservare

2172 1982 2319 2031 eum,
2350 1967 2444 2037 qui
2472 1966 2843 2022 sacerdotium
2892 1967 3187 2023 sortiturus
3211 1980 3320 2032 est,
3350 1970 3605 2040 pmcepit
3676 1970 3787 2026 di-

2170 2075 2305 2114 cens
2368 2075 2384 2113 :
2445 2056 2663 2127 Oportet
2724 2059 3025 2128 episcopum
3067 2060 3560 2130 irrepreltensibilem
3610 2078 3773 2129 esse,

2173 2156 2309 2206 sicut
2329 2151 2427 2206 Dei
2451 2154 2865 2221 dispensatorem
2891 2152 2959 2204 ⁸⁸.
2992 2149 3130 2217 Quis
3167 2161 3343 2207 autem
3391 2152 3779 2223 irreprehen-

2150 2242 2365 2311 ,sibilis,
2436 2242 2541 2296 nisi
2601 2241 2958 2311 impollutus?
3007 2240 3214 2297 Deinde
3256 2242 3414 2297 unde
3464 2243 3786 2316 colligatur

2177 2334 2727 2405 irrcprehensihilem
2756 2350 2883 2389 eum
2921 2349 3067 2398 esse,
3113 2350 3145 2389 a
3199 2335 3454 2405 qualibus
3500 2337 3780 2399 maculis,

2167 2434 2263 2480 aut
2284 2425 2634 2497 passionihus
2662 2426 2927 2489 carendo,
2960 2426 3016 2479 in
3055 2425 3525 2496 subsequentibus
3568 2435 3783 2483 osten-

2168 2519 2270 2574 dit.
2313 2518 2435 2573 Non
2462 2518 2765 2588 superbum,
2786 2535 2891 2572 non
2918 2520 3253 2586 iracundum,
3294 2535 3399 2573 non
3415 2520 3780 2585 vinolentum,

2169 2627 2273 2665 non
2298 2627 2680 2682 percussorem,
2711 2626 2813 2664 non
2844 2612 3013 2681 turpis
3047 2610 3179 2665 lucri
3229 2612 3502 2681 cupidum,
3550 2614 3646 2667 sed
3680 2617 3783 2667 lio-

2168 2705 2436 2776 spitalem,
2461 2706 2762 2775 benignum,
2781 2715 3008 2769 castum,
3033 2704 3267 2775 justum,
3287 2715 3559 2770 sanctum,
3587 2708 3781 2761 conti-

2168 2806 2371 2851 nentem
2403 2796 2805 2865 amplectentent
2832 2812 2973 2859 eum,
3012 2796 3102 2866 qui
3140 2796 3433 2851 secundum
3459 2797 3781 2852 doctrinam

2168 2897 2267 2951 est,
2297 2888 2501 2958 ﬁdelem
2521 2904 2813 2941 sermonem
2840 2888 2907 2941 °‘.
2963 2887 3262 2942 Duodecim
3295 2903 3427 2961 ergo
3447 2897 3504 2944 et
3523 2890 3652 2960 ipse
3675 2906 3779 2946 cu-

2168 2982 2374 3037 stodire
2398 2981 2738 3036 sacerdotem
2760 2981 2897 3044 vnit,
2934 2989 2990 3035 et
3012 2981 3372 3051 quamobrem
3399 2982 3452 3037 ei
3493 2991 3660 3037 tanta
3678 3000 3781 3038 su-

2167 3074 2533 3144 perimponat,
2566 3072 2620 3125 in
2659 3072 3095 3142 prmceilentibus
3115 3071 3254 3128 dixit
3283 3092 3298 3128 :
3360 3072 3581 3144 Oportet
3629 3077 3779 3129 enim

2164 3164 2463 3234 episcopum
2497 3162 3003 3233 inreprehensibilem
3029 3179 3159 3228 esse,
3206 3163 3344 3217 sicut
3394 3163 3496 3217 Dei
3549 3165 3781 3233 dispen-

2162 3266 2413 3311 satorem.
2441 3257 2543 3322 Qui
2561 3265 2747 3310 autem
2814 3256 3093 3326 dispensat
3136 3271 3259 3326 qua:
3311 3255 3405 3310 Dei
3426 3264 3581 3318 sunt,
3630 3272 3780 3327 Opus

2166 3349 2328 3403 habet
2356 3363 2474 3413 eos,
2496 3363 2730 3417 quorum
2758 3347 3108 3418 dispensator
3139 3356 3246 3413 est,
3273 3349 3581 3405 virtutibus
3626 3367 3781 3421 pra-

2163 3441 2364 3497 cedere
2398 3456 2412 3494 :
2447 3454 2573 3493 nam
2614 3441 2893 3509 quomodo
2938 3440 3060 3494 illos
3098 3440 3444 3511 dispensare,
3478 3446 3779 3513 quomodo

2164 3532 2455 3601 disponere
2477 3531 2719 3601 poterit?
2739 3530 2879 3596 Quia
2909 3539 3093 3586 autem
3143 3531 3427 3602 legislator
3461 3536 3776 3590 comedere

2162 3627 2231 3679 de
2266 3624 2475 3679 sanctis
2497 3622 2783 3693 praecepit,
2833 3623 3306 3693 unamquamlibet
3341 3626 3775 3695 ‘przdictarum

2165 3717 2501 3773 tutacularum
2544 3716 2860 3780 habentem,
2901 3715 3045 3770 intra
3070 3715 3251 3770 velum
3271 3724 3456 3772 tamen
3486 3726 3544 3773 et
3561 3719 3773 3786 altare,

2160 3825 2362 3881 corpus
2391 3809 2643 3865 videlicet
2664 3808 2889 3875 Christi,
2926 3808 3189 3864 accedere
3222 3826 3331 3865 non
3383 3814 3691 3883 praecepit,
3722 3816 3772 3869 id

2160 3913 2246 3957 est
2276 3901 2608 3957 ministrare.
2629 3902 2721 3956 Sic
2746 3911 2803 3956 et
2830 3903 2933 3957 hoc
2959 3901 3188 3957 forsitan
3208 3903 3267 3959 in
3300 3901 3572 3958 Ecclesiis
3604 3907 3770 3962 inve-

2160 3996 2286 4049 nies
2325 3993 2614 4057 custodiri,
2640 3994 2687 4049 si
2717 3996 2841 4065 quis
2875 3995 3020 4049 enim
3067 3994 3398 4066 approbatus
3460 3996 3650 4052 fuerit
3689 4016 3770 4054 sa-

2158 4086 2469 4151 cerdotum,
2503 4086 2777 4141 maculam
2807 4086 3069 4141 habuisse
3095 4085 3394 4155 aliquando
3415 4088 3659 4155 animus,
3716 4100 3768 4145 et

2157 4180 2227 4234 ab
2259 4193 2323 4235 ea
2347 4179 2600 4242 cessavit,
2637 4182 2842 4234 sanctis
2896 4179 3117 4250 quidem
3170 4181 3596 4238 connuuniearc
3657 4202 3764 4239 non

2161 4271 2508 4341 prohibetur,
2540 4271 2852 4327 ministrare
2881 4284 3065 4328 autem
3125 4273 3272 4329 hunc
3327 4274 3423 4344 qui
3484 4277 3621 4333 talis
3660 4291 3762 4343 ea,

469 4357 757 4426 accipitur,
780 4359 909 4428 quia
969 4358 1227 4414 omnibus
1280 4359 1454 4415 oculis
1508 4369 1697 4432 aperte
1748 4362 1866 4419 haec
1914 4365 2057 4422 inest

2165 4377 2272 4416 non
2304 4363 2455 4430 licet,
2485 4377 2587 4419 nec
2610 4364 2678 4419 ad
2709 4363 2891 4419 velum
2934 4365 3216 4427 accedere,
3244 4377 3298 4421 et
3349 4369 3418 4424 ad
3453 4370 3665 4436 altare,
3714 4376 3761 4426 id

467 4450 670 4520 passio,
701 4450 844 4504 sicut
868 4459 923 4505 et
942 4451 1067 4506 vita:
1091 4451 1331 4521 pravitas
1370 4453 1538 4508 latere
1566 4470 1672 4509 non
1713 4463 1915 4526 potest,
1934 4475 2055 4529 qua:

467 4542 733 4598 subvertit
766 4540 859 4597 Dei
899 4542 1203 4611 scientiam,
1235 4543 1337 4599 etsi
1386 4545 1588 4601 habere
1623 4563 1683 4603 se
1710 4563 1830 4603 eam
1864 4549 2053 4621 hi,qui

466 4647 634 4704 prave
655 4632 867 4695 vivunt,
886 4632 1205 4705 glorientur.
1239 4634 1441 4691 Paulus
1470 4637 1672 4692 etenim
1696 4637 1864 4695 dehis
1878 4640 2047 4697 dixit:

465 4724 566 4791 Qui
594 4725 975 4795 confitenturse
1005 4744 1153 4783 nosse
1185 4729 1370 4793 Deum,
1402 4729 1555 4800 factis
1574 4740 1750 4785 autem
1770 4744 1961 4805 negant
1980 4735 2047 4790 ⁸⁹.

464 4817 765 4885 Quiautem
823 4835 931 4874 non
981 4819 1180 4875 frustra
1227 4822 1376 4892 lippo
1430 4823 1595 4878 etiam
1646 4839 1761 4891 eos,
1792 4827 1884 4896 qui
1925 4828 2041 4884 hmc

463 4912 607 4964 circa
641 4910 926 4966 scientiam
958 4914 1261 4984 patiuntur,
1286 4929 1693 4985 comparamus,
1730 4917 1857 4974 hinc
1911 4935 2042 4975 con—

463 5001 657 5072 jiciens
677 5003 922 5059 invenies
949 5020 1138 5061 eorum
1180 5007 1350 5061 vitam
1382 5007 1474 5078 qui
1524 5009 1882 5067 sull'usionem
1942 5029 2040 5084 pa-

462 5095 694 5161 tiuntur,
718 5105 811 5153 aut
834 5097 1165 5170 albuginem.
1199 5098 1353 5156 Oculi
1382 5100 1602 5172 quidem
1646 5103 1819 5174 aperti
1871 5121 2038 5176 appa-

463 5194 606 5254 rent,
638 5186 839 5242 similes
870 5200 1051 5244 autem
1078 5200 1226 5255 sunt,
1253 5192 1496 5262 quandiu
1531 5195 1903 5260 infirmamur,
1934 5215 2043 5254 ca:-

461 5276 542 5330 cis
572 5291 586 5329 :
610 5278 707 5333 sed
735 5281 953 5350 quando
982 5283 1176 5339 salvati
1200 5283 1428 5352 fuerint,
1470 5290 1684 5360 purgati
1727 5306 1756 5344 a
1783 5292 2044 5361 praedicta

461 5366 736 5436 passione,
763 5373 843 5426 uti
869 5375 1063 5441 oculis,
1089 5376 1231 5433 sicut
1254 5387 1308 5433 et
1333 5379 1472 5447 sani,
1506 5391 1757 5450 possunt.
1780 5382 1872 5439 Sic
1902 5394 1955 5439 et
1987 5386 2044 5440 hi

534 5563 579 5600 I‘
610 5563 801 5620 Matth.
839 5586 931 5647 xv,
969 5573 1051 5625 li.
1139 5576 1185 5608 ⁸⁸
1215 5577 1235 5630 1
1267 5576 1399 5648 Reg.
1426 5596 1575 5643 xxvr,
1612 5581 1699 5638 19.

465 5647 503 5697 t,
534 5631 617 5687 16.
692 5635 734 5661 ⁶⁰
762 5635 947 5690 ιτιιιι.
978 5657 1056 5704 ιιι,
1088 5644 1144 5696 ‘2.
1228 5649 1268 5677 ⁶¹
1305 5649 1436 5704 ibid.
1471 5652 1522 5704 5.
1561 5654 1611 5704 4.
1687 5657 1699 5683 ¹

1785 5584 1832 5615 ⁵⁸
1852 5581 1990 5639 Gen.
2041 5602 2156 5649 vni,
2183 5587 2275 5642 2!.

1228 5649 1268 5677 ⁶¹
1305 5649 1436 5704 ibid.
1471 5652 1522 5719 3,
1561 5654 1611 5706 4.
1687 5653 1733 5683 ⁸⁸
1767 5653 1930 5708 llebr.
1975 5671 2090 5721 snt,
2122 5659 2208 5714 10.
2288 5659 2332 5690 ⁸³
2356 5657 2522 5715 llebr.
2558 5677 2613 5729 ι,
2637 5663 2726 5717 19.

2158 4464 2263 4517 est,
2303 4453 2373 4509 ad
2393 4469 2596 4525 corpus
2631 4454 2947 4521 Domini,ut
2969 4457 3090 4528 ejus
3114 4458 3737 4537 ministeriumperagat

2160 4546 2273 4601 lloc
2289 4545 2437 4602 enim
2466 4548 2648 4602 velum
2680 4558 2735 4603 et
2752 4549 2922 4605 altare
2948 4551 3150 4606 Paulus
3186 4550 3431 4608 llebrazis
3467 4558 3754 4621 scribens,

2155 4638 2359 4693 docuit.
2386 4637 2650 4695 Habemus
2675 4640 2871 4703 altare.
2902 4644 2968 4696 de
2999 4659 3102 4712 quo
3154 4645 3424 4699 comedere
3484 4663 3600 4701 non
3659 4653 3747 4703 lia-

2152 4731 2268 4785 bent
2293 4741 2605 4800 potestatem
2653 4733 2726 4798 hi,
2755 4734 2847 4802 qui
2877 4733 3216 4788 tabernacula
3230 4737 3535 4793 deserviunt
3567 4743 3647 4805 “,
3676 4744 3753 4799 vi-

2154 4825 2351 4880 delicet
2380 4825 2651 4881 Dominici
2671 4828 2938 4897 corporis.
2973 4827 3088 4883 lloc
3120 4829 3270 4884 enim
3295 4830 3505 4887 ludatis
3518 4849 3754 4907 propter

2152 4918 2587 4974 incredulitatem
2622 4928 2677 4974 et
2706 4921 3028 4976 servitutem
3079 4922 3275 4979 littera:
3303 4925 3382 4980 uti
3427 4941 3548 4981 non
3604 4930 3748 4985 licet.

2151 5012 2262 5069 lloc
2318 5016 2495 5085 ipsum
2538 5023 2806 5071 autemet
2849 5019 3030 5083 velum
3072 5017 3200 5080 dici,
3244 5019 3315 5074 ab
3372 5019 3495 5090 ipso
3539 5024 3744 5082 disce:

2155 5108 2421 5165 Habentes
2454 5127 2578 5181 ergo
2609 5113 2982 5183 conﬁdentiam
3027 5115 3085 5168 in
3116 5116 3392 5171 introitum
3407 5131 3743 5186 sanctorum,

2149 5219 2241 5271 per
2272 5201 2507 5257 velamen
2535 5204 2601 5265 “,
2633 5203 2685 5259 id
2716 5213 2801 5259 est
2821 5220 3041 5261 carnem
3074 5206 3216 5276 ejus.
3262 5208 3347 5263 Ad
3432 5210 3545 5268 hoc
3572 5214 3741 5269 solum

2149 5296 2240 5366 qui
2261 5296 2527 5352 maculam
2553 5297 2715 5354 habet
2738 5298 2960 5367 animus,
2982 5314 3091 5356 non
3113 5301 3438 5375 ingreditur.
3461 5306 3739 5372 Quamob-

2152 5388 2298 5441 rem?
2326 5387 2465 5453 Quia
2484 5388 2753 5444 maculam
2804 5391 3008 5459 habet,
3043 5401 3102 5449 et
3133 5408 3246 5450 non
3276 5395 3447 5452 debet
3469 5401 3741 5455 contami-

2376 5590 2421 5664 ξ’
2438 5587 2591 5664 1³631.
2626 5606 2790 5664 xxxv,
2822 5591 2916 5649 22.
3003 5594 3094 5651 ⁸⁸1
3125 5595 3269 5653 Tim.
3310 5614 3388 5664 vr,
3412 5598 3467 5654 '5.
3550 5604 3601 5637 ⁸³
3627 5601 3729 5661 Tit.
