4038 6182
289 267 421 331 1065

1421 265 1502 324 IN
1543 261 1985 324 LEVITICUM.
2025 286 2094 297 —
2127 261 2273 322 LIB.
2315 264 2412 326 VI.

3405 271 3542 340 1066

285 398 413 438 nare
440 381 807 436 sanctuarium
835 397 1034 447 meum,
1059 381 1446 436 contaminatio
1461 381 1606 435 enim
1641 389 1860 436 sancto-
1889 388 1934 444 Α
1964 387 2186 445 cogunt,
2227 390 2282 433 et
2316 387 2510 448 putare
2556 380 2701 449 quod
2727 381 3059 450 superfluum
3111 385 3183 439 sit
3234 387 3329 442 Dei
3379 390 3542 444 mini-

283 488 420 538 rum,
452 484 614 542 atque
651 473 849 543 injuria
878 483 979 539 est,
1001 475 1134 528 tales
1161 473 1230 528 ad
1271 472 1636 527 ministerium
1653 472 1860 535 oﬁ‘erri,

286 561 338 617 in
355 564 552 633 quibus
574 563 800 619 olfendit
824 565 1076 634 populus,
1108 571 1163 620 et
1189 565 1282 634 qui
1317 573 1654 635 cognoscunt
1673 579 1863 620 eorum

284 657 539 721 maculas,
563 656 1022 712 scandalizantur.
1064 657 1290 727 Propter
1319 657 1464 726 quod
1503 665 1559 711 et
1589 656 1792 712 Paulus
1819 656 1864 688 “

286 748 650 804 testimonium
683 750 893 804 bonum
929 749 1151 813 habere,
1183 750 1253 804 ab
1301 750 1388 804 his
1429 749 1522 818 qui
1566 748 1697 803 foris
1713 757 1858 812 sunt,

283 840 616 896 sacerdotem
666 842 802 896 vult.
858 840 968 895 Lex
1012 850 1192 896 autem
1239 840 1596 906 conﬁrmavit,
1640 856 1704 896 ea
1741 828 1862 910 qua:

282 930 424 986 dicta
446 940 596 997 sunt,
624 947 690 986 ex
709 947 776 988 eo
797 932 940 1010 quod
971 933 1106 988 dixit
1140 950 1153 987 :

324 1022 461 1092 ’Ego
515 1024 770 1078 Dominus
835 1025 926 1094 qui
968 1025 1240 1093 sancti/ica
1269 1041 1378 1079 vos.
1419 1024 1712 1095 Egoquis?
1767 1024 1860 1094 qui

283 1113 536 1182 praecipio
562 1123 619 1168 et
652 1115 870 1170 mando.
907 1115 1137 1187 Perfecti
1191 1126 1370 1179 estote,
1418 1117 1862 1186 quemadmodum

283 1212 331 1255 et
353 1201 518 1256 Pater
542 1212 709 1274 vester
743 1203 961 1258 cretestis
986 1206 1246 1274 perfectus
1284 1214 1360 1257 est
1387 1204 1451 1256 ⁸⁵.
1495 1205 1555 1256 In
1574 1218 1682 1272 quo
1713 1203 1860 1256 enim

282 1292 492 1346 macula
522 1293 648 1348 licet
666 1309 772 1348 una
802 1294 1188 1365 prredictarum
1223 1301 1328 1357 est,
1359 1293 1446 1348 hic
1475 1308 1584 1348 non
1616 1301 1701 1347 est
1733 1307 1862 1361 per-

282 1382 474 1438 fectus.

354 1473 518 1530 Vsus.
548 1475 637 1531 24.
670 1494 690 1527 ι
723 1476 960 1530 Locutus
980 1485 1064 1530 est
1097 1492 1222 1547 ergo
1262 1479 1475 1548 Moyses
1505 1476 1571 1531 ad
1598 1476 1776 1530 Aaron
1807 1485 1862 1530 et

284 1563 420 1619 ﬁlios
433 1567 584 1636 ejus,
608 1574 662 1620 et
691 1567 759 1621 ad
788 1579 1004 1622 omnem
1054 1567 1217 1622 Israel
1249 1579 1444 1622 cuncta
1467 1582 1587 1636 quae
1613 1566 1714 1621 sibi
1743 1566 1863 1620 fue—

282 1665 405 1710 rant
433 1657 714 1727 imperata.
753 1675 773 1708 ι

1967 470 2215 533 sterium,
2241 480 2296 526 et
2317 471 2549 541 jus'titia,
2576 472 3222 541 etjudicium.Quantum
3237 479 3541 545 veroDeus,
3615 521 3622 552 ε

1965 561 2080 615 sive
2111 562 2386 626 sacerdos,
2411 562 2526 618 sive
2554 563 2647 616 ﬁlii
2680 564 2820 634 ejus,
2855 566 2907 620 id
2932 576 3017 621 est
3037 567 3293 638 discipuli
3336 587 3538 641 pecca-
3613 564 3625 619 ἓ

1966 651 2225 705 verintin
2253 653 2775 719 sancta,irascatur,
2817 656 3115 722 ostendunt
3168 673 3232 711 ea
3253 675 3374 727 qua:
3426 661 3545 715 Heli

1957 750 2018 796 et
2042 742 2166 797 ﬁliis
2191 742 2311 812 ejus
2371 743 2740 814 contigerunt.
2775 743 3069 814 Pmpterea
3099 747 3339 801 subdidit
3376 766 3388 802 :
3431 749 3543 817 Ego

1961 834 2242 898 Dominus,
2267 835 2407 889 dices
2437 838 2508 889 ad
2531 852 2636 889 eos.
2672 837 2782 906 Ego
2813 835 3095 898 Dominus,
3125 837 3218 906 qui
3249 837 3450 893 irascor
3463 840 3546 894 vi-

1963 925 2178 990 delicet,
2212 935 2269 980 et
2287 927 2530 982 vindico.
2563 927 2707 993 Quid
2727 935 2912 982 autem
2943 928 3126 981 dixit?

2033 1011 2186 1066 Dices
2223 1013 2293 1066 ad
2325 1029 2409 1065 eos
2439 1023 2487 1067 et
2517 1022 2746 1083 posteros
2775 1030 2954 1067 eorum
2974 1031 2992 1067 :
3027 1013 3211 1070 Omnis
3258 1017 3428 1081 homo,
3458 1019 3547 1088 qui

1963 1107 2235 1160 accesserit
2276 1108 2340 1160 de
2386 1107 2547 1176 stirpe
2601 1116 2794 1171 vestra,
2849 1108 2921 1160 ad
2961 1123 3024 1161 ea
3076 1124 3194 1177 qum
3241 1117 3546 1162 consecrata

1961 1205 2100 1260 sunt,
2160 1207 2208 1250 et
2259 1214 2376 1267 qut:
2439 1197 2737 1252 obtulerunt
2759 1198 2858 1266 ﬁlii
2883 1198 3052 1252 Israel
3080 1199 3325 1262 Domino,
3354 1201 3411 1252 in
3445 1216 3548 1268 quo

1961 1297 2036 1341 est
2086 1288 2445 1353 immunditia,
2503 1289 2691 1357 peribit
2744 1304 2925 1342 coram
2990 1289 3233 1345 Domino.
3287 1289 3399 1360 Ego
3429 1306 3544 1344 sum

1966 1377 2238 1431 Dominus.
2299 1377 2542 1431 Primum
2599 1379 2822 1448 quidem
2891 1380 3120 1434 seminis
3193 1381 3548 1435 sacerdotalis

1961 1468 2284 1522 memoriam
2322 1467 2555 1534 faciens,
2605 1479 2795 1538 aperte
2844 1470 2980 1525 illud
3028 1469 3374 1540 signiﬁcavit,
3422 1476 3551 1540 quia

1961 1575 2070 1614 non
2124 1560 2301 1614 solum
2359 1562 2741 1626 sacerdotem,
2789 1563 2887 1618 sed
2936 1577 3157 1616 omnem
3236 1570 3549 1616 sanctorum

1961 1652 2295 1719 ministrum,
2323 1653 2488 1707 etiam
2530 1653 2575 1706 si
2609 1663 2815 1708 sortem
2869 1654 2925 1707 in
2956 1655 3037 1709 eis
3068 1654 3318 1708 ultimam
3353 1653 3553 1708 habeat

353 1747 486 1812 Qu:e
521 1750 782 1804 sunthaec
797 1764 917 1818 quae
945 1748 1158 1802 locutus
1205 1749 1321 1803 est?
1345 1749 1422 1804 Ea
1451 1749 1700 1803 videlicet
1740 1765 1861 1817 qua:
1893 1731 1935 1786 Β
1961 1752 2018 1797 et
2078 1745 2456 1811 novissimam,
2509 1754 2838 1815 praesentem
2861 1746 3054 1815 jubeat
3076 1746 3422 1827 sanctionem
3448 1763 3551 1802 cu-

285 1839 538 1908 prtedicta
565 1847 712 1905 sunt,
746 1855 868 1909 qua:
888 1839 1048 1894 Deus
1078 1839 1294 1909 quidem
1321 1840 1386 1894 ad
1407 1839 1623 1910 Moysen
1648 1840 1860 1895 locutus

284 1943 386 1996 est,
408 1931 616 2001 Moyses
668 1939 852 1985 autem
897 1930 1100 1996 Aaron,
1128 1940 1182 1984 et
1205 1930 1329 1985 ﬁliis
1352 1931 1491 2000 ejus,
1532 1940 1588 1984 et
1635 1929 1856 1999 p0pulo,

285 2023 425 2078 sicut
447 2023 742 2078 ostendunt
771 2037 834 2076 ea
879 2037 1000 2090 quae
1030 2037 1178 2076 nunc
1224 2022 1364 2076 lecta
1396 2032 1543 2086 sunt,
1585 2021 1808 2075 tradidit
1843 2037 1856 2072 :

285 2129 394 2168 non
418 2112 618 2167 frustra
651 2113 768 2168 haec
798 2113 915 2181 lege
938 2111 1328 2182 distinguente,
1359 2111 1456 2165 sed
1506 2118 1565 2162 ut
1617 2109 1863 2180 Moyseos

285 2205 599 2275 dignitatem
625 2206 1056 2270 commendaret,
1084 2214 1139 2259 et
1165 2196 1482 2259 ostenderet
1507 2213 1715 2272 aperte,
1735 2201 1862 2270 quia

285 2297 404 2350 aliis
434 2297 652 2366 quidem
679 2312 871 2366 pauca,
902 2297 1004 2367 ipsi
1036 2313 1164 2352 vero
1189 2295 1373 2353 omnia
1391 2294 1534 2350 Deus
1547 2295 1864 2363 loqueretur

283 2395 507 2454 propter
535 2385 654 2454 ejus
690 2385 973 2454 justitiam,
1006 2394 1061 2439 et
1111 2384 1399 2454 imaginem
1438 2396 1602 2451 quam
1646 2379 1865 2450 gerebat

285 2477 510 2536 Christi.
541 2476 803 2532 Similiter
836 2485 891 2531 et
926 2492 1027 2532 nos
1067 2476 1269 2531 docens
1293 2475 1495 2529 habere
1511 2480 1774 2534 mentem,
1795 2470 1865 2526 ad

286 2584 623 2639 quaecunque
644 2569 878 2637 majores
907 2577 962 2624 ct
989 2567 1342 2638 perfectiores
1369 2563 1621 2628 dixerint,
1682 2560 1864 2617 scien-

286 2671 369 2717 tes
399 2701 415 2730 ,
495 2661 620 2730 quia
700 2661 956 2717 continue
1036 2659 1137 2729 ipsi
1221 2673 1458 2729 superna
1545 2654 1866 2726 operatione

287 2753 564 2810 fruuntur.

893 2843 1120 2898 CAPUT
1146 2843 1312 2898 XXII.

359 2937 520 2993 Vens.
543 2938 649 2992 1-5.
691 2957 708 2989 ι
743 2936 982 2992 Locutus
997 2951 1213 3007 quoque
1239 2944 1325 2990 est
1349 2934 1610 2989 Dominus
1631 2933 1697 2988 ad
1715 2933 1869 3004 Moy~

287 3045 406 3096 seu,
443 3031 671 3085 dicens:
703 3029 951 3098 Loquere
1003 3028 1072 3083 ad
1115 3029 1316 3091 Aaron,
1355 3035 1411 3082 et
1432 3027 1500 3082 ad
1531 3026 1671 3082 ﬁlios
1718 3027 1860 3096 ejus,
1891 3065 1931 3098 ,η

286 3132 348 3177 ut
375 3130 603 3176 caveant
656 3120 724 3175 ab
784 3120 868 3175 his
890 3135 1012 3189 quae
1059 3127 1378 3174 consecrata
1445 3125 1575 3173 sunt
1627 3116 1864 3171 ﬁliorum

288 3215 556 3279 Israel,et
592 3228 702 3266 non
740 3211 1115 3267 contaminent
1159 3225 1360 3264 nomen
1403 3207 1865 3264 sanctiﬁcatorum

288 3309 443 3372 mihi,
471 3325 592 3378 quae
616 3308 718 3377 ipsi
746 3307 1002 3361 oll‘erunt.
1039 3304 1150 3374 Ego
1195 3301 1474 3356 Dominus.
1527 3299 1622 3353 Dic
1649 3299 1716 3352 ad
1750 3311 1866 3359 eos,

289 3409 345 3454 et
367 3401 433 3454 ad
465 3409 710 3469 posteros
735 3414 925 3453 eorum
955 3416 971 3451 :
1008 3395 1198 3452 Omnis
1237 3395 1403 3448 homo
1424 3391 1513 3460 qui
1575 3387 1870 3445 accesserit

289 3493 358 3548 de
379 3492 546 3560 stirpe
579 3498 778 3551 vestra,
805 3491 872 3544 ad
905 3505 970 3544 ea
998 3503 1119 3558 quae
1145 3493 1463 3542 consecrata
1493 3490 1640 3547 sunt,
1679 3487 1735 3537 et
1749 3495 1870 3550 qua:

291 3585 604 3639 obtulerunt
635 3583 727 3637 filii
757 3583 922 3636 Israel
954 3580 1200 3641 Domino,
1247 3579 1302 3632 in
1351 3593 1460 3646 quo
1509 3583 1594 3628 est
1629 3574 1870 3626 immun-

289 3673 448 3738 ditia,
489 3672 687 3742 peribit
713 3687 898 3726 coram
938 3670 1186 3724 Domino.
1215 3667 1324 3739 Ego
1356 3683 1476 3721 sum
1523 3664 1805 3718 Dominus.
1847 3681 1866 3714 ι

367 3764 502 3819 Nam
554 3763 946 3832 qualiscunque
989 3759 1224 3830 dignitas
1267 3747 1555 3813 sacerdotii
1579 3764 1680 3815 est.
1742 3753 1871 3810 huic

291 3853 439 3908 enim
462 3861 607 3907 sorte
629 3853 814 3912 datum
846 3861 948 3917 est,
982 3860 1043 3906 ut
1068 3849 1332 3905 mediator
1357 3850 1430 3904 sit
1459 3848 1602 3902 inter
1625 3846 1797 3902 Deum
1813 3853 1872 3901 et

291 3941 562 3997 homines.
591 3941 655 3996 Et
685 3958 781 4012 per
807 3943 948 3997 hanc
991 3955 1162 4012 genus
1201 3947 1447 3994 nostrum
1497 3936 1740 3993 Creatori
1780 3952 1870 3991 re-

289 4031 632 4098 conciliatur,
666 4034 723 4086 in
754 4032 934 4103 lingua
958 4030 1298 4087 sacerdotum
1333 4044 1506 4084 nexus
1539 4025 1873 4082 etabsolutio

290 4133 603 4181 nostrorum
631 4131 976 4195 peccatorum
1005 4122 1273 4178 consistit.
1292 4120 1542 4176 Ostendit
1563 4127 1744 4173 autem
1761 4115 1874 4171 Ma-

288 4217 499 4272 lachias
522 4226 739 4287 quantae
765 4213 1048 4286 dignitatis
1070 4211 1434 4276 sitsacerdos,
1467 4219 1524 4264 et
1550 4226 1672 4280 quae
1705 4209 1775 4263 ab
1805 4224 1873 4263 eo

289 4319 575 4381 oporteant
600 4305 929 4377 exspectari.
957 4305 1095 4372 Quia
1121 4303 1317 4367 Labia,
1356 4301 1553 4372 inquit,
1585 4302 1873 4357 sacerdotis

1960 1835 2187 1891 stodire.
2249 1836 2448 1894 Dicens
2506 1846 2711 1904 autem,
2766 1839 2830 1892 de
2871 1839 3035 1907 stirpe
3066 1848 3258 1903 vestra,
3310 1840 3553 1894 ostendit

1961 1927 2107 1994 quod
2157 1943 2375 1997 semper
2403 1929 2684 1984 custodire
2730 1929 2833 1983 hoc
2883 1938 3134 2000 oporteat
3166 1940 3548 2001 praeceptum:

1963 2027 2022 2072 ut
2056 2020 2164 2089 qui
2215 2022 2609 2076 immunditiam
2653 2026 2708 2076 in
2737 2024 3014 2094 semetipso
3042 2024 3194 2077 habet
3226 2025 3441 2091 animm,
3473 2024 3554 2079 sic

1922 2190 1927 2194 θ
1961 2110 2108 2165 enim
2137 2109 2274 2166 LXX
2305 2112 2497 2178 edunt,
2526 2129 2637 2169 nou
2677 2115 2855 2170 solum
2903 2115 3212 2170 ministerio
3237 2124 3292 2171 et
3325 2117 3553 2188 mystico

1963 2198 2140 2254 oﬁicio
2169 2217 2229 2256 se
2273 2201 2568 2268 abstineat,
2611 2205 2707 2259 sed
2741 2221 2842 2260 nec
2881 2214 3066 2276 tangat
3112 2221 3175 2260 ea
3212 2223 3333 2276 quae
3369 2207 3551 2262 oblata

1962 2299 2114 2356 sunt,
2149 2306 2330 2361 neque
2362 2293 2430 2348 de
2458 2294 2539 2349 eis
2567 2305 2748 2350 sumat
2777 2314 2789 2349 :
2845 2298 3081 2352 mundus
3107 2298 3253 2352 enim
3287 2299 3355 2354 ad
3387 2316 3552 2354 mun-

1964 2381 2033 2435 da
2063 2382 2228 2438 debet
2260 2385 2548 2441 accedere.
2580 2385 2637 2441 Si
2681 2387 2802 2456 quis
2831 2397 3012 2442 autem
3055 2404 3170 2446 non
3205 2389 3286 2443 sic
3315 2390 3548 2455 accedit,

1965 2474 2166 2542 peribit
2190 2491 2377 2531 coram
2415 2478 2669 2546 Domino,
2697 2495 3023 2550 semperque
3047 2482 3194 2536 hunc
3223 2483 3367 2539 Deus
3397 2497 3552 2537 aver-

1965 2575 2140 2632 satur,
2187 2577 2244 2624 et
2270 2570 2339 2624 ab
2389 2571 2540 2625 omni
2589 2573 2806 2642 repellit
2835 2573 3257 2644 participatione
3315 2585 3372 2632 et
3396 2591 3546 2631 como

1965 2659 2227 2715 munione
2259 2661 2505 2730 spiritus.
2539 2661 2652 2718 lloc
2687 2673 2871 2718 autem
2906 2667 3168 2719 aversatio
3207 2667 3427 2737 proprie
3460 2668 3552 2724 hic

1967 2748 2306 2822 intelligitur,
2345 2751 2491 2820 quod
2523 2751 2664 2806 LXX
2688 2753 2902 2820 dicunt,
2937 2755 3117 2824 perire
3147 2771 3332 2812 coram
3360 2757 3550 2812 Domi-

1967 2857 2062 2909 no,
2087 2851 2227 2898 teste
2262 2842 2452 2910 David,
2491 2844 2585 2914 qui
2617 2845 2730 2899 ait:
2767 2846 2889 2899 Non
2934 2856 3145 2900 avertas
3189 2849 3380 2918 [aciem
3403 2859 3553 2902 tuam

1966 2952 2000 2989 a
2027 2952 2128 3002 me,
2157 2945 2205 2989 et
2248 2934 2509 3005 Spiritum
2535 2948 2778 2992 sanctum
2812 2948 3046 2996 tuumne
3080 2941 3297 3011 auferas
3317 2958 3350 2994 α
3380 2957 3462 2995 me
3484 2944 3550 2996 δ”.

1967 3031 2029 3085 In
2058 3031 2144 3086 his
2175 3040 2358 3086 autem
2387 3049 2516 3088 vera
2546 3033 2746 3088 animae
2771 3033 3029 3104 perditio,
3071 3034 3189 3088 sive
3217 3033 3552 3088 extermina-

1968 3120 2044 3174 tio
2071 3129 2173 3186 est,
2209 3121 2260 3175 id
2291 3130 2376 3176 est
2419 3122 2529 3186 illa,
2579 3123 2648 3178 de
2683 3139 2790 3194 qua
2828 3123 3097 3179 Dominus
3139 3124 3198 3178 in
3245 3124 3557 3196 Evangeliis

1969 3211 2187 3268 dicebat
2211 3232 2224 3268 :
2252 3214 2445 3270 Timete
2467 3231 2606 3280 eum,
2647 3217 2738 3285 qui
2772 3223 2940 3284 potest
2971 3225 3021 3269 et
3064 3216 3304 3270 animam
3346 3225 3394 3269 et
3436 3231 3557 3268 cor-

1966 3319 2064 3372 pus
2088 3307 2298 3374 perdere
2327 3306 2383 3358 in
2409 3306 2641 3375 gehenna
2663 3307 2727 3361 ⁶⁸.
2770 3306 2914 3377 Ergo
2968 3322 3079 3361 non
3120 3307 3325 3362 frustra
3361 3306 3560 3362 subdi-

1971 3394 2089 3449 dit:
2125 3395 2236 3465 Ego
2273 3395 2548 3448 Dominus.
2592 3394 2699 3448 Sed
2747 3395 3066 3460 ostendens,
3117 3397 3245 3466 quia
3297 3397 3391 3467 qui
3435 3396 3558 3452 haec

1973 3486 2141 3551 dicit,
2201 3487 2317 3556 ipse
2379 3494 2466 3541 est
2521 3485 2616 3555 qui
2668 3484 2820 3541 solus
2869 3487 3109 3542 animam
3163 3491 3394 3558 perdere
3452 3503 3556 3560 po-

1974 3586 2104 3633 test.

2049 3665 2210 3723 Vens.
2242 3669 2361 3724 4-8.
2401 3687 2421 3721 ι
2464 3667 2642 3726 Homo
2695 3666 2764 3722 de
2792 3666 3004 3721 semine
3028 3666 3232 3730 Aaron,
3259 3665 3360 3736 qui
3392 3665 3558 3720 fuerit

1972 3759 2244 3829 Ieprosus,
2277 3767 2372 3812 aut
2399 3758 2617 3828 patiens
2641 3755 2848 3811 ﬂuxum
2881 3755 3128 3820 seminis,
3163 3772 3274 3812 non
3305 3765 3558 3832 vescatur

1973 3849 2041 3905 de
2081 3848 2164 3904 his
2197 3862 2320 3917 qua:
2357 3847 2693 3902 sanctiﬁcata
2725 3855 2856 3902 sunt
2895 3848 3054 3911 mihi,
3104 3849 3278 3905 donec
3305 3856 3555 3906 sanetur.

1973 3939 2078 4006 Qui
2125 3939 2366 4010 tetigerit
2397 3939 2739 3994 immundum
2771 3953 2938 4008 super
2973 3947 3214 4008 mortuo,
3263 3950 3318 3994 et
3347 3956 3411 3996 ex
3447 3957 3559 4010 quo

1973 4031 2285 4102 egredietur
2311 4045 2498 4085 semen
2535 4029 2690 4100 quasi
2716 4030 2915 4095 coitus,
2939 4039 2994 4084 et
3019 4032 3110 4100 qui
3145 4032 3316 4102 tangit
3338 4031 3556 4102 reptile,

1973 4131 2030 4176 et
2061 4121 2343 4190 quodlibet
2386 4121 2731 4176 immundum
2760 4120 2919 4192 cujus
2957 4131 3134 4177 taclus
3157 4133 3240 4178 est
3278 4124 3555 4192 sordidus,

1974 4213 2290 4267 immundus
2327 4213 2434 4268 erit
2471 4229 2642 4282 usque
2690 4213 2758 4268 ad
2793 4228 3105 4283 vesperum,
3141 4223 3198 4269 et
3232 4231 3338 4269 non
3371 4230 3558 4270 vesce-

1978 4311 2065 4358 tur
2091 4303 2160 4358 de
2193 4303 2282 4358 his
2319 4319 2442 4373 quae
2495 4303 2835 4359 sanctiﬁcata
2865 4312 3013 4359 sunt.
3063 4305 3167 4358 Sed
3198 4320 3322 4359 cum
3363 4305 3558 4360 laverit

289 4402 586 4455 custodiunt
615 4397 911 4454 scientiam.
935 4405 983 4448 et
1016 4395 1179 4466 legem
1211 4394 1492 4463 exquirunt
1523 4408 1586 4445 ex
1608 4407 1698 4444 ore
1722 4391 1860 4459 ejus,
1902 4399 1945 4454 D
1973 4411 2196 4452 carnem
2233 4413 2389 4451 suam
2422 4413 2580 4467 aqua,
2618 4406 2673 4454 et
2698 4399 3023 4453 occubuerit
3065 4400 3167 4465 sol,
3226 4409 3358 4456 tunc
3399 4417 3557 4456 ιηιιη.

288 4493 417 4560 quia
441 4490 658 4560 angelus
689 4489 898 4542 Domini
956 4488 1281 4542 exercituum
1337 4493 1412 4538 est
1451 4483 1516 4541 ⁸³.
1579 4481 1873 4553 Propterea

289 4599 414 4637 cum
441 4583 524 4636 his
541 4597 660 4650 quae
688 4590 812 4634 ante
831 4580 1035 4634 sancita
1068 4585 1195 4632 sunt
1212 4577 1279 4631 de
1297 4574 1690 4640 sacerdotibus,
1709 4573 1873 4628 etiam

292 4678 408 4732 haec
431 4675 713 4746 praecepit.

361 4768 596 4822 Caveant
625 4767 690 4819 ab
715 4768 792 4820 his
805 4782 921 4836 qua:
946 4774 1250 4819 consecrata
1274 4772 1395 4816 sunt
1430 4761 1663 4830 ﬁliorum
1682 4760 1870 4818 Israel.

287 4869 338 4914 et
369 4875 470 4912 non
492 4859 845 4910 contaminent
883 4873 1068 4910 nomen
1096 4855 1551 4924 sanctiﬁcatorum
1578 4854 1726 4916 mihi,
1759 4869 1875 4922 qua:

286 4951 390 5020 ipsi
416 4950 660 5020 oﬂ'erunt.
690 4948 744 5000 Si
781 4956 964 5000 autem
997 4946 1086 5000 isti
1136 4944 1600 5007 abornin—abiliter,
1631 4953 1686 4997 et
1725 4945 1874 5000 inor-

287 5043 495 5108 dinate,
525 5053 578 5096 et
601 5051 754 5094 extra
773 5054 989 5093 omnem
1063 5021 1471 5111 religiositatem
1503 5035 1690 5105 populi
1720 5035 1874 5090 obla-

287 5133 556 5196 tionibus,
588 5142 644 5186 et
674 5131 760 5185 his
789 5145 910 5200 qua:
935 5145 1264 5200 quocunque
1319 5127 1483 5181 modo
1539 5124 1871 5180 sanctiﬁcata

285 5223 614 5287 oll‘eruntur,
655 5221 1035 5276 contaminant
1081 5236 1282 5275 nomen
1343 5217 1808 5274 sanctiﬁcatorum
1855 5238 1867 5272 :

282 5315 405 5372 sive
431 5315 735 5371 secundum
767 5313 925 5375 LXX.
973 5328 1160 5366 nomen
1209 5320 1452 5365 sanctum
1501 5310 1595 5365 Dei
1632 5311 1867 5382 primum

285 5405 510 5475 quidem
543 5406 741 5476 ipsum,
779 5403 950 5474 utqui
985 5417 1081 5457 eos
1140 5403 1276 5457 tales
1339 5402 1564 5472 elegerit
1612 5402 1867 5471 blasphe-

284 5511 443 5552 rnare
466 5497 648 5564 faciet,
675 5496 868 5552 deinde
892 5505 944 5551 et
996 5496 1253 5566 populum
1283 5493 1560 5550 olfendere
1587 5495 1641 5549 in
1662 5495 1865 5549 sanctis

355 5669 402 5703 ⁸⁸
425 5671 448 5734 ι
471 5673 612 5732 Tim,
641 5691 724 5740 ur,
745 5675 798 5728 '7.
872 5675 918 5706 “
942 5673 1131 5728 Matth.
1153 5689 1206 5738 ν,
1241 5672 1329 5726 48,
1389 5672 1435 5704 ⁸⁸
1465 5669 1694 5726 Malach.
1718 5685 1780 5732 η,
1812 5669 1862 5724 7.

673 5771 946 5832 ΡΑτιιοι.
988 5768 1107 5832 Gn.
1154 5767 1374 5830 XCIII.

1975 4487 2136 4542 datus
2159 4498 2411 4543 vescetur
2439 4489 2507 4543 de
2529 4488 2905 4551 sanctiﬁcatis,
2935 4490 3063 4558 quia
3085 4491 3241 4545 «ribus
3279 4492 3425 4547 illius
3449 4503 3554 4548 est.

1977 4578 2318 4634 Morticinum
2352 4588 2406 4635 et
2427 4589 2644 4650 captum
2681 4596 2711 4634 a
2747 4580 2918 4634 bestia
2950 4597 3060 4636 non
3108 4584 3417 4648 comedent,
3455 4600 3560 4640 nec

1977 4673 2288 4741 polluentur
2317 4673 2370 4726 in
2400 4673 2501 4726 eis.
2539 4674 2651 4744 Ego
2686 4688 2807 4727 sum
2845 4673 3130 4729 Dominus.
3180 4695 3200 4728 ι

2049 4766 2218 4834 Cujus
2274 4765 2494 4834 quidem
2554 4767 2804 4836 leprosus
2850 4765 3347 4836 signiﬁcationem,
3403 4768 3558 4837 cujus

1978 4861 2160 4907 autem
2215 4854 2444 4908 seminis
2498 4853 2702 4910 {luxum
2748 4855 2963 4925 patiens
3011 4865 3185 4926 gerat,
3215 4857 3312 4910 sed
3346 4864 3402 4908 et
3432 4857 3558 4924 quis

1978 4946 2182 4999 ﬂuxum
2243 4946 2472 5001 seminis
2513 4963 2610 5016 per
2654 4947 2927 5001 somnium
2977 4947 3239 5018 patiatur,
3272 4947 3560 5016 ctpolluat.

1980 5052 2128 5099 eum,
2161 5036 2230 5090 dc
2266 5053 2373 5105 quo
2401 5037 2538 5102 fluit,
2579 5039 2705 5108 quis
2734 5039 2804 5092 sit
2845 5038 2936 5107 qui
2969 5047 3200 5109 tangens
3235 5038 3427 5107 reptile
3451 5038 3558 5091 im-

1981 5126 2244 5182 mundum
2278 5127 2564 5196 polluitur,
2615 5129 2798 5183 omnia
2847 5127 3004 5183 nobis
3037 5137 3093 5182 et
3130 5128 3430 5184 secundum
3465 5143 3558 5182 or-

1978 5219 2162 5274 dinem
2197 5220 2470 5289 superius.
2499 5221 2550 5274 iu
2584 5220 2670 5275 his
2687 5235 2810 5290 qua:
2839 5219 2906 5276 ad
2939 5219 3056 5274 haec
3079 5220 3379 5289 pertinent,
3415 5221 3554 5275 dicta

1978 5320 2130 5366 sunt.
2173 5309 2466 5366 Prmsentis
2497 5322 2678 5366 autem
2720 5311 2856 5382 legis
2887 5310 3124 5365 intentio
3161 5325 3289 5366 vere
3315 5311 3554 5368 admira-

1975 5401 2118 5468 bilis,
2160 5413 2216 5457 et
2253 5402 2506 5458 lidelibus
2545 5403 2691 5456 omni
2745 5403 2993 5457 custodia
3020 5403 3181 5474 digna
3217 5412 3323 5458 est.
3358 5404 3558 5460 Come-

1974 5495 2105 5549 dere
2138 5495 2285 5549 enim
2319 5503 2506 5548 sancta
2541 5493 2777 5564 pollutus
2809 5510 2981 5564 usque
3023 5495 3151 5550 dum
3189 5495 3553 5567 mandentur,

1943 5671 1984 5701 ⁸⁷
2026 5669 2168 5726 Psal.
2207 5688 2260 5739 ι,
2293 5671 2379 5726 15.
2455 5673 2499 5704 ⁸⁸
2529 5668 2720 5726 Matth.
2742 5686 2795 5741 κ,
2824 5671 2916 5728 28.
2981 5725 2983 5728 .

3122 5761 3198 5822 34
