4038 6182
487 254 642 320 ³1037

1711 254 2073 316 IIESYCHII
2120 254 2599 316 PRESBYTERI

3635 258 3773 324 1068

503 387 610 426 non
667 375 801 437 vnit,
847 374 942 428 sed
975 387 1095 426 ‘nec
1134 368 1359 425 omnino
1391 384 1486 424 eos
1538 386 1636 440 per
1683 371 2078 426 abstinentiam
2111 376 2155 433 Δ
2187 373 2368 442 prosis
2414 371 2557 427 dicta
2599 378 2749 436 sunt,
2802 381 2858 426 et
2905 354 3132 427 seminis
3166 371 3370 426 ﬂuxum
3401 372 3772 443 patientibus,

496 466 813 535 prohibere.
849 464 1140 533 Propterea
1173 479 1323 526 cum,
1356 465 1446 533 qui
1477 478 1585 518 uno
1609 463 1853 533 quolibet
1882 464 2075 519 horum

482 558 738 626 pollutus
768 566 870 620 est,
906 557 995 611 hic
1019 558 1362 610 annumeravit
1390 556 1730 612 immundum
1762 570 1884 611 esse
1907 572 2078 627 usque

495 649 563 702 ad
591 665 897 719 vesperum.
931 649 1120 703 dicens
1144 654 1157 702 ἑ

472 761 481 783 ι
564 740 685 793 Non
739 750 969 793 vescetur
997 740 1193 801 dehis.
1240 756 1357 811 qute
1407 741 1739 811 sanctiﬁcata
1772 752 1928 797 sunt:
1986 746 2075 799 sed

494 845 612 882 cum
654 828 841 881 laverit
894 845 1107 882 carnem
1147 845 1303 883 suam
1334 846 1499 897 aqua,
1537 840 1589 884 et
1616 833 1919 886 occubuerit
1972 832 2070 887 sol.

492 920 794 990 Vcs-perunt
841 928 899 975 et
944 935 1199 975 occasum
1232 922 1385 986 solis,
1421 923 1847 992 paenitentiam;
1877 939 2072 992 aquam

488 1029 621 1068 vero
650 1028 757 1083 qua
789 1028 906 1067 eam
940 1013 1105 1076 lavet,
1138 1013 1435 1084 lacrymam
1464 1015 1694 1069 dicens:
1744 1016 1812 1070 de
1846 1033 1953 1085 qua
1988 1016 2075 1071 di-

486 1106 567 1157 xit
601 1103 767 1157 David
798 1121 810 1157 :
840 1101 1051 1157 Lavabo
1072 1103 1412 1173 persingulas
1445 1114 1618 1158 noctes
1641 1105 1828 1159 lectum
1856 1122 2028 1160 meum
2048 1123 2073 1162 ηε

488 1195 737 1264 lacrumis
762 1202 989 1247 stratum
1025 1211 1197 1247 meum
1222 1195 1406 1264 rigabo
1428 1196 1495 1248 θ’.
1554 1197 1911 1252 ldem'autem
1946 1206 2071 1251 ves“-

486 1301 696 1354 pcram.
737 1286 818 1339 sic
868 1285 1027 1340 nobis
1061 1286 1461 1355 pmnitentism,
1504 1298 1559 1341 et
1606 1289 1861 1358 gaudium
1903 1305 1968 1344 ex
2004 1304 2069 1344 ea

485 1376 814 1447 signiﬁcavit
844 1395 856 1430 :
896 1377 977 1430 Ad
1004 1392 1276 1446 vesperum
1302 1377 1664 1433 demorabitur
1708 1382 1967 1449 ﬂetus,,et
1998 1383 2069 1434 ad

484 1469 808 1522 matutinum
856 1469 1131 1522 ltetitia".
1190 1468 1422 1532 Quando
1464 1484 1604 1540 [ergo
1644 1470 1896 1542 lacrymis
1946 1471 2069 1543 quis

481 1560 820 1630 ptenitentiue
862 1560 1086 1614 ablutus
1132 1558 1297 1613 fuerit
1326 1600 1341 1622 ,
1389 1567 1521 1614 tunc
1562 1570 1749 1616 sancta
1794 1564 2062 1630 comedet,

480 1649 607 1717 quia
639 1650 796 1719 patris
829 1649 950 1718 ejus
985 1658 1084 1703 'est
1109 1649 1218 1709 ille,
1266 1650 1334 1704 de
1361 1665 1470 1719 quo
1513 1652 1775 1706 Dominus
1803 1653 1855 1706 in
1884 1652 2065 1708 Evan-

482 1740 637 1808 geliis
694 1741 908 1795 dicebat
939 1756 952 1792 :
988 1739 1054 1793 Et
1112 1741 1264 1807 panis
1306 1757 1459 1811 quem
1495 1758 1588 1810 ego
1611 1742 1766 1805 dabo,
1796 1759 1922 1797 caro
1949 1761 2064 1799 mea

479 1843 555 1886 est
574 1833 642 1887 ".
685 1830 840 1898 Quod
870 1840 925 1885 et
962 1846 1109 1886 nunc
1161 1832 1318 1900 panis
1363 1834 1686 1887 memoriam
1734 1832 1963 1900 faciens,
2014 1846 2069 1890 et

479 1939 620 1993 quos
669 1930 926 1993 oporteat
981 1922 1050 1977 de
1100 1936 1167 1979 eo
1220 1922 1514 1978 comedere
1544 1923 1912 1995 distinguens,
1964 1927 2063 1983 ad-

478 2017 618 2072 didit
645 2034 658 2069 :

546 2108 887 2161 Morticinum
916 2117 965 2160 ct
1001 2116 1212 2175 captant
1257 2124 1290 2160 a
1327 2108 1491 2162 bestia
1532 2124 1635 2162 non
1666 2112 1932 2165 comedent
1973 2126 2066 2164 nec

476 2199 779 2269 retinentur
826 2200 882 2252 in
911 2198 1006 2253 eis.
1037 2198 1148 2270 Ego
1180 2215 1296 2252 sum
1340 2199 1615 2255 Dominus.
1650 2200 1723 2257 Ut
1767 2201 1874 2256 hoc
1915 2202 2063 2272 quod

479 2292 687 2346 dictum
731 2300 851 2345 est:
888 2290 999 2362 Ego
1035 2289 1310 2356 Dominus,
1366 2306 1492 2347 cum
1531 2292 1745 2360 audias,
1789 2293 2063 2366 intelligas

480 2384 629 2438 hunc
659 2383 968 2438 dicentem:
999 2383 1110 2454 Ego
1139 2400 1254 2438 sum
1286 2386 1460 2452 panis,
1489 2386 1580 2455 qui
1606 2387 1670 2440 de
1695 2386 1821 2440 coelo
1847 2387 2061 2442 descen-

478 2475 533 2530 di
548 2476 618 2529 ".
650 2475 757 2531 Per
805 2474 1154 2529 morticinum
1185 2484 1395 2539 autem,
1426 2485 1482 2531 et
1507 2492 1537 2531 a
1567 2477 1741 2532 bestia
1776 2489 2058 2548 captorum

474 2566 928 2639 prohibitionem,
963 2583 1070 2621 non
1099 2578 1356 2636 oportere
1384 2582 1592 2623 mensa
1635 2569 1973 2639 participari,
2005 2580 2061 2625 et

475 2660 1115 2716 menstedatmoniorum
1169 2661 1467 2730 pmcepit;
1502 2662 1558 2716 in
1616 2662 1704 2715 his
1730 2665 1877 2716 enim
1930 2672 2059 2718 sunt

473 2767 604 2809 vere
646 2751 960 2817 morticina,
1013 2762 1069 2808 et
1100 2768 1132 2807 a
1155 2752 1351 2808 bestiis
1393 2763 1573 2823 capta.
1624 2752 1762 2819 Quia
1797 2755 1945 2809 enim
1979 2756 2058 2809 si-

465 2845 588 2899 mul
641 2857 886 2908 sanctus,
932 2844 1092 2899 simul
1122 2854 1178 2899 et
1207 2845 1447 2900 nutritor
1477 2846 1801 2901 substantite
1854 2856 2057 2903 nostrze

470 2935 832 3008 intelligibilis
865 2936 1159 3006 praedictus
1195 2937 1356 3006 panis
1389 2946 1492 3001 est,
1528 2951 1631 2992 nec
1650 2936 1901 3007 pollutus
1927 2953 2054 2993 eum

2181 463 2542 533 approbatum
2577 472 2678 517 est.
2723 463 2788 517 Et
2818 478 3009 518 rursus
3035 463 3227 519 dicens
3253 481 3269 518 :

2250 555 2319 607 Et
2341 569 2520 624 etquo
2543 555 3022 624 egredieturscmen
3041 555 3191 625 quasi
3212 555 3396 618 coitus,
3416 566 3465 609 et
3484 558 3577 626 qui
3599 560 3782 629 tangit

2179 645 2365 713 reptile
2390 648 2439 699 et
2460 646 2723 716 quodlibet
2744 646 3098 705 immundum.
3121 647 3273 716 cujus
3304 656 3477 702 tactus
3500 659 3574 703 est
3593 652 3783 705 sordi-

2178 736 2299 789 dus.
2332 735 2401 791 Ut
2429 735 2526 792 tibi
2550 736 2716 792 etiam
2750 736 2913 807 hujus
2967 736 3350 792 manilestaret
3400 736 3783 806 intellectum,

2178 839 2577 899 consequenter
2625 830 2929 884 secundum
2991 828 3136 883 LXX
3179 830 3426 885 addidit:
3455 830 3560 884 Aut
3594 848 3774 902 supra

2174 920 2456 985 hominem,
2484 921 2539 974 in
2581 937 2683 991 quo
2711 923 3006 993 inquinavit
3040 921 3212 986 illum,
3238 925 3525 977 secundum
3557 942 3777 980 omnem

2173 1012 2566 1066 immunditiam
2602 1013 2786 1083 ipsius.
2855 1014 2937 1069 Ad
2968 1029 3303 1084 quamquam
3357 1015 3547 1070 horam
3603 1027 3773 1073 extra

2173 1101 2413 1157 animam
2452 1103 2859 1159 immunditiam
2919 1112 3013 1158 aut
3083 1089 3476 1174 pollutionem.
3512 1107 3768 1165 tradidit.

2174 1195 2283 1251 Sed
2318 1206 2377 1252 ut
2414 1197 2830 1269 lutelligibiliter
2854 1199 3116 1268 accipias,
3150 1214 3273 1270 quae
3297 1200 3420 1270 ipse
3454 1204 3769 1260 secundum

2171 1289 2409 1344 litteram
2475 1299 2701 1360 propter
2762 1291 3079 1345 Judzeorum
3158 1288 3423 1347 duritiam
3484 1296 3768 1366 exposuit,

2170 1389 2458 1449 propterea
2496 1380 2766 1435 subinl‘crt
2796 1381 2929 1446 haec,
2957 1397 3020 1436 ex
3053 1383 3250 1453 quibus
3293 1385 3768 1456 signiﬁcationem

2172 1470 2268 1524 tibi
2295 1470 2386 1525 det
2436 1472 2847 1542 contetnplativi
2892 1472 3137 1542 spiritus.
3175 1475 3313 1530 Illud
3344 1485 3528 1531 autem
3552 1479 3764 1533 intelli-

2169 1576 2298 1633 gere
2350 1563 2447 1621 tibi
2502 1564 2735 1618 maxime
2788 1566 3028 1619 mandati
3079 1566 3244 1635 hujus
3303 1567 3442 1639 legis
3488 1571 3619 1626 utile
3665 1582 3763 1629 est

2170 1663 2333 1722 atque
2377 1655 2595 1724 juvans,
2637 1656 2784 1727 quod
2820 1672 2929 1711 non
2966 1657 3113 1712 solos
3167 1660 3509 1728 sacerdotes,
3555 1662 3649 1719 sed
3695 1676 3757 1721 et

2169 1755 2363 1795 omnes
2419 1740 2816 1807 ministrantes,
2861 1759 2970 1798 non
3032 1761 3370 1813 praesumere
3429 1750 3549 1806 sine
3599 1762 3759 1808 metu

2170 1829 2495 1884 Sanctorum
2525 1833 2927 1903 perceptionem
2961 1836 3106 1900 vult,
3151 1837 3463 1910 intuerique
3492 1843 3757 1897 traditam

2166 1934 2197 1973 a
2232 1920 2350 1992 lege
2381 1921 2817 1989 distinctionem,
2843 1939 2966 1994 qua:
3005 1926 3338 1995 poenitentes
3360 1930 3579 2000 quidem
3608 1948 3762 2002 prae-

2165 2011 2313 2079 cepit
2336 2011 2403 2067 ad
2432 2022 2620 2068 sancta
2648 2014 2931 2079 accedere,
2972 2026 3102 2070 ante
3145 2026 3329 2073 autem
3368 2022 3758 2090 pmnitentiam

2165 2101 2439 2169 prohibet.
2477 2102 2582 2168 Qui
2617 2113 2801 2159 autem
2827 2120 2895 2160 ex
2934 2107 3145 2162 semine
3182 2118 3310 2164 sunt
3335 2112 3509 2166 Aaron
3542 2127 3751 2168 sacer-

2163 2192 2329 2255 dotis,
2360 2195 2621 2263 quoniam
2650 2194 2932 2251 Christum
2965 2212 3086 2252 esse
3125 2209 3366 2255 nostrum
3395 2204 3758 2261 sacerdotem

2162 2286 2421 2350 didicisti,
2454 2297 2512 2341 et
2546 2288 2711 2358 hujus
2739 2288 2969 2360 ﬁgurant
3002 2292 3185 2345 Aaron
3234 2307 3442 2364 gerere,
3484 2295 3607 2349 illos
3655 2298 3757 2352 in-

2162 2379 2372 2450 telliges
2422 2379 2546 2434 sine
2602 2380 2784 2450 aliqua
2843 2381 3142 2449 dubietate,
3225 2384 3318 2453 qui
3392 2386 3753 2455 baptismatis

2161 2471 2508 2541 adoptionem
2541 2472 2765 2537 habent,
2796 2481 2852 2527 et
2889 2489 3098 2539 semen,
3150 2477 3479 2547 c03natique
3511 2479 3655 2549 ejus,
3684 2491 3748 2536 et

2160 2578 2325 2617 omne
2356 2564 2501 2633 quod
2534 2564 2740 2620 dixeris
2779 2566 2845 2620 ad
2893 2567 3345 2636 conjunctionem
3399 2569 3539 2639 ejus,
3594 2582 3752 2628 recte

2160 2652 2527 2724 appellantur.
2551 2655 2706 2712 Unde
2727 2666 2784 2712 et
2812 2675 2975 2728 genus
3002 2659 3243 2727 electum,
3266 2671 3326 2716 et
3345 2663 3525 2734 regale
3550 2681 3750 2720 sacer-

2159 2748 2383 2813 dotium,
2410 2759 2466 2803 et
2489 2766 2613 2819 gens
2640 2763 2827 2804 sancta
2848 2751 2914 2815 ",
2952 2763 3178 2822 propter
3207 2757 3593 2822 cognationem
3617 2760 3749 2828 eius

2158 2838 2525 2908 appellantur.
2553 2842 2636 2896 Ad
2663 2858 2803 2911 quos
2833 2857 2965 2914 ergo
2999 2856 3054 2898 et
3084 2861 3207 2915 quae
3244 2860 3554 2918 sequuntur
3571 2852 3743 2907 dicit:

2234 2928 2394 2986 Vens.
2453 2931 2506 2985 9.
2566 2949 2584 2981 ε
2650 2930 2976 2988 Custodient
3023 2926 3300 3006 praecepta
3354 2955 3474 2994 mea
3531 2950 3593 2994 ut
3628 2958 3747 2997 non

466 3028 761 3098 percipere
792 3028 1072 3098 pracepir,
1107 3043 1208 3083 nec
1239 3042 1431 3083 rursus
1453 3030 1744 3085 mundaios
1773 3031 2053 3100 prohiberi
2083 3048 2126 3108 ρ
2159 3022 2480 3092 subjaceant
2540 3032 2787 3092 peccato,
2839 3035 2894 3079 et
2948 3028 3253 3083 moriantur
3310 3030 3368 3084 in
3414 3035 3748 3087 sanetuario

470 3121 609 3176 vult.
656 3120 960 3191 Utrumque
1002 3122 1148 3175 enim
1188 3121 1351 3189 plane
1400 3129 1456 3176 et
1501 3121 1704 3176 Paulus
1742 3122 2003 3192 pnecepit
2038 3140 2051 3176 :

468 3213 775 3283 Quicunque
830 3213 968 3267 enim
1019 3212 1251 3267 comedet
1302 3229 1527 3282 panem,
1583 3223 1633 3268 et
1673 3215 1807 3269 bibet
1838 3215 2055 3269 calicem

471 3305 690 3359 Domini
718 3306 954 3376 indigne,
1006 3322 1126 3359 reus
1157 3307 1256 3359 erit
1296 3308 1529 3377 corporis
1563 3316 1611 3360 et
1640 3308 1913 3379 sanguinis
1946 3307 2055 3360 Do-

468 3397 602 3450 mini
620 3396 688 3454 ⁷³.
723 3395 862 3452 Ecce
892 3396 993 3451 iste
1023 3406 1109 3452 est
1145 3397 1382 3466 pollutus
1419 3407 1475 3453 et
1527 3398 1862 3455 immundus.
1898 3399 2053 3455 llunc

469 3489 616 3544 enim
652 3488 912 3559 intelligis
950 3490 1268 3547 omnimodo
1312 3491 1534 3563 indigne
1588 3493 1991 3559 comedentem,
2020 3510 2051 3548 a

469 3590 781 3636 sanctorum
814 3579 1154 3651 prohibitum
1198 3582 1634 3652 participatione.
1679 3583 1821 3650 Quid
1867 3595 2050 3640 autem

463 3672 554 3728 his
610 3673 859 3728 addidit?
897 3672 1083 3728 Probet
1114 3685 1293 3729 autem
1354 3692 1408 3729 se
1444 3670 1619 3738 hoino,
1650 3685 1698 3730 et
1724 3677 1802 3747 sic
1826 3679 1889 3731 de
1913 3694 2050 3747 pane

464 3766 556 3820 illo
583 3766 724 3833 edat,
760 3776 809 3820 et
831 3765 897 3820 de
921 3766 1086 3822 calice
1105 3767 1324 3823 bibat".
1345 3767 1447 3833 Qui
1472 3779 1658 3824 autem
1688 3770 2048 3840 semetipsum

461 3858 678 3925 prohat.
742 3858 785 3911 si
850 3858 1060 3930 peccati
1119 3858 1222 3914 sibi
1285 3860 1541 3916 conscius
1568 3869 1674 3926 est,
1705 3870 1760 3916 et
1793 3860 2048 3931 pollutio-

440 3961 588 4000 .nem
623 3946 822 4004 auium:
859 3964 919 4003 se
964 3948 1172 4004 habere
1218 3947 1406 4014 sentit,
1439 3947 1672 4019 poenitet
1702 3948 1822 4004 sine
1853 3948 2041 4004 dubio.

464 4039 530 4093 Et
556 4049 679 4109 post
709 4041 1095 4110 pmnitentiam
1126 4041 1194 4097 de
1229 4056 1372 4111 pane
1420 4040 1733 4107 comedere,
1767 4049 1824 4095 et
1856 4038 2045 4095 bibere

460 4147 655 4187 rursus
688 4132 756 4187 de
785 4132 955 4186 calice
992 4139 1183 4187 sancto
1227 4140 1285 4186 et
1331 4131 1620 4200 impolluto
1650 4139 1849 4200 potest.
1885 4129 2042 4196 Quod

459 4233 643 4280 autem
681 4225 996 4295 frequenter
1025 4225 1092 4278 de
1130 4225 1235 4278 hac
1301 4224 1588 4279 sanctione
1644 4223 1902 4286 diximus,
1936 4222 2041 4276 dici

458 4327 514 4371 et
539 4333 686 4372 nunc
714 4317 1084 4372 necessarium
1109 4328 1213 4383 est,
1235 4315 1457 4388 prodest
1485 4316 1632 4370 enim
1666 4316 2035 4378 audientibus,

2158 3126 2281 3166 cum
2317 3112 2632 3182 polluerunt
2688 3114 2842 3170 illud.
2880 3115 2993 3188 Ego
3036 3118 3302 3175 Dominus
3332 3123 3426 3193 qui
3459 3126 3751 3180 sanctiﬂco

2157 3203 2298 3258 illos.
2336 3223 2355 3256 ι

2227 3299 2369 3369 Ergo
2426 3307 2695 3369 praecepta
2751 3300 2987 3367 Domini,
3036 3301 3089 3356 id
3138 3312 3223 3357 est
3268 3303 3379 3370 lex,
3432 3306 3747 3362 custodiam

2153 3386 2479 3451 districtum,
2510 3396 2567 3442 et
2592 3388 2961 3445 obedientiam
3020 3392 3585 3463 intransgressibilem
3636 3414 3745 3451 ne-

2153 3476 2450 3530 cessariam
2480 3477 2761 3543 habentia,
2793 3480 2937 3535 sicut
2960 3480 3380 3551 perﬁcientibus
3403 3500 3491 3548 ea,
3522 3495 3584 3541 et
3610 3503 3747 3542 san-

2152 3568 2523 3635 ctiﬁcationis,
2557 3579 2614 3624 et
2636 3570 3047 3641 justiﬁcationis
3088 3584 3144 3628 et
3190 3575 3384 3631 salutis
3414 3591 3584 3632 causa
3618 3579 3745 3634 eﬂio

2152 3658 2396 3724 ciuntur,
2443 3658 2522 3714 sic
2548 3662 2760 3730 peccati
2808 3670 2867 3717 et
2911 3663 3104 3718 mortis
3160 3668 3741 3738 transgredientibus:

2150 3752 2293 3822 quod
2331 3753 2384 3806 in
2413 3754 2562 3807 omni
2585 3738 2805 3823 quidem
2835 3764 2921 3810 est
2940 3757 3079 3824 lege,
3112 3766 3168 3812 et
3192 3757 3246 3811 in
3275 3760 3429 3814 omni
3452 3760 3741 3828 mandato,

2150 3844 2324 3899 multo
2377 3845 2551 3916 magis
2611 3854 2793 3901 tamen
2848 3847 2904 3902 in
2963 3848 3292 3905 Sanctorum
3354 3854 3740 3923 perceptione.

2149 3936 2393 4009 Quisquis
2412 3940 2550 3993 enim
2572 3941 2643 3993 ad
2670 3956 2755 4003 ea,
2785 3948 2935 3995 extra
2977 3958 3137 4012 quam
3174 3953 3397 4013 oportet,
3433 3951 3738 4011 accusent,

2139 4031 2405 4098 judicium
2450 4032 2548 4085 sibi
2607 4032 2767 4086 sumit
2801 4041 2851 4086 et
2912 4044 3152 4088 mortem.
3181 4036 3320 4090 Nam
3345 4046 3403 4092 et
3424 4036 3629 4094 Paulus
3668 4042 3741 4095 de

2149 4121 2348 4177 talibus
2391 4121 2692 4179 Corinthiis
2733 4124 3048 4180 scribebat:
3103 4125 3208 4191 Qui
3247 4129 3387 4182 enim
3437 4132 3737 4187 manducet

2145 4222 2195 4266 et
2225 4212 2371 4281 bibit,
2400 4213 2666 4283 judicium
2698 4216 2797 4270 sibi
2839 4220 3127 4272 ntanducat
3158 4228 3206 4272 et
3237 4220 3366 4274 bibit
3398 4237 3501 4274 non
3527 4224 3737 4293 dijudi-

2145 4323 2273 4360 cans
2315 4322 2503 4377 corpus
2553 4307 2786 4363 Domini.
2832 4309 3122 4378 Propterea
3155 4313 3295 4366 inter
3338 4330 3426 4368 vos
3457 4315 3612 4369 multi
3642 4318 3735 4372 itt-

460 4409 512 4461 id
543 4418 645 4464 est.
677 4409 802 4478 quia
848 4410 1095 4477 leprosos
1144 4382 1207 4463 et
1239 4382 1467 4462 seminis
1521 4405 1727 4460 ﬂuxum
1757 4405 2038 4475 patientes
2071 4382 2114 4438 θ
2142 4401 2306 4469 ﬁrmi.
2334 4411 2385 4454 et
2410 4402 2711 4468 imbecilles,
2748 4412 2798 4456 et
2831 4404 3104 4458 dormiunt
3140 4405 3297 4459 multi
3315 4404 3381 4472 ”,
3418 4406 3470 4461 id
3497 4417 3585 4462 est
3607 4424 3734 4463 mo-

458 4499 748 4554 sensibiles
796 4500 1069 4570 lcgislator
1102 4516 1212 4555 non
1248 4499 1618 4563 abominatur,
1652 4510 1832 4566 neque
1886 4495 2036 4550 enim

458 4590 786 4651 voluntarie,
842 4591 937 4645 sed
994 4591 1152 4645 inviti
1207 4592 1349 4646 hanc
1390 4590 1702 4660 passionem
1742 4587 2036 4653 sustinent,

455 4683 550 4737 scd
616 4697 712 4737 eos
768 4683 858 4751 qui
906 4684 1144 4738 animam
1207 4684 1500 4754 leprosum,
1563 4690 1658 4735 aut
1711 4680 1914 4733 ﬂuxum
1945 4694 2035 4734 se-

453 4775 617 4829 minis
648 4776 945 4844 patientem
979 4776 1204 4830 habent.
1238 4774 1537 4845 Propterea
1572 4774 1801 4829 dicens:

526 4866 798 4935 Leprosus,
831 4876 880 4920 et
911 4868 1115 4936 ﬂuxum
1139 4866 1352 4921 seminis
1380 4867 1607 4934 patiens,
1644 4884 1748 4922 non
1775 4883 2029 4937 uescetur,

449 4962 611 5013 donec
641 4971 878 5014 sanetur.
912 4958 1197 5024 Quomodo
1232 4968 1510 5029 oporteret
1535 4959 1639 5016 hoc
1667 4959 1916 5036 intelligi,
1951 4965 2035 5018 in-

450 5062 757 5123 terpretans
796 5051 1038 5107 addidit:
1086 5050 1187 5116 Qui
1228 5053 1455 5119 tetigerit
1497 5052 1829 5108 immundum
1874 5071 2033 5124 super

448 5157 735 5209 mortuum,
762 5145 876 5200 sive
894 5145 1195 5200 secundum
1218 5143 1304 5198 LX
1318 5142 1382 5209 Χ,
1403 5160 1608 5199 omnem
1634 5146 2031 5201 immunditiam

447 5236 678 5298 animm;
724 5237 1085 5292 immunditize
1119 5246 1302 5290 autem
1342 5236 1563 5299 animae,
1609 5246 1832 5306 peccata
1874 5252 2027 5304 sunt,

447 5340 677 5393 quarum
734 5327 979 5397 quaedam
1048 5326 1280 5396 leproste
1338 5334 1490 5390 sunt,
1542 5325 1791 5395 qumdam
1821 5326 2026 5381 ﬂuxum

446 5414 994 5484 semiuis'patietrtes,
1044 5416 1187 5469 sicut
1216 5431 1246 5469 a
1279 5416 1460 5478 nobis,
1496 5416 1548 5468 in
1579 5416 1665 5470 his
1691 5431 1813 5485 qua:
1846 5416 1913 5471 de
1950 5417 2027 5471 lc-

518 5625 563 5655 “
594 5621 682 5678 Ps.
715 5639 786 5686 γι,
811 5623 862 5676 6.

442 5689 497 5724 "
520 5692 690 5747 lCur.
716 5707 790 5758 xi,
826 5694 921 5757 29,
946 5695 1033 5746 50.
1109 5696 1150 5727 ⁷⁷
1182 5697 1373 5750 Matth.
1401 5712 1530 5759 nn,
1567 5696 1652 5762 ll,
1686 5696 1768 5751 l2.

938 5624 985 5655 τ’
1003 5625 1089 5677 i‘s.
1124 5641 1270 5684 xxix.
1290 5626 1342 5679 6.
1418 5627 1460 5657 '“
1493 5624 1649 5680 δοίη).
1672 5641 1744 5687 v4,
1778 5626 1864 5683 52.
1943 5629 1985 5661 ⁷³
2016 5627 2144 5683 ibid.
2184 5627 2273 5685 5|.

2145 4492 2382 4547 riuntur.
2432 4490 2748 4548 Secundum
2801 4494 2907 4550 hoc
2956 4494 3122 4565 igitur
3170 4497 3403 4552 verbum
3440 4498 3734 4571 legislator

2143 4584 2371 4642 sancivit
2411 4603 2423 4639 :

2214 4677 2523 4732 Custodient
2546 4690 2807 4748 prarcepta
2849 4696 2987 4745 mea,
3026 4690 3081 4733 ut
3113 4697 3216 4735 non
3256 4683 3572 4753 subjsceant
3598 4701 3730 4754 pec-

2143 4779 2261 4825 cato
2286 4780 2335 4825 et
2385 4773 2685 4827 moriantur
2725 4790 2818 4843 per
2850 4790 2935 4828 ea.
2987 4773 3055 4829 Et
3106 4790 3229 4844 qua:
3263 4783 3566 4840 estcausa,
3599 4794 3728 4849 qua:

2146 4864 2312 4920 infert
2340 4875 2570 4922 mortem
2594 4867 2619 4920 ?
2646 4867 2784 4923 Cum
2811 4867 3107 4937 polluerint
3135 4868 3291 4923 illud.
3333 4867 3544 4939 lnjuria
3570 4872 3727 4925 enim

2144 4956 2440 5011 sanctuarii
2486 4965 2543 5012 et
2570 4957 2800 5027 pollutio
2845 4966 2950 5024 est,
2984 4957 3268 5013 sordidum
3307 4960 3624 5030 quempiam
3655 4960 3725 5016 ad

2141 5050 2344 5104 munda
2387 5050 2668 5106 accedere.
2715 5050 2874 5106 Unde
2921 5066 3046 5106 cum
3085 5052 3351 5122 quosdam
3395 5053 3466 5109 de
3503 5053 3611 5108 viis
3660 5069 3725 5108 ac

2141 5140 2362 5210 sepibus
2406 5142 2474 5196 ad
2519 5141 2761 5212 nuptias,
2807 5159 2931 5213 qua:
2974 5144 3030 5198 in
3086 5143 3399 5216 evangelica
3459 5145 3722 5215 parabola

2137 5232 2296 5287 dictae
2321 5241 2472 5298 sunt,
2505 5243 2885 5298 convocasset,
2926 5235 3216 5291 inveniens
3244 5237 3568 5307 quempiam
3598 5252 3719 5292 sor-

2137 5324 2262 5379 dida
2296 5326 2552 5382 vestitum
2596 5327 2755 5394 stola,
2807 5328 2863 5383 in
2902 5342 3059 5384 creua
3091 5329 3324 5399 nuptiali
3369 5329 3721 5385 discumben-

2139 5428 2247 5472 tcm
2309 5420 2563 5489 expellit,
2601 5430 2656 5474 et
2706 5422 2760 5474 in
2811 5422 3065 5476 tenebras
3121 5422 3314 5494 projici
3375 5421 3716 5490 praecepit".

2352 5628 2398 5662 ⁷³
2426 5627 2552 5685 Cor.
2590 5646 2666 5695 ιι,
2691 5628 2781 5684 27.
2859 5629 2903 5661 ⁷⁸
2925 5628 3056 5684 ibid.
3079 5629 3169 5686 εδ.
3247 5624 3335 5680 ⁷⁸1
3390 5624 3542 5681 Petr.
3577 5644 3636 5695 ιι,
3654 5626 3704 5682 9.
