4038 6182
284 222 417 286 1039

277 337 439 407 Atqui
468 349 660 390 omnes
697 340 1005 404 peccatores
1036 336 1212 394 erant,
1244 328 1334 398 qui
1365 326 1575 380 invitati
1607 333 1756 383 sunt,
1792 330 1848 374 et
1881 329 1919 380 Α

279 438 568 498 pr0pterea
625 427 693 480 de
725 425 828 479 viis
858 433 913 477 et
940 425 1006 477 de
1031 421 1256 491 sepibus
1282 419 1460 488 colligi
1488 416 1842 470 dicebantur:

278 521 372 574 sed
401 535 524 573 cum
559 517 748 572 mutati
778 516 949 585 prius,
978 523 1035 566 et
1061 522 1286 581 peccato
1316 523 1415 579 per
1465 506 1844 577 pmnitentiam

279 611 602 678 semetipsos
627 607 1014 674 exspoliantcs,
1041 613 1170 656 tunc
1195 601 1262 654 de
1295 613 1448 653 coena
1466 597 1843 651 comederunt.

282 700 378 754 llic
402 711 584 753 autem
615 695 832 751 sordida
863 695 1045 748 adhuc
1075 691 1302 745 indutus
1328 688 1536 758 peccati
1560 686 1718 748 stola,
1737 700 1844 736 non

282 792 624 859 exspoliatus
659 803 763 842 nec
808 793 1196 846 commutatus,
1236 780 1443 850 ingredi
1493 779 1546 832 in
1575 785 1762 831 sancta
1794 783 1850 828 et

281 881 482 934 munda
505 877 864 949 praesumpsit.
891 875 1116 928 Multum
1140 887 1269 942 ergo
1307 869 1606 925 secundum
1637 876 1850 936 tempus

283 973 390 1025 hoc
414 971 517 1041 legi
553 970 823 1035 adjectqu
858 977 972 1020 est:

354 1061 468 1130 Ego
504 1059 753 1113 Dominus
781 1059 869 1126 qui
900 1055 1166 1123 sancti/ico
1209 1052 1345 1106 illos.
1379 1051 1435 1104 111
1465 1059 1568 1114 est,
1599 1049 1690 1118 qui
1720 1063 1852 1117 pec-

285 1158 500 1205 catores
543 1158 778 1202 mutatos
820 1148 1099 1201 duntaxat
1131 1144 1188 1197 in
1233 1143 1558 1196 Sanctorum
1606 1155 1853 1194 commu-

285 1241 451 1295 nione
510 1239 748 1303 recipio:
801 1251 1020 1290 aversor
1070 1243 1254 1287 autem
1293 1229 1512 1301 quando
1564 1229 1756 1298 polluti
1799 1237 1856 1282 et

287 1331 458 1399 iniqui
493 1336 836 1399 permanent.
1565 1327 1568 1330 ’

359 1423 520 1478 Vens.
555 1422 638 1475 10.
691 1439 710 1471 1
746 1418 937 1474 Omnis
981 1415 1290 1484 alienigena
1335 1426 1446 1466 non
1496 1411 1747 1466 comedet
1788 1408 1857 1462 de

288 1513 658 1568 sanctiﬁcatis.
688 1510 991 1579 Inquilinus
1015 1506 1340 1579 sacerdotis,
1384 1513 1439 1558 et
1469 1502 1855 1566 mercenarius,

288 1619 397 1656 non
436 1611 726 1656 vescentur
747 1601 846 1654 eis.
887 1619 906 1650 1

1422 212 1502 270 IN
1537 204 1969 268 LEVlTlCUM.
2005 227 2070 238 -
2113 203 2253 260 LIB.
2287 201 2385 260 Vl.

3383 196 3514 262 1070

2023 315 2180 370 Vens.
2236 316 2320 368 11.
2374 333 2391 364 1
2439 312 2609 378 Quem
2673 319 2850 364 autem
2898 310 3148 365 sacerdos
3194 313 3409 377 emerit,
3459 325 3516 369 et

1943 409 2036 478 qui
2062 407 2386 462 vernaculus
2425 405 2620 458 domus
2661 403 2780 472 ejus
2808 401 2993 466 fuerit,
3029 403 3083 456 111
3121 405 3412 459 comedent
3445 421 3513 460 ex

1944 514 2043 552 €18.
2081 517 2098 548 ι

2016 589 2152 654 Quia
2197 588 2550 658 alienigenas,
2600 586 2800 655 impios
2826 585 3079 639 videlicet
3103 594 3156 639 et
3183 586 3451 647 inﬁdeles,
3481 605 3512 641 a

1946 679 2363 750 participatione
2395 677 2705 732 divinorum
2758 675 3057 744 prohibuit,
3110 677 3350 730 ostendit
3383 679 3512 745 quia

1946 781 2001 826 et
2025 771 2078 825 hi
2109 771 2153 824 si
2193 777 2476 824 mutentur
2497 769 2565 823 ab
2594 783 2806 831 errore,
2849 774 2904 819 et
2933 767 2999 820 ad
3032 767 3312 822 Christum
3364 785 3521 823 acce-

1947 862 2096 923 dant,
2126 860 2396 930 permittit
2433 875 2554 928 qute
2603 868 2789 912 sancta
2826 867 2972 911 sunt.
3008 857 3179 912 Nemo
3206 860 3350 912 enim
3384 861 3521 914 alie-

1948 951 2146 1020 nigena
2181 964 2278 1018 per
2311 956 2558 1001 naturam
2583 955 2686 1011 est,
2721 946 2816 999 sed
2862 947 3140 1000 voluntate
3162 947 3378 1016 quidam
3416 949 3522 1003 sibi

1949 1040 2257 1094 asciverunt
2307 1038 2690 1092 alienationem
2722 1052 2750 1088 a
2777 1036 2908 1090 Deo.
2959 1037 3237 1108 Quotquot
3287 1055 3416 1110 ergo
3456 1057 3523 1095 cx

1952 1130 2037 1184 his
2065 1129 2421 1199 intelligibilis
2461 1127 2725 1182 sacerdos
2759 1127 3001 1195 possidet
3029 1129 3325 1197 emptitios.
3359 1129 3412 1182 id
3439 1140 3527 1185 est

1951 1229 2218 1290 quotquot
2259 1219 2391 1272 emit
2438 1233 2535 1285 per
2582 1216 2946 1286 evangelicam
2982 1215 3286 1270 doctrinam
3327 1227 3383 1271 et
3407 1235 3528 1289 gra-

1953 1312 2106 1366 tiam.
2137 1311 2262 1365 Haec
2295 1320 2376 1365 est
2406 1310 2551 1363 enim
2586 1307 2798 1362 Domini
2821 1307 3152 1377 conquisitio
3181 1319 3231 1362 et
3259 1311 3522 1367 acerbum

1953 1411 2234 1472 argentum
2291 1411 2408 1455 est:
2464 1402 2749 1471 Argentum
2785 1401 2903 1469 igne
2955 1401 3320 1453 examinatum
3369 1410 3525 1454 term'

1957 1494 2314 1564 purgatum",
2354 1493 2588 1547 redemit
2618 1502 2798 1546 autem
2819 1503 2950 1553 eos,
2986 1493 3076 1561 qui
3107 1492 3155 1546 ei
3197 1489 3379 1538 volunt
3411 1501 3526 1542 Scr-

1957 1587 2092 1640 vire.
2145 1585 2260 1637 Alio
2297 1594 2472 1637 autem
2509 1583 2672 1644 nullo,
2725 1584 2866 1636 sicut
2916 1583 3107 1636 Petrus
3167 1583 3322 1648 dixit,
3344 1583 3511 1652 pretio

358 1691 735 1746 Necessarium
789 1691 892 1744 hoc
923 1689 1239 1742 mandatum
1294 1696 1397 1749 est,
1445 1701 1514 1739 ne
1544 1671 1686 1739 forte
1729 1683 1860 1751 adji-
1891 1660 1933 1716 Β
1961 1675 2120 1742 empti
2147 1675 2290 1736 εεείθν
2324 1673 2479 1726 "Ome
2508 1673 2623 1741 Ιίενί
2649 1673 2783 1725 “rvi
2811 1672 3156 1726 ¹ιοη²ίη¹¹νη⁸¹ι

290 1799 416 1838 cere
445 1782 696 1836 omnibus
747 1781 1083 1842 inﬁdelibus,
1119 1788 1173 1832 et
1199 1778 1381 1846 impiis
1407 1791 1650 1830 mensam
1695 1775 1859 1844 Spiri-

292 1874 453 1927 talem
479 1881 762 1940 putemus:
790 1884 890 1922 nec
920 1871 1045 1937 quia
1072 1867 1196 1922 vita:
1223 1866 1376 1936 panis
1409 1864 1722 1936 mysterium
1751 1863 1860 1917 Do-

293 1964 552 2018 minicum
575 1962 792 2024 dicitur,
815 1968 1105 2028 propterea
1127 1967 1380 2028 oportere
1403 1955 1685 2025 percipere
1707 1954 1859 2008 illum

291 2057 455 2110 etiam
493 2069 606 2117 eos,
637 2053 730 2122 qui
754 2053 934 2105 adhuc
955 2067 985 2104 a
1010 2050 1114 2103 ﬁde
1145 2048 1308 2102 alieni
1335 2056 1483 2110 sunt,
1509 2047 1859 2100 arbitremur.

291 2147 623 2216 Alienigenzn
676 2159 806 2212 ergo
856 2151 986 2195 sunt
1041 2156 1232 2195 omnes
1286 2139 1379 2208 qui
1421 2137 1511 2192 Dei
1545 2138 1716 2204 legem
1750 2151 1860 2189 non

293 2236 622 2304 suscipiunt,
667 2247 771 2286 nec
827 2231 1156 2302 evangelica;
1210 2228 1506 2299 participes
1556 2226 1863 2280 eﬁ‘tciuntur

296 2327 502 2396 gratia).
535 2325 680 2378 Nihil
709 2324 853 2377 enim
904 2324 958 2376 111
989 2321 1297 2390 proximum
1330 2319 1576 2374 aﬂinitati
1611 2316 1729 2384 Dei,
1765 2333 1863 2372 ne-

295 2433 402 2488 que
430 2425 718 2485 cognatum
768 2413 1011 2467 scientia:
1050 2412 1170 2482 ejus
1206 2411 1273 2464 de
1301 2426 1368 2465 eo
1398 2408 1701 2477 intelligere
1730 2421 1862 2476 pos-

296 2516 464 2561 sunt:
497 2505 641 2559 unde
686 2513 741 2557 et
765 2502 1103 2571 alienigenae,
1157 2501 1300 2554 sicut
1344 2500 1435 2568 qui
1467 2515 1497 2552 a
1525 2498 1863 2551 daemonibus

297 2598 652 2657 seducuntur,
700 2606 755 2649 et
784 2595 1160 2664 cognationem
1205 2608 1392 2646 eorum
1431 2591 1864 2660 amplectuntur,

299 2689 354 2742 hi
379 2689 525 2741 enim
560 2702 590 2739 a
619 2686 796 2749 nobis,
821 2695 874 2738 et
900 2700 928 2737 a
964 2685 1074 2737 Deo
1109 2683 1273 2736 alieni
1303 2691 1452 2746 sunt,
1483 2691 1633 2734 recte
1672 2680 1865 2749 appel-

297 2779 498 2837 lantur.
552 2777 618 2829 de
676 2775 870 2844 quibus
927 2773 1094 2827 David
1143 2772 1445 2841 psallebat:
1494 2771 1655 2839 Eripe
1681 2786 1781 2834 me,
1812 2777 1862 2822 et

298 2871 460 2923 libera
495 2885 578 2922 me
610 2869 675 2921 de
709 2883 870 2920 manu
920 2865 1152 2934 ﬁliorum
1208 2864 1522 2925 alienorum,
1551 2879 1770 2933 quorum
1807 2877 1864 2914 os

298 2961 528 3012 locutum
560 2965 635 3011 est
676 2956 1049 3010 vanitatem".
1101 2954 1202 3019 Qui
1231 2961 1412 3008 autem
1445 2955 1740 3022 loquuntur
1768 2968 1864 3006 va-
1889 2989 1933 3046 ϐ

297 3049 545 3112 nitatem,
576 3047 806 3101 maxime
834 3060 1170 3115 paganorum
1197 3044 1311 3109 ﬁlii,
1345 3043 1435 3112 qui
1465 3052 1740 3098 terrenam
1776 3059 1863 3096 sa-

296 3142 582 3211 pientiam,
615 3147 668 3192 et
709 3138 1019 3204 animalem,
1069 3145 1124 3190 et
1166 3137 1514 3200 diabolicam,
1559 3136 1865 3190 secundum

295 3231 440 3302 quod
465 3231 540 3284 ait
570 3229 825 3292 Jacobus,
859 3229 1063 3283 habent
1079 3229 1146 3280 7’.
1167 3227 1303 3282 Cum
1346 3228 1430 3281 his
1457 3227 1692 3282 dicimus
1729 3228 1864 3281 alie-

296 3322 572 3392 nigenam,
603 3320 692 3388 qui
722 3335 843 3388 quae
867 3320 1042 3373 aliena
1085 3327 1214 3372 sunt
1240 3334 1270 3372 a
1298 3318 1560 3388 dignitate
1589 3320 1861 3390 mysterii,

301 3411 368 3464 de
397 3425 462 3464 eo
518 3410 870 3478 intelligunt:
919 3409 1378 3477 quemadmodum
1408 3408 1475 3462 ad
1501 3409 1684 3463 cibum
1715 3425 1866 3464 com-

302 3516 542 3564 munem,
572 3501 644 3553 ita
670 3501 738 3554 ad
775 3501 1018 3554 divinum
1047 3501 1334 3565 accedunt,
1372 3507 1428 3554 et
1454 3501 1751 3554 carnaliter
1781 3503 1866 3556 di-

303 3590 428 3642 vina
465 3597 520 3642 et
577 3589 818 3642 coelestia
873 3588 1254 3658 conspiciunt:
1305 3597 1456 3643 recte
1500 3604 1628 3660 ergo
1666 3590 1735 3644 ab
1783 3591 1866 3646 his

302 3680 462 3733 etiam
499 3679 618 3733 talis
647 3679 988 3748 prohibetur.
1025 3677 1323 3747 Inquilinus
1352 3687 1533 3733 autem
1569 3681 1868 3735 sacerdotis

301 3776 404 3832 est,
431 3768 522 3836 qui
553 3782 660 3820 non
686 3781 822 3836 pure
855 3767 911 3819 iu
957 3766 1078 3834 ejus
1107 3765 1284 3818 aulam
1326 3765 1655 3834 ingreditur,
1688 3780 1866 3834 neque

305 3857 664 3913 reverentiam
708 3857 924 3926 dignam
974 3856 1023 3909 ei
1076 3855 1300 3923 pra-bet,
1358 3863 1455 3907 aut
1502 3854 1863 3924 diligentiam.

303 3948 772 4015 Quemadmodum
799 3948 946 4001 enim
1001 3947 1302 4016 inquilinus
1345 3946 1687 4002 solummodo
1711 3963 1864 4002 suam

302 4041 412 4110 agit
441 4039 750 4102 utilitatem,
785 4046 840 4091 et
885 4052 984 4106 per
1018 4036 1256 4107 singulos
1281 4036 1404 4090 dies
1436 4046 1719 4106 exspectat
1762 4040 1866 4091 mi-

301 4131 469 4202 grari,
509 4146 619 4184 non
674 4141 856 4184 autem
896 4129 1136 4198 pertinet
1171 4128 1218 4182 ei
1255 4128 1296 4182 si
1327 4129 1453 4197 jura
1506 4129 1700 4183 domus
1745 4130 1866 4198 qui-

301 4225 426 4277 dam
476 4223 737 4290 diripiant
767 4229 861 4275 aut
899 4219 1243 4282 subtrahant,
1281 4220 1363 4274 sic
1396 4228 1521 4274 sunt
1571 4221 1647 4284 111,
1679 4221 1771 4288 qui
1809 4221 1863 4272 in

2031 1763 2134 1818 Sed
2160 1775 2208 1817 et
2237 1763 2505 1816 vernaculi
2539 1764 2670 1831 ejus.
2706 1762 2756 1816 111
2797 1772 2899 1824 est,
2934 1763 3024 1830 qui
3052 1763 3104 1815 in
3140 1761 3244 1814 ﬁde
3273 1761 3396 1830 ejus
3423 1778 3525 1817 nu-

1961 1855 2094 1916 triti,
2110 1862 2166 1908 et
2187 1854 2240 1906 in
2255 1853 2577 1922 intelligibili
2591 1852 2976 1914 domo.Christi
2996 1851 3248 1906 videlicet
3268 1851 3528 1918 Ecclesia,

1965 1945 2178 2000 educati
2217 1953 2346 1998 sunt
2386 1959 2483 2014 per
2515 1953 2800 2013 parentum
2845 1942 3029 1997 ﬁdem.
3068 1942 3131 1995 111
3175 1943 3244 1997 de
3291 1942 3527 2012 panibus

1960 2039 2078 2105 eius
2099 2037 2339 2108 mysticis
2367 2047 2420 2090 et
2453 2036 2851 2090 viviticantihus
2883 2035 3196 2089 comedent.

2035 2127 2194 2191 Vens,
2232 2128 2318 2180 12.
2361 2145 2377 2176 1
2422 2127 2478 2179 Si
2510 2127 2614 2179 ﬁlia
2646 2125 2946 2179 sacerdotis
2977 2124 3204 2178 cuilibet
3241 2141 3303 2178 ex
3329 2127 3530 2194 populo

1963 2225 2127 2286 nupta
2155 2217 2336 2280 fuerit,
2361 2217 2429 2270 de
2459 2217 2542 2270 his
2567 2232 2688 2285 quae
2723 2216 3060 2270 sanctiﬁcata
3092 2225 3217 2270 sunt
3245 2216 3313 2269 de
3341 2217 3532 2284 primi-

1963 2310 2053 2365 tiis
2077 2326 2185 2362 non
2218 2317 2492 2363 vescetur.
2541 2307 2637 2362 Sin
2679 2314 2860 2362 autem
2913 2309 3074 2362 vidua
3110 2309 3193 2361 vel
3245 2308 3530 2376 repudiata

1961 2401 2165 2470 absque
2195 2400 2381 2454 liberis
2411 2414 2628 2454 reversa
2673 2400 2836 2453 fuerit
2877 2399 2942 2452 ad
2965 2400 3185 2453 domum
3229 2401 3394 2469 patris
3420 2402 3530 2464 sui,

1961 2493 2103 2547 sicut
2128 2493 2303 2562 puella
2359 2499 2736 2552 consueverat,
2793 2491 2969 2545 aletur
3027 2493 3165 2545 cibis
3219 2493 3389 2562 patris
3420 2493 3528 2548 sui.

1962 2581 2152 2638 Omnis
2191 2583 2492 2654 alienigena
2541 2585 2862 2639 comedendi
2891 2600 2955 2638 ex
2999 2585 3079 2638 eis
3105 2601 3214 2639 non
3248 2586 3410 2640 habet
3434 2601 3533 2656 po-

1963 2683 2237 2729 testatem.
2271 2694 2290 2726 1

2033 2764 2185 2830 Quod
2215 2774 2395 2818 autem
2451 2772 2637 2818 nostra
2667 2765 2947 2820 translatio
2976 2766 3142 2821 habet
3175 2784 3188 2820 :
3220 2767 3276 2821 Si
3305 2767 3418 2837 [ilia
3444 2784 3535 2822 sua

1964 2857 2185 2909 cerdotis
2214 2856 2432 2908 cuilibet
2454 2873 2517 2909 ea:
2540 2857 2733 2925 populo
2758 2868 2917 2924 nupta
2950 2859 3128 2926 fuerit,
3165 2859 3303 2913 LXX
3329 2861 3530 2918 edunt:

1966 2947 2037 3000 Et
2067 2948 2181 3015 ﬁlia
2226 2949 2507 3001 sacerdotis
2555 2958 2716 3016 nupta
2769 2950 2924 3019 fuerit
2955 2951 3152 3005 homini
3204 2953 3532 3024 alienigena.

1967 3039 2085 3094 Non
2132 3041 2288 3095 nobis
2339 3040 2534 3094 suflicit
2595 3040 2648 3093 in
2687 3040 2789 3095 fide
2834 3042 3030 3095 nutriri
3090 3044 3314 3108 Christi,
3350 3046 3444 3100 sed
3479 3056 3538 3102 et

1965 3147 2307 3202 permanere,
2338 3141 2394 3186 et
2425 3147 2673 3186 crescere
2720 3132 2775 3186 in
2803 3147 2891 3198 ea,
2919 3142 2976 3188 et
3015 3135 3148 3187 nulli
3196 3136 3536 3207 alienigena-

1967 3236 2108 3283 rum,
2138 3221 2192 3274 id
2222 3228 2326 3284 est,
2377 3221 2604 3275 alterius
2635 3237 2664 3275 a
2708 3222 2820 3276 Deo
2852 3222 3141 3293 dogmatis,
3184 3234 3278 3278 aut
3312 3226 3538 3282 alterius

1967 3309 2119 3378 legis,
2147 3309 2232 3363 vel
2261 3310 2492 3363 actionis
2525 3310 2890 3365 commisceri.
2928 3311 3039 3365 Nec
3064 3313 3156 3381 qui
3197 3315 3265 3367 de
3294 3317 3538 3383 patribus

1967 3417 2154 3457 sumus
2197 3402 2465 3467 ﬁdelibus,
2503 3403 2624 3457 ideo
2649 3404 2759 3471 jam
2797 3403 2852 3456 in
2887 3405 3090 3458 sanctis
3122 3421 3534 3473 praesumamus,

1965 3494 2071 3548 nisi
2100 3494 2286 3549 fideles
2320 3494 2695 3563 persistamus.
2725 3493 3018 3563 Propterea
3043 3495 3150 3548 ﬁlia
3185 3497 3540 3566 intelligibilis

1966 3584 2282 3647 sacerdotis,
2313 3585 2365 3638 id
2397 3593 2500 3647 est,
2544 3583 2728 3637 anima
2783 3583 2963 3638 omnis
3012 3595 3328 3654 regenerata
3372 3590 3439 3640 ab
3471 3604 3536 3639 cn

1968 3689 2064 3743 per
2094 3675 2382 3744 baptisma,
2414 3674 2457 3728 si
2496 3674 2613 3727 viro
2666 3673 2987 3742 alienigenae
3019 3674 3312 3743 conjuncta
3351 3676 3533 3738 fuerit,

1965 3784 2087 3838 qua:
2118 3769 2184 3822 ad
2215 3769 2570 3839 alienigenas,
2601 3767 2753 3821 verbi
2784 3766 3234 3837 gratia,Jud:eos,
3275 3787 3534 3842 paganos.

1965 3867 2060 3912 aut
2090 3857 2374 3912 haereticos
2414 3858 2666 3926 pertinet,
2701 3873 2888 3926 agens,
2923 3867 2976 3912 et
3002 3859 3318 3915 societatem
3343 3876 3535 3915 eorum

1965 3949 2299 4018 amplectens
2348 3949 2604 4017 primitiis
2648 3949 3132 4010 sanctiﬁcatorum,
3183 3952 3236 4004 id
3268 3961 3373 4014 est,
3412 3969 3535 4006 cor-

1964 4055 2098 4109 pore
2125 4039 2351 4110 mystico
2385 4055 2495 4094 non
2531 4050 2800 4094 vescetur.
2835 4041 2931 4094 Sin
2966 4058 3094 4096 vero
3139 4043 3241 4096 filia
3275 4045 3531 4098 sacerdo-

1968 4131 2038 4185 tis
2065 4130 2257 4185 eﬁ‘ecta
2288 4147 2385 4200 per
2409 4147 2527 4186 eam
2557 4148 2677 4201 qua:
2706 4133 2850 4186 dicta
2907 4146 2993 4188 est
3037 4137 3532 4203 regenerationem,

1967 4221 2280 4292 alienigena:
2305 4224 2592 4291 conjuncta
2643 4223 2806 4277 fuerit
2849 4225 3159 4278 bmreticum
3191 4227 3316 4295 quid
3345 4243 3530 4297 agens,

302 4311 481 4365 divina
515 4312 638 4364 aula
677 4320 899 4380 propter
923 4323 1049 4363 suas
1095 4309 1377 4372 utilitates,
1418 4309 1603 4378 gloriae
1635 4309 1864 4363 forsitan
1899 4313 1940 4366 1)
1972 4313 2054 4367 vel
2087 4313 2373 4368 Judaicum
2430 4315 2513 4368 vel
2553 4316 2754 4385 gentile
2784 4335 2797 4370 :
2831 4326 2884 4370 et
2926 4317 3085 4371 vidua
3151 4318 3288 4374 facta
3344 4321 3530 4378 fuerit.

302 4411 395 4454 aut
445 4411 684 4470 quaestus
723 4401 1096 4470 pecuniarum,
1141 4410 1234 4454 aut
1276 4401 1502 4454 alterius
1544 4399 1862 4469 hujusmodi

303 4493 615 4546 ministrant
639 4507 821 4556 causa,
846 4508 991 4547 nunc
1020 4501 1200 4546 autem
1221 4492 1553 4561 diligentiam
1577 4493 1862 4554 exhibent,

303 4598 375 4636 ne
402 4581 524 4650 quis
559 4597 746 4635 eorum
785 4593 1095 4652 corrumpat
1139 4583 1406 4646 ordinem,
1445 4598 1514 4636 ne
1559 4585 1684 4651 quis
1725 4585 1866 4638 male

303 4671 500 4725 divinis
538 4672 675 4724 aulis
721 4682 774 4726 et
829 4673 1010 4742 inique
1045 4681 1244 4726 utatur.
1279 4671 1393 4726 Hoc
1419 4675 1598 4742 ipsum
1637 4683 1692 4728 et
1717 4691 1865 4728 mer-

303 4764 581 4815 cenarium
636 4762 884 4826 dicimus,
917 4765 984 4818 de
1023 4780 1132 4832 quo
1163 4763 1295 4817 dicit
1325 4764 1585 4818 Dominus
1617 4781 1632 4817 :
1665 4769 1864 4819 Merce-

303 4855 508 4914 narius,
543 4863 588 4906 et
623 4855 713 4922 qui
761 4870 862 4906 non
911 4863 986 4907 est
1021 4863 1220 4923 pastor,
1279 4855 1430 4922 cujus
1471 4871 1574 4908 non
1597 4864 1718 4908 sunt
1751 4871 1865 4908 oves

301 4943 544 5010 proprire,
584 4943 717 4996 videt
749 4942 927 5011 lupum
966 4944 1272 5009 venientem,
1306 4953 1354 4996 et
1386 4945 1605 4997 dimittit
1645 4959 1783 5008 oves,
1817 4953 1864 4995 et

303 5034 453 5100 lupus
507 5035 756 5104 dispergit
815 5050 924 5096 eas,
980 5035 1104 5103 quia
1164 5035 1518 5088 mercenarius
1555 5044 1651 5097 est,
1683 5043 1730 5087 ct
1762 5049 1865 5086 non

301 5128 522 5194 pertinet
551 5128 598 5179 ei
625 5128 688 5181 de
714 5127 967 5181 ovibus“.
999 5127 1110 5180 Hos
1156 5135 1302 5182 recte
1330 5143 1358 5180 a
1394 5135 1706 5180 sanctorum
1737 5142 1864 5196 pro-

302 5218 454 5274 hibet
483 5219 868 5289 perceptione;
916 5233 1091 5288 neque
1120 5217 1266 5272 enim
1307 5229 1436 5273 sunt
1461 5219 1609 5288 digni
1643 5219 1868 5289 partici-

302 5308 419 5378 pari
468 5310 568 5375 eis,
629 5325 750 5379 quae
803 5311 889 5365 vel
941 5309 1230 5373 desidiose,
1264 5309 1347 5363 vel
1389 5319 1610 5379 pr0pter
1667 5311 1868 5379 aliquid

301 5401 647 5456 commodum
679 5409 866 5472 agunt.

388 5536 432 5570 "
464 5536 554 5593 Ps.
585 5554 770 5603 exuti,
795 5540 845 5594 8.

952 5541 996 5572 "
1023 5540 1210 5596 Jacob.
1247 5557 1325 5605 111,
1362 5541 1450 5598 19.

302 5606 493 5663 lPetr.
529 5611 674 5674 1,18.

777 5612 822 5644 ⁸⁸
851 5609 1005 5665 Cant.
1033 5625 1070 5676 l,
1101 5613 1155 5665 2.
1213 5657 1218 5660 .

1556 5541 1778 5597 "Joan.
1816 5560 1881 5609 x,
1923 5543 1986 5596 12
2013 5584 2028 5609 ,
2088 5547 2172 5599 15.

1969 4404 2052 4456 vel
2085 4403 2382 4472 repudiata,
2412 4405 2722 4473 relinquens
2756 4421 2998 4462 errorem
3031 4409 3292 4478 funditus,
3318 4423 3372 4467 et
3399 4431 3535 4484 quo-

1969 4493 2258 4548 dammodo
2283 4496 2550 4564 sepeliens
2577 4499 2748 4557 illum.
2785 4508 2838 4552 et
2870 4499 2937 4554 ab
2967 4500 3154 4570 iniquo
3189 4506 3534 4573 semetipsam
3595 4515 3603 4550 -'

1969 4585 2258 4640 absolvens
2283 4587 2692 4651 commixtione,
2747 4603 2963 4644 reversa
3012 4592 3178 4648 fuerit
3219 4595 3284 4648 in'
3310 4597 3531 4650 domum

1970 4689 2121 4727 suam
2153 4683 2460 4743 paternam,
2511 4677 2562 4730 id
2607 4686 2709 4738 est,
2770 4677 3089 4741 Ecclesiam,
3138 4692 3192 4735 et
3233 4688 3534 4738 secundum

1967 4764 2308 4830 juventutem
2334 4781 2509 4832 suam,
2541 4767 2593 4820 in
2626 4784 2729 4837 qua
2762 4769 3028 4836 fervebat,
3063 4788 3186 4826 cum
3219 4775 3385 4826 sacris
3416 4776 3519 4841 dog

1969 4853 2204 4906 matibus
2228 4853 2350 4908 ﬁdei
2403 4857 3156 4926 nutriebatur,juvenescens
3219 4863 3534 4926 virtutibus,

1971 4954 2026 4998 et
2055 4945 2240 5014 virago
2266 4946 2334 4999 ab
2365 4947 2470 5002 illis
2505 4951 2794 5018 appellata,
2830 4951 2897 5004 de
2957 4949 3158 5019 quibus
3191 4952 3282 5004 Dei
3313 4953 3538 5020 spiritus

1970 5035 2035 5090 ad
2059 5037 2334 5091 Christum
2370 5039 2422 5092 in
2453 5039 2694 5095 Canticis
2749 5042 2998 5097 dicebat:
3038 5043 3360 5111 Unguentum
3421 5046 3539 5114 eﬁ‘u-

1969 5145 2084 5181 sum
2113 5138 2186 5182 est
2217 5146 2403 5184 nomen
2424 5139 2590 5198 tuum,
2618 5144 2887 5202 propterea
2917 5135 3311 5187 adolescentulos
3341 5135 3539 5190 dilexe-

1976 5230 2098 5274 runt
2123 5230 2171 5273 te
2185 5220 2252 5273 ⁸³.’
2281 5221 2348 5274 de
2380 5223 2611 5290 panibus
2647 5226 2817 5292 patris
2847 5226 2950 5286 sui.
2996 5226 3044 5277 id
3082 5235 3186 5290 est,
3217 5227 3420 5282 Christi
3446 5242 3542 5283 co-

1976 5315 2176 5369 medat.
2218 5313 2272 5366 Si
2326 5313 2472 5367 enim
2524 5326 2752 5368 matrem
2806 5317 3104 5371 Eci-lesiam
3165 5320 3540 5390 unusquisque

1958 5415 2226 5470 nostrum,
2253 5416 2310 5460 et
2343 5414 2549 5474 patrem
2597 5406 2876 5460 Christum
2914 5409 3108 5471 habet,
3145 5411 3325 5465 omnis
3348 5411 3542 5468 alieni-

2271 5548 2312 5578 ⁸³
2356 5546 2495 5600 Psal.
2524 5561 2601 5613 11,
2637 5547 2689 5599 7.
2793 5544 3020 5604 “lCor.
3055 5567 3130 5616 vi,
3163 5549 3260 5616 ‘20;
3314 5567 3408 5616 vri,
3439 5539 3539 5618 ‘23;
