4038 6182
441 189 496 264 )

544 241 676 306 1071

1736 235 2096 312 nesrcml
2135 233 2601 294 PRESBYTERI

3656 231 3797 299 1072

541 372 676 431 gena
701 356 1102 412 comedendiex
1127 355 1205 409 eis
1225 369 1333 408 non
1363 353 1528 408 habet
1545 359 1895 422 potestatem,
1927 350 1978 404 id
2002 358 2106 412 est,
2142 356 2182 408 Λ
2214 362 2311 416 per
2339 347 2460 414 ejus
2495 347 2774 409 virtutem,
2807 354 2862 399 et
2890 345 3159 414 prolatum
3189 345 3257 400 ab
3289 360 3357 400 eo
3384 345 3642 416 verbum,
3667 364 3792 418 qua

541 449 636 521 qui
689 449 865 503 aliena
907 447 1124 502 Christo
1154 455 1208 501 et
1235 446 1447 516 legibus
1481 445 1602 514 ejus
1653 450 1708 497 et
1757 441 1943 513 gloria:
1980 442 2109 510 agit.

542 541 673 610 Ejus
697 541 842 596 enim
873 540 960 592 lex
1007 547 1091 592 est
1126 536 1287 590 :Non
1329 535 1522 588 dabitis
1569 542 1812 588 sanctum
1871 532 2108 594 canibus,

541 652 705 705 neque
736 631 957 686 mittatis
989 628 1311 697 margaritas
1334 635 1530 679 vestras
1560 634 1684 678 ante
1712 621 1973 693 porcos“.

613 725 774 779 Vens.
829 718 1015 774 H-iﬁ.
1053 737 1071 770 ι
1133 719 1236 784 Qui
1285 716 1586 772 comederit
1639 716 1708 770 de
1766 712 2117 770 sanctiﬁcatis

538 830 638 878 per
695 809 1080 883 ignorantiam.
1121 808 1283 862 addet
1327 807 1573 876 quintam
1632 815 1841 876 partem
1893 820 2018 859 cum
2050 816 2117 858 eo

539 904 685 975 quod
726 902 965 958 comedit
1013 909 1069 955 et
1108 900 1260 970 dabit
1297 899 1565 953 sacerdoti
1617 899 1672 952 in
1722 898 2114 962 sanctuarium,

540 1012 644 1051 nec
675 993 1126 1050 contaminahunt
1159 989 1493 1046 sanctiﬁcata
1538 990 1770 1043 ﬁliorum
1803 989 1963 1043 Israel
1997 1004 2117 1057 qua:

541 1087 785 1141 oﬁ‘erunt
839 1083 1088 1145 Domino,
1141 1097 1212 1136 ne
1262 1082 1403 1137 forte
1436 1081 1743 1134 sustineant
1773 1079 2115 1149 iniquitatem

541 1177 724 1232 delicti
757 1175 838 1230 sui
864 1189 988 1228 cum
1020 1171 1354 1226 sanctiﬁcata
1401 1171 1757 1226 comederint.
1792 1170 1904 1240 Ego
1931 1169 2117 1223 Domi-

543 1285 649 1323 nus
678 1267 770 1337 qui
802 1264 1083 1322 sanctiﬁco
1114 1279 1228 1319 eos.
1269 1282 1289 1315 ι

619 1359 817 1413 Sancta
860 1365 1172 1410 sanctorum
1196 1361 1323 1409 sunt
1353 1353 1569 1424 proprie
1595 1353 1797 1409 Christi
1840 1353 2116 1423 mysteria,

542 1452 671 1520 quia
703 1449 874 1518 ipsius
906 1456 990 1502 est
1021 1462 1240 1515 corpus,
1275 1445 1344 1499 de
1365 1461 1473 1514 quo
1502 1443 1718 1499 Gabriel
1747 1445 1816 1498 ad
1854 1445 2116 1515 virginem

543 1541 760 1596 dicebat
785 1557 798 1592 :
825 1536 1054 1606 Spiritus
1077 1545 1290 1588 sanctus
1331 1535 1656 1603 superveniet
1691 1535 1746 1588 in
1777 1545 1847 1598 te,
1877 1545 1923 1588 et
1951 1536 2119 1588 virtus

547 1632 806 1686 Altissimi
855 1628 1184 1683 obnmbrabit
1224 1628 1337 1688 tibi,
1385 1627 1500 1680 ideo
1534 1627 1672 1696 quod
1705 1635 1948 1680 nascetur
1976 1643 2040 1680 ea:
2072 1637 2122 1680 te

546 1733 786 1778 sanctum
812 1721 1103 1786 vocabitur,
1126 1718 1294 1774 Filius
1321 1717 1412 1773 Dei
1437 1719 1506 1770 ⁸⁸.
1540 1716 1646 1772 Sed
1667 1729 1721 1772 et
1751 1717 1938 1780 Isaias,
1982 1716 2121 1770 San-

548 1823 669 1869 ctus
715 1811 994 1875 Dominus,
1027 1819 1084 1864 et
1114 1810 1168 1863 in
1194 1809 1320 1862 altis
1353 1808 1578 1874 habitat,
1618 1807 1672 1860 in
1704 1807 1826 1861 sinu
1868 1808 2122 1862 videlicet

548 1904 747 1959 Patris.
778 1903 861 1957 Ab
888 1903 994 1957 hoc
1039 1902 1186 1956 enim
1211 1915 1322 1954 non
1357 1900 1533 1953 solum
1582 1899 1917 1968 alienigenas
1954 1908 2010 1954 et
2038 1900 2122 1952 in-

547 1995 812 2066 quilinos,
844 2004 900 2048 et
955 1993 1330 2048 mcrcenarios
1380 1991 1634 2046 sacriﬁcii
1692 1991 1996 2062 prohibuit,
2028 1991 2122 2047 sed

549 2101 652 2140 nec
673 2100 768 2153 per
797 2083 1152 2154 ignorantiam
1189 2080 1471 2151 percipere
1502 2082 1776 2150 praecepit.
1820 2081 1923 2136 Per
1968 2083 2124 2152 igno-

512 2174 778 2228 'rantiam
825 2183 1006 2227 autem
1037 2171 1293 2241 percipit,
1341 2171 1432 2240 qui
1465 2171 1723 2225 virtutem
1757 2175 1876 2242 ejus
1943 2181 2000 2226 et
2043 2172 2127 2227 di-

545 2267 810 2336 gnitatem
857 2265 1089 2334 ignorat,
1134 2263 1227 2331 qui
1261 2264 1460 2330 nescit,
1511 2264 1635 2333 quia
1683 2278 1886 2334 corpus
1938 2265 2042 2319 hoc
2071 2273 2127 2318 et

549 2358 768 2428 sanguis
788 2365 872 2411 est
900 2355 1200 2409 secundum
1229 2355 1537 2421 veritatem,
1571 2355 1664 2409 sed
1719 2357 1973 2426 mysteria
2001 2357 2128 2426 qui-

548 2449 670 2503 dem
706 2448 956 2516 percipit,
993 2445 1168 2501 nescit
1204 2454 1388 2501 autem
1425 2449 1804 2516 mysteriorum
1839 2449 2125 2502 virtutem.

548 2539 627 2591 Ad
653 2554 815 2606 quem
851 2539 1108 2591 Salomon
1131 2537 1264 2592 dicit
1295 2537 1377 2591 vel
1403 2539 1572 2608 magis
1626 2538 1873 2607 spiritus,
1925 2539 2016 2607 qui
2072 2541 2124 2592 in

550 2642 616 2679 eo
650 2638 734 2680 est
766 2626 1026 2690 :Quando
1060 2628 1273 2691 sederis,
1331 2637 1386 2679 ut
1421 2628 1662 2680 comedas
1697 2643 1815 2680 cum
1870 2630 2123 2697 principe,

549 2717 821 2786 diligenter
839 2718 1050 2769 attende
1088 2731 1204 2786 qua:
1243 2717 1410 2784 posita
1441 2702 1563 2769 sunt
1598 2725 1722 2770 ante
1763 2717 1890 2771 te".
1929 2717 2130 2786 Aperte

525 2819 604 2863 .et
631 2809 745 2878 ipse
777 2809 1135 2878 compellens,
1161 2817 1218 2862 et
1239 2822 1440 2878 cogens
1465 2823 1614 2871 eum,
1650 2809 1746 2878 qui
1777 2809 1992 2880 ignorat
2030 2810 2128 2864 ad-

521 2900 677 2953 edere
706 2898 950 2968 quintam
991 2907 1203 2966 partem
1231 2914 1245 2950 :
1282 2896 1399 2950 haec
1425 2897 1573 2950 enim
1614 2899 1806 2966 quinta
1835 2899 2018 2953 addita
2052 2900 2130 2953 in-

548 3721 652 3776 est,
689 3714 782 3782 qui
815 3713 1059 3782 prolatus
1091 3724 1174 3769 est
1208 3715 1277 3770 ab
1316 3716 1436 3786 ipso
1466 3717 1706 3782 Christo,
1738 3733 1904 3788 super
1938 3718 2124 3774 Domi-

552 3801 737 3855 nicum
773 3803 1111 3872 mysterium.
1148 3804 1270 3874 Ipse
1308 3805 1458 3860 enim
1499 3807 1696 3862 liberat
1740 3823 1840 3862 nos
1869 3808 1938 3862 ab
1968 3809 2125 3879 igno-

519 3919 534 3934 π
555 3894 748 3958 rantia,
780 3905 1134 3964 removetque
1176 3911 1279 3951 nos
1303 3897 1558 3967 jadditns,
1596 3899 1814 3953 carnale
1846 3900 2123 3970 quippiam

515 4014 520 4022 ε
551 3989 606 4036 et
638 3992 915 4037 terrenum
950 3987 1014 4038 de
1045 3987 1254 4042 sanctis
1309 3987 1594 4051 arbitrari,
1643 3989 1739 4043 sed
1766 3989 1950 4044 divine
1973 4006 2036 4045 ea
2071 4001 2125 4045 et

519 4075 867 4144 ~spiritaliter
912 4078 1084 4146 accipi
1129 4078 1324 4141 sancit,
1369 4079 1514 4147 quod
1548 4079 1734 4147 quinta
1774 4081 1991 4149 proprie
2020 4097 2121 4135 no-

550 4167 825 4221 minatur:
856 4166 983 4234 quia
1012 4168 1103 4236 qui
1135 4169 1188 4220 in
1230 4169 1390 4222 nobis
1424 4178 1506 4222 est
1535 4169 1754 4224 divinus
1781 4170 2040 4239 Spiritus.
2069 4182 2124 4226 et

549 4259 728 4312 sermo
773 4273 938 4327 quem
978 4259 1195 4312 tradidit
1241 4260 1330 4328 qui
1364 4260 1415 4312 in
1451 4260 1609 4314 nobis
1661 4273 1808 4325 sunt,
1843 4265 2122 4331 componit

2215 438 2489 502 videntur,
2549 445 2658 491 tam
2721 436 3053 492 sanctiﬁcata
3114 445 3260 501 sunt,
3299 451 3466 506 quam
3526 447 3795 494 cunctum

2214 529 2393 583 carnis
2431 531 2703 583 excedunt
2731 543 2977 582 sensum.
3025 526 3192 581 [tecte
3225 543 3353 597 ergo
3385 529 3592 584 addidit
3633 546 3649 582 :
3681 529 3801 584 Nec

2215 621 2647 673 contaminabunt
2682 619 3012 687 sanctiﬁcata
3039 619 3269 688 ﬁliorum
3296 618 3490 680 Israel,
3517 637 3634 690 quw
3665 623 3806 690 σηε-

2216 719 2336 764 runt
2378 710 2622 774 Domino,
2677 728 2741 765 ne
2784 713 2918 778 forte
2965 712 3258 764 sustineant
3298 713 3636 779 iniquitatem
3683 718 3808 768 de-

2216 804 2328 858 licti
2361 806 2465 865 sui,
2506 820 2624 856 cum
2659 803 2991 872 sanctiﬁcata
3029 803 3363 858 comederint.

2287 895 2392 960 Qui
2424 895 2572 949 enim
2606 893 2828 949 Christo
2863 909 3088 948 suoru
3128 895 3511 964 mysteriorum
3552 895 3807 951 sanctiﬁ-

2215 991 2489 1043 cationem
2521 991 2813 1059 imputant,
2844 998 2900 1042 et
2931 990 3198 1043 addentes
3245 989 3597 1058 sibimetipsis
3626 990 3805 1058 quin-

2218 1089 2327 1134 tam
2370 1095 2493 1148 qua:
2542 1081 2752 1148 prolata
2785 1087 2891 1140 est,
2925 1079 3181 1133 videlicet
3209 1080 3438 1132 verbum
3471 1079 3610 1148 ejus,
3643 1080 3803 1148 quod

2219 1180 2440 1225 nostros
2483 1171 2736 1240 producit
2773 1184 2970 1225 sensus
3009 1170 3076 1224 ad
3112 1169 3452 1229 sublimiora.
3499 1187 3606 1224 non
3656 1186 3800 1225 con-

2221 1263 2490 1318 taminant
2534 1271 2723 1317 sancta
2763 1270 3101 1323 sanctorum,
3135 1270 3326 1331 utpote
3359 1261 3538 1330 qualia
3581 1271 3808 1330 Oportet

2221 1353 2288 1406 de
2339 1353 2419 1406 eis
2476 1352 2852 1419 intelligentis,
2902 1351 2996 1404 sed
3050 1365 3154 1404 nec
3212 1351 3480 1404 inducunt
3530 1367 3692 1420 super
3743 1366 3811 1404 se

2223 1443 2563 1512 iniquitatem
2607 1441 2812 1496 delicti.
2843 1441 2896 1493 in
2943 1439 3283 1494 comedenda
3337 1448 3525 1494 sancta
3574 1451 3809 1497 sancto-

2225 1551 2342 1590 rum
2376 1551 2390 1588 :
2426 1549 2527 1587 nec
2555 1535 2703 1588 enim
2737 1544 2794 1586 ut
2825 1533 2890 1586 ad
2923 1545 3271 1584 communem
3303 1531 3511 1590 cibum.
3538 1531 3630 1586 sed
3656 1532 3808 1587 sicut

2224 1628 2288 1680 ad
2321 1627 2631 1695 mysticum,
2663 1633 2718 1678 et
2749 1625 2990 1678 terribile
3018 1633 3072 1676 et
3097 1623 3319 1678 cwleste
3347 1624 3616 1678 accedunt
3647 1634 3702 1678 et
3731 1624 3806 1678 ad

2221 1733 2385 1787 quem
2428 1716 2519 1785 qui
2568 1725 2773 1769 temere
2827 1713 3112 1776 accedunt,
3151 1728 3260 1765 non
3310 1713 3629 1781 simpliciter
3669 1729 3808 1782 pec-

2222 1820 2366 1877 cant,
2399 1809 2497 1863 sed
2536 1808 2877 1877 iniquitatem
2919 1805 3102 1860 delicti
3137 1804 3222 1858 sui
3257 1814 3476 1874 portare
3515 1805 3808 1860 dicuntur.

2225 1901 2486 1956 Delictum
2523 1910 2704 1953 autem
2739 1898 2959 1968 pr0prie
2997 1913 3027 1950 a
3077 1896 3390 1964 legislatore
3436 1897 3635 1951 dicitur
3672 1911 3810 1965 pec-

2223 2003 2426 2056 catum,
2453 1992 2597 2062 quod
2639 1991 2694 2044 in
2731 1990 2899 2043 Deum
2946 1989 3329 2051 committitur,
3365 1997 3421 2041 et
3458 2003 3519 2042 ea
3565 2004 3687 2056 qua:
3735 1988 3812 2042 ad

2225 2085 2330 2139 hoc
2373 2085 2649 2153 pertinent
2678 2083 2732 2135 in
2763 2079 3070 2142 sacriﬁciis,
3104 2093 3225 2148 qua:
3274 2095 3372 2148 pro
3415 2079 3624 2133 delictis
3656 2079 3813 2132 οπε-

2226 2183 2444 2238 runtur,
2494 2173 2706 2242 pridem
2761 2170 3123 2226 ostendimus.
3180 2168 3331 2223 Unde
3375 2177 3428 2221 et
3474 2182 3621 2222 nunc
3668 2183 3811 2222 cum

2225 2268 2456 2322 dixisset
2499 2283 2512 2318 :
2557 2265 2638 2319 Ne
2685 2265 2818 2334 forte
2871 2264 3164 2317 sustineant
3223 2262 3553 2330 iniquitatem
3619 2261 3812 2313 delicti

2225 2361 2308 2414 sui
2345 2378 2356 2412 :
2389 2368 2538 2412 recte
2589 2357 2831 2411 subdidit
2861 2373 2874 2408 :
2908 2357 3018 2425 Ego
3053 2355 3341 2418 Dominus,
3392 2354 3479 2423 qui
3533 2353 3812 2421 sanctiﬁco

2227 2465 2332 2502 eos.
2384 2447 2710 2508 Ostendens,
2741 2447 2866 2515 quia
2909 2445 3190 2507 delictum,
3225 2445 3278 2498 id
3331 2454 3416 2498 est
3455 2444 3707 2514 impietas
3751 2445 3808 2497 in

2233 2539 2424 2598 Deum,
2476 2536 2854 2602 incompetens
2898 2543 3211 2586 sanctorum
3247 2533 3526 2601 perceptio
3561 2533 3807 2601 appella-

2229 2638 2338 2682 tur.
2369 2626 2565 2680 Tendit
2602 2625 2747 2678 enim
2787 2625 2854 2677 ad
2899 2622 3068 2676 Deum
3119 2623 3518 2676 sanctiﬁcatum
3565 2638 3678 2686 eos,
3712 2626 3804 2694 qui

2231 2717 2393 2770 modo
2425 2732 2534 2785 quo
2562 2723 2797 2784 oportet,
2831 2729 2894 2767 ea
2940 2723 3184 2777 sumunt,
3211 2724 3265 2769 et
3294 2714 3389 2784 qui
3419 2714 3805 2769 sanctiﬁcatio-

2229 2810 2316 2863 nis
2369 2823 2556 2868 causa,
2597 2822 2706 2860 non
2758 2815 2939 2859 autem
2995 2806 3473 2860 contaminationis
3524 2808 3806 2875 proposuit

2230 2916 2389 2955 suum
2421 2899 2763 2970 mysterium.
2800 2898 3067 2952 Admirari
3109 2909 3290 2951 autem
3323 2897 3491 2952 nimis
3523 2898 3805 2968 legislato-

519 2991 792 3061 ..telligere
830 3005 932 3044 nos
963 2988 1380 3059 iutelligibiliter
1423 2989 1607 3043 divina
1629 2999 1684 3044 et
1709 2990 1932 3060 mystica
1968 2991 2117 3045 facit.
2151 3024 2193 3082 α
2232 3007 2347 3047 rem
2377 3000 2614 3061 Oportet,
2650 2991 2775 3060 quia
2821 2991 3025 3058 ubique
3056 2989 3400 3044 districtione
3440 3005 3574 3045 usus
3614 3000 3723 3055 est,
3754 3000 3808 3045 et

515 3080 686 3144 -..Quid
710 3081 780 3134 sit
811 3088 991 3133 autem
1019 3078 1230 3148 quinta,
1261 3077 1375 3148 ipsa
1398 3087 1448 3132 te
1480 3079 1642 3132 verba
1668 3079 1994 3149 legis-latoris
2023 3081 2122 3135 do-

533 3186 672 3226 .cere
703 3180 947 3241 possunt,
979 3170 1055 3223 ait
1078 3170 1223 3223 enim
1255 3186 1268 3221 :
1297 3169 1464 3222 Addet
1497 3171 1737 3240 quintam
1769 3181 1974 3238 partem
2007 3189 2126 3225 cum

513 3279 608 3316 -eo
629 3263 766 3332 quod
795 3262 1032 3314 comedit.
1062 3261 1129 3313 Et
1165 3260 1438 3328 quomodo
1459 3260 1577 3328 ejus
1603 3261 1748 3329 quod
1783 3261 1895 3330 jam
1945 3277 2128 3315 come-

527 3355 632 3406 .dit
675 3361 730 3405 et
785 3351 1145 3418 consumpsit,
1191 3349 1393 3403 addere
1447 3351 1568 3419 quis
1611 3350 1858 3419 quintam
1905 3351 2128 3420 potest?

519 3457 727 3513 .neque
757 3442 902 3497 enim
929 3442 1074 3495 aliud
1103 3450 1206 3506 est,
1236 3450 1329 3495 aut
1353 3443 1613 3496 aliunde:
1653 3443 1750 3497 sed
1797 3444 1864 3498 de
1896 3445 2036 3514 ipso,
2071 3455 2127 3500 et

511 3551 672 3590 ccum
725 3549 812 3596 eo,
865 3533 950 3588 vel
990 3533 1132 3587 sicut
1175 3533 1342 3598 LXX,
1382 3551 1542 3603 super
1591 3536 1784 3603 ipsum,
1813 3537 1970 3606 jubet
1999 3539 2124 3593 addi

527 3625 813 3694 quintam.
883 3625 1024 3695 Ergo
1069 3625 1260 3694 quinta
1323 3626 1444 3694 ejus
1476 3641 1640 3695 super
1693 3627 1894 3697 ipsum,
1945 3643 2126 3684 sermo

2233 3081 2576 3135 Dominieum
2641 3079 3009 3133 ministerium
3084 3079 3433 3147 signiﬁcans,
3498 3081 3805 3134 secundum

2229 3171 2372 3226 LXX
2419 3171 2684 3224 duntaxat
2739 3170 3188 3234 translationem,
3234 3179 3547 3224 sanctorum
3601 3173 3804 3227 Sancta

2229 3264 2360 3317 illud
2389 3262 2700 3332 appellavit,
2737 3262 2861 3330 quia
2901 3260 3227 3316 sacriﬁcium
3259 3260 3446 3314 Sancti
3483 3273 3804 3316 sanctorum

2228 3364 2332 3409 est.
2373 3355 2538 3408 Israel
2575 3362 2756 3406 autem
2791 3353 2998 3406 addens
3027 3352 3239 3406 ﬁdelem
3269 3353 3526 3422 populum
3568 3368 3668 3422 per
3701 3354 3804 3407 hoc

2227 3446 2572 3517 signiﬁcavit,
2612 3444 2663 3498 id
2699 3453 2783 3498 est
2819 3459 2966 3506 eum,
2997 3443 3090 3512 qui
3124 3459 3221 3513 per
3249 3443 3532 3513 mysticum
3566 3443 3672 3496 hoc
3713 3457 3804 3496 sa-

2226 3539 2492 3594 criﬁcium
2530 3537 2698 3590 Deum
2733 3536 2900 3590 videt.
2950 3536 3016 3588 Et
3054 3542 3336 3603 propterea
3377 3535 3596 3602 pmpiie
3635 3535 3803 3589 Israel

2225 3631 2548 3701 appellatur.
2601 3627 2664 3681 Hi
2713 3641 3052 3696 quacunque
3094 3638 3419 3680 consecrant
3461 3627 3720 3684 Domino.
3752 3627 3803 3680 id

2223 3732 2312 3778 est
2347 3738 2468 3793 quae
2496 3737 2564 3776 ex
2606 3720 2913 3790 semetipsis
2954 3720 3008 3773 in
3042 3718 3274 3781 Domini,
3307 3734 3429 3772 cum
3470 3719 3801 3773 sacriﬁcium

2225 3814 2486 3876 oderunt,
2520 3811 2716 3865 Sancta
2751 3821 3062 3864 sanctorum
3107 3809 3272 3874 ﬁunt;
3319 3823 3517 3877 corpus
3551 3809 3704 3863 enim
3738 3826 3803 3864 ex

2217 3908 2308 3962 eis
2339 3905 2628 3962 conﬁcitur
2657 3901 2887 3965 Christi,
2916 3902 3030 3971 qui,
3062 3901 3185 3970 quia
3219 3901 3457 3971 primitia
3485 3911 3570 3955 est
3599 3912 3802 3956 nostra:

2225 3995 2668 4066 conspersionis,
2734 3999 2882 4046 recte
2912 4000 2916 4004 ‘
2952 4005 3018 4044 ex
3083 3990 3285 4045 nostris
3350 3989 3608 4058 primitiis
3665 4006 3800 4049 con-

2223 4089 2383 4144 stitit.

2295 4178 2457 4233 Vens.
2507 4174 2697 4230 17-91.
2759 4194 2778 4227 ι
2832 4175 3068 4229 Locutus
3119 4174 3381 4228 Dominus
3433 4174 3498 4228 ad
3551 4172 3797 4243 Moysen,

2221 4271 2411 4326 dicens
2442 4288 2455 4324 :
2489 4269 2735 4338 Loquere
2772 4266 2839 4320 ad
2877 4268 3078 4329 Aaron,
3111 4276 3166 4319 et
3194 4267 3258 4318 ad
3299 4265 3437 4319 ﬁlios
3466 4266 3604 4334 ejus.
3642 4276 3701 4320 et
3732 4268 3798 4320 ad

548 4361 766 4407 sensus,
798 4356 854 4400 et
881 4363 992 4401 non
1015 4347 1189 4401 solum
1237 4356 1486 4402 nostrum
1514 4357 1729 4418 gustum
1771 4351 2024 4419 producit
2054 4353 2120 4408 ad
2154 4348 2197 4404 ι)
2222 4374 2415 4414 omnes
2439 4357 2579 4412 ﬁlios
2605 4355 2790 4417 Israel,
2811 4355 3072 4423 dicesque
3100 4353 3165 4407 ad
3192 4369 3288 4407 eos
3312 4369 3326 4406 :
3356 4353 3526 4408 Homo
3540 4355 3608 4408 de
3635 4355 3798 4408 domo

539 4439 891 4507 mysterium,
945 4438 1038 4493 sed
1066 4449 1121 4493 et
1147 4440 1413 4502 auditum,
1464 4449 1520 4493 ct
1565 4439 1760 4500 visum.
1793 4451 1848 4495 et
1889 4451 2115 4506 tactum,

542 4535 606 4581 et
628 4527 934 4587 odoratum.
968 4529 1041 4582 ita
1071 4537 1131 4582 ut
1159 4529 1236 4582 nil
1279 4530 1332 4583 in
1359 4529 1440 4584 eis
1469 4530 1663 4584 minori
1697 4532 1916 4595 rationi,
1943 4542 1999 4587 et
2032 4535 2116 4587 in-

549 4616 720 4670 ﬁrma:
753 4617 920 4670 menti
954 4617 1281 4686 proximum,
1317 4619 1386 4673 de
1415 4619 1500 4673 bis
1528 4619 1796 4685 videlicet,
1823 4637 1942 4691 quae
1964 4623 2117 4680 valde

547 4721 783 4775 superna
815 4716 964 4771 sunt,
997 4708 1362 4778 suspicemur.
1390 4709 1716 4780 Quicunque
1755 4728 1885 4783 ergo
1913 4717 2119 4771 sancti—

545 4799 704 4852 ﬁcata
747 4816 844 4869 per
864 4799 1228 4870 ignorantiam
1257 4803 1588 4868 comederit,
1640 4805 1896 4875 ignorans
1931 4823 2119 4863 eorum

542 4887 821 4951 virtutem,
862 4889 1006 4945 sicut
1037 4889 1312 4947 diximus:

617 4980 781 5034 Addet
833 4982 1071 5050 quintam
1115 4983 1230 5052 ejus
1277 5001 1435 5054 super
1477 5003 1555 5050 eo,
1587 4995 1636 5038 et
1673 4989 1816 5040 dabit
1862 4989 2122 5042 sacerdoti

541 5072 597 5124 in
642 5073 1031 5126 sanctuarium.
1075 5072 1575 5130 Sanctiﬁcalionem
1606 5078 1750 5132 enim
1788 5080 1999 5149 mystici
2029 5096 2118 5134 sa-

541 5161 754 5227 criﬁcii,
795 5173 851 5217 et
905 5179 937 5217 a
986 5165 1342 5218 sensibilibus
1375 5167 1439 5220 ad
1478 5167 1833 5238 inlelligibilia
1888 5171 2118 5224 transla-

543 5250 784 5315 tionem,
830 5253 947 5307 sive
1005 5255 1522 5320 commutationem,
1575 5258 1624 5311 ei
1682 5259 1773 5327 qui
1825 5275 1987 5313 verus
2037 5271 2120 5314 est

534 5345 818 5410 sacerdos,
872 5345 1127 5414 videlicet
1183 5347 1421 5408 Christo,
1475 5357 1694 5416 oportet
1745 5349 1882 5412 dari,
1934 5351 1985 5404 id
2035 5359 2120 5403 est

541 5432 644 5504 ipsi
694 5435 760 5491 de
807 5437 887 5491 eis
926 5437 1246 5492 miraculum
1299 5440 1493 5493 cedere
1542 5449 1597 5493 et
1643 5441 1909 5509 imputare
1945 5461 1956 5495 :
1989 5443 2115 5512 quia

614 5600 662 5632 “
688 5610 874 5665 Matth.
903 5631 996 5679 vu,
1029 5614 1081 5668 G.
1156 5615 1200 5647 ⁸⁸
1225 5615 1352 5669 Luc.
1383 5632 1420 5680 ι,
1451 5615 1541 5671 52.
1617 5617 1662 5648 ⁸⁸
1691 5619 1851 5672 Prov.
1886 5633 2005 5684 xui,
2048 5620 2092 5674 Ι.

2225 4447 2413 4510 Israel,
2450 4457 2504 4502 et
2536 4447 2604 4502 de
2648 4446 2892 4511 advenis,
2929 4446 3022 4515 qui
3063 4445 3311 4500 habitant
3361 4446 3501 4514 apud
3549 4461 3671 4508 vos,
3707 4445 3796 4515 qui

2223 4539 2486 4594 obtulerit
2532 4539 2864 4594 oblationem
2908 4551 3086 4601 suam,
3133 4537 3218 4590 vel
3263 4546 3386 4590 vota
3434 4535 3677 4597 solvens,
3716 4537 3800 4590 vel

2219 4640 2417 4701 Sponte
2467 4629 2723 4694 oﬁ‘erens,
2757 4629 3021 4698 quidquid
3067 4627 3199 4683 illud
3243 4629 3499 4682 obtulerit
3541 4628 3599 4682 in
3643 4629 3801 4682 bolo

2220 4729 2470 4776 eaustum
2523 4720 2763 4781 Domini,
2802 4730 2863 4774 ut
2911 4720 3175 4775 otl'eratur
3219 4736 3318 4790 per
3357 4736 3474 4783 vos,
3519 4723 3796 4776 masculus

2219 4813 2598 4868 immaculatus
2627 4827 2692 4867 ex
2726 4812 2919 4876 bobus,
2953 4821 3008 4866 et
3042 4828 3110 4866 ex
3143 4813 3336 4867 ovibus
3364 4820 3418 4867 et
3457 4828 3522 4866 ex
3568 4813 3752 4882 capris
3781 4833 3794 4866 :

2218 4905 2263 4958 si
2295 4904 2562 4958 maculam
2595 4904 2873 4968 habuerit,
2915 4920 3023 4959 non
3059 4904 3322 4965 oﬂ'eretis.
3363 4920 3543 4976 neque
3571 4907 3681 4959 erit
3711 4922 3796 4960 ac-

2214 4994 2505 5063 ceptabile.
2556 4993 2729 5048 llomo
2771 4995 2865 5063 qui
2913 4995 3175 5049 obtulerit
3219 4995 3491 5049 victimam
3542 4997 3796 5064 paciﬁco-

2223 5099 2341 5136 rum
2376 5083 2625 5147 Domino,
2655 5083 2740 5138 vel
2770 5093 2892 5138 vota
2924 5085 3163 5146 solvens,
3196 5085 3280 5138 vel
3311 5094 3504 5154 sponte
3535 5084 3792 5144 offerens,

2224 5184 2330 5229 tam
2359 5176 2426 5228 de
2465 5177 2640 5230 bobus
2678 5191 2840 5245 quam
2880 5177 2948 5230 de
2982 5177 3196 5238 ovibus,
3225 5177 3632 5231 immaculatum
3664 5179 3793 5233 σπι-ο

2222 5275 2337 5331 ret,
2390 5277 2450 5322 nt
2498 5267 2832 5337 acccptabile
2879 5268 2968 5322 sit.
3021 5268 3211 5323 Omnis
3262 5266 3471 5321 macula
3523 5284 3636 5322 non
3697 5277 3793 5322 erit

2223 5372 2276 5408 ιιι
2311 5371 2396 5410 ρο.
2438 5376 2455 5407 ι

2293 5447 2409 5504 Non
2447 5450 2618 5506 solum
2654 5451 2963 5508 sacerdotes
2989 5466 3019 5506 a
3058 5449 3355 5521 pollutione
3387 5451 3624 5506 mundos
3655 5465 3792 5516 esse,
