4038 6182
277 337 414 405 1073

1398 341 1482 406 IN
1515 339 1954 402 LEVITICUM.
1991 361 2061 373 -
2095 338 2242 398 LIB.
2275 339 2378 398 VI.

3433 331 3566 399 £074

275 452 370 507 sed
399 459 456 506 et
482 448 806 516 oblationes,
837 464 959 520 quae
987 466 1017 505 a
1043 452 1250 522 populo
1280 450 1612 519 offeruntur,
1646 467 1854 524 praece-
1884 458 1930 514 Α
1959 448 2244 506 discimus.
2287 449 2669 505 Verumtamen
2700 459 2753 504 et
2785 463 2942 504 ovem
2971 443 3315 505 sensibilcm‘
3338 447 3394 502 si;
3413 451 3565 507 olle-

276 543 403 611 pit:
437 551 496 594 ut
540 548 600 593 tu
646 554 964 609 cognoscas,
1014 541 1107 610 qui
1160 555 1221 596 es
1263 540 1437 595 ﬁdelis
1488 541 1620 607 Deo,
1665 554 1720 597 et
1761 542 1854 612 qui

275 632 477 688 oblatio
514 632 566 686 ei
607 647 706 702 per
761 632 1144 686 holocaustum
1201 634 1554 705 intelligibilis
1605 634 1854 689 sacriﬁcii

275 726 453 780 factus
485 740 566 788 es,
599 725 725 792 quia
755 723 902 777 omni
936 724 1236 792 pollutione
1266 726 1522 780 mundam
1561 741 1684 780 esse
1721 741 1857 780 con-

276 819 649 870 versationem
715 827 863 870 tuam
919 825 1168 885 Oportet,
1237 826 1294 872 et
1357 817 1673 887 impollutus
1738 833 1857 872 esse

273 908 736 976 quemadmodum
777 908 1106 973 sacerdotes,
1154 909 1395 971 studeas,
1427 908 1552 978 quia
1597 919 1652 963 et
1695 908 1856 964 Chri-

275 1007 421 1061 stus,
450 1013 571 1066 qua:
597 1007 656 1051 ut
680 1007 908 1068 agerent
941 999 1193 1068 apostoli,
1219 999 1493 1069 pra'cepit.
1527 999 1654 1054 Haec
1679 999 1858 1053 omnia

279 1103 376 1142 eos
408 1091 620 1142 tradere
634 1090 970 1144 discentibus
988 1091 1246 1160 pra-cepit
1274 1092 1545 1160 gentibus,
1569 1092 1644 1145 ait
1673 1092 1816 1146 enim
1842 1109 1854 1145 :

283 1177 481 1231 Euntes
520 1179 695 1232 docete
739 1195 915 1232 omnes
962 1187 1160 1247 gentes,
1194 1180 1519 1247 baptizantes
1551 1196 1638 1232 eas
1670 1181 1725 1232 in
1767 1197 1861 1233 no-

281 1271 425 1324 mine
457 1270 657 1334 Patris,
692 1282 739 1324 et
771 1272 917 1334 Filii,
953 1281 1002 1324 et
1030 1271 1262 1340 Spiritus
1297 1273 1489 1337 sancti,
1515 1272 1752 1327 docentes
1777 1290 1860 1327 eos

284 1364 549 1416 custodire
605 1380 928 1434 quacunque
977 1366 1226 1420 mandavi
1277 1365 1417 1419 vobis
1455 1365 1522 1418 ⁸⁷.
1565 1363 1690 1419 Sive
1733 1380 1860 1436 ergo

285 1455 408 1523 quis
443 1456 745 1510 secundum
789 1456 1209 1522 confessionem,
1245 1457 1360 1512 sive
1405 1460 1705 1514 secundum
1746 1475 1863 1514 om-

284 1561 412 1599 nem
453 1547 821 1601 conditionem
855 1563 1007 1602 suam
1043 1550 1419 1604 holocausmm
1450 1552 1561 1605 Deo
1593 1553 1858 1620 promisit,

284 1635 450 1690 vitam
503 1637 759 1692 videlicet
809 1639 1126 1707 perfectam,
1181 1641 1287 1694 hoc
1337 1651 1418 1694 est
1469 1657 1656 1698 verum
1709 1643 1864 1696 holo-

284 1737 556 1792 caustum,
587 1743 618 1782 a
648 1729 948 1796 pollutione
974 1732 1175 1785 munda
1215 1733 1378 1787 debet
1407 1749 1527 1787 esse
1555 1735 1674 1803 ejus
1708 1735 1859 1789 obla-

286 1818 396 1886 tio;
445 1835 624 1890 neque
671 1823 816 1876 enim
860 1823 1016 1877 aliter
1064 1825 1378 1893 suscipitur.
1422 1823 1628 1880 Olleret
1677 1837 1859 1882 autem

285 1926 382 1980 per
417 1914 844 1980 confessionem,
884 1915 1025 1970 sicut
1067 1915 1207 1968 LXX
1243 1917 1460 1980 dicunt,
1496 1920 1588 1988 qui
1633 1919 1684 1972 in
1723 1935 1861 1989 qua-

284 2018 498 2071 cunque
519 2004 846 2059 necessitate
860 1997 1284 2072 constitutus,let
1303 2025 1369 2062 ex
1391 2025 1454 2062 ea
1476 2019 1859 2080 compunctus,

285 2095 760 2150 conversationem
787 2098 1076 2166 quamdam
1093 2099 1204 2152 Deo
1233 2115 1330 2168 per
1352 2110 1536 2154 votum
1553 2101 1858 2172 pollicetur.

285 2181 600 2238 Secundum
626 2189 1065 2256 supradictorum
1096 2198 1278 2244 autem
1297 2191 1614 2257 editionem,
1639 2192 1864 2248 electio-

285 2289 412 2328 nem
446 2275 761 2332 invenimus
804 2279 1034 2344 dictam,
1084 2281 1172 2335 nbi
1221 2298 1324 2337 nos
1357 2292 1576 2352 sponte,
1608 2285 1862 2340 dicimus.

288 2364 594 2436 Utrumque
607 2369 752 2423 enim
774 2371 916 2424 hanc
940 2373 1267 2427 oblationem
1288 2375 1400 2429 sive
1418 2391 1536 2429 eam
1557 2393 1678 2445 qua:
1696 2391 1761 2431 ex
1777 2395 1867 2434 ne-

286 2456 563 2521 cessitate,
595 2457 710 2512 sive
740 2474 858 2513 eam
876 2477 1004 2536 [quae
1032 2473 1230 2531 sponte
1246 2463 1323 2530 tit,
1343 2466 1614 2534 proponit,
1639 2467 1861 2523 dicens':

285 2545 528 2600 Reddam
555 2550 650 2602 tibi
668 2561 784 2603 vota
812 2568 928 2605 mea
967 2570 1083 2622 qua'
1112 2556 1463 2610 distinxerunt
1479 2558 1620 2611 labia
1644 2577 1782 2623 mea,
1818 2571 1867 2615 et

285 2652 404 2706 qua:
435 2637 670 2693 locutum
699 2651 776 2693 est
805 2658 860 2694 os
892 2660 1062 2696 meum
1091 2645 1147 2698 in
1177 2647 1519 2702 tribulatione
1549 2667 1663 2704 mea
1691 2651 1762 2706 ⁸⁸.
1798 2653 1868 2708 Et

286 2741 478 2782 rursus
527 2747 540 2782 :
600 2730 910 2787 Voluntaria
969 2737 1075 2788 oris
1120 2737 1223 2789 mei
1263 2738 1588 2808 beneplacita
1614 2745 1720 2812 fac,
1755 2745 1864 2798 Do-

288 2820 427 2873 mine
457 2821 524 2874 ”.
577 2821 782 2877 Horum
834 2825 1070 2894 primum
1124 2829 1370 2896 quidem,
1410 2833 1726 2900 praedictum
1765 2854 1867 2892 vo-

289 2920 426 2976 tum,
469 2912 586 2966 sive
619 2915 1046 2989 confessionem,
1082 2919 1204 2972 sine
1244 2921 1424 2990 aliqua
1462 2923 1742 2981 dubietate
1780 2929 1866 2982 in-

288 3003 604 3074 telligimus.
666 3007 1002 3064 Electionem
1059 3021 1280 3075 autem,
1337 3014 1453 3069 sive
1508 3026 1864 3084 spontaneam

283 3095 641 3161 oblationem,
696 3098 799 3153 hoc
851 3101 997 3168 quod
1051 3103 1294 3158 secundo
1342 3105 1462 3159 loco
1504 3107 1710 3162 dictum
1757 3122 1860 3166 est.
1891 3127 1934 3184 ς,

285 3185 516 3254 Oportet
545 3199 752 3252 autem,
780 3191 893 3245 sive
927 3203 1186 3261 Operator
1226 3197 1465 3251 mandati
1501 3199 1571 3252 sit
1602 3200 1693 3269 qui
1728 3202 1866 3257 oﬁ'e-

289 3287 372 3332 ret
418 3280 819 3346 holocaustum,
859 3284 949 3338 hic
990 3293 1075 3338 est
1116 3288 1262 3340 enim
1299 3303 1374 3341 ex
1419 3293 1682 3346 armentis
1724 3294 1866 3349 offe-

291 3383 440 3432 rens,
483 3371 598 3424 sive
625 3373 878 3441 simplex;
913 3376 1042 3444 quia
1079 3377 1166 3430 hic
1194 3388 1279 3431 est
1305 3393 1369 3432 ex
1391 3381 1586 3436 ovibus
1615 3399 1630 3437 :
1661 3385 1776 3440 sive
1801 3401 1864 3440 ex

293 3463 690 3528 peccatoribus,
737 3466 823 3517 hic
866 3475 950 3520 est
993 3468 1138 3520 enim
1188 3469 1254 3522 de
1303 3471 1482 3539 capris
1517 3491 1528 3525 :
1564 3477 1865 3532 mascttlum

290 3565 415 3604 esse
446 3555 590 3620 quod
620 3555 837 3619 offeret,
864 3558 916 3617 id
949 3567 1033 3612 est
1063 3575 1186 3612 cum
1221 3571 1404 3616 mente
1438 3563 1598 3630 virili,
1629 3577 1684 3621 et
1716 3567 1865 3634 forti,

293 3651 350 3695 et
397 3645 598 3709 stabili,
643 3655 699 3700 et
737 3663 861 3702 cum
911 3651 1116 3705 valenti
1168 3653 1292 3718 ﬁde,
1331 3665 1495 3724 atque
1542 3659 1867 3716 inconcussa

292 3732 494 3788 offerre
529 3739 612 3788 vel
646 3737 852 3798 offerri,
889 3751 948 3794 ut
987 3741 1229 3796 offerens
1268 3745 1390 3798 talis
1419 3747 1492 3800 sit
1526 3749 1704 3816 qualis
1756 3751 1865 3819 ille,

291 3842 454 3896 quem
487 3827 743 3882 Salomon
780 3832 832 3883 in
871 3831 1184 3891 Proverbiis
1227 3837 1484 3892 dicebat:
1519 3841 1697 3896 Virum
1734 3846 1868 3913 ﬁde-

291 3919 392 3972 lem
420 3919 568 3972 labor
596 3929 671 3973 est
702 3923 931 3977 invenire
961 3925 1028 3978 ὀ.
1062 3926 1211 3981 Idem
1255 3938 1337 3984 est
1378 3940 1433 3985 et
1463 3931 1505 3985 si
1537 3934 1866 3994 sacrificium

291 4011 644 4082 paciﬁcorum
679 4014 876 4071 offeret
905 4018 1047 4086 quis,
1069 4019 1122 4073 id
1149 4031 1254 4088 est,
1274 4037 1384 4076 non
1419 4024 1561 4078 illam
1589 4042 1710 4096 quae
1740 4044 1868 4098 per.

292 4102 432 4158 fecta
471 4111 555 4158 est
591 4105 643 4158 in
684 4107 1022 4177 philosophia
1045 4109 1232 4174 vitam,
1263 4113 1423 4167 veluti
1451 4131 1590 4179 eam,
1626 4134 1748 4186 qua:
1783 4130 1870 4175 est

297 4196 350 4248 in
404 4211 515 4250 non
569 4199 917 4267 possidendo,
963 4200 1048 4254 vel
1103 4200 1157 4254 in
1190 4201 1520 4273 virginitate,
1564 4207 1632 4261 de
1670 4209 1869 4277 quibus

297 4285 563 4343 Dominus
593 4290 804 4344 dicebat
835 4307 848 4343 :
883 4289 1004 4344 Non
1047 4307 1226 4347 omnes
1267 4297 1482 4364 capiunt
1509 4297 1576 4362 ⁸⁸,
1611 4299 1704 4353 sed
1755 4315 1870 4355 me-

295 4379 556 4445 diocrem,
599 4396 719 4450 quae
759 4382 918 4435 nobis
955 4393 1213 4451 procurat
1256 4385 1574 4441 omnimodo
1611 4390 1864 4458 salutem,

1957 563 2048 603 ras
2094 547 2230 612 Deo,
2264 555 2361 600 aut
2405 546 2623 610 bovem,
2659 553 2753 597 aut
2782 559 3022 613 capram,
3053 546 3161 596 aut
3199 537 3413 608 aliquid}
3451 543 3555 598 hu»

1955 637 2232 708 jusmodi,
2287 647 2348 692 ut
2392 637 2544 692 verbi
2600 636 2811 708 gratia,
2860 629 3245 689 sacerdotibus
3298 633 3557 702 primitias

1957 733 2180 796 dentur,
2221 740 2317 786 aut
2357 745 2626 800 pauperes
2655 745 2720 783 ex
2752 743 2820 782 eo
2853 735 3167 797 pascantur,
3216 733 3310 776 aut
3345 730 3570 786 sanctis

1958 823 2166 893 aliquot
2219 821 2586 877 ministerium
2636 820 2762 884 ﬁat,
2813 827 2906 872 aut
2954 816 3121 871 divini
3181 815 3371 883 templi
3414 833 3562 873 conv

1960 914 2215 978 structio,
2271 915 2352 967 vel
2391 913 2613 982 aliquod
2656 912 2803 966 aliud
2857 927 2997 980 opus
3049 907 3193 979 quod
3248 906 3316 959 ad
3363 906 3546 975 ipsum

1961 1007 2204 1075 pertinet
2240 1006 2430 1069 Deum,
2473 1014 2528 1058 et
2557 1011 2844 1072 propterea
2889 999 3267 1054 holocaustum
3312 997 3537 1065 dicitur,

1963 1097 2268 1167 pollutione
2310 1104 2494 1149 careat
2539 1095 2702 1148 etiam
2747 1094 2864 1148 haec
2910 1091 3133 1169 oblatio.
3175 1091 3280 1145 Sed
3316 1106 3438 1160 qua:
3470 1092 3542 1146 sit

1964 1189 2080 1242 haec
2128 1186 2391 1257 pollutio,
2445 1186 2530 1239 lex
2583 1184 2784 1250 tacuit,
2838 1181 2998 1237 nobis
3045 1182 3183 1237 dans
3234 1180 3540 1251 intelligere

1961 1294 2146 1332 veram
2195 1279 2582 1347 pollutionem,
2625 1286 2681 1332 et
2725 1291 2938 1331 cavere.
2977 1273 3074 1330 Est
3105 1281 3289 1326 autem
3326 1271 3442 1326 haec
3471 1287 3540 1325 ex

1962 1369 2174 1441 rapina,
2206 1377 2261 1425 et
2301 1369 2592 1439 injustitia,
2633 1369 2806 1424 aliave
2848 1366 3076 1422 avaritia
3122 1364 3356 1428 offerre;
3402 1361 3537 1417 abo-

1963 1463 2223 1519 minabile
2270 1472 2355 1518 est
2389 1463 2540 1518 enim
2583 1462 2727 1532 apud
2773 1461 2976 1524 Deum,
2999 1467 3054 1513 et
3096 1473 3206 1512 non
3253 1463 3534 1526 acceptum

1963 1555 2035 1621 ei,
2071 1556 2143 1610 ita
2180 1562 2240 1609 ut
2279 1554 2442 1608 nimis
2480 1569 2576 1623 per
2614 1554 2938 1622 prophetam
2972 1553 3189 1607 Judaeos
3216 1549 3285 1605 de
3315 1549 3420 1602 hoc
3448 1563 3536 1603 re-

1965 1645 2353 1714 prehenderet.
2394 1642 2496 1707 Qui
2532 1643 2807 1711 a'diﬁcatis
2840 1641 2966 1696 Sion
3004 1645 3056 1695 in
3097 1639 3456 1710 sanguinibus,
3485 1647 3537 1692 et

1963 1735 2257 1789 Jerusalem
2307 1737 2361 1788 in
2399 1735 2677 1804 iniquitate
2704 1733 2772 1786 οδ.
2812 1733 2903 1786 Sic
2951 1735 3099 1786 enim
3154 1732 3330 1785 littera
3372 1730 3534 1800 hujus

1964 1826 2263 1880 sanctionis
2314 1834 2371 1880 et
2422 1825 2650 1894 spiritus
2705 1833 3080 1880 conservatur.
3128 1823 3183 1877 Si
3231 1824 3450 1894 quidem
3501 1841 3536 1878 κ

1962 1917 2121 1971 nobis
2173 1917 2341 1970 semel
2394 1916 2796 1985 exponentibus
2840 1917 3098 1981 audistis,
3142 1917 3268 1985 quia
3319 1914 3544 1985 quando

1963 2006 2094 2061 dicit
2132 2007 2218 2061 lex
2255 2023 2268 2060 :
2307 2003 2500 2070 Homo,
2548 2005 2722 2068 Itonia,
2775 2012 2993 2076 oportet
3039 2020 3165 2059 cum
3217 2004 3538 2059 considera-

1965 2098 2113 2152 tione
2144 2097 2397 2166 spiritus,
2425 2106 2482 2151 et
2515 2096 2755 2150 mandati
2797 2097 3038 2150 buerant
3067 2095 3294 2150 intueri.

2034 2187 2202 2242 Vens.
2241 2187 2434 2241 22-25.
2473 2205 2493 2238 ‹
2536 2186 2593 2240 Si
2627 2201 2834 2240 ca-cum
2887 2185 3072 2251 fuerit,
3112 2185 3158 2240 si
3202 2185 3456 2250 fractum,
3492 2185 3537 2240 si

1964 2279 2278 2333 cicatricem
2333 2278 2564 2341 habens,
2604 2278 2648 2331 si
2700 2279 2951 2347 papulam
3003 2286 3098 2331 aut
3144 2278 3408 2342 scabiem,
3453 2279 3539 2332 vel

1966 2368 2365 2438 impetiginem,
2399 2383 2507 2421 non
2539 2366 2784 2420 offeretis
2819 2382 2880 2420 ea
2915 2367 3164 2432 Domino,
3195 2382 3373 2434 neque
3405 2367 3538 2423 ado-

1965 2457 2146 2511 lebitis
2178 2473 2244 2511 ex
2274 2457 2354 2511 eis
2383 2471 2546 2526 super
2571 2457 2742 2510 altare
2768 2455 3001 2510 Domini.
3029 2456 3250 2522 Bovem,
3275 2466 3330 2512 et
3356 2473 3537 2523 ovem,

1965 2565 2117 2614 aure,
2147 2560 2204 2605 et
2228 2550 2401 2605 cauda
2427 2550 2744 2618 amputatis,
2771 2549 3076 2604 voluntarie
3105 2549 3305 2604 offerre
3324 2558 3537 2619 potest,

1966 2651 2152 2696 votum
2185 2657 2251 2697 ex
2284 2642 2370 2695 his
2400 2641 2532 2695 solvi
2566 2656 2676 2695 non
2709 2649 2910 2710 potest.
2938 2642 3110 2694 Omne
3138 2641 3359 2704 animal,
3395 2639 3540 2708 quod

1965 2735 2050 2790 vel
2079 2733 2352 2799 contritis,
2385 2733 2470 2786 vel
2497 2733 2694 2798 tonsis,
2723 2732 2808 2786 vel
2840 2732 3025 2794 sectis,
3059 2733 3361 2801 ablatisque
3390 2731 3543 2786 testi-

1967 2824 2106 2878 culis
2135 2831 2240 2888 est,
2273 2838 2384 2876 non
2427 2821 2674 2876 offcretis
2718 2820 2968 2885 Domino,
3001 2830 3056 2874 et
3084 2821 3138 2873 in
3175 2831 3318 2874 terra
3360 2829 3543 2875 vestra

1967 2915 2072 2969 hoc
2105 2914 2329 2969 omnino
2359 2929 2470 2968 non
2506 2912 2738 2967 facietis.
2774 2912 2849 2965 De
2887 2927 3053 2965 manu
3083 2912 3397 2982 alienigenae
3429 2926 3542 2966 non

1966 3003 2213 3058 offcretis
2260 3017 2429 3072 panes
2487 3002 2716 3056 Domino
2765 3002 2876 3056 Deo
2926 3012 3128 3067 vestro,
3179 3011 3235 3056 et
3280 3001 3542 3071 quidquid

1967 3096 2113 3150 aliud
2141 3095 2272 3168 dare
2292 3094 2564 3150 voluerint
2588 3094 2716 3163 quia
2743 3103 2996 3164 corrupta
3028 3103 3083 3148 et
3113 3095 3381 3150 maculata
3416 3103 3544 3150 sunt

1968 3187 2175 3251 omnia,
2210 3201 2318 3240 non
2360 3185 2668 3255 suscipietis
2699 3201 2784 3240 ea.
2819 3205 2838 3237 ι

2037 3279 2200 3334 Aliud
2233 3279 2322 3333 hic
2349 3278 2569 3332 videtur
2606 3278 2882 3349 legislator
2925 3279 3176 3344 innuere,
3211 3281 3378 3336 multa
3409 3295 3544 3335 con-

1969 3373 2301 3427 sideratione
2332 3372 2578 3440 dignum.
2612 3372 2686 3425 De
2723 3372 2807 3425 his
2835 3389 2955 3441 qua:
2983 3373 3292 3428 offeruntur
3330 3375 3544 3441 altario,

1968 3483 2077 3522 non
2108 3467 2157 3522 ei
2187 3480 2367 3521 sermo
2394 3473 2498 3528 est,
2526 3474 2657 3518 sunt
2677 3474 2860 3518 autem
2888 3465 2980 3533 qui
3011 3467 3296 3535 mysticum
3325 3475 3382 3521 et
3415 3483 3546 3522 san-

1969 3566 2185 3612 ctorum
2229 3555 2465 3611 ofﬁcium
2513 3554 2838 3610 sortiuntur.
2888 3556 2989 3609 Per
3036 3558 3372 3611 sanctionem
3418 3574 3548 3628 ergo

1969 3651 2326 3715 anteriorem,
2356 3648 2614 3704 mundam
2641 3663 2763 3703 esse
2790 3664 2820 3702 a
2848 3649 3146 3718 pollutione
3176 3651 3361 3720 pOpuli
3393 3652 3544 3705 obla-

1971 3745 2175 3799 tionem
2200 3741 2545 3813 praecipiens,
2569 3741 2714 3810 quod
2746 3741 3058 3795 necessarie
3087 3742 3252 3795 nimis
3279 3742 3332 3794 in
3362 3741 3548 3796 unius-

1970 3836 2238 3905 cujusque
2276 3834 2692 3888 conversatione
2736 3833 3070 3887 intcllcctum
3113 3842 3213 3887 est.
3267 3832 3423 3886 Nunc
3459 3832 3545 3886 di-

1971 3933 2226 3979 numerat
2255 3942 2268 3972 ν
2297 3939 2435 3994 quos
2465 3939 2572 3976 non
2609 3933 2858 3992 oporteat
2885 3923 3079 3977 altario
3108 3923 3318 3986 offerri,
3347 3933 3401 3977 et
3435 3923 3546 3992 pris

1971 4031 2122 4070 mum
2167 4015 2300 4070 dicit
2346 4030 2411 4069 ex
2459 4015 2542 4068 eis
2587 4029 2814 4069 cacum.
2849 4013 2953 4080 Qui
2993 4013 3138 4068 enim
3185 4014 3545 4085 ignorantiam

1970 4109 2135 4163 habet
2193 4107 2327 4173 Dei,
2372 4105 2648 4177 quomodo
2691 4105 3025 4161 ministrabit
3089 4105 3220 4170 Deo,
3275 4121 3378 4161 nec
3427 4107 3544 4176 ipse

1971 4199 2292 4270 dignitatem
2325 4198 2503 4253 sciens
2534 4198 2675 4267 ejus,
2713 4197 2779 4250 ad
2809 4197 2965 4266 cujus
2995 4195 3354 4251 ministerium
3383 4212 3548 4251 voca-

1973 4301 2083 4358 tur,
2121 4306 2225 4347 nec
2253 4291 2375 4345 aliis
2404 4291 2592 4344 valens
2636 4289 2945 4359 exponere?
2981 4288 3133 4343 Unde
3172 4299 3229 4343 et
3269 4289 3552 4360 negligens

1973 4387 2117 4441 circa
2167 4400 2264 4440 eos
2313 4385 2416 4439 erit
2455 4402 2467 4437 :
2504 4383 2756 4438 nesciens
2804 4364 3149 4450 divinorum,
3198 4383 3398 4453 quibus
3450 4384 3552 4438 mi-

293 4471 395 4524 θιεὶ
445 4487 553 4524 non
609 4473 921 4541 assequitur
969 4491 1051 4538 ea,
1083 4492 1206 4545 qua:
1251 4479 1318 4532 ad
1367 4481 1758 4548 pr0phetarum
1813 4495 1869 4538 et
1901 4482 1945 4536 D
1975 4479 2191 4542 nistrat,
2223 4477 2482 4530 virtutem
2512 4493 2525 4529 :
2557 4475 2746 4545 quales
2775 4485 2931 4530 erant
2965 4475 3184 4546 quidam
3213 4475 3548 4542 Judmorum,

293 4560 666 4626 apostolorum
724 4578 1035 4618 mensuram
1095 4567 1346 4620 tendunt.
1399 4567 1564 4623 Stella
1631 4574 1769 4626 enim
1835 4593 1868 4628 η

293 4649 448 4702 stella
477 4651 648 4720 αἰπεῖα
688 4653 745 4705 in
777 4654 1024 4708 claritate
1051 4655 1118 4720 ",
1154 4659 1455 4712 secundum
1487 4665 1630 4729 quod
1673 4663 1872 4718 Paulus

294 4736 530 4792 dicebat.
573 4740 681 4794 Sed
719 4753 774 4796 et
805 4744 894 4797 hic
939 4745 1242 4799 masculum
1294 4763 1522 4804 necesse
1559 4761 1642 4806 cst
1675 4752 1873 4807 offerat

295 4829 706 4887 immaculatum
737 4853 752 4889 :
785 4835 903 4890 haec
933 4845 989 4891 et
1019 4837 1110 4890 lilii
1143 4837 1332 4903 Israel,
1373 4849 1429 4894 et
1460 4843 1685 4896 advena:
1717 4843 1872 4900 vide-

294 4923 444 4988 licet,
481 4933 535 4980 et
578 4928 671 4996 qui
719 4943 868 4983 nunc
907 4931 974 4984 ad
1027 4931 1189 4986 ﬁdem
1230 4943 1524 4998 venerunt,
1565 4935 1871 5006 adjectique

295 5027 428 5073 sunt
450 5020 610 5076 nobis
639 5022 708 5076 ab
736 5037 924 5078 errore
951 5025 1231 5090 exteriori,
1259 5027 1510 5081 similiter
1536 5028 1870 5082 custodiant.

296 5111 374 5165 Ex
421 5127 532 5180 quo
571 5115 722 5172 enim
777 5115 974 5184 aliquis
1021 5119 1188 5171 vitam
1243 5119 1556 5188 promiserit
1597 5119 1706 5173 Deo
1748 5135 1875 5190 per~

296 5201 494 5256 lectam
542 5213 598 5258 et
649 5218 1120 5272 consummatam,
1173 5226 1280 5263 non
1327 5210 1438 5278 jam
1497 5212 1870 5280 praetendere,

297 5295 444 5363 quod
476 5303 695 5367 tempus
725 5299 956 5354 multum
986 5301 1039 5353 in
1072 5315 1260 5354 errore
1295 5301 1476 5364 fuerit,
1506 5303 1723 5370 poterit,
1748 5305 1872 5374 quia

297 5401 401 5440 nec
443 5397 688 5459 tempore
737 5393 915 5446 virtus
964 5401 1107 5463 eget,
1149 5399 1209 5445 ut
1251 5392 1522 5458 discatur;
1568 5411 1693 5448 mox
1729 5396 1872 5450 enim

295 5489 353 5533 ut
409 5495 530 5535 eam
592 5483 1068 5551 al‘fcctaverimus,
1136 5485 1596 5554 quemadmodum
1659 5497 1874 5542 utamur

383 5682 429 5714 ⁸⁷
457 5683 647 5739 Matth.
682 5702 872 5748 xxviii,
913 5687 996 5746 l9,
1033 5685 1121 5739 9.0.
1197 5686 1245 5717 ⁸⁵
1277 5685 1417 5740 Psal.
1452 5702 1572 5744 mw,
1603 5686 1684 5738 Η.

301 5744 344 5774 ”
366 5752 384 5810 ι
406 5755 533 5810 Cor.
565 5773 650 5822 xv,
676 5756 762 5810 ιιι.
842 5744 885 5789 ⁹’³
918 5744 1080 5812 Mich.
1111 5757 1288 5823 itt,l0.
1367 5757 1539 5812 “15a.
1568 5774 1673 5825 LVI,
1719 5759 1799 5812 10.

1783 5688 1826 5718 ε’
1857 5685 1997 5743 l’sal.
2030 5702 2216 5751 tzxvttl,
2255 5685 2372 5740 l08.

1975 4571 2042 4626 de
2081 4571 2280 4640 quibus
2311 4569 2452 4624 Deus
2498 4570 2553 4623 in
2602 4569 2738 4624 Isaia
2775 4570 3033 4624 dicebat:
3072 4571 3264 4636 Videte,
3299 4572 3550 4642 quoniam

1975 4681 2150 4718 omnes
2194 4665 2510 4725 nescierunt,
2546 4663 2772 4716 uniuersi
2813 4679 2967 4717 canes
2994 4664 3146 4728 muti,
3178 4679 3279 4716 non
3322 4663 3550 4716 ualentes

1977 4757 2179 4809 latrare
2211 4757 2280 4809 ".
2313 4755 2666 4809 Confractum
2706 4754 2791 4808 vel
2825 4755 3121 4809 contritum
3162 4754 3402 4808 secundo
3435 4754 3552 4805 loco

1977 4847 2180 4917 posuit,
2210 4848 2368 4917 cujus
2407 4844 2553 4900 enim
2582 4861 2777 4900 manus
2798 4862 2860 4901 ac
2897 4848 3086 4916 pedes,
3127 4849 3372 4900 actiones
3400 4842 3553 4897 vide-

1977 4938 2122 5001 licet,
2146 4946 2200 4991 et
2231 4939 2296 4992 ad
2323 4939 2494 4992 Deum
2533 4937 2730 4991 itinera
2761 4939 3041 4992 confracta
3071 4936 3372 4991 contritave
3402 4942 3551 4994 sunt,

1977 5044 2048 5083 ne
2104 5029 2192 5083 hic
2237 5029 2458 5098 quidem
2498 5028 2656 5084 altari
2701 5029 3015 5082 ministrare
3057 5028 3255 5096 dignus
3287 5033 3374 5079 est
3417 5042 3430 5078 :
3466 5023 3554 5078 cui

1977 5119 2236 5175 convenit
2267 5119 2396 5174 illud
2426 5120 2570 5188 quod
2610 5118 2820 5174 Psaltes
2863 5118 2938 5171 ait
2971 5134 2984 5170 :
3020 5115 3296 5178 Contritio,
3329 5123 3376 5166 et
3419 5114 3556 5182 infe-

1976 5211 2150 5264 licitas
2178 5211 2233 5263 in
2262 5211 2358 5264 viis
2397 5226 2597 5262 eorum.
2629 5207 2737 5264 Sed
2774 5225 2876 5263 nec
2903 5206 2996 5276 qui
3028 5205 3266 5275 linguam
3307 5202 3552 5266 incisam,

1977 5301 2280 5358 secundum
2325 5298 2464 5354 LXX
2509 5301 2692 5365 habet,
2724 5300 2774 5353 id
2813 5309 2898 5354 cst
2929 5299 2973 5353 si
3011 5298 3132 5368 quis
3160 5312 3258 5366 per
3282 5295 3555 5352 sordidam

1980 5394 2169 5456 vitam,
2206 5391 2458 5446 ﬁduciam
2501 5389 2732 5442 docendi
2782 5386 3038 5458 perdidit,
3077 5386 3164 5442 cui
3217 5386 3292 5440 ait
3339 5384 3504 5438 David
3539 5401 3554 5437 :

1983 5480 2258 5534 Peccatori
2296 5487 2472 5533 autent
2525 5476 2662 5542 dixjt
2686 5476 2820 5531 Deus
2852 5474 3072 5541 :Quare
3117 5485 3173 5530 tu
3214 5491 3436 5530 enarras
3470 5473 3557 5541 itt-

2475 5683 2520 5715 °°
2553 5680 2712 5738 Prov.
2743 5697 2831 5745 sx,
2855 5675 2910 5732 6.
3036 5678 3077 5710 "
3107 5675 3303 5732 Matth.
3333 5689 3442 5734 χιι.
3475 5671 3558 5730 ll.
