4038 6182
501 286 637 354 1075

1675 286 1825 346 HES
1835 285 1968 345 YCH
1981 285 2034 344 [Ι
2080 281 2552 344 PRESBYTERI

3608 267 3752 333 1076

500 409 675 463 stitias
696 406 1218 463 meas“?Similiter
1244 405 1543 460 secundum
1562 403 1725 468 LXX,
1755 415 1804 459 et
1828 403 2075 473 formicu—
2101 410 2149 466 Λ
2176 398 2315 454 culis
2351 407 2455 461 est,
2498 392 2593 464 qui
2637 390 2802 446 illatis
2839 388 2943 444 sibi
3006 384 3400 443 tentationibus
3436 386 3761 447 tribulatio-

497 502 687 563 losum,
724 498 855 554 dicit
893 506 1075 553 autem
1119 512 1245 551 eum
1285 496 1378 566 qui
1412 504 1709 568 occupatus
1748 504 1832 550 est
1861 495 1915 548 in
1942 508 2074 563 ope-

497 590 652 645 ribus
689 588 923 642 terrenis
950 596 1008 642 et
1035 587 1408 651 saecularibus,
1439 587 1531 655 qui
1562 586 1913 655 semetipsum
1944 583 2074 637 huic

498 677 813 749 cogitationi
853 678 1099 747 deputat,
1135 678 1188 731 id
1227 686 1311 733 est
1343 678 1435 747 qui
1469 676 1719 731 comedat
1741 683 1796 730 et
1823 675 1991 734 bibat,
2018 682 2074 728 et

496 768 592 836 qui
616 768 720 823 alia
748 768 946 822 similia
972 769 1195 839 cogitat,
1219 776 1276 823 et
1303 768 1393 838 qui
1426 767 1778 830 tbezaurizat,
1810 765 2071 835 quoniam

498 860 618 914 hinc
640 859 751 913 vita
780 858 1131 914 formicarum
1154 869 1239 915 est
1257 875 1474 929 semper
1497 859 1597 913 sibi
1624 871 1952 928 congregare
1983 872 2070 921 ea,

495 963 619 1016 qua:
663 947 728 1001 ad
770 955 1019 1001 ventrem
1067 948 1365 1017 pertinent,
1399 948 1667 1018 siquidem
1717 955 1773 1000 et
1816 944 2073 1000 Salomon

498 1036 553 1089 in
590 1035 902 1090 Proverbiis
939 1036 1107 1090 dicit:
1139 1036 1279 1090 Vade
1321 1037 1392 1089 ad
1432 1037 1731 1105 formicam,
1761 1052 1792 1088 ο
1829 1037 1992 1104 piger,
2024 1042 2074 1088 et

497 1128 773 1181 considera
820 1128 935 1181 vias
979 1128 1093 1197 ejus
1127 1130 1193 1183 “.
1245 1128 1381 1193 Quia
1433 1127 1579 1182 enim
1628 1127 1695 1181 ad
1737 1127 2072 1196 operandum

499 1220 713 1288 pigrum
753 1220 1103 1287 provocabat,
1133 1228 1421 1289 propterea
1468 1216 1871 1272 transmittebat
1912 1232 2072 1282 eum,

499 1310 644 1364 sicut
670 1309 737 1364 ad
768 1309 1128 1379 operatrieem
1165 1309 1468 1372 formicam,
1502 1317 1707 1362 non/ut
1740 1307 1864 1361 talia
1894 1307 2073 1376 qualia

501 1403 729 1457 formica
759 1412 1103 1472 operaretur,
1136 1402 1230 1457 sed
1278 1411 1340 1456 ut
1370 1401 1722 1456 aemularetur
1768 1399 2071 1463 formicam,

500 1508 639 1562 opus
667 1492 735 1546 ad
770 1494 975 1561 majora
1016 1492 1329 1555 transferre,
1366 1492 1419 1546 id
1463 1499 1546 1546 est
1584 1490 1649 1544 ad
1686 1489 1923 1559 agendas
1962 1488 2076 1541 vir-

502 1594 666 1638 tutes.
693 1583 854 1639 Unde
877 1585 1013 1639 LXX
1043 1584 1335 1639 ediderunt
1365 1602 1378 1637 :
1413 1583 1479 1637 Et
1511 1584 1705 1651 efficere
1736 1581 1830 1634 illa
1862 1580 2073 1650 sapien-

502 1673 624 1727 tior.
651 1673 742 1728 Sic
780 1688 906 1745 ergo
935 1674 1119 1734 homo.
1164 1688 1288 1727 cum
1323 1673 1503 1726 divina
1539 1672 1745 1734 studet,
1776 1668 2074 1739 sapientior

2172 489 2442 557 nibusque
2476 486 2662 549 cessit,
2694 482 3001 551 animaeque
3049 494 3162 533 sua:
3204 477 3585 541 fortitudinem
3622 496 3759 550 per.

2173 580 2312 635 didit
2341 596 2354 633 :
2386 592 2494 633 non
2525 576 2671 631 enim
2715 579 2929 643 oportet
2975 571 3080 625 hoc
3124 569 3352 639 perpeti,
3385 584 3489 624 nec
3524 571 3759 627 omnino

2172 669 2368 724 cedere
2399 663 2706 720 imminenti
2744 658 2907 721 hosti,
2939 669 3101 727 atque
3141 657 3421 728 allligenti.
3456 658 3609 715 Unde
3640 659 3758 715 Da-

2171 761 2259 815 vid
2288 760 2363 814 ait
2397 778 2410 812 :
2448 758 2509 813 Ut
2540 757 2665 822 quid
2705 755 2871 807 tristis
2922 753 3124 816 incedo,
3159 752 3285 804 dum
3314 752 3496 822 affligit
3528 770 3610 806 me
3640 755 3756 808 ini-

2172 852 2337 905 micus
2370 849 2441 901 ‘?«
2472 847 2718 917 Oportet,
2751 844 2947 913 inquit,
2979 858 3067 896 me
3104 841 3340 912 gaudere
3367 849 3425 895 et
3448 843 3753 904 exsultare.

2174 949 2363 1012 utpote
2388 940 2479 1009 qui
2512 938 2578 993 ad
2609 945 2884 991 certamen
2923 948 3107 996 vocor,
3152 933 3206 986 in
3237 947 3347 1001 quo
3389 932 3564 987 victor
3588 934 3756 988 exsi-

2173 1043 2313 1089 stam
2349 1052 2361 1086 :
2398 1047 2521 1085 nam
2552 1038 2608 1084 et
2640 1028 2883 1083 victoriae
2914 1027 3135 1080 modum
3171 1024 3418 1080 subdidit
3450 1043 3464 1079 :
3495 1026 3659 1095 Spera
3687 1027 3756 1080 in

2172 1126 2414 1187 Domino,
2443 1123 2690 1194 quoniam
2720 1118 3001 1187 conﬁtebor
3032 1117 3133 1179 illi,
3160 1117 3397 1170 salutare
3424 1117 3596 1171 vultus
3622 1119 3753 1184 mei,

2173 1229 2222 1272 et
2255 1219 2390 1272 Deus
2419 1232 2561 1270 meus
2590 1216 2634 1269 ⁸.
2681 1212 2860 1267 Sectis
2889 1210 3190 1279 ablatisque
3222 1209 3489 1263 testiculis
3519 1219 3618 1271 est.
3649 1211 3754 1280 qui

2175 1325 2279 1363 una
2313 1308 2527 1363 actione
2563 1320 2749 1370 prava,
2783 1302 3058 1371 animique
3101 1301 3379 1371 impietate
3424 1310 3481 1356 et
3527 1311 3759 1357 secante

2173 1398 2317 1453 sicut
2354 1397 2611 1456 cultrum,
2639 1404 2695 1448 et
2731 1392 3038 1457 auferente,
3074 1390 3535 1460 quemadmodum
3582 1390 3759 1445 nimis

2173 1490 2361 1552 ell'era,
2402 1498 2457 1542 et
2494 1486 2759 1556 direptrix
2787 1497 2983 1538 manus
3010 1484 3364 1550 semetipsum
3395 1481 3753 1549 abscindens,

2172 1585 2229 1632 et
2258 1576 2515 1630 auferens
2557 1590 2587 1628 a
2632 1572 3020 1644 conjunctione
3058 1571 3177 1636 Dei,
3209 1587 3328 1640 qua:
3359 1582 3446 1626 est
3483 1572 3538 1626 in
3571 1572 3745 1627 virtuv

2174 1671 2340 1735 tibus,
2372 1668 2673 1723 secundum
2723 1665 2869 1735 quod
2913 1663 3172 1727 diximus,
3204 1663 3453 1732 privatus
3490 1664 3656 1733 prole,
3692 1673 3751 1717 et

499 1762 750 1828 t-tllcitur,
804 1764 872 1818 ab
930 1764 1021 1817 illo
1073 1764 1167 1834 qui
1224 1774 1440 1818 terrena
1491 1771 1769 1832 operatur.
1817 1760 2074 1829 Papulam
2106 1760 2147 1812 Β
2176 1760 2346 1830 signis
2389 1759 2562 1813 virilis
2611 1754 2966 1828 cognitionis,
3001 1768 3232 1824 quorum
3280 1754 3484 1808 damno
3523 1755 3637 1824 ipse
3688 1770 3753 1810 se

404 1870 407 1881 ν
503 1856 733 1922 habens,
785 1857 869 1909 vel
915 1856 1189 1919 scabiem,
1246 1856 1522 1909 detractor
1572 1853 1907 1923 intelligitur,
1948 1852 2075 1922 quia

502 1949 777 2017 pessimus
819 1949 938 2017 ejus
982 1948 1219 2007 morbus,
1252 1954 1307 2000 et
1344 1945 1699 2015 asperrimum
1729 1945 1850 2013 ejus
1878 1944 2076 1997 vulnus

501 2047 634 2094 est:
674 2041 825 2094 nullo
876 2039 1024 2094 enim
1077 2037 1437 2093 medicamine
1493 2036 1651 2090 facile
1695 2042 1881 2105 potest
1926 2034 2074 2088 miti-

500 2131 638 2202 gari.
693 2131 1024 2203 Impetiginis
1074 2132 1300 2194 habens,
1345 2128 1642 2183 fornicator
1685 2136 1789 2192 est,
1838 2128 2076 2183 maculat

501 2222 649 2276 enim
677 2237 838 2277 suum
875 2237 1095 2292 corpus,
1143 2231 1362 2291 propter
1397 2220 1541 2290 quod
1581 2219 1776 2273 Paulus
1807 2220 2019 2273 dicebat
2056 2236 2071 2272 :

502 2315 604 2379 Qui
662 2325 838 2369 autent
894 2316 1205 2385 fornicatur,
1254 2315 1307 2367 in
1356 2328 1541 2381 corpus
1590 2328 1742 2364 suum
1791 2319 1968 2378 peccat
2004 2310 2071 2364 ⁸⁷.

500 2403 717 2459 Nullum
753 2420 885 2473 ergo
914 2405 1109 2457 horum
1141 2402 1388 2472 deputari
1423 2402 1490 2455 ad
1530 2400 1896 2455 ministerium
1934 2400 2073 2454 alta-

500 2494 577 2546 ris
625 2492 851 2561 spiritus
900 2492 1223 2559 legislatoris
1273 2491 1410 2544 vult.
1459 2488 1755 2559 Propterea
1794 2491 1912 2543 ait:
1953 2488 2073 2542 Non

500 2582 723 2650 offeretis
751 2598 812 2634 ea
846 2580 1090 2646 Domino,
1114 2596 1206 2633 nec
1230 2580 1501 2634 adolebitis
1529 2596 1592 2633 ea;
1617 2580 1688 2633 eis
1721 2595 1874 2647 super
1900 2578 2074 2631 altare

500 2672 734 2725 Domini.
786 2672 913 2726 Sive
965 2672 1262 2726 secundum
1312 2671 1451 2725 LXX
1492 2690 1506 2726 :
1545 2670 1662 2724 Non
1709 2671 1919 2739 offerent
1963 2670 2073 2722 lucc

504 2761 744 2819 Domino.
781 2771 830 2814 et
866 2778 1023 2831 super
1072 2762 1246 2815 altare
1295 2778 1397 2815 non
1443 2762 1656 2814 dabitur
1696 2762 1760 2813 de
1804 2760 1879 2813 eis
1917 2777 2072 2827 super

498 2852 671 2905 altare
701 2850 946 2905 Domino.
983 2851 1325 2906 Sacrificium
1366 2860 1545 2905 autem
1583 2849 1926 2920 pacificorum
1959 2865 2067 2903 non

497 2943 669 2997 addit.
703 2942 1161 3011 quemadmodum
1207 2944 1493 3014 superius;
1526 2942 1673 2995 omni
1716 2941 1877 2995 modo
1906 2940 2068 2993 intel-

498 3032 652 3103 ligas.
677 3032 743 3087 de
771 3032 854 3088 his
875 3033 967 3102 qui
993 3034 1263 3104 mysteriis
1288 3033 1621 3097 ministrant,
1650 3030 1778 3085 dici.
1808 3030 1872 3084 Hi
1901 3030 2063 3084 etiam

498 3122 875 3178 holocaustum
924 3138 1045 3176 esse
1089 3138 1230 3191 opus
1271 3122 1495 3184 habent,
1556 3122 1723 3174 vitam
1769 3119 2065 3189 perfectam

493 3226 551 3270 et
603 3225 1035 3272 consummatam
1095 3225 1338 3286 agentes.
1397 3214 1539 3281 Quid
1590 3223 1771 3267 autem
1831 3212 1917 3267 his
1967 3211 2068 3267 ad-

494 3309 673 3364 didit?

568 3398 759 3455 Boeem
790 3410 840 3454 et
872 3416 1037 3465 ovem,
1079 3416 1208 3453 aure
1240 3410 1288 3454 et
1326 3401 1496 3455 cauda
1538 3403 1848 3471 amputatis,
1879 3401 2063 3455 volun-

496 3493 635 3544 tarie
680 3492 863 3561 offerre
907 3500 1075 3563 potest
1106 3508 1127 3548 .'
1156 3501 1331 3544 votum
1371 3500 1547 3545 autem
1584 3508 1649 3546 ea:
1680 3492 1759 3546 his
1798 3493 1927 3546 solvi
1964 3507 2067 3544 non

493 3589 680 3649 potest.
726 3579 890 3635 Omne
931 3580 1136 3633 animal
1173 3580 1311 3650 quod
1356 3580 1437 3632 vel
1471 3580 1724 3645 contritis,
1762 3583 1840 3633 uel
1882 3581 2063 3640 tonsis.

493 3671 576 3725 uel
616 3672 767 3725 sectis
807 3671 1099 3741 ablatisquc
1140 3670 1391 3724 testiculis
1429 3680 1523 3733 cst,
1556 3686 1658 3723 non
1690 3672 1910 3740 o/j’eretis
1957 3672 2065 3726 Do-

494 3762 661 3814 mino.
695 3761 987 3830 Disciplina
1009 3776 1139 3830 ergo
1162 3760 1352 3823 multa,
1377 3769 1431 3813 et
1453 3774 1575 3828 quae
1598 3760 1825 3815 decebat
1850 3761 2065 3832 legisla-

497 3858 695 3915 torem,
724 3852 790 3906 ad
838 3851 1003 3921 hujus
1040 3850 1450 3907 distinctionem
1495 3849 1763 3907 sermonis
1799 3866 1930 3907 usus
1960 3861 2063 3915 est.

493 3956 657 4010 quam
699 3949 755 3995 et
788 3942 844 3995 in
892 3942 1261 4011 superioribus
1299 3940 1563 3997 custodiri
1591 3949 1827 4010 oportet.
1862 3942 2066 3994 Aurem

492 4040 676 4088 autem
721 4040 1055 4101 amputatam
1092 4032 1278 4097 habet,
1309 4032 1402 4101 qui
1450 4031 1834 4087 inobedientiae
1874 4031 2067 4086 morbo

493 4123 737 4196 languet,
771 4124 863 4193 qui
907 4123 1339 4177 detractionibus
1382 4121 1599 4192 gaudet,
1634 4122 1726 4191 qui
1766 4122 2067 4176 delectatur

494 4216 748 4285 turpibus
778 4214 1080 4279 auditibus,
1110 4213 1204 4283 qui
1240 4214 1408 4268 bonos
1452 4228 1733 4268 sermones
1761 4222 2061 4267 aversatur.

492 4306 736 4360 Cantiam
771 4313 1102 4373 amputatam
1138 4304 1321 4367 habet,
1352 4303 1442 4371 qui
1478 4304 1546 4357 de
1572 4302 1887 4358 novissimis
1915 4302 2064 4372 cogi-

2176 1852 2429 1921 subjecit.
2473 1851 2629 1904 Alter“
2654 1859 2740 1903 est
2771 1847 3041 1917 siquidem
3072 1846 3165 1916 qui
3206 1846 3466 1916 paulatim
3505 1849 3752 1902 conteri-

2177 1953 2286 2007 tur,
2328 1951 2385 1998 et
2434 1942 2590 2005 alter,
2632 1939 2727 2010 qui
2773 1938 2958 1993 subito
3003 1937 3381 2007 semetipsum,
3432 1947 3594 2007 atque
3635 1954 3754 1994 una

2174 2032 2316 2087 mala
2333 2031 2547 2086 actione
2576 2030 2728 2100 prole
2759 2030 3024 2083 virtutum
3058 2027 3257 2096 privat,
3288 2028 3750 2096 quemadmodum

2175 2123 2384 2187 Simon,
2417 2121 2669 2192 pecuniis
2700 2134 2884 2175 emere
2922 2119 3128 2173 donum
3160 2118 3251 2172 Dei
3284 2120 3549 2173 :estimans
3580 2120 3623 2184 ³,
3650 2131 3748 2174 est

2175 2215 2404 2268 cﬂ'eclus
2451 2229 2483 2267 a
2531 2222 2680 2267 sorte
2728 2212 2848 2281 ejus
2898 2211 3130 2264 alienus.
3179 2208 3287 2264 Sed
3338 2225 3498 2263 unam
3542 2211 3754 2265 harum

2173 2305 2511 2360 macularum
2554 2303 2849 2373 quispiam,
2878 2302 2963 2356 vel
3002 2316 3151 2356 nunc
3186 2300 3478 2366 dictatum,
3503 2301 3591 2356 vel
3622 2317 3756 2371 quze

2172 2396 2385 2465 pridem
2431 2393 2898 2449 dinumeravimus
2942 2392 3183 2460 habens,
3225 2401 3321 2447 aut
3364 2394 3754 2448 mandatorum

2172 2494 2257 2541 est
2301 2493 2577 2555 operator,
2627 2494 2684 2539 et
2729 2492 3016 2553 propterea
3063 2484 3268 2538 vitulus
3305 2499 3320 2537 :
3361 2492 3457 2537 aut
3492 2484 3750 2553 simplex,

2171 2588 2228 2632 et
2272 2578 2391 2631 ovis
2431 2577 2737 2647 appellatur
2782 2590 2847 2629 ex
2897 2576 3020 2637 hoc,
3066 2576 3369 2629 secundum
3414 2577 3556 2644 quod
3606 2576 3749 2631 LXX

2171 2669 2361 2733 edunt,
2411 2683 2511 2736 pro
2551 2682 2618 2721 eo
2657 2667 2801 2736 quod
2846 2674 3034 2720 nostra
3077 2666 3363 2721 translatio
3404 2667 3563 2721 habet
3601 2687 3613 2721 :
3650 2666 3746 2719 Vo-

2172 2760 2403 2813 luntarie
2450 2760 2625 2827 offerri
2665 2767 2851 2826 potest.
2901 2756 3131 2812 Occides
3175 2772 3239 2811 ea
3284 2757 3643 2827 tibimetipsi;
3690 2767 3752 2812 ut

2170 2868 2279 2906 non
2309 2850 2456 2904 omni
2499 2850 2661 2904 modo
2702 2850 2822 2904 illos
2851 2864 3189 2911 aversemur,
3226 2865 3330 2903 nec
3369 2850 3423 2902 in
3456 2859 3610 2918 parte
3640 2849 3753 2901 ini-

2169 2943 2297 2997 mici
2327 2942 2673 3010 deputemus,
2699 2941 2793 2994 sed
2818 2942 3112 2995 doceamus
3132 2956 3248 3003 eos,
3273 2951 3327 2995 et
3352 2941 3751 2995 exbortemur:

2168 3034 2420 3103 Nunquid
2443 3034 2533 3101 qui
2562 3033 2721 3093 cadit,
2752 3048 2853 3085 non
2885 3033 3100 3101 adiiciet
3136 3042 3194 3086 ut
3224 3042 3485 3103 resurgat,
3520 3043 3618 3086 aut
3658 3035 3756 3102 qui

2169 3142 2382 3180 aversus
2424 3134 2501 3179 est
2546 3141 2648 3178 non
2678 3134 2965 3177 revertetur
2991 3124 3050 3177 ‘?
3085 3122 3272 3179 Occidi
3315 3133 3497 3178 autem
3546 3125 3757 3178 dicun-

2171 3232 2260 3277 tur
2306 3221 2615 3277 mortilicati
2649 3230 2877 3291 peccato
2940 3234 3039 3289 per
3091 3219 3540 3281 admonitionem,
3573 3228 3634 3272 ut
3660 3220 3759 3287 ju-

2171 3314 2334 3369 stitiaa
2392 3313 2597 3369 vivant.
2654 3311 2748 3368 lla:
2788 3320 2967 3365 autem
3034 3310 3360 3374 occisiones,
3415 3311 3580 3365 nobis
3645 3310 3759 3364 illis

2170 3405 2299 3461 licet
2336 3404 2703 3465 commisceri,
2749 3402 2846 3457 sed
2876 3417 2976 3471 pro
3002 3411 3130 3457 voto
3171 3418 3278 3455 non
3327 3401 3626 3456 offeramus
3659 3415 3760 3457 eas

2168 3494 2303 3558 Deo,
2334 3495 2386 3549 id
2416 3505 2500 3549 est
2528 3495 2594 3549 ad
2629 3493 2992 3548 ministerium
3027 3493 3149 3561 ejus
3184 3494 3469 3563 mysticum
3506 3508 3618 3546 non
3658 3507 3759 3547 eas

2170 3586 2510 3641 ordinemus.
2561 3586 2703 3655 Ergo
2746 3583 3039 3653 quamlibet
3082 3582 3459 3653 praedictarum
3507 3584 3759 3638 macula.

2170 3692 2290 3731 rum
2323 3677 2609 3740 habentes,
2646 3676 2690 3729 si
2726 3674 3104 3745 paenitentiam
3144 3675 3355 3745 egerint
3383 3689 3552 3743 super
3574 3689 3667 3738 ea,
3700 3685 3760 3729 et

2168 3768 2335 3822 occisi
2390 3767 2597 3821 fuerint
2650 3766 3066 3821 mortificatione
3115 3766 3327 3836 peccati
3380 3765 3760 3835 suscipiamus

2167 3852 2388 3929 quidem
2433 3873 2551 3919 eos,
2594 3865 2650 3912 et
2690 3856 2997 3910 membrum
3032 3856 3339 3910 communis
3366 3856 3619 3925 corporis
3653 3856 3761 3911 ha-

2166 3947 2394 4002 beamus
2420 3963 2438 3999 :
2468 3946 2595 4016 quia
2626 3942 2864 3998 Christus
2892 3946 3030 3999 venit
3058 3946 3116 3998 in
3145 3946 3284 3998 [tunc
3320 3947 3593 4009 inundans,
3624 3962 3757 4013 pee-

2167 4046 2369 4090 catores
2415 4035 2587 4090 salvos
2636 4037 2811 4105 facere
2837 4036 2879 4101 ';
2929 4036 3120 4089 altario
3171 4045 3355 4090 autem
3399 4036 3589 4090 offerri
3640 4053 3755 4092 non

2167 4127 2311 4181 licet.
2352 4126 2481 4188 llac,
2530 4136 2590 4180 ut
2630 4135 2787 4194 puto,
2835 4126 3191 4182 distinctione
3229 4137 3285 4182 et
3327 4128 3549 4194 Paulus,
3612 4132 3756 4184 seri-

2167 4218 2305 4271 bens
2369 4217 2439 4271 ad
2492 4214 2830 4278 Coninthios,
2886 4233 3019 4272 usus
3075 4227 3203 4272 est:
3248 4219 3450 4287 Scripsi
3502 4220 3652 4274 vobis
3699 4223 3758 4274 in

2167 4304 2411 4374 epistola,
2445 4321 2549 4358 non
2575 4306 2900 4361 commisceri
2931 4308 3249 4377 fornicariis,
3284 4325 3385 4362 non
3415 4310 3603 4374 utique
3642 4312 3756 4379 for-

493 4403 595 4455 tat,
629 4394 754 4461 quia
798 4393 968 4447 cauda
1018 4403 1102 4449 est
1152 4402 1392 4448 extrema
1442 4409 1565 4463 pars
1609 4392 1874 4464 corporis.
1925 4390 2064 4446 Sunt
2094 4414 2136 4466 υ
2170 4396 2388 4450 nicariis
2414 4396 2596 4449 mundi
2631 4395 2811 4462 liuius,
2841 4406 2936 4450 aut
2963 4399 3162 4461 cultris,
3191 4409 3285 4451 aut
3308 4401 3624 4468 rapacibus.
3656 4411 3757 4453 aut

492 4499 627 4554 ergo
662 4483 879 4553 preprie
910 4482 1137 4539 caudam
1168 4493 1499 4553 amputatam
1546 4485 1826 4548 habentes,
1860 4482 1954 4553 qui
1997 4497 2060 4536 ea

491 4592 615 4647 quae
657 4586 786 4631 sunt
837 4575 1155 4640 novissima,
1196 4576 1406 4643 abjecta
1453 4592 1516 4630 ac
1568 4576 1714 4638 vilia,
1743 4584 1797 4628 et
1839 4574 2059 4628 minima

491 4667 760 4737 pendunt,
800 4668 893 4736 qui
936 4668 1069 4722 nihil
1110 4669 1329 4722 sibimet
1368 4669 1419 4721 in
1453 4668 1652 4721 futuris
1690 4665 1900 4721 saeculis
1937 4665 2057 4720 the-

491 4759 791 4815 saurizant.
818 4761 911 4829 qui
956 4760 1152 4814 futuris
1193 4775 1303 4813 non
1343 4758 1649 4827 provident,
1691 4756 1783 4825 qui
1816 4755 2005 4810 dicunt
2039 4773 2055 4810 :

489 4849 864 4905 Manducemus
905 4860 955 4904 et
1006 4850 1263 4912 bibamus,
1322 4865 1439 4902 cras
1486 4849 1625 4902 enim
1665 4848 1947 4901 moriemur
1988 4848 2057 4901 ⁸⁸.

488 4942 755 4997 Contritis
788 4941 1053 4997 testiculis
1080 4950 1186 5004 est,
1217 4940 1308 5009 qui
1346 4939 1602 5008 paulatim
1633 4947 1914 4994 crescente
1942 4955 2058 4995 ma-

489 5032 627 5097 litia,
662 5031 896 5088 conterit
933 5045 1085 5084 suam
1122 5030 1177 5084 in
1210 5030 1501 5085 virtutibus
1538 5031 1768 5099 prolem,
1797 5039 1853 5084 et
1882 5028 2058 5100 signa,

485 5137 588 5191 per
617 5137 738 5191 quae
771 5122 852 5176 vir
890 5120 1067 5191 possit
1108 5119 1351 5189 agnosci.
1382 5120 1484 5184 Qui
1519 5129 1576 5176 et
1613 5130 1760 5179 recte
1804 5121 2060 5191 reproba-

489 5223 598 5276 tur,
648 5213 775 5282 quia
833 5211 1158 5283 sibimetipsi
1209 5212 1263 5266 in
1317 5212 1516 5268 talibus
1560 5213 1786 5275 necuit,
1840 5213 1909 5267 de
1954 5227 2063 5280 quo

489 5304 624 5359 dixit
660 5306 827 5363 David
864 5326 875 5360 :
909 5307 1049 5364 Dum
1093 5309 1519 5378 confringantur'
1544 5306 1720 5359 omnia
1764 5321 1881 5359 essu
1919 5321 2058 5369 utea,

491 5396 938 5467 exprobraverum
959 5418 1040 5455 me
1062 5402 1153 5471 qui
1187 5399 1450 5478 tribulam.
1473 5414 1554 5451 me
1578 5397 1644 5451 ”.
1677 5396 1872 5453 Tonsis
1905 5395 2061 5451 testi-

567 5602 615 5633 "
646 5612 785 5664 l’sal.
810 5630 953 5672 xux,
984 5619 1068 5671 l6.
1174 5622 1220 5650 ⁹⁶
1244 5620 1404 5673 Prov.
1435 5637 1511 5678 Vl.
1534 5618 1586 5674 6.

1692 5619 1777 5672 "I
1808 5620 1934 5674 Cor.
1968 5636 2044 5681 vi,
2074 5618 2161 5674 i8.

2172 4488 2326 4543 idolis
2372 4486 2738 4547 servientibus,
2783 4488 3077 4541 debueratis
3121 4488 3261 4541 enim
3303 4505 3367 4543 ea:
3409 4488 3507 4542 hoc
3548 4493 3756 4543 mundo

2171 4579 2353 4632 exisse.
2385 4576 2537 4630 Nunc
2566 4587 2742 4630 autem
2770 4577 2955 4644 scripsi
2988 4577 3130 4630 vobis
3164 4593 3266 4630 non
3299 4578 3655 4631 commisceri.
3696 4578 3755 4631 Si

2169 4670 2214 4723 is
2242 4668 2332 4737 qui
2359 4669 2523 4738 frater
2547 4668 2868 4729 nominatur,
2895 4676 2989 4720 aut
3021 4668 3311 4736 fornicator
3337 4677 3432 4729 est,
3463 4677 3558 4719 aut
3592 4668 3754 4722 idolis

2171 4759 2417 4823 serviens,
2460 4766 2554 4811 aut
2614 4774 2839 4822 avarus,
2884 4761 3169 4824 detractor,
3206 4767 3300 4812 aut
3345 4759 3611 4821 ebriosus,
3657 4770 3752 4812 ut

2172 4864 2365 4917 rapax,
2395 4865 2516 4903 cum
2549 4849 2851 4918 hujusntodi
2883 4865 2974 4903 nec
3007 4850 3177 4903 cibum
3210 4866 3418 4904 sumere
3440 4852 3483 4902 ⁸.
3525 4848 3753 4904 Fratres

2167 4940 2460 4995 nominans
2508 4939 2637 5005 illic,
2685 4953 2782 4995 eos
2831 4939 2927 5008 qui
2976 4939 3172 4993 altario
3228 4939 3560 5000 ministrant,
3620 4941 3750 5008 quia

2168 5029 2402 5085 maxime
2434 5043 2550 5089 eos,
2582 5028 2674 5098 qui
2716 5029 2982 5084 doctrinae
3020 5030 3197 5085 sortiti
3230 5037 3360 5085 sunt
3395 5029 3748 5099 dignitatem.

2167 5130 2222 5177 et
2264 5121 2463 5191 quibus
2506 5135 2742 5191 praeesse
2786 5122 3003 5190 populis
3043 5122 3312 5177 creditum
3345 5129 3447 5176 est.
3493 5120 3559 5175 lli
3603 5122 3749 5177 enim

2169 5212 2213 5267 si
2247 5213 2377 5283 quid
2413 5213 2518 5268 tale
2563 5212 2875 5271 habuerint,
2909 5213 3087 5268 modis
3125 5212 3381 5269 omnibus
3408 5222 3633 5283 oportet
3663 5229 3750 5268 so-

2169 5304 2423 5359 cietatem
2482 5318 2673 5358 eorum
2725 5304 2965 5358 aversari
3013 5323 3026 5358 :
3078 5305 3206 5374 quia
3259 5320 3427 5375 super
3484 5306 3747 5375 populum

2169 5396 2446 5451 abundare
2472 5395 2768 5450 virtutibus
2794 5396 2850 5450 hi
2872 5396 2961 5465 qui
2986 5406 3246 5467 praesunt,
3266 5412 3495 5452 necesse
3521 5398 3747 5460 habent,

2260 5618 2490 5674 "ICor.
2526 5635 2612 5681 xv,
2642 5619 2732 5673 52.
2835 5621 2879 5652 θ’
2908 5615 2999 5677 Ps.
3044 5634 3152 5686 XLI,
3186 5617 3272 5672 11.
3352 5617 3371 5651 ⁸
3403 5616 3497 5674 Ps.
3531 5619 3749 5689 “11,3.

499 5677 587 5735 t5.
661 5680 848 5736 ‘ihid.
928 5686 1359 5756 'Act.vm,‘lU.
1436 5677 1572 5745 res.
1603 5706 1690 5757 χι,
1733 5691 1785 5746 9.
1863 5677 2066 5746 iuri.

2176 5732 2189 5758 ,
2220 5688 2305 5744 15.
2383 5690 2447 5743 ‘l
2482 5677 2610 5744 Cor.
2641 5705 2695 5758 γ,
2730 5689 2883 5744 942.
