4038 6182
313 218 449 287 1077

1438 220 1525 286 IN
1559 216 1997 283 LEVITICUM.
2035 242 2102 254 -
2140 214 2287 275 LIB.
2317 212 2420 276 Vl.

3446 207 3580 272 1073

309 348 369 395 et
409 339 519 411 ipsi
562 341 795 397 maxime
836 356 959 398 esse
998 341 1119 398 sine
1166 340 1403 397 macula.
1446 337 1581 393 Nam
1621 335 1897 408 quomodo
1926 341 1968 396 A
1998 349 2085 404 ges
2118 331 2305 385 matris
2335 339 2438 383 tute
2462 327 2525 380 “-
2551 326 2781 393 Quando
2816 339 2943 395 θτεο
2973 325 3168 397 aliquis
3192 324 3364 396 Βωῑίθ
3398 323 3579 381 EVM‘

312 431 447 486 alias
475 433 773 488 emundare
804 449 834 488 a
870 433 1269 504 pollutionibus
1297 430 1567 503 possunt?
1599 430 1668 485 de
1695 428 1894 499 quibus

313 521 432 577 haec
459 523 734 592 legislator
763 525 1023 595 praecepit
1051 543 1064 578 :
1100 525 1166 579 Et
1195 526 1251 579 in
1284 534 1427 579 terra
1456 533 1626 578 vestra
1657 522 1751 575 hoc
1781 537 1896 573 om-

313 615 439 667 nino
464 630 568 668 non
597 616 835 685 faciatis.
854 626 902 670 et
927 618 993 670 de
1016 633 1180 671 manu
1206 615 1515 687 alienigena:
1542 632 1642 669 non
1674 612 1896 683 oﬂ'eretis

312 721 478 774 partes
526 705 751 761 Domino
793 707 899 761 Deo
949 718 1141 772 uestro,
1174 721 1223 763 et
1268 708 1523 779 quidquid
1568 707 1717 760 aliud
1768 706 1899 759 dare

314 796 595 860 valuerint,
640 799 765 868 quia
817 811 1070 868 corrupta
1120 808 1170 854 et
1216 801 1487 854 maculata
1534 808 1653 852 sunt
1696 797 1897 861 omnia,

314 904 419 941 non
448 890 744 960 suscipietis
768 907 856 944 ea.

387 978 501 1034 Nec
538 995 642 1035 nos
675 996 807 1052 ergo
842 982 899 1035 in
941 989 1086 1037 terra
1119 991 1306 1037 nostra
1339 982 1667 1052 quibusdam
1709 982 1899 1037 talium

317 1071 660 1126 macularum
687 1073 927 1127 studium
959 1074 1173 1129 demus.
1200 1073 1299 1128 Est
1326 1081 1508 1129 autem
1539 1083 1679 1129 terra
1712 1084 1900 1130 nostra

317 1162 467 1218 bona
520 1165 889 1231 conversatio,
940 1181 1062 1235 quae
1106 1176 1379 1236 praecepta
1425 1175 1509 1223 est
1549 1183 1646 1237 per
1688 1167 1901 1222 divinas

318 1254 656 1324 Scripturas,
681 1270 842 1325 quam
867 1274 895 1310 a
920 1257 1032 1312 Deo
1061 1258 1243 1312 colere
1267 1258 1634 1329 percepimus.
1660 1256 1772 1312 Sed
1800 1273 1905 1313 nec

319 1346 662 1417 alienigenae,
696 1349 955 1404 videlicet
983 1347 1075 1417 qui
1107 1348 1305 1403 doctus
1336 1358 1443 1413 est,
1482 1357 1540 1403 et
1566 1349 1810 1420 adjectus
1836 1349 1904 1404 de

320 1436 476 1501 foris,
511 1437 635 1493 talia
679 1440 823 1494 dona
869 1438 980 1494 Deo
1020 1437 1276 1494 offerenti
1316 1439 1480 1494 medii
1524 1441 1697 1495 simus
1731 1457 1744 1493 :
1776 1440 1903 1509 quia

321 1530 602 1599 corruptio
633 1528 690 1584 in
717 1530 797 1584 eis
829 1539 933 1594 est,
961 1544 1064 1585 nos
1089 1538 1277 1583 autem
1305 1529 1417 1584 Deo
1445 1530 1764 1600 incorrupto
1788 1545 1906 1584 ser—

318 1619 500 1674 vimus
549 1638 565 1674 :
608 1622 877 1675 maculam
933 1621 1159 1686 habent,
1201 1636 1307 1676 nos
1347 1629 1532 1676 autem
1571 1620 1624 1675 in
1668 1620 1902 1676 Ecclesia

1995 424 2117 493 gelii
2144 430 2437 496 generatus
2470 420 2654 485 fuerit,
2697 420 2996 474 secundum
3037 419 3178 488 quod
3211 420 3285 473 ait
3334 418 3534 472 Paulus
3568 437 3583 475 :

1995 517 2059 571 In
2093 514 2300 572 Christo
2326 515 2466 568 enim
2481 512 2602 568 Jesu
2637 527 2730 583 per
2760 510 3103 581 Euangelium
3120 527 3212 579 ego
3235 526 3320 563 vos
3341 510 3494 580 genui
3515 511 3580 574 ¹¹,

1998 607 2102 661 sub
2162 602 2490 675 intelligibili
2530 610 2703 655 matre
2738 599 3001 659 Ecclesia,
3029 598 3113 651 vel
3150 597 3319 667 gratia
3371 604 3581 664 septem

1998 700 2135 761 dies,
2199 705 2369 752 totam
2427 694 2681 749 videlicet
2735 698 3061 761 praesentem
3117 688 3306 746 vitam,
3347 701 3468 755 qua!
3526 686 3581 739 in

1998 799 2208 861 septem
2231 786 2346 845 dies
2367 786 2621 845 volvitur.
2645 783 2750 838 erit
2778 782 2985 853 legibus
2999 782 3116 850 ejus
3134 788 3189 833 et
3206 778 3583 833 sanctionibus

1996 882 2281 939 obediens.
2310 870 2404 935 Sic
2448 878 2598 934 enim
2642 885 2833 933 octava
2869 874 2977 933 die.
3004 874 3058 927 in
3103 882 3353 941 tempore
3394 886 3581 926 resur-
3621 943 3627 949 _

2007 973 2306 1035 rectionis,
2355 971 2560 1025 donum
2614 969 2721 1024 erit
2768 977 2824 1021 et
2874 967 3049 1021 hostia
3112 963 3342 1018 Domino
3393 976 3407 1016 :
3458 961 3583 1032 quia

2002 1054 2310 1135 lt'ujusmodi
2351 1077 2461 1117 non
2491 1061 2666 1115 solum
2698 1059 2926 1124 animas,
2963 1057 3059 1112 sed
3086 1064 3142 1111 et
3160 1069 3390 1126 corpora
3418 1053 3586 1109 sacri~

2003 1156 2183 1210 licium
2253 1160 2505 1208 sanctum
2551 1150 2919 1220 placitumque
2956 1147 3215 1217 suscepit.
3269 1144 3352 1200 Tn
3398 1151 3595 1198 autem-

2001 1255 2224 1317 propter
2244 1245 2349 1299 hoc
2381 1242 2525 1313 Quod
2563 1241 2812 1311 sequitur
2834 1240 2982 1295 disce
3007 1257 3021 1292 :
3045 1237 3167 1293 Sive
3204 1236 3297 1291 ille
3325 1237 3449 1307 bos,
3480 1236 3587 1289 sive

2002 1338 2096 1391 illa
2130 1338 2262 1401 ovis,
2288 1352 2389 1390 non
2416 1333 2829 1388 immolabantur
2853 1348 2959 1385 una
2985 1332 3070 1385 die
3092 1346 3209 1384 cum
3242 1328 3431 1399 fetibus
3452 1328 3582 1381 suis.

2074 1426 2175 1484 llic
2203 1424 2520 1480 nominibus
2549 1423 2683 1495 ipsis
2713 1422 2858 1477 aliud
2903 1436 3095 1476 rursus
3143 1418 3404 1475 ostendit;
3466 1416 3590 1471 Non

2003 1528 2219 1589 oportet
2264 1517 2412 1572 enim
2463 1531 2582 1580 eos,
2636 1515 2731 1586 qui
2770 1513 2979 1569 Pascha
3021 1512 3395 1582 evangelicum
3441 1511 3588 1564 cele-

2006 1612 2184 1674 brant,
2219 1609 2366 1679 quod
2417 1607 2575 1663 nobis
2605 1605 2843 1661 Ecclesia
2885 1604 3125 1669 tradidit,
3176 1603 3343 1674 legale
3383 1601 3588 1655 Pascha

319 1711 709 1779 ministramns,
734 1713 822 1770 cui
850 1713 1055 1769 dictum
1082 1721 1168 1767 est
1197 1728 1226 1766 a
1252 1727 1454 1782 sponso
1475 1732 1488 1766 :
1513 1712 1639 1767 Tota
1675 1711 1894 1780 pulchra
1935 1694 1976 1748 Β
2006 1717 2281 1773 peragere.
2312 1701 2456 1771 quod
2481 1701 2676 1756 bovem
2713 1707 2769 1754 et
2789 1713 2946 1754 ovem
2970 1697 3245 1770 legislator
3285 1696 3474 1750 dicens
3514 1693 3587 1746 si-

317 1816 390 1865 es,
423 1804 664 1869 proxima
702 1821 841 1868 mea,
874 1814 922 1858 et
955 1804 1166 1859 macula
1199 1821 1301 1858 non
1328 1814 1402 1858 est
1437 1806 1493 1859 in
1526 1817 1575 1858 te
1603 1805 1644 1858 ".
1688 1804 1762 1859 De
1790 1819 1895 1872 qua

317 1893 520 1951 Paulus
557 1895 774 1952 dicebat
809 1916 823 1952 :
860 1899 921 1953 Ut
955 1898 1211 1951 exhiberet
1256 1898 1355 1952 sibi
1385 1897 1671 1968 gloriosam
1712 1895 1896 1951 Eccle-

314 1987 453 2038 siam
476 2003 579 2039 non
602 1987 876 2041 habentem
904 1987 1190 2051 maculam,
1221 1998 1315 2042 aut
1340 2005 1549 2059 rugam,
1573 1997 1667 2041 aut
1692 1987 1898 2058 aliquid

314 2076 617 2145 hujusmodi
642 2078 685 2130 ⁸.
730 2076 956 2148 Propter
982 2080 1129 2149 quod
1159 2080 1298 2133 nihil
1324 2080 1595 2135 maculam
1632 2080 1841 2135 habens
1866 2095 1897 2133 a

318 2168 478 2222 nobis
518 2168 630 2223 Deo
660 2169 946 2225 offeretur.

387 2262 551 2316 Vens.
572 2262 754 2319 26-28.
784 2283 802 2314 ‹
828 2263 1173 2334 Locutnsqne
1192 2274 1278 2321 est
1301 2265 1562 2319 Dominus
1580 2263 1648 2318 ad
1672 2262 1893 2334 Moysen

315 2350 553 2407 dicens:
590 2351 712 2417 Bos,
758 2354 898 2418 ovis,
944 2366 1000 2408 et
1044 2369 1228 2424 capra,
1269 2369 1393 2407 cum
1437 2354 1620 2425 genita
1671 2354 1893 2418 fuerint,

318 2453 528 2511 septem
577 2442 771 2499 diebus
813 2457 974 2499 erunt
1027 2446 1131 2499 sub
1171 2446 1339 2499 ubere
1386 2446 1577 2501 matris
1625 2461 1761 2501 sum.
1799 2446 1897 2501 Die

316 2542 505 2589 autem
531 2545 742 2601 octavo,
762 2547 817 2591 et
840 2537 1123 2608 deinceps,
1146 2538 1332 2593 offerri
1363 2549 1619 2608 poterunt
1645 2538 1894 2607 Domine,

316 2622 436 2678 sive
462 2625 555 2679 ille
584 2626 705 2687 bos,
739 2626 856 2681 sive
890 2628 978 2681 illa
1011 2628 1149 2694 ovis,
1177 2644 1286 2682 non
1317 2629 1747 2685 immolabantur
1790 2648 1897 2685 una

318 2714 408 2769 die
439 2729 564 2769 cum
596 2715 799 2772 fetibus
828 2717 964 2771 suis.
1002 2736 1021 2769 ι

389 2805 565 2860 Mater
588 2807 768 2862 omnis
794 2809 1048 2864 animalis
1082 2811 1268 2881 utique.
1297 2823 1491 2866 natura
1531 2821 1633 2873 est,
1664 2813 1768 2867 sub
1798 2815 1898 2869 hac

316 2912 484 2952 omne
531 2914 705 2969 genus
753 2900 1059 2970 hominum,
1111 2912 1461 2981 peccatorum
1501 2915 1555 2959 et
1601 2906 1898 2975 justorutn,

1997 1794 2216 1866 gniﬁcat
2242 1812 2256 1849 ε
2286 1793 2413 1863 quia
2443 1794 2560 1849 haec
2587 1792 2848 1864 prmeepit
2880 1791 3091 1863 Moyses
3120 1790 3176 1844 in
3210 1789 3299 1844 die
3336 1788 3585 1849 Pascbm,

1997 1887 2141 1957 quod
2168 1885 2426 1940 traditum
2472 1893 2557 1940 est
2603 1883 2809 1941 Judaeis
2855 1883 3157 1947 immolare,
3189 1881 3265 1935 ait
3300 1880 3485 1935 enim:
3520 1877 3588 1931 Et

1998 1977 2298 2032 itnmolabis
2327 1975 2534 2030 Pascha
2566 1974 2792 2028 Domino
2821 1972 2930 2027 Deo
2968 1986 3077 2038 tuo,
3106 1988 3222 2025 oves
3257 1981 3302 2024 et
3331 1970 3478 2023 boves
3505 1967 3546 1997 ¹³
3571 1986 3585 2019 :

1998 2070 2142 2123 sicut
2193 2065 2602 2122 Deuteronomii
2656 2066 2793 2120 liber
2853 2063 3146 2120 ostendere
3171 2071 3370 2131 potest.
3423 2061 3590 2115 Fetus

1997 2167 2181 2214 autem
2236 2159 2452 2219 horum,
2492 2157 2715 2212 Paschtc
2758 2156 2943 2226 hujus,
3007 2156 3121 2209 sive
3161 2152 3370 2207 Veteris
3396 2151 3591 2207 Testa-

2001 2253 2190 2313 tnenti,
2224 2261 2279 2308 et
2324 2251 2444 2322 ejus
2468 2268 2588 2322 quae
2638 2252 2689 2305 in
2724 2250 2908 2322 ﬁguris
2956 2260 3043 2305 est
3065 2249 3416 2304 traditionis:
3452 2248 3589 2304 dixit

1999 2345 2146 2400 enim
2181 2344 2326 2399 fetus
2350 2344 2488 2413 ejus,
2521 2342 2857 2397 Dominienm
2907 2342 3073 2414 igitur
3101 2340 3334 2399 Pascha.
3366 2348 3591 2411 pmpter

2000 2437 2296 2491 novitatem
2316 2436 2597 2505 temporis,
2629 2444 2683 2489 ct
2710 2437 2835 2505 quia
2868 2434 2934 2489 ad
2973 2434 3442 2488 conﬁrmationem
3489 2448 3587 2485 ve-

2003 2522 2179 2582 ritatis
2214 2527 2439 2597 ﬁguram
2490 2527 2823 2596 prtcccdcns,
2875 2525 3047 2578 multo
3100 2540 3223 2579 eum
3277 2521 3590 2593 significans

2003 2630 2249 2689 tempore
2292 2618 2749 2688 quemadmodum
2801 2616 3134 2687 parturiens,
3186 2625 3332 2669 recte
3395 2628 3588 2684 parere

2001 2711 2219 2766 dicitur.
2245 2710 2363 2764 Non
2392 2724 2523 2780 ergo
2562 2718 2818 2779 oportere
2849 2725 2948 2761 ttos
2985 2708 3251 2762 habentes
3298 2706 3352 2760 in
3409 2706 3587 2761 mani-

2002 2803 2126 2865 bus,
2157 2811 2213 2856 et
2239 2811 2684 2857 consummantes
2716 2816 2902 2854 verum
2944 2799 3283 2870 mysterium,
3320 2798 3473 2867 sequi
3524 2800 3588 2849 li-

2005 2910 2189 2965 guras,
2215 2909 2337 2965 quae
2361 2893 2616 2963 praedicta
2637 2901 2773 2947 sunt
2803 2894 3218 2947 demonstrant:
3242 2906 3419 2960 neque
3441 2890 3587 2943 enim

316 2995 534 3059 septem
569 2989 763 3046 diebus
789 3002 894 3057 εει,
926 2995 994 3049 ab
1022 3003 1210 3049 octava
1245 2980 1429 3050 πιθα,
1459 2995 1568 3065 iam
1604 3012 1737 3050 ῃοη,
1764 2997 1899 3053 Nam
1929 3025 1971 3082 ϐ
1996 2992 2089 3043 est
2112 2984 2361 3054 ejusdem
2394 2985 2656 3052 temporis
2688 3001 2702 3037 :
2736 2984 2829 3037 sed
2858 2983 3001 3038 aliud
3045 2982 3264 3053 quidem
3310 2980 3590 3082 pertinere

315 3080 419 3135 etsi
450 3092 707 3151 operator
731 3086 855 3154 quis
884 3085 957 3140 sit
985 3088 1387 3155 mandatorum,
1412 3088 1500 3143 vel
1530 3087 1783 3159 simplex,
1814 3090 1900 3144 vel
1918 3125 1945 3136 -

315 3181 595 3241 peccator,
641 3182 737 3229 aut
773 3190 844 3230 ex
889 3187 1198 3246 peccatore,
1232 3187 1442 3247 septem
1483 3177 1694 3244 diebus,
1731 3178 1784 3235 id
1821 3187 1905 3235 est

317 3278 485 3318 onme
539 3279 785 3334 praesens
837 3269 1139 3333 smculnm,
1192 3277 1410 3338 oportet
1456 3284 1580 3324 eum
1630 3270 1905 3325 sustinere

318 3369 665 3426 quaecunque
720 3367 918 3414 natura
968 3361 1278 3427 desiderat,
1329 3364 1793 3432 quemadmodum
1831 3372 1906 3439 ,ει

322 3446 392 3499 de
420 3446 700 3528 Salvatore
734 3449 917 3506 dicere
948 3454 1297 3523 praesumpsit
1327 3455 1549 3517 Paulus,
1580 3457 1901 3526 ostendens,

321 3538 451 3607 quia
496 3554 560 3594 ex
615 3551 802 3596 nostra
852 3552 1049 3599 natura
1097 3546 1398 3601 secundum
1453 3563 1673 3603 carnem
1730 3549 1905 3605 factus

321 3630 529 3705 absque
572 3641 819 3701 peccato,
854 3635 1038 3690 omnia
1073 3651 1270 3706 passus
1311 3646 1395 3694 est
1439 3655 1561 3708 qute
1599 3650 1757 3696 erant
1806 3659 1907 3698 na-

322 3721 670 3790 tttrae’.Qnia
726 3733 908 3781 autem
971 3727 1125 3797 pueri
1179 3730 1726 3787 communicaverunt
1778 3750 1907 3789 san-

322 3812 489 3880 guine
516 3823 573 3868 et
602 3829 788 3880 carne,
822 3816 1075 3875 similiter
1099 3827 1155 3874 et
1184 3819 1276 3875 ille
1305 3822 1657 3893 participavit
1684 3824 1901 3882 iisdem.

321 3903 429 3957 Sed
458 3905 680 3973 quando
718 3908 883 3964 vitam
918 3920 1267 3980 praesentem!
1286 3913 1494 3984 egressi
1530 3914 1821 3984 fuerimus,
1852 3930 1908 3975 et

323 3994 378 4048 in
426 3995 514 4051 die
562 4000 705 4054 bona
756 4011 1095 4058 mortuorum
1147 4008 1569 4065 resurrectionis
1616 4013 1903 4068 constituti

300 4086 611 4158 'l‘tterimus,
644 4107 709 4147 ex
746 4103 894 4160 tunc,
923 4104 979 4150 et
1010 4095 1291 4168 deinceps,
1326 4113 1491 4155 omne
1524 4101 1785 4157 saeculum
1821 4103 1906 4157 l’u—

325 4190 506 4235 turum
542 4198 651 4237 non
676 4184 789 4253 jam
817 4186 918 4240 sub
956 4194 1148 4255 matre,
1180 4204 1301 4258 quae
1337 4190 1480 4246 dicta
1507 4201 1612 4256 est,
1649 4192 1856 4263 erimus
1889 4212 1902 4248 :

321 4288 502 4343 neque
548 4275 695 4330 enim
743 4277 832 4331 hic
877 4280 1218 4336 naturalibus
1259 4283 1683 4339 necessitatibus
1721 4284 1904 4352 subja-

2005 3076 2072 3131 ad
2104 3075 2355 3147 ﬁgurant,
2393 3075 2538 3130 aliud
2569 3085 2750 3131 autem
2785 3076 2849 3130 ad
2888 3076 3197 3138 veritatem,
3230 3072 3324 3143 qui
3360 3080 3591 3141 utraque

2005 3166 2235 3223 sancivit
2253 3170 2532 3238 praecepit.
2563 3167 2792 3238 Propter
2817 3168 2960 3237 quod
2978 3165 3323 3221 etztlbristus
3352 3165 3587 3234 primum

2005 3257 2304 3313 celebravit
2368 3258 2660 3329 ﬁgurarum
2692 3256 3097 3330 Pascltaa-post
3143 3272 3358 3312 coenam
3381 3269 3587 3315 autem.

2007 3349 2403 3420 intelligibilem
2435 3350 2617 3417 tradit,
2646 3360 2702 3406 et
2724 3360 3049 3423 angustante
3079 3366 3198 3406 eam
3224 3359 3469 3422 tempore
3492 3365 3592 3421 pro

2006 3442 2095 3497 die
2136 3442 2328 3497 horam
2382 3443 2820 3507 immutavit,ve'l
2858 3444 3030 3514 magis
3082 3443 3246 3497 etiam
3298 3443 3464 3507 diem,
3510 3441 3590 3499 sic

2006 3535 2151 3588 enim
2177 3534 2247 3590 ad
2287 3549 2593 3605 vesperam,
2621 3546 2830 3605 quartae
2873 3535 3099 3591 decimae
3128 3534 3256 3599 diei,
3283 3548 3440 3588 cmna
3486 3531 3585 3586 Ju-

2008 3627 2176 3682 daicze
2206 3627 2475 3696 paschalis
2507 3627 2815 3683 l'eStivitatis
2843 3626 3155 3682 celebratur
3179 3644 3192 3680 :
3220 3633 3344 3696 post
3371 3626 3475 3680 hoc
3495 3640 3590 3677 au-

2011 3722 2117 3768 tem
2158 3712 2407 3767 Christus
2437 3713 2709 3783 propriam
2747 3712 2966 3767 tradidit
2992 3727 3202 3767 caenam
3242 3729 3257 3766 :
3288 3719 3413 3782 post
3461 3725 3585 3763 ves-

2011 3816 2194 3869 peram
2231 3816 2359 3873 ergo
2385 3809 2591 3872 quartae
2617 3800 2842 3856 decimae
2869 3799 2974 3855 dici
3004 3799 3246 3855 tradidit.
3282 3799 3438 3866 Quod
3487 3812 3589 3851 au-

2010 3904 2116 3948 tem
2146 3904 2269 3963 post
2299 3910 2585 3965 vesperum
2601 3904 2684 3950 est
2719 3905 2950 3965 tempus,
2975 3893 3199 3951 alterius
3231 3894 3341 3950 diei
3375 3894 3588 3949 initium

2007 3984 2326 4039 omnimodo
2354 3993 2440 4041 est
2468 4005 2480 4039 :
2518 3984 2806 4055 oportebat
2843 3984 2988 4041 enim
3022 3986 3131 4040 ltoc
3158 3985 3274 4039 lieri
3307 3984 3373 4039 ad
3414 3996 3593 4040 osten-

2008 4073 2215 4128 sioncm
2266 4076 2525 4146 temporis
2555 4074 2680 4146 quia
2730 4077 2948 4146 quando
2992 4075 3161 4131 Vetus
3191 4076 3353 4131 finem
3402 4078 3589 4140 sumit.

2010 4172 2141 4218 tunc
2163 4162 2375 4218 Novum
2400 4165 2612 4235 incipit.
2646 4164 2911 4220 Antforte
2941 4163 3085 4220 fetus
3120 4164 3240 4219 illos
3268 4164 3352 4219 lex
3383 4164 3592 4235 signiti-

1997 4262 2115 4330 eat,
2146 4253 2212 4308 de
2236 4254 2437 4323 quibus
2460 4253 2623 4310 Isaias
2648 4256 2862 4310 dicebat
2893 4273 2907 4311 :
2945 4255 3083 4311 Puer
3119 4264 3275 4310 natus
3309 4266 3385 4311 est
3424 4256 3592 4335 nobis,

318 4363 588 4420 emimus.
615 4365 813 4422 Octava
835 4380 1011 4426 autem
1033 4371 1117 4426 die
1141 4374 1316 4443 οπεπὶ
1337 4377 1546 4444 ’,ορενὶιο
1573 4376 1729 4444 Quod
1758 4346 1902 4433 uix
1939 4359 1980 4413 ι)
2008 4346 2151 4415 [ilius
2175 4348 2332 4400 datus
2360 4357 2435 4401 est
2460 4348 2605 4403 nobis
2635 4348 2699 4402 ".
2727 4348 2791 4403 In
2814 4348 3093 4405 Christum
3117 4351 3263 4405 cnim
3300 4350 3416 4406 haec
3471 4367 3592 4421 qum

321 4454 404 4508 sic
430 4456 602 4512 edunt
630 4477 643 4511 :
680 4459 829 4515 Dona
865 4472 1041 4518 autem
1076 4465 1275 4521 hostias
1308 4468 1556 4532 Domino,
1591 4471 1643 4526 id
1671 4481 1754 4527 est
1783 4486 1908 4543 per-

323 4548 463 4602 fecta
498 4558 552 4603 et
590 4550 825 4619 integra.
861 4554 916 4609 bi
955 4556 1048 4626 qui
1088 4556 1143 4611 in
1178 4559 1278 4613 hac
1310 4559 1423 4618 vita
1458 4569 1912 4632 praeparaverunt

228 4650 245 4669 η
321 4640 655 4697 oblationem
695 4661 867 4700 suam.
902 4647 1198 4704 Sciendum
1237 4658 1325 4705 est
1353 4662 1561 4715 autem.
1591 4654 1739 4724 quod
1764 4670 1904 4725 quo-

321 4732 469 4786 niam
530 4735 807 4789 mutabilis
862 4749 945 4793 est
1009 4747 1195 4795 nostra
1257 4742 1403 4807 vita,
1464 4744 1907 4813 mutationesque

321 4823 522 4877 multas
578 4832 634 4878 et
679 4826 991 4882 voluntates
1041 4829 1293 4901 suscipit,
1333 4840 1527 4887 octava
1571 4833 1660 4887 die
1700 4833 1906 4888 oblatio

320 4923 569 4984 accepta,
601 4917 656 4969 in
686 4919 885 4974 saeculo
915 4920 1123 4975 scilicet
1155 4921 1342 4978 futuro
1374 4925 1464 4987 sit,
1500 4932 1727 4994 pr0pter
1758 4927 1902 4994 quod

320 5006 456 5061 dixit
501 5005 756 5062 Salomon
790 5027 805 5064 ε
845 5010 975 5065 Ante
1010 5023 1229 5068 mortem
1262 5032 1325 5068 ne
1364 5015 1546 5069 laudes
1589 5032 1903 5085 quemquam

321 5092 587 5147 hominum
611 5096 675 5149 ³⁸.
702 5096 840 5151 Cum
861 5108 1047 5154 autem
1075 5101 1188 5155 haec
1208 5102 1281 5157 ita
1305 5119 1365 5158 se
1390 5100 1648 5167 habeant,
1676 5114 1902 5160 matrem

323 5200 514 5240 rursus
542 5184 841 5244 Ecclesium
885 5201 940 5245 et
970 5192 1222 5261 gratiam,
1273 5210 1394 5265 quae
1419 5195 1473 5249 in
1504 5210 1568 5250 ea
1600 5205 1706 5260 est,
1742 5197 1902 5251 intel-

321 5276 574 5345 ligamus,
634 5281 703 5336 de
764 5298 870 5352 qua
923 5282 1178 5339 Salomon
1244 5286 1296 5340 in
1360 5288 1669 5343 Proverbiis
1724 5290 1898 5345 dicit:

318 5367 483 5433 Audi,
514 5368 614 5436 ﬁli,
641 5370 977 5441 disciplinam
1019 5374 1186 5443 patris
1232 5376 1330 5441 tui,
1363 5388 1411 5431 et
1451 5392 1516 5431 ne
1545 5378 1805 5432 dimiseris
1831 5378 1900 5433 le-

423 5571 445 5602 '
470 5570 631 5627 Cant.
665 5592 738 5630 tv.
768 5576 819 5630 7.

325 5635 367 5668 "
392 5639 548 5697 Deut.
585 5663 695 5710 με,
726 5647 785 5701 Ξ.

932 5575 952 5605 ³
986 5575 1185 5646 Epltcs.
1210 5597 1262 5643 γ,
1290 5581 1379 5635 27.

861 5646 903 5678 ³⁵
934 5647 1033 5701 lsa.
1067 5665 1138 5714 Ix,
1175 5651 1227 5704 ϐ.

1483 5583 1502 5614 θ
1536 5582 1703 5637 Hebr.
1747 5601 1819 5648 tv,
1855 5585 1937 5640 13.

2012 4449 2314 4509 sequuntur
2352 4439 2495 4496 dicta
2546 4451 2694 4496 sunt.
2738 4441 2834 4497 llic
2859 4458 2993 4512 ergo
3022 4443 3183 4508 fctus,
3223 4443 3337 4500 sive
3390 4460 3592 4501 secun-

2010 4532 2138 4587 dum
2170 4531 2332 4596 LXX,
2363 4533 2504 4588 illius
2526 4550 2637 4588 non
2691 4536 2877 4590 eadem
2913 4537 3001 4590 die
3049 4536 3104 4591 in
3135 4553 3239 4606 qua
3291 4537 3494 4591 vitulus
3539 4547 3592 4590 et

2008 4623 2126 4678 ovis
2153 4622 2395 4679 Judaica:
2425 4624 2733 4679 festivitatis
2750 4625 3121 4680 occidebatur.
3148 4626 3352 4691 Quarta
3377 4627 3586 4680 decinta

2010 4714 2154 4768 enim
2195 4713 2284 4768 die
2320 4713 2529 4769 Pascha
2584 4716 2942 4783 celebrantes,
2974 4718 3025 4771 in
3055 4718 3354 4773 crastinum
3404 4715 3588 4771 lusum

2010 4804 2419 4859 crttciiixeruttt.

2082 4915 2244 4973 Vsus.
2277 4919 2467 4975 29-52.
2501 4939 2518 4969 ι
2546 4919 2603 4972 Si
2634 4918 3048 4977 immolaveritis
3073 4919 3308 4973 hostium
3338 4933 3436 4987 pro
3466 4934 3594 4989 gra-

2009 5009 2209 5064 tiarum
2240 5010 2453 5066 actione
2482 5011 2711 5067 Domino
2740 5019 2801 5067 ut
2823 5012 2995 5082 possit
3023 5025 3145 5066 esse
3175 5009 3476 5082 placabilis,
3500 5027 3594 5068 eo-

2008 5104 2135 5160 dem
2157 5105 2244 5160 die
2279 5106 2565 5162 comeditis
2602 5122 2744 5170 eam,
2773 5122 2883 5160 non
2937 5105 3244 5160 remanebit
3298 5105 3590 5177 quidquam

2010 5198 2064 5252 itt
2098 5213 2256 5253 mane
2282 5198 2509 5253 alterius
2533 5199 2663 5254 diei.
2694 5199 2806 5270 Ego
2835 5199 3119 5254 Dominus.
3141 5197 3424 5255 Custodite
3446 5217 3596 5257 man-

2009 5289 2132 5343 data
2187 5304 2327 5349 mea.
2355 5296 2410 5343 et
2450 5286 2611 5342 facile
2632 5287 2853 5356 ea.Ego
2888 5285 3175 5342 Dominus.
3212 5286 3291 5343 Nc
3336 5288 3591 5358 polluatis

2011 5395 2210 5435 nomen
2240 5390 2488 5435 sanctum
2520 5394 2704 5453 meum
2737 5388 2796 5432 ut
2823 5377 3132 5434 sanctilicer
3164 5380 3219 5434 in
3245 5380 3425 5435 medio
3454 5379 3591 5435 lilio-

2054 5586 2095 5617 ”
2120 5585 2268 5642 Eccl.
2297 5544 2469 5655 tt,
2586 5587 2624 5618 “
2657 5588 2817 5643 Prov.
2845 5604 2883 5654 t,
2917 5587 2970 5642 8.
3086 5587 3128 5619 “'
3181 5589 3196 5643 l
3228 5587 3352 5645 Cor.
3381 5607 3459 5660 tv,
3502 5591 3589 5646 iii.
