4038 6182
458 262 594 326 1079

1638 265 2000 327 HESYCHII
2048 268 2517 335 PRESBYTERI

3578 273 3720 341 1080

454 389 574 429 rum
594 371 899 446 lsrael.Ego
918 373 1181 428 Dominus
1201 372 2034 442 quisanetilicovoseteduxide
2067 387 2106 441 Α
2138 395 2272 435 usus
2327 390 2433 445 est,
2481 380 2784 452 planiorem
2853 383 2974 453 ejus
3034 382 3280 440 eﬂiciens
3343 385 3719 443 intellectum.

455 475 533 519 ter
544 480 600 519 ra
615 464 832 538 Egypti
849 475 907 521 ut
921 480 1096 520 essem
1113 464 1266 520 vobis
1292 464 1347 518 in
1377 463 1566 522 Deum.
1581 465 1695 536 Ego
1710 466 1989 523 Dominus.
2004 485 2024 520 ι

525 554 682 609 Sicut
710 554 1137 610 satisfactionem
1155 568 1263 607 non
1296 552 1463 608 habet
1514 554 1559 608 si
1590 554 1715 624 quis
1732 555 2030 613 inchoante

452 642 604 700 Novo
629 643 1002 711 Testamento,
1031 645 1311 701 veteribus
1361 646 1589 710 serviat,
1605 657 1671 717 ει
1707 649 2030 719 evangelica

454 736 847 806 praedicatione
908 747 1164 792 currente
1217 737 1520 792 secundum
1561 738 1800 793 litteram
1847 740 2026 806 vivat;

452 828 648 897 injuria
670 838 754 883 est
776 828 925 883 enim
959 829 1100 899 ejus,
1129 829 1221 899 qui
1248 837 1479 899 utraque
1506 830 1715 899 sanxitf,
1753 847 1866 886 non
1888 840 2030 886 tem-

449 918 678 987 poribus
703 919 772 974 ab
811 934 876 974 eo
907 919 1180 975 distinctis
1203 921 1544 985 obediamus,
1608 923 1689 977 sic
1744 922 1866 978 sine
1920 923 2029 979 ulla

437 1011 610 1064 ‘venia
644 1019 730 1064 est
759 1017 953 1080 putare
975 1011 1309 1081 quempiam,
1342 1011 1429 1065 vel
1481 1011 1709 1066 omnino
1763 1012 2028 1083 cogitare,

451 1100 579 1170 quia
620 1101 677 1155 in
706 1100 893 1155 futuro
920 1110 1165 1172 tempore
1210 1103 1549 1173 operandum
1578 1104 1789 1173 aliquid
1812 1121 2027 1173 eorum,

451 1207 573 1261 qua
593 1208 743 1247 nunc
766 1193 922 1248 nobis
952 1193 1020 1251 ad
1049 1195 1388 1265 operandum
1423 1204 1696 1265 prazcepta
1735 1205 2031 1261 sunt,con-

451 1291 723 1341 servatur.
757 1280 816 1336 Si
848 1299 969 1353 ergo
996 1283 1350 1337 immolaveris
1371 1284 1595 1337 hostiam
1613 1277 1708 1354 pro
1728 1286 2029 1354 gratiarum

446 1375 658 1429 actione
697 1375 944 1439 Domina.
1002 1374 1386 1445 Evangelicam
1445 1377 1497 1431 ei
1551 1378 2029 1442 conservationem

447 1468 803 1537 promittens,
826 1469 943 1522 haec
966 1476 1049 1522 est
1074 1469 1222 1523 enim
1249 1469 1544 1541 gratiarum
1575 1470 1809 1525 actionis
1849 1471 2030 1526 hostia

449 1560 706 1624 Domino.
746 1559 872 1629 quia
904 1575 1245 1630 quaecunque
1271 1561 1340 1615 ad
1387 1561 1605 1615 laudem
1653 1561 1772 1631 ejus
1797 1571 1854 1616 et
1910 1563 2030 1634 glo-

447 1649 587 1705 riam
607 1651 909 1719 pertinent,
940 1651 1173 1722 peragit.
1209 1649 1371 1716 Quod
1398 1650 1737 1705 demonstrat
1765 1651 2030 1710 Dominus

2138 469 2357 542 Egypti
2415 474 2562 527 enim
2616 473 2822 528 exitum
2876 488 2990 530 non
3028 473 3234 529 frustra
3266 486 3609 533 memoratus
3659 487 3725 535 et

2137 561 2270 617 illud
2291 562 2694 631 demonstrans,
2716 566 2843 635 quia
2877 566 3341 637 quemadmodum
3368 567 3463 638 qui
3506 570 3721 640 egressi

2136 665 2266 710 sunt
2299 656 2368 711 de
2419 657 2675 729 Aigypto,
2704 674 2815 713 non
2844 659 2958 730 jam
3009 675 3075 715 ea
3112 675 3237 729 quas
3281 659 3525 732 Algyptii
3580 677 3720 732 age-

2136 748 2286 810 bant,
2319 749 2395 804 sic
2416 758 2472 803 et
2500 751 2720 819 quando
2747 767 2849 806 nos
2874 752 3018 808 Deus
3051 753 3200 822 ejicit
3218 754 3286 808 de
3310 755 3563 823 prmaenti
3580 756 3715 821 vita,

2135 859 2247 898 non
2263 845 2374 913 jam
2402 860 2565 916 agere
2594 862 2657 901 ea
2680 863 2802 917 qua:
2864 848 2917 902 in
2949 864 3013 904 ea
3063 858 3194 904 sunt
3248 865 3564 919 possumus.
3615 851 3720 907 Est

2134 935 2280 989 enim
2310 935 2577 1007 Egyptus
2604 937 2985 1009 intelligibilis,
3018 954 3263 1010 praesens
3292 941 3551 1007 mundus,
3581 942 3716 1011 quia

2134 1023 2401 1096 Egyptus
2429 1028 2846 1083 contenebratio
2882 1029 3299 1100 interpretatur.
3332 1030 3716 1086 Tenebrissu—

2137 1126 2269 1182 tem,
2300 1127 2354 1173 et
2385 1120 2687 1175 secundum
2721 1120 2867 1189 quod
2885 1120 3120 1176 diximus
3158 1121 3380 1185 nebula,
3441 1121 3523 1175 vel
3577 1122 3719 1176 cali-

2136 1208 2284 1278 gine,
2308 1210 2601 1279 praesentia
2632 1218 2760 1266 sunt
2793 1211 3021 1281 repleta,
3052 1211 3107 1265 in
3140 1220 3352 1266 tantum
3383 1220 3446 1273 ut
3472 1210 3719 1269 Joannes

2135 1299 2203 1354 de
2243 1298 2472 1355 Domino
2512 1301 2721 1356 diceret
2752 1319 2764 1354 :
2802 1300 2919 1355 Lux
2948 1302 3255 1361 intenebris
3291 1304 3450 1372 lucet,
3485 1315 3536 1359 et
3565 1315 3718 1360 tene-

2137 1391 2244 1444 bra:
2273 1407 2388 1444 eam
2430 1406 2533 1444 non
2568 1391 3073 1460 comprehenderunt
3091 1392 3155 1449 ".
3188 1390 3419 1464 Propter
3451 1394 3597 1464 quod
3611 1410 3721 1450 nos

2136 1482 2400 1537 Dominus
2424 1480 2568 1538 Deus
2594 1484 2850 1540 videlicet
2892 1498 2959 1539 ex
2982 1484 3305 1560 intelligibili
3339 1484 3572 1556 Egypto
3611 1487 3721 1543 hac

2136 1572 2340 1638 educit,
2361 1580 2421 1628 ut
2456 1573 2529 1628 sit
2558 1583 2748 1628 noster
2783 1572 2947 1637 Deus,
2990 1589 3102 1628 non
3148 1573 3276 1644 quia
3310 1591 3459 1630 nunc
3476 1592 3585 1630 non
3603 1586 3716 1643 est,

2137 1662 2230 1721 sed
2261 1664 2389 1733 quia
2409 1680 2517 1719 non
2543 1681 2736 1720 omnes
2768 1680 2892 1721 eum
2915 1665 3264 1729 confitemur,
3297 1681 3479 1736 neque
3507 1652 3717 1738 cogno-

449 1742 733 1813 apostolis,
767 1741 1218 1797 dicenszLuceat
1269 1742 1362 1796 lux
1393 1751 1566 1796 vestra
1601 1759 1778 1796 coram
1801 1745 2035 1797 homini-
2065 1759 2107 1814 Β
2137 1756 2363 1809 scimus,
2421 1756 2585 1833 Τυηρ
2633 1766 2815 1812 autem
2871 1756 3282 1824 conﬁtebimur,
3332 1767 3468 1813 ιιιηε
3521 1774 3719 1814 omnes

450 1833 567 1897 bus,
604 1841 662 1887 ut
687 1833 901 1887 videant
928 1831 1064 1886 bona
1094 1842 1265 1887 vestra
1291 1850 1472 1903 opera,
1501 1843 1550 1887 et
1581 1834 1872 1905 gloriﬁcent
1918 1835 2031 1890 Pa-

453 1932 587 1975 trem
609 1931 840 1976 vestrum
864 1923 955 1991 qui
987 1923 1044 1976 in
1069 1922 1210 1979 cwlis
1233 1933 1306 1977 est
1336 1923 1401 1976 ".
1434 1924 1749 1979 lmmolatur
1781 1924 2031 1992 Domino,

411 2039 420 2048 -
454 2021 516 2065 ut
532 2012 703 2081 possit
728 2026 853 2066 esse
892 2011 1195 2082 placabilis,
1218 2012 1364 2081 quod
1394 2011 1537 2067 LXX
1565 2013 1856 2069 ediderunt
1882 2032 1897 2067 :
1931 2015 2035 2068 Ac-

453 2110 605 2171 cepta
640 2101 1166 2166 vobisimmolabitis,
1197 2103 1250 2157 id
1272 2112 1375 2169 est,
1412 2105 1478 2158 ad
1513 2106 1922 2174 suscipiendum
1955 2107 2029 2161 di-

453 2210 560 2265 gne
582 2193 894 2265 praedictam
930 2196 1405 2251 conversationem
1462 2212 1712 2267 agamus,
1740 2197 2039 2267 perlicien-

456 2294 541 2341 tes
559 2300 703 2350 eam,
735 2294 792 2342 et
821 2301 933 2340 non
994 2286 1341 2342 imminutam
1378 2287 1774 2358 relinquentes,
1812 2294 2039 2358 pr0pter

454 2377 604 2450 quod
624 2387 679 2434 et
699 2378 939 2435 subdidit
959 2397 974 2433 :

529 2468 732 2524 Eodem
755 2471 838 2524 die
866 2470 1146 2525 comedetis
1177 2487 1258 2537 ea,
1287 2488 1391 2525 non
1433 2473 1721 2527 remanebit
1746 2472 2039 2543 quidquam

456 2560 517 2612 in
548 2576 706 2614 mane
733 2561 952 2615 alterius
986 2561 1110 2619 diei.
1164 2562 1221 2616 In
1246 2571 1491 2633 tempore
1522 2563 1669 2617 enim
1697 2564 1824 2624 hoc,
1854 2563 1910 2617 in
1932 2579 2042 2634 quo

458 2649 566 2704 hoc
586 2650 732 2720 quod
766 2651 972 2706 dictum
1004 2660 1109 2716 est,
1157 2651 1482 2707 sacriﬁcium
1506 2653 1906 2722 promittimus,
1943 2668 2042 2708 co-

458 2739 682 2795 medere
712 2740 867 2804 illud,
899 2741 952 2795 id
981 2750 1065 2796 est
1085 2742 1300 2812 operari
1348 2749 1404 2796 et
1437 2743 1715 2813 complere
1756 2743 2040 2799 debemus.

458 2828 606 2886 Nihil
644 2837 827 2884 autem
874 2830 943 2884 de
983 2829 1062 2885 eis
1090 2831 1143 2883 in
1178 2846 1339 2885 mane
1366 2831 1703 2901 relinquere,
1734 2841 1794 2886 ut
1840 2833 2044 2902 aliquid

459 2931 745 2977 remaneat
771 2921 1123 2992 reliquiarum
1151 2931 1356 2978 nostra:
1407 2924 1847 2978 conversationis
1868 2924 2044 2979 incor-

461 3023 697 3078 rectum,
729 3029 911 3084 neque
936 3014 1385 3083 inconsumptum
1415 3015 1482 3069 de
1528 3013 1845 3081 virtutibus,
1867 3024 1924 3071 et
1961 3017 2044 3070 in-

2134 1846 2509 1916 subjiciemur,
2531 1848 2671 1901 Tunc
2689 1849 2789 1902 erit
2807 1846 2946 1903 Deus
2965 1848 3145 1903 omnia
3168 1850 3227 1902 in
3247 1848 3719 1920 amnibus,quem-

2135 1939 2428 1995 admodum
2460 1939 2661 1995 Paulus
2681 1939 2900 2010 scripsit
2924 1935 2986 1988 ³⁸.

2696 2071 2926 2129 CAPUT
2962 2072 3155 2128 XXIII.

2212 2188 2377 2243 Vens.
2414 2188 2533 2243 1-5.
2583 2207 2603 2240 ι
2633 2189 2874 2243 Locutus
2901 2197 2987 2244 est
3026 2188 3292 2244 Dominus
3336 2189 3401 2243 ad
3445 2184 3665 2259 Moysen
3688 2227 3709 2250 .

2140 2279 2371 2335 dicens:
2400 2279 2651 2349 Loquere
2692 2280 2819 2335 filiis
2857 2279 3048 2345 Israel,
3074 2290 3131 2335 et
3164 2281 3317 2338 dices
3346 2281 3413 2337 ad
3447 2296 3581 2335 eos:
3615 2278 3723 2335 ila:

2141 2380 2271 2426 sunt
2302 2370 2455 2426 feria:
2477 2372 2720 2436 Domini,
2744 2386 2883 2444 quas
2901 2372 3171 2427 vocabitis
3188 2382 3429 2427 sanctas.
3461 2370 3567 2427 Sex
3591 2371 3724 2426 die-

2141 2461 2244 2517 bus
2259 2461 2471 2517 facietis
2500 2477 2678 2533 opus:
2706 2463 2823 2518 dies
2878 2465 3165 2534 septimus,
3185 2463 3312 2534 quia
3346 2463 3567 2518 Sabbati
3628 2478 3725 2517 re-

2142 2555 2298 2623 quies
2325 2560 2428 2616 est,
2461 2553 2750 2610 vocabitur
2790 2564 3033 2617 sanctus,
3068 2571 3233 2611 omne
3288 2571 3429 2626 Opus
3483 2571 3595 2610 non
3641 2553 3729 2608 fa—

2145 2646 2303 2701 cietis
2344 2648 2401 2699 iri
2418 2660 2504 2700 eo.
2547 2644 2851 2699 Sabbatum
2875 2643 3093 2699 Domini
3126 2654 3210 2700 est
3240 2646 3295 2699 in
3322 2645 3537 2701 cunctis
3566 2643 3728 2700 babi-

2147 2736 2446 2792 tationibus
2479 2735 2696 2791 vestris.
2708 2753 2727 2786 ι

2219 2827 2278 2882 Si
2327 2825 2874 2882 subtiliterattendas
2930 2825 3047 2880 haec
3076 2841 3198 2897 quas
3259 2826 3403 2881 dicta
3466 2836 3598 2881 sunt
3666 2825 3730 2880 in

2146 2918 2517 2990 praesentibus
2545 2917 2876 2987 legislatoris
2918 2918 3120 2984 verbis,
3173 2918 3423 2974 invenies
3456 2935 3584 2974 eum
3615 2935 3733 2974 non

2151 3008 2326 3064 solum
2380 3005 2832 3076 contemplationi
2895 3007 3051 3078 legis,
3079 3008 3177 3062 sed
3204 3017 3261 3062 et
3296 3008 3352 3063 in
3376 3009 3558 3063 littera
3610 3009 3735 3079 ipsa

461 3117 752 3178 operatum
772 3107 825 3161 in
851 3106 1039 3162 futuro
1055 3107 1255 3163 sacqu
1270 3109 1664 3173 custodiamus.
1695 3108 1913 3180 quando
1927 3108 2038 3179 jam
2068 3088 2115 3146 Ο
2152 3099 2513 3154 intentionem
2533 3097 2760 3168 spiritus
2792 3098 3235 3169 interponentem
3273 3116 3287 3153 2
3321 3098 3514 3154 dicens
3540 3099 3687 3153 enim
3714 3115 3731 3151 ε

462 3213 576 3253 non
600 3206 686 3254 est
716 3198 928 3253 licitum
962 3199 1199 3268 operari.
1253 3199 1410 3265 Quod
1442 3210 1593 3257 recte
1625 3218 1786 3257 mane
1817 3203 2038 3268 dicitur,

466 3289 522 3344 id
544 3298 650 3354 est,
704 3289 832 3360 quia
869 3304 981 3344 nox
1012 3304 1257 3360 praesens
1295 3290 1406 3346 vita
1429 3301 1650 3361 propter
1672 3308 1795 3348 eam
1818 3309 1939 3364 quae
1987 3293 2043 3347 in

467 3397 533 3435 ea
564 3396 715 3436 nunc
735 3389 824 3436 est
853 3379 1051 3435 nebula
1078 3380 1420 3436 nominatur.
1482 3381 1595 3452 Ego
1621 3384 1897 3450 Dominus,
1949 3401 2043 3438 cu-

465 3472 657 3526 stodite
679 3473 934 3526 mandata
956 3488 1073 3526 mea
1099 3479 1147 3525 et
1164 3472 1324 3542 facile
1345 3489 1435 3528 ea.

544 3558 655 3631 Ego
686 3559 968 3626 Dominus,
994 3561 1086 3631 qui
1122 3562 1214 3618 hic
1242 3563 1461 3633 quidem
1512 3562 1686 3635 legem
1749 3568 2047 3639 constituo,

468 3652 543 3708 ibi
575 3660 758 3709 autem
786 3653 996 3724 judico,
1016 3654 1111 3725 qui
1137 3655 1499 3727 intelligibilia
1533 3659 1733 3712 talenta
1761 3661 1899 3716 meis
1931 3678 2051 3717 ser-

468 3745 557 3825 vis
588 3745 743 3800 "'in
776 3748 1031 3817 praaseuti
1084 3749 1284 3802 saeculo
1323 3748 1388 3803 ad
1417 3751 1753 3819 operantium
1795 3752 1940 3812 dedi.
1994 3756 2051 3809 in

472 3834 722 3891 futurum
745 3836 986 3892 rationes
1012 3854 1135 3893 eum
1164 3839 1244 3893 eis
1271 3854 1438 3909 pono,
1469 3850 1524 3895 et
1568 3842 1901 3901 talentorum
1918 3861 2052 3916 ope—

472 3925 743 3981 rationem
766 3927 951 3998 exigo.

549 4016 664 4090 Ego
700 4018 999 4074 Dominus:
1025 4037 1089 4075 ne
1110 4021 1360 4093 polluatis
1383 4040 1570 4077 nomen
1592 4041 1760 4080 meum
1789 4035 2052 4081 sanctum.

473 4108 716 4167 Pollutio
749 4112 896 4167 enim
943 4100 1028 4168 est
1068 4111 1367 4178 Creatoris,
1398 4122 1454 4168 et
1486 4115 1847 4185 blasphemia,
1906 4118 1949 4173 si
2001 4117 2055 4172 in

477 4202 673 4258 eodem
700 4217 802 4258 nos
829 4202 1047 4268 ordine,
1074 4203 1163 4258 vel
1185 4216 1334 4268 actu,
1390 4221 1500 4275 quo
1518 4221 1667 4261 nunc
1717 4223 1911 4263 smnus
1969 4224 2059 4263 re-

478 4294 734 4349 suscitet.
768 4294 911 4361 Quid
936 4295 1084 4349 enim
1112 4305 1412 4352 commutat
1450 4298 1717 4354 mundum
1749 4300 1915 4368 hunc,
1934 4300 1979 4356 si
2003 4301 2056 4355 in

478 4385 687 4441 eisdem
715 4386 997 4441 doloribus
1030 4395 1088 4440 et
1116 4385 1394 4441 laboribus
1419 4388 1669 4443 erimus?

558 4473 627 4529 Ut
646 4475 951 4545 sanetiﬁcer
968 4476 1025 4528 in
1060 4476 1231 4529 medio
1252 4476 1486 4545 ﬁliorum
1521 4478 1709 4535 Israel.
1749 4480 1868 4536 Non
1900 4482 2058 4550 dixit,

480 4564 816 4628 sanctificor,
879 4564 976 4619 sed
1066 4562 1398 4634 Sanctiﬁcer,
1468 4563 1710 4622 futurum
1767 4573 2064 4629 ostendens

485 4665 725 4726 tempus,
760 4655 818 4710 in
857 4669 966 4725 quo
989 4654 1046 4710 in
1084 4655 1268 4710 medio
1294 4656 1537 4712 virorum
1597 4659 1832 4716 ﬁliorum
1892 4662 2062 4721 Israel

485 4744 880 4801 sanctiﬁcatur.
909 4746 1032 4801 Non
1057 4746 1205 4802 enim
1248 4762 1440 4804 omnes
1491 4749 1585 4821 qui
1651 4767 1719 4807 ex
1770 4752 1957 4823 Israel,
2007 4756 2065 4812 bi

485 4849 617 4896 sunt
649 4838 840 4908 Israel,
870 4840 967 4896 sed
1000 4840 1320 4911 quicunque
1355 4840 1517 4897 Israel
1547 4846 1929 4915 cognationem
1971 4865 2063 4905 so-

484 4932 686 4988 cietate
705 4933 971 4987 virtutum
1005 4932 1129 5003 ejus
1156 4941 1399 4995 servant,
1448 4933 1551 4999 Qui
1574 4952 1781 5004 pacem,
1818 4939 2064 4997 sicutait

487 5024 710 5091 Paulus,
740 5033 790 5079 et
818 5025 1229 5081 sanctimoniam
1250 5024 1576 5090 custodiunt,
1611 5027 1725 5081 sine
1763 5020 1867 5098 qua
1915 5047 2065 5085 nemo

486 5116 679 5173 videbit
730 5113 1310 5183 Deum*'.Qtiisutem
1375 5116 1715 5182 custodiunt,
1777 5120 2064 5190 videbunt,

489 5209 878 5281 propterquod
901 5208 1015 5264 ait:
1043 5207 1358 5278 Sanctiﬁcer
1415 5209 1471 5262 in
1511 5209 1684 5263 medio
1722 5226 1922 5268 eorum.
1952 5212 2066 5285 Ego

495 5303 750 5359 Dominus
772 5303 864 5375 qui
902 5302 1171 5371 sanctiﬁco
1194 5318 1303 5367 vos,
1332 5311 1382 5356 et
1400 5302 1558 5357 eduxi
1580 5302 1644 5356 de
1665 5315 1807 5357 terra
1828 5303 2071 5376 Aigypti,

496 5404 551 5451 at
584 5411 747 5452 essem
786 5396 927 5451 vobis
964 5394 1019 5450 in
1053 5394 1240 5451 Deum.
1300 5394 1409 5450 Sed
1437 5406 1491 5449 et
1510 5394 1656 5450 bono
1679 5395 1785 5450 line
1824 5398 1891 5453 ad
1950 5413 2067 5454 rem

568 5598 611 5629 "
646 5596 835 5651 Matth.
884 5618 933 5659 ι’,
994 5599 1076 5656 Ιϐ.

496 5690 543 5727 δ’
567 5689 735 5747 llebr.
761 5705 835 5759 tv,
872 5695 920 5747 ί.

1211 5600 1490 5657 “'Ma‘tth.
1550 5612 1705 5666 xvm,
1763 5597 1834 5656 25
1896 5615 2013 5673 seq.

2122 5602 2165 5633 ¹⁶
2182 5597 2347 5657 Hebr.
2396 5615 2472 5670 xl,
2511 5602 2594 5659 li.

2090 5797 2137 5804 Α...

2146 3193 2263 3248 Illa:
2289 3202 2412 3248 sunt
2443 3194 2589 3265 ferite
2644 3192 2859 3255 Domini
2879 3209 3011 3262 quas
3044 3193 3291 3245 vocabitis
3340 3203 3574 3245 sanctas.
3636 3190 3739 3245 Ila:

2145 3295 2267 3341 sunt
2297 3287 2605 3359 festivitates
2639 3301 2769 3341 mete
2797 3302 2815 3339 :
2844 3301 2970 3340 mox
3010 3285 3255 3341 subdidit
3301 3300 3315 3336 :
3393 3283 3498 3340 Sea:
3552 3284 3744 3338 diebus

2148 3381 2354 3451 facietis
2387 3396 2538 3450 opus.
2640 3366 2643 3371 V

2220 3469 2448 3542 Oportet
2475 3470 2697 3541 quidem
2729 3462 2836 3523 hoc
2886 3478 3087 3530 tacere,
3146 3467 3332 3523 dicere
3383 3475 3564 3522 autem
3612 3480 3740 3538 quae

2150 3572 2460 3633 sequuntur
2493 3580 2507 3617 :
2536 3563 2657 3617 Dies
2678 3562 2949 3629 septimus,
2992 3562 3118 3631 quia
3158 3556 3382 3614 Sabbati
3405 3560 3606 3630 requies
3637 3568 3740 3622 est,

2153 3655 2422 3709 vocabitur
2439 3663 2674 3709 sanctus.
2709 3654 2815 3708 Sed
2848 3653 2998 3709 feriis
3025 3662 3383 3717 connectens,
3418 3652 3522 3707 Sea:
3548 3653 3745 3708 diebus

2159 3748 2370 3819 facietis
2398 3762 2548 3816 opus.
2579 3744 2821 3801 ostendit
2839 3746 2965 3815 quia
3003 3744 3192 3815 primae
3231 3744 3401 3809 ferina,
3429 3746 3543 3799 sive
3576 3732 3743 3798 festi—

2156 3840 2298 3894 vitas
2328 3839 2472 3909 apud
2495 3834 2666 3908 legem
2699 3837 2917 3907 operari
2952 3847 3055 3899 est,
3086 3835 3301 3905 operari
3331 3840 3514 3889 autem
3566 3834 3747 3898 bona,

2158 3938 2443 3999 propterea
2474 3929 2621 3983 enim
2653 3929 2730 3983 ait
2762 3944 2777 3981 :
2820 3926 2923 3982 Sex
2970 3928 3152 3981 diebus
3181 3927 3390 3999 facietis
3411 3943 3555 3997 opus.

2229 4021 2367 4086 Quia
2402 4020 2585 4074 omnia
2607 4018 2767 4074 valde
2791 4018 3102 4081 suntbona,
3136 4033 3481 4088 quaecunque
3511 4016 3660 4072 Deus
3682 4017 3745 4073 in

2160 4129 2257 4171 sex
2303 4112 2499 4168 diebus
2548 4111 2854 4167 constituit.
2910 4109 3166 4165 Secunda
3216 4119 3399 4163 autem
3449 4108 3777 4176 festivitas,’

2160 4203 2602 4276 praecedentibus
2641 4202 2728 4257 bis
2747 4201 3027 4272 operibus,
3077 4201 3325 4271 septimm
3350 4200 3457 4255 diei
3520 4199 3751 4270 requies

2161 4306 2247 4354 est
2313 4313 2326 4351 :
2371 4310 2535 4367 quam
2580 4295 2928 4350 festivitatem
2978 4309 3145 4348 nemo
3174 4292 3477 4357 celebrare,
3509 4291 3603 4361 qui
3629 4306 3752 4346 non

2088 4401 2420 4478 Doperatus
2482 4396 2566 4445 est
2616 4389 2757 4443 bona
2814 4403 2979 4459 opera
3039 4397 3096 4442 et
3145 4387 3306 4459 digna
3336 4386 3465 4450 Deo,
3518 4386 3747 4457 poterit.

2167 4481 2303 4536 Nam
2325 4495 2429 4535 nec
2458 4480 2682 4547 frustra,
2715 4477 2861 4532 Deus
2896 4477 3101 4548 quippe
3128 4485 3248 4530 erat
3267 4476 3361 4545 qui
3394 4475 3750 4545 loquebatur,

2166 4572 2261 4644 qui
2299 4572 2437 4627 nihil
2466 4569 2667 4626 frustra
2693 4569 2958 4641 loquitur,
2980 4569 3134 4639 prius
3183 4568 3259 4622 ait
3282 4584 3294 4620 :
3317 4567 3424 4622 Sea:
3454 4568 3634 4622 diebus
3657 4566 3754 4637 fa-

2166 4666 2312 4719 cietis
2339 4679 2488 4733 opus,
2513 4673 2568 4718 et
2592 4672 2715 4733 post
2744 4662 2846 4716 hoc
2875 4677 2889 4715 :

2246 4757 2365 4811 Dies
2393 4757 2663 4826 septimus,
2691 4756 2782 4827 qui
2826 4753 3048 4810 Sabbati
3095 4755 3299 4825 requies
3328 4764 3427 4817 est,
3478 4754 3757 4808 vocabitur

2169 4860 2406 4905 sanctus.
2445 4849 2550 4905 Sed
2575 4850 2641 4903 ad
2675 4848 3069 4911 ostensionem,
3101 4856 3163 4902 ut
3193 4848 3235 4902 si
3290 4847 3413 4916 quis
3456 4845 3522 4900 ad
3566 4844 3757 4899 imita-

2173 4943 2379 4998 tionem
2438 4940 2532 4996 Dci
2609 4940 2750 4994 bona
2799 4939 2911 5010 agit
2945 4947 3003 4993 et
3029 4938 3405 5008 consequitur,
3435 4938 3538 4991 hoc
3564 4945 3651 4990 est
3692 4936 3759 4991 in

2172 5047 2268 5087 sex
2292 5031 2483 5087 diebus
2507 5029 2721 5100 operari
2757 5047 2771 5084 :
2798 5028 2888 5084 hic
2920 5028 3246 5099 intelligibili
3280 5027 3581 5098 requiescit
3613 5025 3758 5081 Sab-

2170 5124 2320 5192 bato,
2354 5123 2423 5179 de
2452 5139 2561 5193 quo
2591 5121 2796 5178 Paulus
2811 5121 3068 5177 diccbat:
3110 5121 3432 5184 Timeamus,
3500 5136 3561 5174 ne
3618 5121 3758 5191 forte

2173 5216 2355 5270 relicta
2372 5214 2752 5285 pollicitatione
2794 5215 3093 5268 introeundi
3128 5214 3183 5267 in
3208 5214 3439 5282 requiem
3467 5213 3655 5283 ipsius,
3676 5213 3759 5265 vi-

2183 5310 2376 5362 deatur
2400 5325 2464 5363 ea:
2487 5308 2632 5363 nobis
2659 5307 2853 5379 aliquis
2886 5309 3060 5362 deesse
3090 5308 3158 5361 ".
3219 5306 3382 5362 Caret
3408 5305 3552 5360 enim
3608 5321 3758 5360 nunc

2179 5400 2269 5455 illa
2301 5400 2510 5471 requie,
2538 5402 2629 5471 qui
2660 5416 2768 5456 non
2801 5408 3080 5471 operatur.
3141 5399 3273 5468 Quae
3302 5408 3359 5455 et
3381 5408 3570 5454 vocata
3626 5413 3757 5453 san-

2685 5602 2727 5635 "
2760 5597 2919 5656 loan.
2969 5613 3009 5668 ι,
3068 5599 3122 5655 5.
3223 5595 3471 5652 "lCor.
3521 5609 3615 5661 xv,
3662 5590 3757 5648 38.
