4038 6182
298 316 428 380 1081

1434 332 1516 392 ΙΝ
1552 334 1994 399 LEVITICUM.
2030 364 2104 376 --·
2135 343 2281 402 LIB.
2313 344 2414 405 VI.

3416 351 3552 418 1082

293 434 380 523 ets
410 425 628 523 dicitur,
653 428 779 498 quia
801 432 1032 496 vocatis,
1095 435 1163 489 de
1215 435 1414 505 quibus
1478 437 1682 496 Paulus
1723 443 1800 498 ait
1853 460 1867 496 :
1901 456 1945 508 Α
1975 447 2170 502 vitates
2195 449 2540 519 imperatoris
2567 458 2718 518 sunt,
2749 452 2804 506 in
2833 453 3033 523 quibus
3069 456 3326 514 victorias
3345 467 3399 512 et
3435 469 3550 513 tro-

292 516 498 572 Scimus
519 521 644 587 quia
679 523 982 578 timentibus
1003 524 1170 580 Deum
1203 529 1384 602 omnia
1409 543 1757 600 cooperantur
1811 537 1867 589 in

289 609 498 668 bonum.
524 612 602 666 his
627 615 718 683 qui
741 617 1023 669 secundum
1058 621 1386 687 propositum
1425 626 1596 676 vocati
1633 636 1754 679 sunt
1777 628 1863 681 “’z

288 700 628 772 intelligibile
657 706 977 774 deputatum
1014 720 1097 763 est
1131 708 1453 778 Sabbatum,
1490 714 1577 769 his
1598 719 1689 786 qui
1734 734 1864 772 san-

285 790 601 847 ctimoniam
649 808 1087 866 consequuntur,
1114 801 1228 854 sine
1293 819 1397 872 qua
1468 821 1619 858 nemo
1672 808 1864 861 videbit

289 880 458 935 Deum
479 884 544 939 ²¹.
569 885 724 939 Tunc
750 903 912 942 entire
968 904 1105 957 opus
1132 906 1241 944 non
1310 892 1572 949 faciemus
1600 912 1615 959 ;
1652 906 1865 966 tempus

289 971 436 1024 enim
466 984 677 1027 nonest
707 975 760 1028 in
791 976 880 1030 illo
917 979 1118 1032 saeculo
1154 983 1437 1048 operandi.
1469 984 1698 1053 Propter
1716 987 1863 1055 quod

285 1071 343 1115 et
367 1063 607 1116 subdi-lit
632 1082 644 1115 :
669 1063 960 1120 Sabbatum
995 1069 1206 1123 Domini
1234 1081 1309 1125 est
1341 1073 1395 1125 in
1421 1076 1618 1128 cunctis
1647 1077 1860 1129 habita~

287 1155 513 1225 tionibus
541 1158 1064 1214 uestris.Sabbatum
1116 1163 1330 1217 Domini
1394 1181 1619 1229 vocans,
1676 1167 1728 1221 id
1780 1177 1864 1222 est

286 1247 576 1324 requiem:
625 1246 922 1304 Sabbatum
982 1253 1126 1306 enim
1173 1255 1390 1324 requies
1443 1257 1859 1327 interpretatur,

286 1353 410 1405 quae
445 1339 497 1391 in
533 1347 778 1408 tempore
810 1351 914 1404 est,
975 1359 1083 1412 quo
1126 1347 1390 1414 pupulum
1435 1363 1595 1403 suum
1642 1365 1672 1404 a
1723 1367 1862 1420 pra:-

285 1428 538 1483 sentibus
597 1430 878 1486 laboribus
950 1444 1004 1488 et
1067 1438 1448 1494 vexationibus
1507 1441 1860 1509 requiescere

285 1519 436 1579 facit,
466 1521 531 1574 de
553 1537 660 1589 quo
686 1521 764 1574 sic
794 1523 994 1578 Paulus
1027 1525 1192 1579 dicit:
1224 1527 1365 1597 Ergo
1388 1529 1703 1600 relinquitur
1726 1530 1862 1584 Sab-

283 1609 542 1664 batismus
575 1613 768 1680 populo
795 1614 890 1666 Dei
915 1615 982 1668 ’³.
1009 1615 1110 1680 Qui
1142 1617 1290 1670 enim
1344 1618 1623 1687 ingressus
1665 1629 1750 1674 est
1803 1621 1859 1675 in

287 1702 530 1769 requiem
562 1705 682 1771 ejus
701 1705 861 1758 etiam
897 1706 1010 1774 ipse
1040 1708 1310 1776 requievit
1347 1711 1416 1764 ab
1433 1712 1691 1780 operibus
1718 1713 1855 1778 suis,

1973 553 2089 607 paea
2123 549 2314 594 contra
2363 543 2550 596 hostes
2583 543 2776 608 erexit,
2805 545 3034 600 salvavit
3061 541 3267 616 gentes,
3299 549 3551 605 civitates

1973 631 2266 699 acquisivit
2302 651 2313 686 :
2346 633 2427 688 sic
2456 641 2513 688 et
2539 634 2766 701 Christi,
2798 636 2852 690 in
2893 637 3092 705 quibus
3115 649 3361 694 nostrum
3377 657 3550 710 genus

1971 721 2218 787 salvavit,
2249 731 2303 776 et
2335 732 2580 778 nostram
2644 726 3017 795 captivitatem
3081 730 3430 797 conquisivit,
3492 740 3551 786 et

1971 807 2348 864 hereditatem
2377 827 2442 865 ex
2478 813 2730 882 gentibus
2765 814 3088 884 sibimetipsi
3153 817 3333 886 regale
3369 833 3551 872 sacer-

1970 897 2200 961 dotium,
2257 910 2474 970 gentem
2529 911 2802 965 sanctam,
2835 904 3094 972 populum
3170 906 3550 974 acquisitionis

1969 990 2270 1045 constituit.
2311 993 2522 1047 Deinde
2559 1010 2685 1048 cum
2717 1004 3000 1064 oporteret
3031 997 3216 1050 dicere
3246 1000 3548 1053 secundum
3613 1037 3618 1042 ι

1970 1079 2132 1146 LXX,
2157 1083 2241 1136 ha:
2267 1094 2473 1140 vocatae
2491 1094 2715 1148 sanctae,
2733 1103 2869 1154 quas
2893 1088 3160 1142 vocabitis
3181 1104 3273 1143 eas
3294 1089 3347 1142 in
3386 1091 3544 1145 festi-

1970 1175 2230 1230 vitatibus
2270 1178 2493 1241 vestris,
2527 1178 2644 1232 haec
2684 1190 2872 1232 nostra
2907 1181 3191 1235 translatio
3209 1183 3423 1250 planius
3455 1185 3552 1239 ha-

1968 1265 2080 1332 bet,
2113 1267 2304 1322 dicens
2323 1270 2660 1338 temporibus
2703 1271 2822 1324 suis
2853 1287 2866 1322 :
2892 1287 3002 1325 non
3039 1274 3175 1327 dixit
3198 1275 3279 1328 sic
3304 1275 3371 1329 de
3393 1275 3548 1330 festi.

1968 1358 2232 1414 vitatibus
2259 1375 2474 1426 eorum,
2514 1377 2624 1415 non
2659 1363 2763 1417 illis
2817 1364 2911 1433 qui
2942 1365 3191 1419 serviunt
3221 1365 3426 1436 ﬁgurae,
3453 1370 3551 1423 sed

1967 1449 2244 1518 fidelibus,
2266 1463 2322 1507 et
2355 1454 2783 1523 suscipientibus
2840 1456 3217 1523 festivitatem,
3255 1459 3353 1513 has
3397 1475 3551 1514 com-

1966 1551 2154 1612 petere
2183 1542 2510 1600 festivitates
2553 1549 2869 1613 ostendens,
2927 1565 3158 1618 quarum
3191 1565 3294 1604 una
3332 1561 3436 1616 est,
3480 1553 3550 1608 de

1966 1649 2073 1704 qua
2110 1635 2228 1691 haec
2247 1637 2380 1691 dicit
2412 1655 2426 1690 :

2036 1725 2218 1781 Mense
2239 1730 2430 1796 primo,
2457 1740 2650 1796 quarta
2691 1731 2897 1783 decima
2943 1732 3028 1784 die
3064 1733 3251 1786 mensis
3275 1733 3347 1786 ad
3371 1751 3548 1803 vespe-

283 1787 426 1842 sicut
456 1796 512 1842 et
539 1789 569 1842 a
605 1791 738 1854 suis,
767 1792 928 1846 Deus.
959 1792 1238 1860 Adjiciens
1265 1804 1448 1849 autem
1479 1797 1640 1851 nimis
1671 1800 1858 1852 subsev
1897 1801 1940 1857 Β
1965 1835 2085 1873 rum
2106 1787 2279 1873 phus-3
2301 1787 2512 1874 οοηῇίῇί
2532 1830 2628 1874 εει,
2650 1819 2892 1876 primum
2912 1839 3179 1887 mensem,
3205 1835 3416 1895 tempus
3440 1787 3550 1882 ὁο,

282 1888 520 1948 quenter
552 1898 565 1934 :
599 1880 665 1935 In
687 1883 887 1935 cunctis
909 1883 1322 1938 habitationibus
1373 1889 1577 1941 vestris.
1611 1887 1866 1958 Utetper

287 1970 388 2025 hoc
415 1971 844 2028 satisfaceretde
875 1975 1078 2029 saeculo
1123 1976 1308 2032 futuro
1339 1994 1398 2033 se
1429 1980 1599 2050 loqui.
1620 1981 1866 2036 Praesens

281 2062 428 2115 enim
461 2065 696 2118 mundus
748 2068 1114 2136 peregrinatio
1131 2078 1234 2132 est,
1271 2071 1537 2126 habitatio
1563 2081 1649 2126 est
1677 2084 1861 2128 autem

281 2168 403 2220 qua:
433 2155 698 2222 sequitur.
728 2156 900 2210 Nemo
926 2159 1075 2212 enim
1108 2160 1176 2214 de
1209 2160 1317 2215 illis
1375 2162 1862 2218 mansionibusseu

283 2244 716 2300 nabitationibus
739 2249 959 2318 migrat,
995 2267 1134 2318 quas
1159 2253 1330 2306 semel
1376 2254 1553 2307 sortiti
1573 2253 1860 2310 fuerimus.

281 2335 417 2400 Quia
447 2348 629 2392 autem
657 2339 954 2395 Sabbatum
983 2344 1202 2411 requies
1224 2344 1642 2414 interpretatur,
1680 2346 1861 2401 mani-

283 2427 447 2484 festat
505 2431 838 2501 reliquorum
893 2435 1255 2504 interpretum
1305 2437 1493 2492 editio.
1556 2436 1662 2492 Pro
1688 2439 1857 2505 enim,

285 2517 509 2574 Sabbati
545 2523 787 2591 requies,
824 2523 1124 2579 Sabbatum
1165 2527 1484 2582 sabbatismi
1503 2527 1809 2582 ediderunt.

354 2611 517 2669 Vens.
548 2615 658 2670 4-7.
698 2635 717 2668 ‹
753 2616 849 2672 Hae
886 2628 1014 2672 sunt
1046 2635 1176 2691 ergo
1199 2619 1352 2675 feriae
1383 2620 1601 2674 Domini
1625 2631 1854 2686 sanctae,

283 2719 420 2774 quas
440 2705 718 2761 celebrare
750 2708 966 2763 debetis
999 2712 1336 2780 temporibus
1368 2711 1503 2776 suis,
1536 2727 1726 2765 mense
1744 2712 1857 2780 pri-

280 2811 372 2850 mo
403 2805 593 2864 quarta
636 2797 845 2852 decima
872 2799 962 2852 die
988 2801 1196 2855 mensis
1233 2802 1299 2854 ad
1339 2817 1650 2870 vesperum,
1680 2800 1858 2855 Phase

280 2884 613 2952 Dominiest,
651 2896 706 2942 et
743 2889 932 2958 quinta
984 2891 1196 2944 decima
1231 2893 1319 2946 die
1345 2895 1548 2948 mensis
1572 2893 1738 2962 hujus
1765 2909 1844 2946 so-

280 2978 533 3034 lemnitas
576 2996 886 3050 azymorum
953 2983 1169 3036 Domini
1221 2993 1324 3038 est.
1387 2984 1610 3054 Septem
1665 2985 1858 3039 diebus

1967 1911 2188 1966 minime
2217 1912 2486 1981 passionis
2513 1925 2661 1968 recte
2702 1914 2933 1970 dicimus
2964 1915 3018 1968 in
3053 1931 3161 1985 quo
3217 1920 3550 1976 conveniunt

1965 2005 2200 2059 maxime
2235 2014 2291 2060 et
2316 2006 2430 2060 haec
2459 2007 2526 2061 ad
2557 2007 2774 2077 Moysen
2799 2009 2962 2062 verba
2985 2023 3016 2062 a
3042 2008 3154 2063 Deo
3181 2011 3326 2066 dicta
3355 2030 3366 2064 :
3399 2016 3550 2066 Men-

1964 2093 2037 2146 sis
2057 2093 2144 2146 hic
2173 2093 2314 2147 vobis
2341 2095 2667 2163 principium
2712 2098 2991 2161 mensium,
3041 2100 3247 2166 primus
3281 2101 3382 2154 erit
3408 2101 3550 2156 vobis

1963 2187 2019 2238 in
2050 2187 2312 2241 mensibus
2341 2187 2470 2239 anni
2499 2187 2564 2241 “.
2592 2186 2809 2241 Initium
2833 2189 2979 2242 enim
3011 2199 3065 2243 et
3095 2189 3372 2260 ingressus
3391 2206 3547 2247 nova:

1963 2276 2108 2342 vitae,
2139 2285 2195 2331 et
2227 2292 2376 2331 nunc
2409 2293 2439 2331 a
2465 2277 2914 2334 nobisinchoatae
2949 2281 3383 2335 conversationis
3435 2291 3546 2338 est.

1966 2365 2283 2435 Vespertina
2303 2375 2567 2436 tempora,
2597 2367 2649 2420 in
2685 2367 2882 2436 quibus
2915 2368 3178 2423 Dominus
3208 2371 3446 2436 advenit,
3466 2372 3550 2426 di-

1962 2457 2053 2512 cit.
2076 2456 2318 2512 Joannes
2334 2458 2481 2511 enim
2511 2458 2605 2523 sit,
2640 2457 2853 2520 Fitioti,
2902 2461 3184 2514 novissima
3220 2462 3348 2514 hora
3387 2473 3460 2515 est
3479 2463 3546 2514 ³⁸.

1958 2549 2040 2602 Ad
2081 2564 2375 2618 vesperum
2409 2549 2615 2604 Pascha
2659 2549 3006 2605 Dominicum
3044 2551 3249 2605 factum
3280 2560 3384 2606 est.
3443 2551 3549 2618 Qui

1958 2655 2170 2709 passus,
2204 2655 2315 2694 non
2347 2655 2472 2694 mox
2503 2650 2747 2709 tempora
2808 2642 3122 2697 ﬁnivit.sed
3175 2644 3392 2712 reliquit
3448 2659 3550 2699 no-

1957 2730 2194 2784 vissimae
2243 2729 2393 2783 horas
2435 2738 2489 2784 et
2553 2730 2882 2798 vespertinae
2938 2732 3213 2800 reliquias,
3266 2734 3316 2787 in
3351 2733 3550 2803 quibus

1958 2830 2206 2889 oporteat
2227 2837 2449 2876 currere
2483 2823 2947 2891 praedicationem,
2995 2833 3049 2877 et
3088 2824 3142 2876 in
3185 2841 3292 2893 quo
3329 2841 3548 2880 onmem

1961 2922 2159 2967 terram
2191 2924 2444 2983 penetret
2469 2916 2706 2969 salutare
2744 2916 2994 2970 verbum.
3031 2916 3138 2970 Sed
3180 2926 3235 2970 et
3255 2921 3322 2972 ad
3352 2931 3548 2988 vespe-

1959 3019 2103 3066 rum,
2142 3004 2259 3056 sive
2289 3004 2468 3057 medio
2516 3005 2954 3074 vespertiuorum
3003 3006 3210 3060 Pascha
3267 2989 3544 3077 proprium

281 3084 464 3138 azyma
485 3071 804 3124 comedetis.
833 3071 956 3126 Dies
992 3073 1204 3141 primus
1242 3075 1348 3128 erit
1381 3074 1536 3128 vobis
1556 3075 1857 3129 celeberri-
1887 3126 1928 3182 ϐ
1962 3096 2323 3164 pmveniens’
2356 3111 2576 3151 crucem
2616 3111 2768 3150 suam
2799 3094 3048 3151 Christus
3079 3097 3391 3151 celebravit.
3448 3097 3547 3153 Die

281 3175 401 3182 _____
462 3170 778 3182 _-_________
839 3162 953 3182 ad,
992 3179 1004 3182 Α
1162 3180 1174 3182 μ
1217 3179 1263 3182 η
1484 3181 1493 3182 ,
1576 3164 1598 3182 ι.
1804 3167 1814 3177 .

279 3175 422 3224 mus,
458 3170 805 3232 sanctusque.
838 3162 1012 3217 Omne
1041 3179 1181 3233 opus
1213 3165 1407 3218 servile
1437 3181 1544 3220 non
1575 3164 1856 3220 facietisin

276 3268 364 3315 eo,
407 3253 503 3308 sed
533 3253 776 3309 oﬁeretis
805 3256 1129 3310 sacriﬁcium
1162 3255 1216 3308 in
1247 3257 1371 3326 igne
1400 3256 1628 3311 Domino
1647 3267 1857 3327 septem

279 3345 493 3398 dielms.
555 3345 680 3401 Dies
732 3357 916 3400 autem
969 3348 1234 3416 septimus
1290 3350 1395 3402 erit
1448 3350 1857 3414 celeberrimus,

279 3435 595 3504 nullumque
621 3451 759 3504 Opus
792 3436 988 3490 servile
1029 3436 1120 3489 fiet
1156 3437 1207 3488 in
1240 3452 1358 3490 eo.»

352 3526 461 3595 Age
488 3543 636 3579 nunc
661 3529 705 3581 si
731 3528 883 3590 libet,
951 3528 1170 3581 Iudaeos
1229 3528 1646 3598 interrogemus,
1699 3529 1858 3598 cujus

280 3615 359 3671 rei
393 3617 561 3684 gratia
596 3633 705 3670 non
739 3619 928 3686 quinta
961 3619 1173 3672 decima
1209 3619 1298 3673 die
1328 3620 1677 3674 festivitatem
1696 3637 1857 3692 agere

275 3707 468 3777 jussit.
492 3708 547 3760 in
576 3725 685 3777 quo
718 3708 922 3762 Pascha
967 3709 1345 3778 imaginarium
1397 3710 1578 3775 fiebat,
1615 3711 1710 3765 sed
1741 3728 1860 3767 me-

279 3799 512 3853 moriam
567 3802 789 3869 quidem
825 3802 1156 3873 facitmejus,
1224 3802 1578 3858 festivitatem
1655 3814 1858 3870 tamen,

279 3891 454 3961 prima
518 3907 850 3963 azymorum,
882 3909 1004 3962 qua:
1053 3902 1172 3948 erat
1222 3903 1346 3965 post
1376 3895 1541 3962 illam,
1578 3897 1694 3952 ﬁeri
1722 3897 1858 3952 deﬁ-

278 3983 456 4038 niunt.
491 3982 831 4046 Manifestum
863 3995 948 4040 est
999 3994 1201 4052 autem,
1237 3987 1364 4056 quia
1395 3989 1538 4044 scire
1571 3990 1618 4044 is
1651 3990 1742 4060 qni
1777 3990 1858 4044 lc-

279 4088 398 4144 gem
433 4072 648 4141 accipit,
681 4074 809 4142 quid
843 4074 1056 4128 intersit
1115 4074 1256 4130 inter
1285 4078 1511 4146 figuram
1551 4087 1607 4132 et
1661 4078 1861 4133 verita-

281 4173 389 4218 tem
406 4163 701 4228 desiderat,
727 4174 780 4219 et
819 4166 946 4235 quia
973 4165 1173 4237 figuras
1204 4168 1366 4234 scire,
1401 4171 1661 4239 quoniam
1688 4171 1858 4225 dedu-

278 4267 411 4312 cunt
440 4257 508 4312 ad
542 4258 850 4324 veritatem,
873 4259 1099 4328 dignata
1158 4269 1263 4326 est,
1295 4260 1641 4318 festivitatem
1673 4273 1858 4318 autem

277 4363 439 4419 agere
459 4357 610 4413 tunc,
637 4350 859 4419 quando
888 4349 1088 4403 veritas
1120 4366 1242 4420 qua:
1271 4351 1326 4406 in
1381 4353 1565 4422 figuris
1603 4354 1858 4409 contine-

1963 3187 2112 3241 enim
2172 3187 2502 3258 imaginaria:
2559 3188 2873 3243 festivitatis
2928 3189 3224 3256 Paschalis,
3266 3207 3388 3261 quae
3430 3199 3550 3246 erat

1961 3290 2150 3348 quarta
2181 3280 2395 3334 decima
2441 3289 2566 3350 post
2629 3297 2841 3336 cumam
2889 3284 3308 3352 supersensibile
3356 3299 3545 3338 verum

1959 3372 2190 3437 Pascha,
2216 3374 2360 3442 quod
2397 3375 2461 3428 ad
2496 3375 2616 3443 ejus
2646 3375 2967 3444 mysterium
3019 3376 3349 3445 pertinebat,
3379 3377 3545 3432 disci-

1960 3465 2106 3535 pulis
2135 3467 2373 3520 tradidit.
2409 3467 2551 3535 Ergo
2579 3475 2633 3520 et
2661 3482 2766 3520 nox
2791 3475 2916 3521 erat
2938 3468 3074 3536 jam,
3099 3470 3318 3536 quando
3347 3485 3543 3539 panem

1959 3551 2127 3608 Jndas
2158 3553 2225 3608 de
2259 3569 2412 3608 omna
2442 3554 2528 3606 illa
2564 3555 2860 3623 accipiens,
2905 3555 2974 3609 ad
3038 3555 3251 3609 Domini
3311 3558 3546 3613 traditio.

1960 3661 2085 3700 nem
2115 3645 2318 3700 exibat.
2361 3645 2620 3715 Sequenti
2650 3655 2834 3700 autem
2871 3647 2981 3711 die,
3038 3662 3160 3716 quas
3210 3648 3313 3701 fuit
3352 3650 3542 3717 quinta

1961 3736 2194 3802 decima,
2257 3735 2462 3790 Pascha
2495 3737 2675 3791 crucis
2723 3737 3002 3807 implebat.
3033 3735 3262 3806 Propter
3285 3738 3430 3807 quod
3486 3737 3543 3791 in

1961 3828 2147 3898 quinta
2175 3828 2389 3882 decima
2411 3828 2617 3882 mensis
2645 3827 2811 3897 hujus
2833 3829 2941 3894 die,
2992 3827 3338 3883 festivitatem
3401 3829 3543 3884 hanc

1961 3922 2419 3993 agerelegislator
2448 3921 2732 3990 pracepit,
2762 3930 2815 3975 et
2843 3921 2898 3974 in
2941 3921 3057 3990 ipsa
3093 3921 3416 3976 celebritate
3450 3935 3542 3974 so-

1961 4013 2301 4068 lemnitatem
2329 4026 2642 4082 azymorum
2690 4007 2904 4063 Domini
2938 4010 3275 4079 praedicavit.
3312 4009 3368 4064 Si
3393 4009 3540 4063 enim

1961 4107 2239 4162 celebrare
2292 4106 2342 4160 ei
2389 4104 2596 4159 Pascha
2666 4105 2886 4174 pr0prie
2955 4113 3012 4158 et
3067 4118 3197 4175 vere
3265 4103 3536 4164 volumus,

1961 4198 2134 4268 azymi
2165 4199 2232 4253 ab
2252 4197 2400 4251 omni
2426 4195 2632 4251 malitia
2672 4211 2795 4251 esse
2828 4195 3111 4259 debemus,
3145 4203 3201 4248 et
3228 4195 3397 4247 multo
3422 4207 3538 4246 ma-

1961 4292 2045 4362 gis
2075 4308 2104 4345 a
2126 4289 2352 4345 Iudaico
2377 4305 2565 4344 errore
2596 4297 2652 4344 et
2702 4296 2991 4342 vetustate.
3035 4287 3194 4342 Unde
3249 4295 3537 4355 postquam

1960 4382 2160 4436 Paulus
2187 4379 2341 4444 dixit,
2366 4379 2568 4433 Pascha
2591 4387 2828 4432 nostrum
2851 4376 3156 4430 immolatus
3182 4385 3256 4430 est
3273 4376 3533 4440 Christus,

277 4449 394 4541 ωδ,
427 4441 734 4541 advenerit’
796 4441 1134 4541 memoriam
1163 4443 1431 4541 Siquidem
1460 4445 1594 4541 Fac“
1651 4456 1858 4515 quam”
1891 4473 1934 4525 D
1964 4473 2207 4530 subdidit
2238 4489 2252 4526 :
2283 4441 2592 4541 Epulemur,
2611 4487 2713 4524 non
2739 4473 2794 4524 in
2817 4473 3070 4541 fermento
3094 4470 3274 4531 veteri,
3300 4483 3536 4538 nequem

275 4531 526 4594 decimae,
559 4532 686 4600 quia
715 4534 941 4604 ﬁguram
975 4533 1232 4589 habebat.
1273 4536 1642 4592 Festivitatem
1667 4547 1851 4592 autem

277 4639 436 4694 agere
469 4623 660 4692 quinta
693 4625 905 4680 decima
935 4628 1216 4696 praecepit,
1250 4628 1378 4697 quia
1401 4629 1456 4681 in
1484 4629 1602 4697 ipsa
1654 4646 1849 4684 verum

275 4724 362 4772 est
388 4715 614 4780 Pascha,
651 4717 719 4772 de
742 4734 852 4786 quo
878 4717 1078 4773 Paulus
1103 4719 1320 4774 dicebat
1352 4737 1364 4772 :
1392 4719 1601 4774 Pascha
1617 4731 1854 4776 nostrum

274 4807 578 4862 immolatus
619 4817 693 4863 est
727 4809 960 4864 Christus
983 4810 1051 4864 ".
1085 4809 1191 4866 Sed
1245 4811 1395 4881 ipsos
1430 4811 1542 4881 jam
1573 4827 1855 4868 sermones

275 4898 654 4955 discutiamus.

343 4989 442 5045 Hae
460 5003 579 5046 sunt
600 4991 746 5061 ferite
771 4991 980 5046 Domini
1011 5002 1204 5047 sancta:
1223 5011 1355 5064 quas
1383 4993 1644 5048 celebrare
1662 4995 1856 5048 debetis

275 5084 589 5153 temporibus
603 5087 730 5140 suis.
757 5085 938 5150 Quare
957 5101 1066 5139 non
1086 5086 1244 5150 dixit,
1263 5086 1438 5141 Feriaa
1459 5085 1714 5152 Domino,
1735 5088 1856 5153 sed,

273 5175 453 5233 Feriis
485 5177 740 5233 Domini?
773 5179 884 5233 Aut
927 5177 1109 5232 forsan
1168 5180 1321 5235 illum
1367 5179 1672 5235 auditorem
1721 5181 1854 5252 legis

273 5281 615 5334 contestans.
635 5273 763 5343 quia
791 5289 899 5328 non
927 5272 1250 5343 simpliciter
1275 5275 1598 5330 festivitates
1630 5277 1748 5343 has,
1785 5278 1854 5334 de

273 5365 473 5436 quibus
505 5377 591 5422 est
621 5382 824 5430 sermo,
847 5365 1110 5421 celebrari
1169 5368 1282 5422 Deo
1313 5369 1396 5422 lex
1440 5370 1719 5438 prtecepit.
1755 5371 1850 5426 sed

273 5457 402 5528 quia
421 5459 542 5529 ejus
575 5467 702 5515 sunt
734 5457 984 5530 propriae.
1039 5458 1177 5525 Quia
1211 5463 1671 5531 quemadmodum
1698 5463 1850 5518 festi-

341 5657 568 5736 f'Bom.
595 5679 713 5736 vni,
755 5666 850 5736 28ἶ
919 5666 959 5695 ²¹
990 5665 1154 5721 llebr.
1235 5669 1446 5736 1:11,”.

267 5725 359 5797 ,⁸⁸1
388 5729 512 5789 Cor.
543 5751 594 5802 ν,
626 5735 680 5790 8.
756 5737 798 5766 "
827 5734 982 5790 Joau.
1019 5752 1135 5802 vm,
1166 5738 1254 5792 Si.

1525 5671 1567 5703 ²²
1593 5668 1758 5725 Hebr.
1801 5686 1872 5739 tv,
1906 5673 1956 5727 9.

1956 4570 2208 4635 fermento
2240 4565 2460 4618 malitia!
2485 4573 2532 4617 et
2560 4565 2823 4633 nequitite,
2844 4563 2934 4616 sed
2986 4563 3042 4615 in
3068 4562 3270 4630 azymis
3317 4561 3536 4614 sinceri-

1957 4659 2082 4712 tatis
2138 4668 2185 4711 et
2247 4658 2486 4712 veritatis
2527 4656 2592 4710 ".
2653 4657 2718 4710 Et
2749 4655 2948 4710 nonad
2981 4665 3217 4725 tempus,
3248 4653 3343 4708 sed
3387 4651 3534 4706 omni

1954 4757 2142 4802 nostra
2169 4748 2279 4802 vita
2309 4763 2336 4801 a
2378 4747 2650 4801 fermento
2675 4747 2897 4803 malitia
2944 4747 3134 4801 mundi
3190 4761 3311 4801 csse
3373 4743 3540 4797 debe-

1956 4852 2079 4888 mus
2105 4853 2120 4901 ;
2150 4843 2437 4904 propterea
2456 4836 2564 4890 ait:
2589 4835 2796 4904 Septem
2820 4836 3001 4889 diebus
3031 4850 3217 4904 azyma
3236 4829 3531 4886 comedetis.

1960 4923 2062 4977 Per
2087 4925 2453 4991 septenarium
2480 4941 2767 4978 numerum
2801 4925 2867 4979 de
2890 4923 3040 4978 omni
3068 4923 3226 4976 nobis
3254 4921 3358 4973 vita
3394 4931 3532 4986 prte-

1958 5015 2188 5085 cipiens.

2031 5105 2192 5160 Vens.
2229 5107 2280 5160 8.
2319 5124 2337 5158 ι
2377 5109 2502 5162 Dies
2528 5107 2737 5177 primus
2775 5106 2882 5161 erit
2930 5105 3089 5162 vobis
3141 5102 3530 5159 celeberrimus

1959 5205 2015 5252 et
2039 5206 2286 5260 sanctus,
2325 5214 2487 5253 omne
2505 5215 2641 5268 Opus
2671 5199 2870 5255 servile
2915 5213 3025 5252 non
3052 5195 3262 5252 facietis
3303 5195 3356 5247 in
3383 5207 3468 5246 eo.
3504 5212 3524 5246 ι

2032 5289 2166 5343 Illud
2199 5289 2344 5343 enim
2413 5291 2728 5344 omnimodo
2777 5289 2972 5344 servile
3010 5303 3130 5342 esse
3150 5302 3286 5356 Opus
3307 5285 3529 5354 spiritus

1961 5379 2158 5444 innuit,
2199 5381 2267 5435 de
2298 5396 2408 5450 quo
2437 5381 2515 5434 ait
2552 5381 2813 5434 Dominus
2849 5397 2861 5432 :
2907 5381 3074 5433 Amen
3107 5395 3260 5432 amen
3292 5379 3408 5431 dico
3441 5393 3531 5430 vo-

1959 5471 2056 5535 bis,
2075 5471 2164 5539 qui
2190 5472 2317 5542 facit
2344 5479 2635 5541 peccatum,
2670 5486 2845 5524 servus
2863 5480 2940 5524 est
2967 5470 3164 5538 peccati
3193 5469 3260 5522 ‘7.
3298 5468 3352 5522 Si
3380 5467 3526 5522 enim

2038 5675 2082 5704 ’³
2117 5672 2280 5730 lCor.
2314 5693 2365 5740 γ,
2387 5677 2438 5730 7.
2522 5673 2565 5706 “
2598 5672 2769 5730 Exod.
2797 5673 2962 5740 xu,2.
3037 5673 3082 5706 "
3110 5672 3128 5728 ι
3156 5669 3314 5728 Joan.
3340 5685 3400 5736 ιι,
3436 5668 3522 5725 is.
