4038 6182
469 250 607 319 1083

1684 256 2044 318 llESYClIII
2091 258 2475 321 PRESBYTE
2484 261 2564 322 ΠΙ

3600 262 3745 331 8084

467 375 659 418 verum
700 361 1041 420 celebramus
1065 363 1292 431 Pascha,
1324 367 1535 438 peccati
1562 369 1849 425 servitium
1866 369 2043 442 fugia-
2073 377 2119 432 Α
2148 372 2347 427 mentis
2381 373 2516 439 suis,
2542 374 2599 428 in
2625 371 2851 429 odorem
2883 372 3271 430 suavissimum
3328 372 3581 467 Dominp.
3630 375 3747 432 Fa-

466 468 591 508 tuus
624 473 637 509 :
670 454 795 524 quia
826 455 1094 521 Christus,
1155 460 1249 529 qui
1276 475 1376 530 pro
1413 461 1574 517 nobis
1611 477 1806 533 passus
1855 473 1962 529 est,
2013 479 2045 519 a

468 556 699 616 peccato
724 563 823 604 nos
852 556 909 603 et
933 549 1195 606 servitute
1220 552 1343 622 ejus
1386 553 1643 609 liberavit
1673 571 1687 607 :
1734 571 1846 610 non
1915 558 2044 627 quia

466 636 645 704 prima
673 635 762 690 die
790 650 954 692 omne
979 652 1119 708 opus
1148 641 1349 698 servile
1398 658 1511 698 non
1568 644 1687 701 fieri
1748 648 2037 718 praecepit,

462 725 590 781 aliis
617 735 797 782 autem
820 728 1016 785 diebus
1055 730 1179 786 ideo
1201 748 1365 804 Opera
1381 735 1464 806 agi
1480 736 1709 792 servilia
1742 740 2041 810 precepit:

465 816 588 871 vide
614 832 744 889 ergo
782 820 915 890 quid
943 821 1191 879 subdidit
1225 843 1238 880 :

529 908 633 963 Sed
666 912 893 981 oﬁ'eretis
941 916 1266 985 sacrificium
1293 921 1349 973 in
1378 921 1499 993 igne
1530 923 1778 980 Domino.
1797 926 1925 981 Sive
1978 935 2041 981 ut

464 996 607 1052 LXX
643 1018 657 1054 :
685 1000 924 1085 Oﬁ‘eretis
975 1007 1400 1066 holocautomata
1431 1013 1655 1072 Domino
1677 1027 1873 1087 septem
1925 1020 2041 1074 die-

462 1092 578 1148 bus.
612 1093 736 1151 Dies
760 1105 943 1153 autem
977 1101 1246 1169 septimus
1274 1105 1381 1158 erit
1402 1106 1670 1162 celebrior
1688 1118 1745 1164 et
1774 1111 2041 1177 sanctior,-

462 1186 784 1257 nullumque
813 1204 952 1260 opus
1011 1192 1209 1248 servile
1239 1193 1454 1252 facietis
1494 1197 1551 1252 in
1588 1215 1676 1254 eo.
1709 1201 2039 1258 llolocauto-

458 1287 609 1334 mata
637 1294 766 1350 ergo
793 1290 1002 1351 septem
1026 1283 1219 1340 diebus
1252 1286 1439 1343 oﬂ‘erri
1497 1291 1843 1362 praecipiens,
1867 1295 2039 1349 absti-

462 1386 597 1427 nere
625 1372 790 1428 etiam
810 1373 880 1429 ab
904 1376 1162 1431 omnibus
1186 1379 1445 1448 operibus
1498 1382 1793 1440 servilibus
1851 1384 1907 1438 in
1958 1386 2040 1441 eis

460 1463 740 1533 praecepit.
766 1464 1050 1531 Quomodo
1072 1468 1218 1523 enim
1245 1469 1367 1539 quis
1387 1471 1770 1529 holocaustum
1812 1474 1926 1531 Deo
1949 1476 2040 1531 of-

461 1552 619 1619 feret,
676 1555 896 1611 diabolo
921 1557 1139 1629 dignus,
1197 1571 1293 1615 aut
1339 1563 1556 1619 servilia
1586 1567 1789 1637 agens?
1835 1568 2039 1625 Deinde

460 1657 573 1697 non
600 1644 780 1700 solum
810 1647 1068 1716 primam,
1091 1650 1190 1706 sed
1220 1661 1278 1707 et
1305 1655 1594 1724 septimam
1618 1666 1907 1728 propterea
1940 1676 2039 1716 no-

460 1731 711 1800 minavit,
741 1735 877 1790 utin
927 1736 1099 1806 prima
1144 1748 1201 1795 et
1235 1737 1303 1796 ‘in
1332 1744 1562 1813 septima
1587 1754 1753 1800 totam
1783 1761 2037 1818 compre-

459 1824 727 1881 henderet
747 1826 912 1882 vitam
938 1829 1257 1887 humanam.
1313 1832 1407 1888 llla
1436 1834 1584 1890 enim
1643 1837 1883 1904 initium,
1936 1839 2038 1895 ista

455 1922 641 1969 autem
673 1914 834 1972 linem
862 1918 1030 1976 habet
1079 1920 1136 1975 in
1166 1936 1271 1991 qua
1325 1925 1510 1980 omnia
1557 1929 2036 1998 comprehendun-

456 2011 567 2057 tur.
609 2002 839 2061 Videtur
862 2015 1046 2063 autem
1086 2021 1143 2065 et
1166 2012 1270 2067 hoc
1306 2014 1620 2085 praecipere,
1645 2026 1704 2072 ut
1735 2019 1782 2073 is
1809 2020 1901 2089 qui
1933 2020 2038 2074 im-

454 2089 662 2158 buitur,
691 2092 808 2148 sive
846 2094 1094 2151 initiatur
1122 2101 1402 2169 mysterio,
1428 2103 1640 2158 nullum
1675 2120 1818 2175 opus
1838 2108 2036 2164 servile

453 2189 627 2253 agat:
674 2193 891 2254 oportet
936 2189 1140 2259 quippe
1180 2190 1332 2245 illum
1365 2208 1549 2265 agere,
1602 2212 1725 2267 qua:
1771 2200 2037 2258 libertatis

452 2281 601 2339 sunt,
635 2274 761 2345 quia
790 2291 892 2333 nos
928 2277 1191 2337 Dominus
1212 2282 1461 2340 liberavit
1495 2302 1593 2356 per
1619 2303 1746 2343 eum
1776 2291 1868 2361 qui
1887 2292 1938 2346 ei
1959 2293 2036 2347 si-

452 2373 652 2435 gnatus
676 2375 779 2423 est.
803 2369 858 2423 Si
886 2376 1069 2424 autem
1093 2373 1295 2443 aliquid
1316 2386 1441 2446 post
1455 2378 1559 2434 hoc
1584 2381 1936 2452 egerit,quod
1966 2386 2034 2439 ad

452 2456 770 2511 servitutem
793 2459 1052 2527 pertinet,
1083 2478 1325 2531 peccans
1349 2475 1411 2521 ut
1435 2467 1620 2531 homo,
1666 2470 1860 2526 saltem
1890 2473 2030 2542 ejus,

451 2562 574 2616 quae
626 2548 695 2602 ad
744 2547 908 2603 linem
938 2560 1045 2617 est,
1101 2554 1371 2611 libertatis
1389 2558 1725 2628 diligentiam
1748 2571 1921 2631 gerat,
1976 2575 2034 2620 et

450 2634 703 2692 intendat
752 2654 862 2708 quo
906 2641 1067 2697 modo
1113 2653 1302 2699 noster
1349 2646 1474 2702 finis
1522 2648 1700 2705 bonus
1743 2650 2027 2721 elficiatur,

449 2728 726 2796 quomodo
764 2731 995 2801 septima
1023 2732 1162 2799 dies,
1216 2743 1436 2806 tempus
1493 2739 1769 2808 videlicet,
1815 2743 1870 2798 in
1921 2762 2032 2816 quo

450 2820 766 2889 transimus,
797 2838 960 2878 omne
1012 2839 1150 2894 opus
1201 2828 1403 2883 servile
1439 2846 1547 2885 non
1583 2831 1802 2888 habeat.
1855 2835 1911 2890 lu
1962 2854 2029 2893 eo

448 2912 594 2967 enim
627 2914 683 2967 in
706 2931 815 2984 quo
838 2930 939 2970 nos
962 2915 1107 2971 Deus
1138 2916 1434 2986 invenerit,
1478 2922 1532 2976 in
1571 2923 1688 2992 ipso
1710 2934 1766 2979 et
1782 2926 2030 2995 judicare

447 3003 737 3073 promittit.
770 3004 995 3076 Propter
1021 3008 1164 3078 quod
1185 3018 1241 3065 et
1271 3008 1460 3079 David,
1480 3012 1545 3067 In
1559 3015 1686 3084 ﬁne,

447 3110 568 3162 pas,
591 3094 856 3165 plurimos
894 3098 1232 3155 Psalmorum
1262 3105 1591 3172 praescribit.

520 3184 685 3241 Vsus.
710 3187 866 3243 9-14.
895 3209 914 3241 ι
948 3190 1297 3264 Locutusque
1321 3204 1405 3251 est
1434 3197 1701 3256 Dominus
1721 3202 1789 3256 ad
1807 3200 2026 3273 Moysen

446 3276 637 3333 dicens
667 3294 681 3333 :
719 3278 969 3350 Loquere
984 3282 1315 3353 ﬁliislsrael,
1349 3297 1406 3343 et
1439 3290 1592 3346 dices
1614 3292 1684 3346 ad
1713 3309 1810 3349 eos
1844 3311 1858 3348 :
1891 3294 2028 3350 Cum

448 3369 677 3443 ingressi
700 3372 913 3430 fueritis
949 3385 1146 3432 terram
1186 3395 1349 3449 quam
1398 3396 1501 3452 ego
1553 3385 1692 3439 dabo
1749 3387 1923 3453 vobis,
1973 3396 2030 3442 et

447 3461 786 3517 messueritis
811 3473 1023 3541 segetes
1055 3475 1212 3522 terra;
1260 3478 1476 3535 vestrae,
1509 3471 1700 3529 feretis
1724 3476 2028 3546 manipulos

448 3551 742 3620 spicarum,
774 3554 1043 3624 primitias
1065 3558 1259 3614 messis
1301 3569 1516 3627 vestras,
1562 3565 1629 3620 ad
1664 3568 2024 3624 sacerdotem.

448 3638 551 3704 Qui
601 3641 800 3698 levabit
842 3643 1162 3701 fasciculum
1213 3663 1396 3704 coram
1436 3650 1670 3709 Domino
1693 3665 1751 3710 ut
1773 3666 2026 3727 accepta-

448 3729 576 3786 bilis
601 3733 675 3787 sit
700 3748 799 3804 pro
823 3736 996 3791 vobis.
1029 3738 1217 3794 Altero
1249 3740 1337 3796 die
1377 3741 1635 3811 Sabbato,
1663 3749 2028 3806 sanctiﬁcabit

449 3820 622 3889 illum,
643 3833 805 3895 atque
842 3827 896 3880 in
934 3828 1125 3884 eodem
1142 3829 1232 3886 die
1251 3847 1360 3901 quo
1399 3836 1710 3906 manipulus
1731 3854 2026 3895 consecra-

449 3923 560 3981 tur,
593 3916 833 3972 medetur
852 3933 1024 3990 agnus
1048 3922 1432 3980 immaculatus
1483 3927 1774 3984 anniculus
1796 3930 1849 3984 in
1873 3931 2027 3986 holo-

448 4019 698 4065 caustum
725 4009 975 4077 Domino,
1004 4023 1060 4068 et
1092 4014 1389 4072 libamenta
1423 4017 1724 4075 afferentur
1778 4037 1905 4077 cum
1959 4038 2026 4078 eo

448 4097 571 4153 dua:
605 4098 832 4156 decimae
870 4103 1062 4159 simila:
1106 4120 1416 4176 conspersa:
1463 4109 1585 4166 oleo
1635 4111 1690 4165 in
1738 4112 2024 4171 incensum

448 4184 680 4244 Domino
700 4190 1032 4264 odoremque
1055 4196 1464 4264 suavissimum,
1499 4199 1607 4255 liba
1636 4216 1855 4272 quoque
1890 4205 2023 4267 vini,

446 4288 637 4347 quarta
659 4297 784 4352 pars
801 4283 918 4340 hin.
949 4285 1151 4343 Panem
1187 4297 1244 4344 et
1268 4290 1566 4360 polentam,
1611 4301 1667 4347 et
1694 4295 1871 4363 pultes
1913 4310 2025 4349 non

2148 462 2306 518 cit-tis
2322 472 2387 518 et
2409 464 2623 528 hircum
2651 481 2753 535 pro
2772 473 3019 536 peccato,
3072 467 3322 537 duosque
3359 462 3529 537 agnos
3568 471 3747 524 anni-

2146 555 2321 620 culos,
2353 556 2561 611 hostias
2580 557 2951 627 pacilicorum.
2983 558 3230 629 Cumque
3260 560 3567 617 elevaverit
3629 578 3741 618 eas

2146 648 2398 704 sacerdos
2420 664 2546 725 cum
2577 649 2807 717 panibus
2837 649 3200 718 primitiarum
3239 666 3425 705 coram
3472 652 3738 720 Domino,

2145 737 2343 792 cedent
2365 737 2421 791 in
2456 754 2617 792 usum
2649 739 2790 809 ejus.
2826 740 2894 793 Et
2947 740 3213 795 vocabitis
3234 740 3383 797 hunc
3416 742 3562 797 diem
3584 744 3742 798 cele-

2145 829 2465 896 berrimum,
2502 840 2665 901 atque
2691 831 3122 895 sanctissimum,
3152 847 3318 888 omne
3342 848 3482 903 opus
3519 836 3736 890 servile

2143 933 2255 972 non
2294 917 2508 974 facietis
2564 919 2620 973 in
2668 935 2755 974 eo.
2794 918 3122 991 Legitimum
3178 922 3573 992 sempiternum
3618 925 3737 979 erit

2143 1011 2201 1064 in
2259 1009 2475 1065 cunctis
2530 992 2888 1076 habitaculis,
2972 1020 3029 1066 et
3092 1014 3545 1083 generationibus
3627 1034 3735 1072 ve-

2143 1102 2289 1158 stris.
2319 1121 2340 1154 ι

2212 1193 2352 1258 Quia
2386 1194 2547 1265 longe
2576 1211 2607 1248 a
2644 1194 2903 1264 praesenti
2956 1195 3076 1267 lege
3106 1197 3345 1268 pepulus
3397 1197 3720 1260 Judaeorum

2142 1289 2247 1347 est,
2268 1283 2387 1352 ipsa
2402 1284 2599 1339 docere
2621 1299 2724 1340 nos
2748 1285 2915 1340 verba
2932 1295 3164 1356 possunt
3182 1288 3453 1344 discussa.
3474 1291 3732 1363 Arguim-

2142 1381 2234 1426 tur
2263 1381 2472 1437 autem,
2503 1389 2683 1445 neque
2706 1376 3012 1431 secundum
3046 1378 3283 1433 litteram
3312 1380 3601 1451 implentcs
3627 1401 3722 1451 ea,

2139 1479 2244 1518 nec
2280 1464 2539 1534 spiritum
2585 1465 2911 1538 intelligere,
2944 1468 3038 1539 qui
3081 1469 3138 1524 in
3188 1473 3273 1525 eis
3295 1481 3405 1535 est,
3452 1474 3720 1530 valentes.

2138 1553 2328 1611 Altero
2356 1555 2445 1612 die
2473 1556 2650 1626 prima
2694 1559 2949 1614 videlicet
2980 1575 3296 1631 azymorum
3324 1563 3522 1619 oﬂ'erre
3544 1567 3725 1621 niani-

2141 1646 2351 1714 pulum,
2388 1657 2444 1702 et
2471 1661 2630 1701 ovem
2676 1647 2962 1705 immolare
2994 1666 3160 1722 super
3184 1667 3313 1707 eum
3364 1659 3632 1727 praecepit.
3667 1660 3723 1711 Δ

2069 1705 2114 1765 Β
2140 1705 2229 1788 die
2275 1705 2480 1800 autem,
2537 1734 2593 1789 in
2650 1750 2759 1806 quo
2817 1737 2920 1792 hoc
2965 1705 3312 1809 fit,‘septem_

2139 1826 2438 1891 numerari,
2468 1835 2525 1882 et
2552 1828 2788 1882 alterum
2816 1829 2960 1883 diem
2988 1829 3197 1886 ultima:
3220 1832 3595 1899 hebdomadas,
3630 1836 3725 1891 sic

2136 1915 2493 1973 Pentecostes
2569 1920 2849 1975 celebrare
2900 1920 3255 1978 festivitatem
3307 1924 3365 1978 in
3431 1926 3533 1990 his,
3588 1942 3724 1996 qua:

2137 2026 2285 2065 nunc
2313 2011 2449 2066 dixit
2472 2013 2756 2084 praecepit.
2787 2013 3020 2081 Quidam
3040 2024 3225 2071 autem
3247 2019 3324 2072 sic
3359 2018 3725 2074 inveniuntur

2136 2096 2490 2156 Pentecostes
2540 2101 2894 2157 festivitatem
2941 2104 3246 2160 celebrare.
3272 2108 3312 2159 Α
3355 2107 3519 2176 prima
3552 2109 3717 2163 enim

2135 2204 2479 2262 azymorum,
2509 2208 2623 2247 non
2667 2203 2850 2249 autem
2874 2211 2904 2249 a
2930 2196 3041 2259 die,
3075 2195 3130 2250 in
3191 2213 3296 2268 qua
3346 2199 3723 2268 manipulum.

2135 2296 2257 2351 qua:
2272 2282 2451 2352 prima
2473 2298 2791 2354 azymorum
2826 2285 2881 2339 in
2912 2287 3217 2343 crastinum
3249 2288 3486 2343 secunda
3512 2288 3721 2344 videli-

2134 2382 2224 2430 cet
2260 2374 2402 2440 dies,
2439 2385 2824 2446 computantes
2874 2379 3142 2434 celebrari
3173 2380 3408 2435 sibimet.
3442 2379 3721 2437 Penteco-

2134 2470 2274 2516 stem
2309 2462 2630 2532 praedicant.
2667 2462 2901 2536 Pr0pter
2918 2466 3065 2536 quod
3094 2466 3177 2522 eis
3211 2465 3479 2524 Dominus
3511 2469 3719 2539 impro-

2134 2566 2333 2620 perans
2381 2553 2529 2622 quod
2584 2556 2891 2611 secundum
2935 2556 3179 2613 litteram
3261 2574 3375 2613 non
3421 2560 3722 2632 implerem

2132 2645 2307 2706 legem
2359 2645 2575 2701 dicebat
2612 2646 2724 2701 :Et
2780 2665 2934 2703 nemo
2985 2666 3053 2705 ea:
3085 2651 3231 2705 vobis
3283 2654 3414 2722 facit
3461 2654 3719 2727 legem“.

2131 2736 2375 2793 Ecclesia
2397 2738 2731 2795 autemfacit
2756 2741 2899 2796 sicut
2926 2758 3074 2799 nunc
3105 2746 3437 2801 ostenditur.

2202 2854 2526 2923 Locutusque
2582 2865 2661 2910 est
2714 2856 2971 2913 Dominus
3037 2862 3111 2915 ad
3189 2862 3418 2933 Moysen:
3478 2864 3661 2917 dicens
3700 2880 3724 2919 :

2129 2943 2364 3014 Loquere
2388 2944 2514 3014 ﬁliis
2542 2945 2732 3010 Israel,
2757 2959 2807 3003 et
2837 2951 2976 3006 dices
3034 2954 3107 3007 ad
3150 2971 3266 3009 eos:
3325 2956 3454 3010 Cum
3492 2957 3725 3026 ingressi

1709 3033 1773 3071 ἰο
1797 3035 2028 3074 σονναηυ
2057 3051 2101 3111 C
2135 3036 2339 3089 fueritis
2371 3045 2589 3103 terram,
2632 3055 2793 3108 quam
2820 3057 2913 3110 ego
2956 3042 3092 3095 dabo
3122 3044 3267 3098 vobis
3294 3055 3344 3100 et
3392 3049 3724 3103 messueritis

2130 3134 2325 3195 segetes
2357 3134 2517 3181 terra:
2546 3138 2749 3190 vestrm,
2801 3132 3027 3200 oﬂ'eretis
3083 3133 3377 3200 manipulos
3416 3141 3720 3205 spicarum,

2130 3218 2396 3283 primitias
2424 3220 2607 3273 messis
2644 3230 2829 3276 vestra
2867 3224 2937 3274 ad
2975 3225 3318 3278 sacerdotem.
3370 3225 3471 3290 Qui
3521 3228 3723 3283 levabit

2130 3307 2440 3377 fasciculum
2498 3325 2677 3363 coram
2728 3311 2975 3373 Domino,
3020 3322 3076 3364 ut
3107 3315 3449 3382 acteptabilis
3492 3317 3562 3368 sit
3620 3334 3726 3386 pro

2129 3398 2289 3452 vobis.
2323 3398 2546 3454 Terram
2576 3416 2607 3454 a
2641 3401 2749 3455 Deo
2768 3403 2973 3469 datam,
2996 3405 3373 3475 evangelicum
3407 3405 3723 3461 doctrinam

2129 3500 2183 3545 et
2213 3492 2686 3547 conversationem
2714 3493 3041 3565 frequenter
3070 3495 3386 3551 docuimus.
3413 3494 3536 3566 Ipsa
3562 3497 3723 3552 enim

2130 3592 2276 3637 terra
2311 3584 2531 3650 dicitur,
2584 3595 2812 3656 propter
2862 3586 3074 3643 fructus
3107 3587 3376 3643 virtutum
3408 3587 3501 3659 qui
3552 3605 3622 3642 ex
3652 3605 3723 3644 ea

2128 3671 2402 3727 oriuntur.
2438 3673 2521 3727 Ab
2559 3673 2679 3743 ipso
2701 3685 2887 3729 autem
2918 3673 3031 3731 Deo
3062 3676 3191 3731 data
3221 3688 3325 3741 est,
3365 3692 3545 3747 neque
3566 3677 3721 3732 enim

2130 3759 2432 3814 mediatore
2452 3760 2521 3814 ad
2553 3761 2697 3816 hanc
2725 3776 2860 3817 usus
2881 3771 2987 3828 est,
3030 3763 3126 3818 sed
3151 3764 3372 3833 proprio
3397 3779 3462 3819 ea
3496 3780 3729 3819 annun~

2128 3849 2285 3904 tiavit
2308 3865 2423 3906 ore.
2462 3850 2696 3918 Quando
2744 3867 2874 3923 ergo
2911 3854 3139 3925 ingressi
3172 3865 3325 3920 sunt,
3368 3866 3422 3912 et
3463 3873 3724 3914 messue-

2128 3950 2259 3996 runt
2312 3952 2527 4014 segetes
2594 3944 2738 4014 ejus,
2804 3944 2861 3999 lii
2910 3946 3003 4015 qui
3056 3957 3423 4018 susceperunt
3470 3950 3720 4005 salutare

2127 4031 2378 4088 verbum.
2424 4032 2504 4086 Illi
2544 4033 2691 4088 enim
2715 4044 2848 4089 sunt
2882 4045 2938 4090 et
2965 4052 3262 4104 messores,
3311 4050 3367 4094 et
3394 4040 3721 4109 intelligibi-

2127 4123 2204 4177 les
2238 4132 2447 4194 segetes
2462 4124 2529 4179 ad
2550 4141 2688 4195 quos
2720 4126 2983 4183 Dominus
3004 4130 3252 4186 dicebat:
3278 4133 3465 4187 Mcssis
3495 4135 3717 4202 quidem

2128 4214 2321 4280 multa,
2354 4217 2588 4286 operarii
2622 4227 2799 4272 autem
2832 4221 3018 4290 pauci,
3050 4232 3231 4293 rogate
3256 4223 3545 4279 Dominum
3576 4241 3715 4280 mes-

2126 4308 2219 4366 sis.
2269 4316 2327 4361 ut
2367 4310 2545 4363 mittat
2588 4313 2862 4379 operarios
2922 4315 2981 4367 in
3019 4318 3487 4382 messemsuam”,
3508 4318 3719 4388 quibus

447 4371 745 4428 comedetis
770 4390 833 4428 ex
851 4385 1052 4445 segete,
1074 4393 1249 4448 usque
1277 4380 1349 4435 ad
1381 4380 1528 4434 diem
1553 4397 1664 4451 quo
1692 4382 1939 4438 oll‘eratis
1955 4400 2024 4439 ex

2136 4399 2306 4454 etiam
2348 4400 2501 4456 verbi
2548 4403 2873 4474 mysterium
2916 4406 3166 4472 credidit,
3202 4417 3339 4463 tunc
3382 4410 3580 4463 messis
3629 4412 3719 4465 sic

447 4474 510 4513 ea
536 4459 644 4515 Deo
663 4471 864 4530 vestro,
899 4478 1231 4538 praeceptum
1253 4479 1337 4524 est
1358 4471 1749 4541 sempiternum
1782 4473 1834 4525 in
1855 4489 2021 4544 gene-

447 4552 773 4622 rationibus,
807 4558 1131 4630 cunctisque
1173 4561 1498 4617 habitaculis
1556 4565 1773 4619 vestris.
1821 4566 2024 4621 Nume-

450 4643 642 4712 rabitis
670 4663 799 4719 ergo
823 4650 893 4705 ab
921 4651 1203 4710 alterodie
1229 4654 1475 4723 Sabbati,
1514 4658 1568 4712 in
1613 4673 1725 4727 quo
1748 4659 2023 4717 obtulistis

449 4738 785 4810 manipulum
816 4745 1200 4816 primitiarum,
1224 4762 1429 4820 septem
1447 4754 1813 4811 hebdomadas
1833 4756 2023 4826 plenas

451 4845 625 4901 usque
652 4832 719 4888 ad
749 4835 890 4891 diem
919 4837 1147 4893 alteram
1188 4842 1514 4913 expletionis
1545 4844 1904 4901 hebdomadas
1936 4863 2025 4902 se-

447 4925 656 4993 ptimae,
698 4927 751 4982 id
772 4939 856 4984 est
900 4933 1297 5006 quinquaginta
1349 4937 1512 4993 dies:
1552 4948 1608 4993 et
1641 4940 1724 4996 sic
1781 4941 2026 4996 oﬂ‘eretis

448 5017 773 5074 sacriﬁcium
801 5037 1001 5077 novum
1036 5026 1284 5094 Domino,
1311 5044 1381 5084 ex
1416 5032 1670 5087 omnibus
1699 5033 2025 5089 habitaculis

445 5109 662 5163 vestris.
693 5109 869 5170 Panes
891 5116 1254 5185 primitiarum
1296 5122 1434 5177 duos
1453 5124 1522 5178 de
1549 5124 1764 5181 duabus
1794 5126 2024 5183 decimis

448 5199 638 5257 similae
670 5202 1034 5275 fermentatus,
1063 5226 1203 5280 quos
1238 5214 1485 5283 coquetis
1518 5216 1573 5269 in
1608 5217 1881 5286 primitias
1916 5217 2019 5273 Do—

447 5293 606 5347 mini.
633 5294 997 5369 Offeretisque
1022 5318 1147 5357 cum
1179 5305 1414 5373 panibus
1436 5316 1647 5375 septem
1713 5324 1884 5377 agnos
1923 5308 2026 5361 im-

447 5384 747 5443 ntaculatos
776 5391 1082 5459 anniculos,
1110 5402 1165 5447 et
1188 5396 1421 5449 vitulum
1448 5397 1518 5452 de
1539 5408 1793 5453 armento
1826 5415 2018 5465 unum,

446 5481 503 5528 et
528 5476 729 5532 arietes
761 5479 915 5547 duos,
939 5491 994 5536 et
1030 5493 1193 5539 erunt
1242 5485 1295 5539 in
1331 5486 1708 5542 holocaustum
1737 5505 1859 5543 cum
1886 5490 2023 5545 liba-

2130 4488 2343 4543 matura
2386 4499 2527 4555 erat,
2576 4494 2643 4545 ut
2689 4492 2954 4550 Dominus
2993 4495 3234 4550 diceret:
3291 4497 3480 4552 Lceate
3533 4498 3718 4552 oculos

2129 4587 2349 4645 uestros,
2370 4581 2539 4635 uidete
2566 4584 2820 4654 regiones,
2863 4587 2989 4657 quia
3017 4586 3156 4642 albae
3184 4596 3306 4641 sunt
3329 4588 3448 4658 jam
3478 4590 3551 4643 ad
3598 4608 3719 4643 me-

2132 4669 2343 4722 tendum
2361 4669 2431 4724 ”.
2484 4669 2820 4742 Manipnlnm
2856 4683 3040 4730 autem
3085 4676 3476 4746 primitiarum,
3508 4679 3720 4733 intelli-

2131 4758 2311 4829 gibilis
2345 4762 2602 4818 sacerdos
2637 4763 2895 4820 Christus
2933 4782 3135 4837 corpus
3165 4769 3452 4838 proprium
3500 4768 3715 4826 offere-

2132 4851 2243 4907 bat.
2308 4852 2446 4919 Quia
2496 4855 2643 4910 enim
2698 4858 2999 4927 capitulum
3059 4860 3175 4915 sive
3233 4876 3444 4914 summa
3489 4862 3713 4926 messis,

2132 4943 2287 4999 verbi
2336 4944 2594 5000 videlicet
2641 4947 2917 5014 salutaris,
2958 4958 3015 5005 et
3055 4950 3255 5007 divinae
3301 4953 3717 5023 praedicationis

2132 5044 2473 5090 mortuorum
2508 5045 2627 5092 erat
2682 5040 3034 5106 resurrectio,
3062 5041 3138 5096 ita
3168 5051 3230 5098 ut
3256 5041 3460 5099 Paulus
3506 5048 3717 5101 clama—

2133 5132 2248 5179 ret:
2289 5124 2396 5180 Viri
2426 5127 2709 5193 Pharistei,
2739 5130 2803 5183 de
2831 5147 2919 5201 spe
2950 5140 3000 5185 et
3061 5136 3442 5188 resurrectione
3472 5147 3713 5190 mortuo-

2130 5232 2248 5271 rum
2275 5235 2368 5289 ego
2408 5220 2627 5289 judicor
2673 5224 2824 5278 hodie
2841 5224 2908 5289 ³¹,
2941 5227 3239 5296 oportebat
3275 5226 3712 5283 satisfactionem

2129 5308 2285 5377 sequi
2328 5311 2755 5379 praedicationis,
2798 5330 2924 5369 nam
2970 5316 3343 5371 et‘subsecuta
3386 5327 3491 5372 est.
3539 5316 3716 5372 Verus

2129 5397 2274 5450 enim
2311 5401 2648 5470 manipulus,
2676 5413 2733 5457 et
2759 5420 2903 5459 verae
2942 5405 3199 5475 primitiae
3242 5415 3445 5460 nostra:
3491 5406 3713 5470 messis,

2131 5507 2279 5547 nunc
2312 5492 2669 5567 intelligibilis
2713 5499 2973 5554 sacerdos
3006 5498 3280 5568 Christus,
3340 5514 3544 5571 corpus
3584 5515 3715 5571 pro-

547 5636 595 5666 ³⁸
618 5649 777 5706 Joan.
801 5660 1007 5719 “1,19.
1081 5660 1334 5717 "Matth.
1372 5680 1442 5731 ix,
1479 5665 1567 5720 57.
1645 5668 1688 5698 ⁸⁰
1716 5666 1869 5721 Joau.
1905 5684 1976 5735 tv,
2006 5671 2031 5725 ὖ

2170 5671 2209 5703 ⁸⁸
2243 5671 2363 5727 Act.
2391 5689 2546 5736 χχιιι.
2580 5674 2633 5730 6.
