  <div class='ocr_page' id='page_1' title='image "/cluster/home/n/w/nwhite01/storage/ocr_20150623/93/hvd.32044054128533/556.png"; bbox 0 0 4038 6182; ppageno 0'>
   <div class='ocr_carea' id='block_1_1' title="bbox 365 344 502 414">
    <p class='ocr_par' dir='ltr' id='par_1_1' title="bbox 365 344 502 414">
     <span class='ocr_line' id='line_1_1' title="bbox 365 344 502 414; baseline -0.022 -1"><span class='ocrx_word' id='word_1_1' title='bbox 365 344 502 414; x_wconf 83' lang='grc'><strong>1085</strong></span> 
     </span>
    </p>
   </div>
   <div class='ocr_carea' id='block_1_2' title="bbox 1473 334 2454 410">
    <p class='ocr_par' dir='ltr' id='par_1_2' title="bbox 1473 334 2454 410">
     <span class='ocr_line' id='line_1_2' title="bbox 1473 334 2454 410; baseline 0.006 -6"><span class='ocrx_word' id='word_1_2' title='bbox 1473 338 1555 405; x_wconf 79' lang='lat' dir='ltr'><strong>1N</strong></span> <span class='ocrx_word' id='word_1_3' title='bbox 1598 334 2033 405; x_wconf 73' lang='lat' dir='ltr'><strong>LEVITICUM.</strong></span> <span class='ocrx_word' id='word_1_4' title='bbox 2066 369 2136 381; x_wconf 91' lang='grc'><strong><em>-</em></strong></span> <span class='ocrx_word' id='word_1_5' title='bbox 2174 346 2322 406; x_wconf 84' lang='lat' dir='ltr'><strong>LIB.</strong></span> <span class='ocrx_word' id='word_1_6' title='bbox 2355 348 2454 410; x_wconf 80' lang='lat' dir='ltr'><strong>VI.</strong></span> 
     </span>
    </p>
   </div>
   <div class='ocr_carea' id='block_1_3' title="bbox 3453 361 3587 430">
    <p class='ocr_par' dir='ltr' id='par_1_3' title="bbox 3453 361 3587 430">
     <span class='ocr_line' id='line_1_3' title="bbox 3453 361 3587 430; baseline 0.007 -4"><span class='ocrx_word' id='word_1_7' title='bbox 3453 361 3587 430; x_wconf 81' lang='lat'><strong>1036</strong></span> 
     </span>
    </p>
   </div>
   <div class='ocr_carea' id='block_1_4' title="bbox 358 456 3582 540">
    <p class='ocr_par' dir='ltr' id='par_1_4' title="bbox 358 456 3582 540">
     <span class='ocr_line' id='line_1_4' title="bbox 358 456 3582 540; baseline 0.004 -26"><span class='ocrx_word' id='word_1_8' title='bbox 358 460 540 530; x_wconf 84' lang='lat' dir='ltr'><strong>prium</strong></span> <span class='ocrx_word' id='word_1_9' title='bbox 568 472 599 514; x_wconf 88' lang='lat' dir='ltr'><strong>a</strong></span> <span class='ocrx_word' id='word_1_10' title='bbox 625 460 856 515; x_wconf 97' lang='lat' dir='ltr'><strong>mortuis</strong></span> <span class='ocrx_word' id='word_1_11' title='bbox 878 459 1184 525; x_wconf 70' lang='lat' dir='ltr'><strong>suscitavit,</strong></span> <span class='ocrx_word' id='word_1_12' title='bbox 1215 459 1283 514; x_wconf 89' lang='lat' dir='ltr'><strong>de</strong></span> <span class='ocrx_word' id='word_1_13' title='bbox 1313 474 1423 530; x_wconf 91' lang='lat' dir='ltr'><strong>quo</strong></span> <span class='ocrx_word' id='word_1_14' title='bbox 1451 457 1649 513; x_wconf 84' lang='lat' dir='ltr'><strong>Paulus</strong></span> <span class='ocrx_word' id='word_1_15' title='bbox 1679 459 1922 513; x_wconf 84' lang='lat' dir='ltr'><strong>diccbat:</strong></span> <span class='ocrx_word' id='word_1_16' title='bbox 1954 464 2003 518; x_wconf 65' lang='grc' dir='ltr'><strong>Α</strong></span> <span class='ocrx_word' id='word_1_17' title='bbox 2100 456 2167 510; x_wconf 83' lang='lat' dir='ltr'><strong>Et</strong></span> <span class='ocrx_word' id='word_1_18' title='bbox 2207 460 2475 527; x_wconf 73' lang='lat' dir='ltr'><strong>polentam</strong></span> <span class='ocrx_word' id='word_1_19' title='bbox 2512 468 2562 513; x_wconf 85' lang='lat' dir='ltr'><strong>et</strong></span> <span class='ocrx_word' id='word_1_20' title='bbox 2605 460 2776 529; x_wconf 84' lang='lat' dir='ltr'><strong>pultes</strong></span> <span class='ocrx_word' id='word_1_21' title='bbox 2828 479 2932 517; x_wconf 88' lang='lat' dir='ltr'><strong>non</strong></span> <span class='ocrx_word' id='word_1_22' title='bbox 2977 468 3255 522; x_wconf 79' lang='lat' dir='ltr'><strong>comedetis</strong></span> <span class='ocrx_word' id='word_1_23' title='bbox 3282 485 3346 522; x_wconf 75' lang='lat' dir='ltr'><strong>ea:</strong></span> <span class='ocrx_word' id='word_1_24' title='bbox 3392 480 3582 540; x_wconf 80' lang='lat' dir='ltr'><strong>segete,</strong></span> 
     </span>
    </p>
   </div>
   <div class='ocr_carea' id='block_1_5' title="bbox 359 549 1922 617">
    <p class='ocr_par' dir='ltr' id='par_1_5' title="bbox 359 549 1922 617">
     <span class='ocr_line' id='line_1_5' title="bbox 359 549 1922 617; baseline -0.003 -11"><span class='ocrx_word' id='word_1_25' title='bbox 359 553 516 606; x_wconf 81' lang='lat' dir='ltr'><strong>Nunc</strong></span> <span class='ocrx_word' id='word_1_26' title='bbox 541 561 717 606; x_wconf 83' lang='lat' dir='ltr'><strong>autem</strong></span> <span class='ocrx_word' id='word_1_27' title='bbox 772 552 1008 607; x_wconf 77' lang='lat' dir='ltr'><strong>Christus</strong></span> <span class='ocrx_word' id='word_1_28' title='bbox 1039 552 1324 607; x_wconf 71' lang='lat' dir='ltr'><strong>resurrexit</strong></span> <span class='ocrx_word' id='word_1_29' title='bbox 1369 568 1401 605; x_wconf 90' lang='lat' dir='ltr'><strong>a</strong></span> <span class='ocrx_word' id='word_1_30' title='bbox 1464 551 1703 613; x_wconf 78' lang='lat' dir='ltr'><strong>mortuis,</strong></span> <span class='ocrx_word' id='word_1_31' title='bbox 1736 549 1922 617; x_wconf 88' lang='lat' dir='ltr'><strong>primi-</strong></span> 
     </span>
    </p>
   </div>
   <div class='ocr_carea' id='block_1_6' title="bbox 359 642 1919 713">
    <p class='ocr_par' dir='ltr' id='par_1_6' title="bbox 359 642 1919 713">
     <span class='ocr_line' id='line_1_6' title="bbox 359 642 1919 713; baseline -0.002 -16"><span class='ocrx_word' id='word_1_32' title='bbox 359 646 446 699; x_wconf 78' lang='lat' dir='ltr'><strong>tia:</strong></span> <span class='ocrx_word' id='word_1_33' title='bbox 507 645 877 698; x_wconf 83' lang='lat' dir='ltr'><strong>dormientium</strong></span> <span class='ocrx_word' id='word_1_34' title='bbox 894 645 960 697; x_wconf 78' lang='grc'><strong>³³.</strong></span> <span class='ocrx_word' id='word_1_35' title='bbox 1015 643 1120 699; x_wconf 86' lang='lat' dir='ltr'><strong>Sed</strong></span> <span class='ocrx_word' id='word_1_36' title='bbox 1154 644 1373 713; x_wconf 84' lang='lat' dir='ltr'><strong>quando</strong></span> <span class='ocrx_word' id='word_1_37' title='bbox 1421 644 1525 697; x_wconf 89' lang='lat' dir='ltr'><strong>hoc</strong></span> <span class='ocrx_word' id='word_1_38' title='bbox 1582 642 1784 696; x_wconf 86' lang='lat' dir='ltr'><strong>factum</strong></span> <span class='ocrx_word' id='word_1_39' title='bbox 1814 649 1919 703; x_wconf 88' lang='lat' dir='ltr'><strong>est,</strong></span> 
     </span>
    </p>
   </div>
   <div class='ocr_carea' id='block_1_7' title="bbox 356 731 1922 801">
    <p class='ocr_par' dir='ltr' id='par_1_7' title="bbox 356 731 1922 801">
     <span class='ocr_line' id='line_1_7' title="bbox 356 731 1922 801; baseline -0.005 -10"><span class='ocrx_word' id='word_1_40' title='bbox 356 737 527 791; x_wconf 88' lang='lat' dir='ltr'><strong>altera</strong></span> <span class='ocrx_word' id='word_1_41' title='bbox 546 735 637 790; x_wconf 90' lang='lat' dir='ltr'><strong>die</strong></span> <span class='ocrx_word' id='word_1_42' title='bbox 672 735 866 790; x_wconf 73' lang='lat' dir='ltr'><strong>oﬂ‘eret</strong></span> <span class='ocrx_word' id='word_1_43' title='bbox 916 735 1046 790; x_wconf 89' lang='lat' dir='ltr'><strong>illud</strong></span> <span class='ocrx_word' id='word_1_44' title='bbox 1074 735 1348 789; x_wconf 80' lang='lat' dir='ltr'><strong>sacerdos.</strong></span> <span class='ocrx_word' id='word_1_45' title='bbox 1406 734 1538 788; x_wconf 85' lang='lat' dir='ltr'><strong>Esse</strong></span> <span class='ocrx_word' id='word_1_46' title='bbox 1576 744 1756 787; x_wconf 88' lang='lat' dir='ltr'><strong>autem</strong></span> <span class='ocrx_word' id='word_1_47' title='bbox 1809 731 1922 801; x_wconf 88' lang='lat' dir='ltr'><strong>pri-</strong></span> 
     </span>
    </p>
   </div>
   <div class='ocr_carea' id='block_1_8' title="bbox 357 823 1920 896">
    <p class='ocr_par' dir='ltr' id='par_1_8' title="bbox 357 823 1920 896">
     <span class='ocr_line' id='line_1_8' title="bbox 357 823 1920 896; baseline -0.004 -16"><span class='ocrx_word' id='word_1_48' title='bbox 357 842 499 881; x_wconf 86' lang='lat' dir='ltr'><strong>mam</strong></span> <span class='ocrx_word' id='word_1_49' title='bbox 529 828 671 881; x_wconf 89' lang='lat' dir='ltr'><strong>diem</strong></span> <span class='ocrx_word' id='word_1_50' title='bbox 695 826 991 879; x_wconf 70' lang='lat' dir='ltr'><strong>Dominicae</strong></span> <span class='ocrx_word' id='word_1_51' title='bbox 1046 825 1337 896; x_wconf 79' lang='lat' dir='ltr'><strong>passionis,</strong></span> <span class='ocrx_word' id='word_1_52' title='bbox 1386 840 1446 878; x_wconf 88' lang='lat' dir='ltr'><strong>ea</strong></span> <span class='ocrx_word' id='word_1_53' title='bbox 1474 838 1593 892; x_wconf 62' lang='lat' dir='ltr'><strong>quae</strong></span> <span class='ocrx_word' id='word_1_54' title='bbox 1642 830 1771 876; x_wconf 91' lang='lat' dir='ltr'><strong>ante</strong></span> <span class='ocrx_word' id='word_1_55' title='bbox 1815 823 1920 875; x_wconf 90' lang='lat' dir='ltr'><strong>hoc</strong></span> 
     </span>
    </p>
   </div>
   <div class='ocr_carea' id='block_1_9' title="bbox 356 914 1920 986">
    <p class='ocr_par' dir='ltr' id='par_1_9' title="bbox 356 914 1920 986">
     <span class='ocr_line' id='line_1_9' title="bbox 356 914 1920 986; baseline -0.003 -15"><span class='ocrx_word' id='word_1_56' title='bbox 356 918 613 980; x_wconf 79' lang='lat' dir='ltr'><strong>diximus,</strong></span> <span class='ocrx_word' id='word_1_57' title='bbox 642 917 1022 979; x_wconf 88' lang='lat' dir='ltr'><strong>ostenderunt,</strong></span> <span class='ocrx_word' id='word_1_58' title='bbox 1053 918 1109 970; x_wconf 93' lang='lat' dir='ltr'><strong>in</strong></span> <span class='ocrx_word' id='word_1_59' title='bbox 1157 933 1261 986; x_wconf 92' lang='lat' dir='ltr'><strong>qua</strong></span> <span class='ocrx_word' id='word_1_60' title='bbox 1305 916 1564 970; x_wconf 85' lang='lat' dir='ltr'><strong>Dominus</strong></span> <span class='ocrx_word' id='word_1_61' title='bbox 1628 930 1781 968; x_wconf 88' lang='lat' dir='ltr'><strong>suam</strong></span> <span class='ocrx_word' id='word_1_62' title='bbox 1820 914 1920 967; x_wconf 91' lang='lat' dir='ltr'><strong>ho-</strong></span> 
     </span>
    </p>
   </div>
   <div class='ocr_carea' id='block_1_10' title="bbox 353 1003 1917 1077">
    <p class='ocr_par' dir='ltr' id='par_1_10' title="bbox 353 1003 1917 1077">
     <span class='ocr_line' id='line_1_10' title="bbox 353 1003 1917 1077; baseline -0.004 -15"><span class='ocrx_word' id='word_1_63' title='bbox 353 1008 513 1062; x_wconf 91' lang='lat' dir='ltr'><strong>stiam</strong></span> <span class='ocrx_word' id='word_1_64' title='bbox 544 1022 651 1061; x_wconf 92' lang='lat' dir='ltr'><strong>non</strong></span> <span class='ocrx_word' id='word_1_65' title='bbox 680 1007 797 1061; x_wconf 86' lang='lat' dir='ltr'><strong>sine</strong></span> <span class='ocrx_word' id='word_1_66' title='bbox 821 1007 1027 1061; x_wconf 88' lang='lat' dir='ltr'><strong>ratione</strong></span> <span class='ocrx_word' id='word_1_67' title='bbox 1060 1006 1414 1077; x_wconf 81' lang='lat' dir='ltr'><strong>dispensavit.</strong></span> <span class='ocrx_word' id='word_1_68' title='bbox 1459 1006 1562 1059; x_wconf 80' lang='lat' dir='ltr'><strong>Sed</strong></span> <span class='ocrx_word' id='word_1_69' title='bbox 1590 1006 1714 1073; x_wconf 82' lang='lat' dir='ltr'><strong>quia</strong></span> <span class='ocrx_word' id='word_1_70' title='bbox 1744 1003 1917 1072; x_wconf 88' lang='lat' dir='ltr'><strong>prima</strong></span> 
     </span>
    </p>
   </div>
   <div class='ocr_carea' id='block_1_11' title="bbox 351 1093 1916 1168">
    <p class='ocr_par' dir='ltr' id='par_1_11' title="bbox 351 1093 1916 1168">
     <span class='ocr_line' id='line_1_11' title="bbox 351 1093 1916 1168; baseline -0.003 -17"><span class='ocrx_word' id='word_1_71' title='bbox 351 1113 667 1168; x_wconf 81' lang='lat' dir='ltr'><strong>azymorum</strong></span> <span class='ocrx_word' id='word_1_72' title='bbox 723 1098 867 1161; x_wconf 59' lang='lat' dir='ltr'><strong>hac,</strong></span> <span class='ocrx_word' id='word_1_73' title='bbox 926 1109 981 1152; x_wconf 86' lang='lat' dir='ltr'><strong>et</strong></span> <span class='ocrx_word' id='word_1_74' title='bbox 1035 1099 1205 1167; x_wconf 86' lang='lat' dir='ltr'><strong>prima</strong></span> <span class='ocrx_word' id='word_1_75' title='bbox 1262 1096 1540 1151; x_wconf 80' lang='lat' dir='ltr'><strong>Paschalis</strong></span> <span class='ocrx_word' id='word_1_76' title='bbox 1608 1093 1916 1149; x_wconf 90' lang='lat' dir='ltr'><strong>festivitatis</strong></span> 
     </span>
    </p>
   </div>
   <div class='ocr_carea' id='block_1_12' title="bbox 351 1185 1910 1259">
    <p class='ocr_par' dir='ltr' id='par_1_12' title="bbox 351 1185 1910 1259">
     <span class='ocr_line' id='line_1_12' title="bbox 351 1185 1910 1259; baseline -0.002 -19"><span class='ocrx_word' id='word_1_77' title='bbox 351 1188 654 1251; x_wconf 83' lang='lat' dir='ltr'><strong>dicebatur,</strong></span> <span class='ocrx_word' id='word_1_78' title='bbox 703 1187 873 1242; x_wconf 86' lang='lat' dir='ltr'><strong>altera</strong></span> <span class='ocrx_word' id='word_1_79' title='bbox 922 1189 1037 1242; x_wconf 90' lang='lat' dir='ltr'><strong>dies</strong></span> <span class='ocrx_word' id='word_1_80' title='bbox 1081 1187 1351 1259; x_wconf 82' lang='lat' dir='ltr'><strong>passionis</strong></span> <span class='ocrx_word' id='word_1_81' title='bbox 1404 1186 1734 1241; x_wconf 84' lang='lat' dir='ltr'><strong>resurrectio</strong></span> <span class='ocrx_word' id='word_1_82' title='bbox 1782 1185 1910 1239; x_wconf 87' lang='lat' dir='ltr'><strong>fuit:</strong></span> 
     </span>
    </p>
   </div>
   <div class='ocr_carea' id='block_1_13' title="bbox 352 1276 1911 1350">
    <p class='ocr_par' dir='ltr' id='par_1_13' title="bbox 352 1276 1911 1350">
     <span class='ocr_line' id='line_1_13' title="bbox 352 1276 1911 1350; baseline -0.001 -19"><span class='ocrx_word' id='word_1_83' title='bbox 352 1279 515 1349; x_wconf 83' lang='lat' dir='ltr'><strong>hujus</strong></span> <span class='ocrx_word' id='word_1_84' title='bbox 558 1278 635 1333; x_wconf 85' lang='lat' dir='ltr'><strong>rei</strong></span> <span class='ocrx_word' id='word_1_85' title='bbox 682 1279 874 1350; x_wconf 74' lang='lat' dir='ltr'><strong>gratia,</strong></span> <span class='ocrx_word' id='word_1_86' title='bbox 927 1295 1051 1333; x_wconf 89' lang='lat' dir='ltr'><strong>cum</strong></span> <span class='ocrx_word' id='word_1_87' title='bbox 1092 1280 1361 1349; x_wconf 85' lang='lat' dir='ltr'><strong>potuisset</strong></span> <span class='ocrx_word' id='word_1_88' title='bbox 1414 1279 1617 1341; x_wconf 89' lang='lat' dir='ltr'><strong>dicere,</strong></span> <span class='ocrx_word' id='word_1_89' title='bbox 1674 1276 1911 1331; x_wconf 88' lang='lat' dir='ltr'><strong>secunda</strong></span> 
     </span>
    </p>
   </div>
   <div class='ocr_carea' id='block_1_14' title="bbox 349 1368 1914 1439">
    <p class='ocr_par' dir='ltr' id='par_1_14' title="bbox 349 1368 1914 1439">
     <span class='ocr_line' id='line_1_14' title="bbox 349 1368 1914 1439; baseline -0.001 -17"><span class='ocrx_word' id='word_1_90' title='bbox 349 1384 660 1439; x_wconf 84' lang='lat' dir='ltr'><strong>azymorum</strong></span> <span class='ocrx_word' id='word_1_91' title='bbox 686 1369 882 1423; x_wconf 76' lang='lat' dir='ltr'><strong>otfcret</strong></span> <span class='ocrx_word' id='word_1_92' title='bbox 923 1369 1027 1423; x_wconf 86' lang='lat' dir='ltr'><strong>hoc</strong></span> <span class='ocrx_word' id='word_1_93' title='bbox 1077 1370 1351 1434; x_wconf 79' lang='lat' dir='ltr'><strong>sacerdos,</strong></span> <span class='ocrx_word' id='word_1_94' title='bbox 1381 1385 1487 1423; x_wconf 92' lang='lat' dir='ltr'><strong>non</strong></span> <span class='ocrx_word' id='word_1_95' title='bbox 1523 1369 1604 1423; x_wconf 89' lang='lat' dir='ltr'><strong>sic</strong></span> <span class='ocrx_word' id='word_1_96' title='bbox 1651 1368 1807 1431; x_wconf 77' lang='lat' dir='ltr'><strong>dixit,</strong></span> <span class='ocrx_word' id='word_1_97' title='bbox 1851 1375 1914 1421; x_wconf 90' lang='lat' dir='ltr'><strong>ut</strong></span> 
     </span>
    </p>
   </div>
   <div class='ocr_carea' id='block_1_15' title="bbox 346 1459 1908 1530">
    <p class='ocr_par' dir='ltr' id='par_1_15' title="bbox 346 1459 1908 1530">
     <span class='ocr_line' id='line_1_15' title="bbox 346 1459 1908 1530; baseline -0.002 -16"><span class='ocrx_word' id='word_1_98' title='bbox 346 1475 459 1514; x_wconf 91' lang='lat' dir='ltr'><strong>non</strong></span> <span class='ocrx_word' id='word_1_99' title='bbox 517 1461 584 1514; x_wconf 92' lang='lat' dir='ltr'><strong>ad</strong></span> <span class='ocrx_word' id='word_1_100' title='bbox 639 1460 1065 1530; x_wconf 86' lang='lat' dir='ltr'><strong>subsequentem</strong></span> <span class='ocrx_word' id='word_1_101' title='bbox 1115 1459 1257 1515; x_wconf 89' lang='lat' dir='ltr'><strong>diem</strong></span> <span class='ocrx_word' id='word_1_102' title='bbox 1315 1461 1616 1515; x_wconf 86' lang='lat' dir='ltr'><strong>deduceret</strong></span> <span class='ocrx_word' id='word_1_103' title='bbox 1667 1469 1908 1513; x_wconf 90' lang='lat' dir='ltr'><strong>nostram</strong></span> 
     </span>
    </p>
   </div>
   <div class='ocr_carea' id='block_1_16' title="bbox 344 1549 1912 1620">
    <p class='ocr_par' dir='ltr' id='par_1_16' title="bbox 344 1549 1912 1620">
     <span class='ocr_line' id='line_1_16' title="bbox 344 1549 1912 1620; baseline 0 -17"><span class='ocrx_word' id='word_1_104' title='bbox 344 1550 753 1620; x_wconf 78' lang='lat' dir='ltr'><strong>cogitationem,</strong></span> <span class='ocrx_word' id='word_1_105' title='bbox 805 1550 900 1605; x_wconf 89' lang='lat' dir='ltr'><strong>sed</strong></span> <span class='ocrx_word' id='word_1_106' title='bbox 953 1559 1009 1604; x_wconf 91' lang='lat' dir='ltr'><strong>et</strong></span> <span class='ocrx_word' id='word_1_107' title='bbox 1050 1551 1103 1603; x_wconf 90' lang='lat' dir='ltr'><strong>in</strong></span> <span class='ocrx_word' id='word_1_108' title='bbox 1152 1552 1451 1604; x_wconf 82' lang='lat' dir='ltr'><strong>crastinum</strong></span> <span class='ocrx_word' id='word_1_109' title='bbox 1505 1551 1714 1620; x_wconf 72' lang='lat' dir='ltr'><strong>primre.</strong></span> <span class='ocrx_word' id='word_1_110' title='bbox 1775 1549 1912 1604; x_wconf 89' lang='lat' dir='ltr'><strong>Dicit</strong></span> 
     </span>
    </p>
   </div>
   <div class='ocr_carea' id='block_1_17' title="bbox 340 1640 1911 1711">
    <p class='ocr_par' dir='ltr' id='par_1_17' title="bbox 340 1640 1911 1711">
     <span class='ocr_line' id='line_1_17' title="bbox 340 1640 1911 1711; baseline 0 -18"><span class='ocrx_word' id='word_1_111' title='bbox 340 1650 526 1695; x_wconf 88' lang='lat' dir='ltr'><strong>autem</strong></span> <span class='ocrx_word' id='word_1_112' title='bbox 559 1641 1040 1707; x_wconf 87' lang='lat' dir='ltr'><strong>resurrectionem,</strong></span> <span class='ocrx_word' id='word_1_113' title='bbox 1073 1643 1200 1711; x_wconf 87' lang='lat' dir='ltr'><strong>quia</strong></span> <span class='ocrx_word' id='word_1_114' title='bbox 1234 1641 1690 1711; x_wconf 85' lang='lat' dir='ltr'><strong>quemadmodum</strong></span> <span class='ocrx_word' id='word_1_115' title='bbox 1718 1640 1911 1695; x_wconf 90' lang='lat' dir='ltr'><strong>crasti-</strong></span> 
     </span>
    </p>
   </div>
   <div class='ocr_carea' id='block_1_18' title="bbox 338 1730 1905 1795">
    <p class='ocr_par' dir='ltr' id='par_1_18' title="bbox 338 1730 1905 1795">
     <span class='ocr_line' id='line_1_18' title="bbox 338 1730 1905 1795; baseline 0 -11"><span class='ocrx_word' id='word_1_116' title='bbox 338 1746 446 1786; x_wconf 90' lang='lat' dir='ltr'><strong>nus</strong></span> <span class='ocrx_word' id='word_1_117' title='bbox 497 1732 614 1786; x_wconf 91' lang='lat' dir='ltr'><strong>dies</strong></span> <span class='ocrx_word' id='word_1_118' title='bbox 642 1732 910 1786; x_wconf 88' lang='lat' dir='ltr'><strong>hodierno</strong></span> <span class='ocrx_word' id='word_1_119' title='bbox 948 1731 1213 1795; x_wconf 90' lang='lat' dir='ltr'><strong>succedit,</strong></span> <span class='ocrx_word' id='word_1_120' title='bbox 1265 1732 1342 1786; x_wconf 89' lang='lat' dir='ltr'><strong>sic</strong></span> <span class='ocrx_word' id='word_1_121' title='bbox 1395 1732 1661 1787; x_wconf 88' lang='lat' dir='ltr'><strong>successit</strong></span> <span class='ocrx_word' id='word_1_122' title='bbox 1690 1730 1905 1785; x_wconf 88' lang='lat' dir='ltr'><strong>Domini</strong></span> 
     </span>
    </p>
   </div>
   <div class='ocr_carea' id='block_1_19' title="bbox 337 1822 1906 1892">
    <p class='ocr_par' dir='ltr' id='par_1_19' title="bbox 337 1822 1906 1892">
     <span class='ocr_line' id='line_1_19' title="bbox 337 1822 1906 1892; baseline -0.001 -15"><span class='ocrx_word' id='word_1_123' title='bbox 337 1823 582 1892; x_wconf 89' lang='lat' dir='ltr'><strong>passioni</strong></span> <span class='ocrx_word' id='word_1_124' title='bbox 619 1825 970 1878; x_wconf 89' lang='lat' dir='ltr'><strong>resurrectio.</strong></span> <span class='ocrx_word' id='word_1_125' title='bbox 1017 1823 1097 1878; x_wconf 93' lang='lat' dir='ltr'><strong>Tu</strong></span> <span class='ocrx_word' id='word_1_126' title='bbox 1128 1832 1309 1879; x_wconf 90' lang='lat' dir='ltr'><strong>autem</strong></span> <span class='ocrx_word' id='word_1_127' title='bbox 1339 1823 1560 1878; x_wconf 87' lang='lat' dir='ltr'><strong>attende</strong></span> <span class='ocrx_word' id='word_1_128' title='bbox 1607 1838 1669 1877; x_wconf 91' lang='lat' dir='ltr'><strong>ea</strong></span> <span class='ocrx_word' id='word_1_129' title='bbox 1692 1838 1811 1892; x_wconf 73' lang='lat' dir='ltr'><strong>qua:</strong></span> <span class='ocrx_word' id='word_1_130' title='bbox 1850 1822 1906 1876; x_wconf 93' lang='lat' dir='ltr'><strong>in</strong></span> 
     </span>
    </p>
   </div>
   <div class='ocr_carea' id='block_1_20' title="bbox 338 1913 1904 1983">
    <p class='ocr_par' dir='ltr' id='par_1_20' title="bbox 338 1913 1904 1983">
     <span class='ocr_line' id='line_1_20' title="bbox 338 1913 1904 1983; baseline 0.001 -16"><span class='ocrx_word' id='word_1_131' title='bbox 338 1915 807 1983; x_wconf 83' lang='lat' dir='ltr'><strong>subsequentibus</strong></span> <span class='ocrx_word' id='word_1_132' title='bbox 871 1915 1152 1980; x_wconf 88' lang='lat' dir='ltr'><strong>dicuntur,</strong></span> <span class='ocrx_word' id='word_1_133' title='bbox 1218 1924 1274 1970; x_wconf 88' lang='lat' dir='ltr'><strong>et</strong></span> <span class='ocrx_word' id='word_1_134' title='bbox 1340 1915 1629 1969; x_wconf 84' lang='lat' dir='ltr'><strong>verborum</strong></span> <span class='ocrx_word' id='word_1_135' title='bbox 1695 1913 1904 1969; x_wconf 82' lang='lat' dir='ltr'><strong>custodi</strong></span> 
     </span>
    </p>
   </div>
   <div class='ocr_carea' id='block_1_21' title="bbox 337 2006 1909 2076">
    <p class='ocr_par' dir='ltr' id='par_1_21' title="bbox 337 2006 1909 2076">
     <span class='ocr_line' id='line_1_21' title="bbox 337 2006 1909 2076; baseline -0.002 -15"><span class='ocrx_word' id='word_1_136' title='bbox 337 2006 756 2062; x_wconf 88' lang='lat' dir='ltr'><strong>districtionem.</strong></span> <span class='ocrx_word' id='word_1_137' title='bbox 790 2009 1031 2062; x_wconf 84' lang='lat' dir='ltr'><strong>Primum</strong></span> <span class='ocrx_word' id='word_1_138' title='bbox 1061 2009 1208 2061; x_wconf 90' lang='lat' dir='ltr'><strong>enim</strong></span> <span class='ocrx_word' id='word_1_139' title='bbox 1248 2007 1589 2076; x_wconf 89' lang='lat' dir='ltr'><strong>manipulum</strong></span> <span class='ocrx_word' id='word_1_140' title='bbox 1640 2006 1909 2074; x_wconf 85' lang='lat' dir='ltr'><strong>primitia-</strong></span> 
     </span>
    </p>
   </div>
   <div class='ocr_carea' id='block_1_22' title="bbox 338 2097 1906 2167">
    <p class='ocr_par' dir='ltr' id='par_1_22' title="bbox 338 2097 1906 2167">
     <span class='ocr_line' id='line_1_22' title="bbox 338 2097 1906 2167; baseline -0.001 -15"><span class='ocrx_word' id='word_1_141' title='bbox 338 2115 481 2163; x_wconf 90' lang='lat' dir='ltr'><strong>rum,</strong></span> <span class='ocrx_word' id='word_1_142' title='bbox 532 2099 878 2154; x_wconf 80' lang='lat' dir='ltr'><strong>sacerdotem</strong></span> <span class='ocrx_word' id='word_1_143' title='bbox 936 2100 1175 2154; x_wconf 89' lang='lat' dir='ltr'><strong>ostendit</strong></span> <span class='ocrx_word' id='word_1_144' title='bbox 1220 2098 1564 2163; x_wconf 76' lang='lat' dir='ltr'><strong>offerentem,</strong></span> <span class='ocrx_word' id='word_1_145' title='bbox 1613 2110 1733 2167; x_wconf 89' lang='lat' dir='ltr'><strong>post</strong></span> <span class='ocrx_word' id='word_1_146' title='bbox 1801 2097 1906 2151; x_wconf 89' lang='lat' dir='ltr'><strong>hoc</strong></span> 
     </span>
    </p>
   </div>
   <div class='ocr_carea' id='block_1_23' title="bbox 335 2187 1907 2257">
    <p class='ocr_par' dir='ltr' id='par_1_23' title="bbox 335 2187 1907 2257">
     <span class='ocr_line' id='line_1_23' title="bbox 335 2187 1907 2257; baseline -0.001 -15"><span class='ocrx_word' id='word_1_147' title='bbox 335 2198 517 2243; x_wconf 84' lang='lat' dir='ltr'><strong>autem</strong></span> <span class='ocrx_word' id='word_1_148' title='bbox 548 2189 656 2242; x_wconf 87' lang='lat' dir='ltr'><strong>ait:</strong></span> <span class='ocrx_word' id='word_1_149' title='bbox 688 2187 856 2257; x_wconf 82' lang='lat' dir='ltr'><strong>Atque</strong></span> <span class='ocrx_word' id='word_1_150' title='bbox 888 2188 943 2240; x_wconf 91' lang='lat' dir='ltr'><strong>in</strong></span> <span class='ocrx_word' id='word_1_151' title='bbox 985 2190 1162 2241; x_wconf 84' lang='lat' dir='ltr'><strong>eodem</strong></span> <span class='ocrx_word' id='word_1_152' title='bbox 1200 2189 1285 2241; x_wconf 81' lang='lat' dir='ltr'><strong>die</strong></span> <span class='ocrx_word' id='word_1_153' title='bbox 1332 2204 1432 2257; x_wconf 87' lang='lat' dir='ltr'><strong>quo</strong></span> <span class='ocrx_word' id='word_1_154' title='bbox 1457 2187 1755 2256; x_wconf 77' lang='lat' dir='ltr'><strong>manipulus</strong></span> <span class='ocrx_word' id='word_1_155' title='bbox 1785 2203 1907 2240; x_wconf 82' lang='lat' dir='ltr'><strong>con-</strong></span> 
     </span>
    </p>
   </div>
   <div class='ocr_carea' id='block_1_24' title="bbox 333 2279 1905 2350">
    <p class='ocr_par' dir='ltr' id='par_1_24' title="bbox 333 2279 1905 2350">
     <span class='ocr_line' id='line_1_24' title="bbox 333 2279 1905 2350; baseline -0.001 -18"><span class='ocrx_word' id='word_1_156' title='bbox 333 2288 596 2344; x_wconf 88' lang='lat' dir='ltr'><strong>secratur,</strong></span> <span class='ocrx_word' id='word_1_157' title='bbox 633 2280 847 2332; x_wconf 73' lang='lat' dir='ltr'><strong>sedetur</strong></span> <span class='ocrx_word' id='word_1_158' title='bbox 891 2296 1059 2350; x_wconf 91' lang='lat' dir='ltr'><strong>agnus</strong></span> <span class='ocrx_word' id='word_1_159' title='bbox 1108 2279 1486 2332; x_wconf 82' lang='lat' dir='ltr'><strong>immaculatus</strong></span> <span class='ocrx_word' id='word_1_160' title='bbox 1525 2279 1803 2332; x_wconf 79' lang='lat' dir='ltr'><strong>anniculus</strong></span> <span class='ocrx_word' id='word_1_161' title='bbox 1850 2281 1905 2332; x_wconf 90' lang='lat' dir='ltr'><strong>in</strong></span> 
     </span>
    </p>
   </div>
   <div class='ocr_carea' id='block_1_25' title="bbox 333 2369 976 2423">
    <p class='ocr_par' dir='ltr' id='par_1_25' title="bbox 333 2369 976 2423">
     <span class='ocr_line' id='line_1_25' title="bbox 333 2369 976 2423; baseline 0.002 -2"><span class='ocrx_word' id='word_1_162' title='bbox 333 2369 698 2423; x_wconf 76' lang='lat' dir='ltr'><strong>holocaustum</strong></span> <span class='ocrx_word' id='word_1_163' title='bbox 733 2369 976 2423; x_wconf 88' lang='lat' dir='ltr'><strong>Domino.</strong></span> 
     </span>
    </p>
   </div>
   <div class='ocr_carea' id='block_1_26' title="bbox 404 2459 1902 2531">
    <p class='ocr_par' dir='ltr' id='par_1_26' title="bbox 404 2459 1902 2531">
     <span class='ocr_line' id='line_1_26' title="bbox 404 2459 1902 2531; baseline -0.001 -17"><span class='ocrx_word' id='word_1_164' title='bbox 404 2461 603 2516; x_wconf 75' lang='lat' dir='ltr'><strong>Volens</strong></span> <span class='ocrx_word' id='word_1_165' title='bbox 631 2476 729 2516; x_wconf 87' lang='lat' dir='ltr'><strong>nos</strong></span> <span class='ocrx_word' id='word_1_166' title='bbox 748 2466 803 2515; x_wconf 89' lang='lat' dir='ltr'><strong>in</strong></span> <span class='ocrx_word' id='word_1_167' title='bbox 830 2461 919 2516; x_wconf 88' lang='lat' dir='ltr'><strong>die</strong></span> <span class='ocrx_word' id='word_1_168' title='bbox 942 2477 1047 2531; x_wconf 89' lang='lat' dir='ltr'><strong>qua</strong></span> <span class='ocrx_word' id='word_1_169' title='bbox 1073 2461 1414 2516; x_wconf 84' lang='lat' dir='ltr'><strong>celebramus</strong></span> <span class='ocrx_word' id='word_1_170' title='bbox 1473 2459 1687 2516; x_wconf 89' lang='lat' dir='ltr'><strong>Domini</strong></span> <span class='ocrx_word' id='word_1_171' title='bbox 1720 2475 1902 2514; x_wconf 82' lang='lat' dir='ltr'><strong>resur-</strong></span> 
     </span>
    </p>
   </div>
   <div class='ocr_carea' id='block_1_27' title="bbox 333 2551 1905 2621">
    <p class='ocr_par' dir='ltr' id='par_1_27' title="bbox 333 2551 1905 2621">
     <span class='ocr_line' id='line_1_27' title="bbox 333 2551 1905 2621; baseline -0.003 -14"><span class='ocrx_word' id='word_1_172' title='bbox 333 2552 656 2618; x_wconf 75' lang='lat' dir='ltr'><strong>rectionem,</strong></span> <span class='ocrx_word' id='word_1_173' title='bbox 713 2561 769 2606; x_wconf 88' lang='lat' dir='ltr'><strong>et</strong></span> <span class='ocrx_word' id='word_1_174' title='bbox 820 2553 1083 2621; x_wconf 88' lang='lat' dir='ltr'><strong>manipuli</strong></span> <span class='ocrx_word' id='word_1_175' title='bbox 1129 2552 1526 2621; x_wconf 80' lang='lat' dir='ltr'><strong>intelligibilem</strong></span> <span class='ocrx_word' id='word_1_176' title='bbox 1574 2551 1905 2606; x_wconf 87' lang='lat' dir='ltr'><strong>oblationem</strong></span> 
     </span>
    </p>
   </div>
   <div class='ocr_carea' id='block_1_28' title="bbox 330 2640 1905 2709">
    <p class='ocr_par' dir='ltr' id='par_1_28' title="bbox 330 2640 1905 2709">
     <span class='ocr_line' id='line_1_28' title="bbox 330 2640 1905 2709; baseline -0.004 -10"><span class='ocrx_word' id='word_1_177' title='bbox 330 2645 693 2709; x_wconf 86' lang='lat' dir='ltr'><strong>celebramus,</strong></span> <span class='ocrx_word' id='word_1_178' title='bbox 741 2659 850 2698; x_wconf 88' lang='lat' dir='ltr'><strong>non</strong></span> <span class='ocrx_word' id='word_1_179' title='bbox 906 2643 1150 2698; x_wconf 86' lang='lat' dir='ltr'><strong>oblivisci</strong></span> <span class='ocrx_word' id='word_1_180' title='bbox 1209 2643 1474 2698; x_wconf 82' lang='lat' dir='ltr'><strong>Dominici</strong></span> <span class='ocrx_word' id='word_1_181' title='bbox 1527 2640 1803 2705; x_wconf 76' lang='lat' dir='ltr'><strong>sacrificii,</strong></span> <span class='ocrx_word' id='word_1_182' title='bbox 1839 2655 1905 2694; x_wconf 80' lang='lat' dir='ltr'><strong>ex</strong></span> 
     </span>
    </p>
   </div>
   <div class='ocr_carea' id='block_1_29' title="bbox 331 2734 1902 2805">
    <p class='ocr_par' dir='ltr' id='par_1_29' title="bbox 331 2734 1902 2805">
     <span class='ocr_line' id='line_1_29' title="bbox 331 2734 1902 2805; baseline -0.003 -17"><span class='ocrx_word' id='word_1_183' title='bbox 331 2736 632 2805; x_wconf 84' lang='lat' dir='ltr'><strong>quonohis</strong></span> <span class='ocrx_word' id='word_1_184' title='bbox 665 2744 749 2789; x_wconf 89' lang='lat' dir='ltr'><strong>est</strong></span> <span class='ocrx_word' id='word_1_185' title='bbox 778 2735 979 2790; x_wconf 89' lang='lat' dir='ltr'><strong>oblatio</strong></span> <span class='ocrx_word' id='word_1_186' title='bbox 998 2734 1261 2803; x_wconf 81' lang='lat' dir='ltr'><strong>amnipqu</strong></span> <span class='ocrx_word' id='word_1_187' title='bbox 1289 2753 1301 2788; x_wconf 90' lang='lat'><strong>:</strong></span> <span class='ocrx_word' id='word_1_188' title='bbox 1328 2735 1423 2789; x_wconf 88' lang='lat' dir='ltr'><strong>sed</strong></span> <span class='ocrx_word' id='word_1_189' title='bbox 1467 2734 1666 2789; x_wconf 87' lang='lat' dir='ltr'><strong>cedere</strong></span> <span class='ocrx_word' id='word_1_190' title='bbox 1702 2746 1902 2802; x_wconf 80' lang='lat' dir='ltr'><strong>agnum</strong></span> 
     </span>
    </p>
   </div>
   <div class='ocr_carea' id='block_1_30' title="bbox 330 2824 1901 2881">
    <p class='ocr_par' dir='ltr' id='par_1_30' title="bbox 330 2824 1901 2881">
     <span class='ocr_line' id='line_1_30' title="bbox 330 2824 1901 2881; baseline -0.003 0"><span class='ocrx_word' id='word_1_191' title='bbox 330 2826 737 2881; x_wconf 89' lang='lat' dir='ltr'><strong>immaculatum</strong></span> <span class='ocrx_word' id='word_1_192' title='bbox 769 2827 1086 2880; x_wconf 85' lang='lat' dir='ltr'><strong>anniculam</strong></span> <span class='ocrx_word' id='word_1_193' title='bbox 1120 2827 1175 2879; x_wconf 92' lang='lat' dir='ltr'><strong>in</strong></span> <span class='ocrx_word' id='word_1_194' title='bbox 1224 2826 1603 2880; x_wconf 84' lang='lat' dir='ltr'><strong>holocaustum</strong></span> <span class='ocrx_word' id='word_1_195' title='bbox 1651 2824 1901 2878; x_wconf 87' lang='lat' dir='ltr'><strong>Domino.</strong></span> 
     </span>
    </p>
   </div>
   <div class='ocr_carea' id='block_1_31' title="bbox 328 2910 1902 2990">
    <p class='ocr_par' dir='ltr' id='par_1_31' title="bbox 328 2910 1902 2990">
     <span class='ocr_line' id='line_1_31' title="bbox 328 2910 1902 2990; baseline -0.002 -18"><span class='ocrx_word' id='word_1_196' title='bbox 328 2919 729 2990; x_wconf 79' lang='lat' dir='ltr'><strong>lntelligibilcm</strong></span> <span class='ocrx_word' id='word_1_197' title='bbox 786 2934 1004 2988; x_wconf 77' lang='lat' dir='ltr'><strong>agnum,</strong></span> <span class='ocrx_word' id='word_1_198' title='bbox 1049 2917 1267 2972; x_wconf 91' lang='lat' dir='ltr'><strong>Domini</strong></span> <span class='ocrx_word' id='word_1_199' title='bbox 1298 2910 1650 2972; x_wconf 85' lang='lat' dir='ltr'><strong>traditionem</strong></span> <span class='ocrx_word' id='word_1_200' title='bbox 1700 2917 1902 2970; x_wconf 91' lang='lat' dir='ltr'><strong>immo-</strong></span> 
     </span>
    </p>
   </div>
   <div class='ocr_carea' id='block_1_32' title="bbox 323 3009 1904 3080">
    <p class='ocr_par' dir='ltr' id='par_1_32' title="bbox 323 3009 1904 3080">
     <span class='ocr_line' id='line_1_32' title="bbox 323 3009 1904 3080; baseline -0.001 -15"><span class='ocrx_word' id='word_1_201' title='bbox 323 3011 502 3065; x_wconf 91' lang='lat' dir='ltr'><strong>lantes</strong></span> <span class='ocrx_word' id='word_1_202' title='bbox 549 3011 797 3080; x_wconf 86' lang='lat' dir='ltr'><strong>mystice,</strong></span> <span class='ocrx_word' id='word_1_203' title='bbox 853 3017 909 3064; x_wconf 89' lang='lat' dir='ltr'><strong>et</strong></span> <span class='ocrx_word' id='word_1_204' title='bbox 966 3009 1317 3064; x_wconf 75' lang='lat' dir='ltr'><strong>offerentes:</strong></span> <span class='ocrx_word' id='word_1_205' title='bbox 1371 3009 1542 3079; x_wconf 89' lang='lat' dir='ltr'><strong>ipsius</strong></span> <span class='ocrx_word' id='word_1_206' title='bbox 1581 3016 1789 3074; x_wconf 78' lang='lat' dir='ltr'><strong>autem,</strong></span> <span class='ocrx_word' id='word_1_207' title='bbox 1845 3017 1904 3063; x_wconf 92' lang='lat' dir='ltr'><strong>ut</strong></span> 
     </span>
    </p>
   </div>
   <div class='ocr_carea' id='block_1_33' title="bbox 322 3097 1969 3180">
    <p class='ocr_par' dir='ltr' id='par_1_33' title="bbox 322 3097 1969 3180">
     <span class='ocr_line' id='line_1_33' title="bbox 322 3097 1969 3180; baseline -0.002 -24"><span class='ocrx_word' id='word_1_208' title='bbox 322 3101 654 3156; x_wconf 87' lang='lat' dir='ltr'><strong>sacriﬁcium</strong></span> <span class='ocrx_word' id='word_1_209' title='bbox 686 3101 947 3155; x_wconf 89' lang='lat' dir='ltr'><strong>cedentes</strong></span> <span class='ocrx_word' id='word_1_210' title='bbox 971 3100 1293 3154; x_wconf 90' lang='lat' dir='ltr'><strong>memoriam</strong></span> <span class='ocrx_word' id='word_1_211' title='bbox 1318 3098 1469 3154; x_wconf 90' lang='lat' dir='ltr'><strong>fecit.</strong></span> <span class='ocrx_word' id='word_1_212' title='bbox 1510 3097 1700 3168; x_wconf 82' lang='lat' dir='ltr'><strong>Neque</strong></span> <span class='ocrx_word' id='word_1_213' title='bbox 1754 3099 1897 3152; x_wconf 91' lang='lat' dir='ltr'><strong>enim</strong></span> <span class='ocrx_word' id='word_1_214' title='bbox 1928 3125 1969 3180; x_wconf 73' lang='grc' dir='ltr'>ο</span> 
     </span>
    </p>
   </div>
   <div class='ocr_carea' id='block_1_34' title="bbox 319 3191 1897 3260">
    <p class='ocr_par' dir='ltr' id='par_1_34' title="bbox 319 3191 1897 3260">
     <span class='ocr_line' id='line_1_34' title="bbox 319 3191 1897 3260; baseline 0 -14"><span class='ocrx_word' id='word_1_215' title='bbox 319 3193 499 3256; x_wconf 88' lang='lat' dir='ltr'><strong>aliter,</strong></span> <span class='ocrx_word' id='word_1_216' title='bbox 532 3192 630 3246; x_wconf 89' lang='lat' dir='ltr'><strong>sed</strong></span> <span class='ocrx_word' id='word_1_217' title='bbox 678 3207 775 3260; x_wconf 89' lang='lat' dir='ltr'><strong>per</strong></span> <span class='ocrx_word' id='word_1_218' title='bbox 826 3192 944 3260; x_wconf 89' lang='lat' dir='ltr'><strong>ejus</strong></span> <span class='ocrx_word' id='word_1_219' title='bbox 972 3192 1381 3246; x_wconf 88' lang='lat' dir='ltr'><strong>meditationem</strong></span> <span class='ocrx_word' id='word_1_220' title='bbox 1439 3200 1498 3245; x_wconf 92' lang='lat' dir='ltr'><strong>et</strong></span> <span class='ocrx_word' id='word_1_221' title='bbox 1553 3191 1809 3259; x_wconf 76' lang='lat' dir='ltr'><strong>virtutem</strong></span> <span class='ocrx_word' id='word_1_222' title='bbox 1865 3207 1897 3246; x_wconf 89' lang='lat' dir='ltr'><strong>a</strong></span> 
     </span>
    </p>
   </div>
   <div class='ocr_carea' id='block_1_35' title="bbox 320 3283 1894 3354">
    <p class='ocr_par' dir='ltr' id='par_1_35' title="bbox 320 3283 1894 3354">
     <span class='ocr_line' id='line_1_35' title="bbox 320 3283 1894 3354; baseline -0.001 -15"><span class='ocrx_word' id='word_1_223' title='bbox 320 3284 619 3339; x_wconf 86' lang='lat' dir='ltr'><strong>sensilibus</strong></span> <span class='ocrx_word' id='word_1_224' title='bbox 642 3284 708 3337; x_wconf 91' lang='lat' dir='ltr'><strong>ad</strong></span> <span class='ocrx_word' id='word_1_225' title='bbox 741 3283 1098 3354; x_wconf 76' lang='lat' dir='ltr'><strong>intelligibilia</strong></span> <span class='ocrx_word' id='word_1_226' title='bbox 1131 3283 1538 3337; x_wconf 86' lang='lat' dir='ltr'><strong>transferuntur</strong></span> <span class='ocrx_word' id='word_1_227' title='bbox 1571 3298 1634 3337; x_wconf 88' lang='lat' dir='ltr'><strong>ea</strong></span> <span class='ocrx_word' id='word_1_228' title='bbox 1679 3300 1801 3352; x_wconf 65' lang='lat' dir='ltr'><strong>qua:</strong></span> <span class='ocrx_word' id='word_1_229' title='bbox 1840 3283 1894 3337; x_wconf 90' lang='lat' dir='ltr'><strong>in</strong></span> 
     </span>
    </p>
   </div>
   <div class='ocr_carea' id='block_1_36' title="bbox 320 3369 1892 3440">
    <p class='ocr_par' dir='ltr' id='par_1_36' title="bbox 320 3369 1892 3440">
     <span class='ocr_line' id='line_1_36' title="bbox 320 3369 1892 3440; baseline 0.001 -17"><span class='ocrx_word' id='word_1_230' title='bbox 320 3371 414 3424; x_wconf 91' lang='lat' dir='ltr'><strong>illo</strong></span> <span class='ocrx_word' id='word_1_231' title='bbox 446 3369 714 3424; x_wconf 87' lang='lat' dir='ltr'><strong>sacriﬁcio</strong></span> <span class='ocrx_word' id='word_1_232' title='bbox 743 3381 1099 3440; x_wconf 77' lang='lat' dir='ltr'><strong>peraguntur.</strong></span> <span class='ocrx_word' id='word_1_233' title='bbox 1132 3370 1200 3423; x_wconf 87' lang='lat' dir='ltr'><strong>Et</strong></span> <span class='ocrx_word' id='word_1_234' title='bbox 1228 3371 1374 3440; x_wconf 92' lang='lat' dir='ltr'><strong>quod</strong></span> <span class='ocrx_word' id='word_1_235' title='bbox 1404 3371 1510 3426; x_wconf 91' lang='lat' dir='ltr'><strong>hoc</strong></span> <span class='ocrx_word' id='word_1_236' title='bbox 1557 3380 1640 3426; x_wconf 89' lang='lat' dir='ltr'><strong>est</strong></span> <span class='ocrx_word' id='word_1_237' title='bbox 1678 3372 1892 3426; x_wconf 84' lang='lat' dir='ltr'><strong>sacrifi-</strong></span> 
     </span>
    </p>
   </div>
   <div class='ocr_carea' id='block_1_37' title="bbox 320 3458 1895 3530">
    <p class='ocr_par' dir='ltr' id='par_1_37' title="bbox 320 3458 1895 3530">
     <span class='ocr_line' id='line_1_37' title="bbox 320 3458 1895 3530; baseline 0.003 -19"><span class='ocrx_word' id='word_1_238' title='bbox 320 3458 502 3512; x_wconf 87' lang='lat' dir='ltr'><strong>cium?</strong></span> <span class='ocrx_word' id='word_1_239' title='bbox 531 3458 666 3511; x_wconf 76' lang='lat' dir='ltr'><strong>Dua:</strong></span> <span class='ocrx_word' id='word_1_240' title='bbox 700 3459 914 3513; x_wconf 77' lang='lat' dir='ltr'><strong>decima:</strong></span> <span class='ocrx_word' id='word_1_241' title='bbox 942 3460 1135 3513; x_wconf 72' lang='lat' dir='ltr'><strong>simila:</strong></span> <span class='ocrx_word' id='word_1_242' title='bbox 1187 3476 1479 3528; x_wconf 74' lang='lat' dir='ltr'><strong>conspersa:</strong></span> <span class='ocrx_word' id='word_1_243' title='bbox 1504 3460 1637 3514; x_wconf 89' lang='lat' dir='ltr'><strong>oleo.</strong></span> <span class='ocrx_word' id='word_1_244' title='bbox 1666 3460 1895 3530; x_wconf 90' lang='lat' dir='ltr'><strong>Oportet</strong></span> 
     </span>
    </p>
   </div>
   <div class='ocr_carea' id='block_1_38' title="bbox 321 3548 1890 3621">
    <p class='ocr_par' dir='ltr' id='par_1_38' title="bbox 321 3548 1890 3621">
     <span class='ocr_line' id='line_1_38' title="bbox 321 3548 1890 3621; baseline 0.004 -21"><span class='ocrx_word' id='word_1_245' title='bbox 321 3548 471 3601; x_wconf 88' lang='lat' dir='ltr'><strong>enim</strong></span> <span class='ocrx_word' id='word_1_246' title='bbox 500 3550 644 3603; x_wconf 83' lang='lat' dir='ltr'><strong>seire</strong></span> <span class='ocrx_word' id='word_1_247' title='bbox 692 3550 993 3619; x_wconf 86' lang='lat' dir='ltr'><strong>perfectam</strong></span> <span class='ocrx_word' id='word_1_248' title='bbox 1035 3551 1452 3612; x_wconf 88' lang='lat' dir='ltr'><strong>humanitatem,</strong></span> <span class='ocrx_word' id='word_1_249' title='bbox 1486 3560 1539 3605; x_wconf 92' lang='lat' dir='ltr'><strong>et</strong></span> <span class='ocrx_word' id='word_1_250' title='bbox 1594 3552 1890 3621; x_wconf 82' lang='lat' dir='ltr'><strong>perfectam</strong></span> 
     </span>
    </p>
   </div>
   <div class='ocr_carea' id='block_1_39' title="bbox 320 3638 1892 3711">
    <p class='ocr_par' dir='ltr' id='par_1_39' title="bbox 320 3638 1892 3711">
     <span class='ocr_line' id='line_1_39' title="bbox 320 3638 1892 3711; baseline 0.006 -20"><span class='ocrx_word' id='word_1_251' title='bbox 320 3638 660 3692; x_wconf 85' lang='lat' dir='ltr'><strong>divinitatem</strong></span> <span class='ocrx_word' id='word_1_252' title='bbox 684 3649 1120 3711; x_wconf 88' lang='lat' dir='ltr'><strong>contemperare,</strong></span> <span class='ocrx_word' id='word_1_253' title='bbox 1146 3641 1199 3695; x_wconf 91' lang='lat' dir='ltr'><strong>id</strong></span> <span class='ocrx_word' id='word_1_254' title='bbox 1226 3651 1309 3695; x_wconf 89' lang='lat' dir='ltr'><strong>est</strong></span> <span class='ocrx_word' id='word_1_255' title='bbox 1330 3642 1383 3695; x_wconf 91' lang='lat' dir='ltr'><strong>in</strong></span> <span class='ocrx_word' id='word_1_256' title='bbox 1407 3658 1576 3696; x_wconf 91' lang='lat' dir='ltr'><strong>unum</strong></span> <span class='ocrx_word' id='word_1_257' title='bbox 1598 3644 1892 3701; x_wconf 84' lang='lat' dir='ltr'><strong>convenire</strong></span> 
     </span>
    </p>
   </div>
   <div class='ocr_carea' id='block_1_40' title="bbox 320 3727 1892 3802">
    <p class='ocr_par' dir='ltr' id='par_1_40' title="bbox 320 3727 1892 3802">
     <span class='ocr_line' id='line_1_40' title="bbox 320 3727 1892 3802; baseline 0.005 -20"><span class='ocrx_word' id='word_1_258' title='bbox 320 3727 378 3782; x_wconf 89' lang='lat' dir='ltr'><strong>in</strong></span> <span class='ocrx_word' id='word_1_259' title='bbox 410 3728 555 3794; x_wconf 90' lang='lat' dir='ltr'><strong>oleo,</strong></span> <span class='ocrx_word' id='word_1_260' title='bbox 587 3730 641 3785; x_wconf 93' lang='lat' dir='ltr'><strong>id</strong></span> <span class='ocrx_word' id='word_1_261' title='bbox 671 3740 755 3785; x_wconf 88' lang='lat' dir='ltr'><strong>est</strong></span> <span class='ocrx_word' id='word_1_262' title='bbox 787 3746 885 3802; x_wconf 89' lang='lat' dir='ltr'><strong>per</strong></span> <span class='ocrx_word' id='word_1_263' title='bbox 916 3747 1037 3786; x_wconf 88' lang='lat' dir='ltr'><strong>eam</strong></span> <span class='ocrx_word' id='word_1_264' title='bbox 1064 3747 1225 3801; x_wconf 89' lang='lat' dir='ltr'><strong>quam</strong></span> <span class='ocrx_word' id='word_1_265' title='bbox 1261 3732 1404 3786; x_wconf 90' lang='lat' dir='ltr'><strong>circa</strong></span> <span class='ocrx_word' id='word_1_266' title='bbox 1432 3748 1532 3786; x_wconf 88' lang='lat' dir='ltr'><strong>nos</strong></span> <span class='ocrx_word' id='word_1_267' title='bbox 1558 3734 1723 3789; x_wconf 84' lang='lat' dir='ltr'><strong>habet</strong></span> <span class='ocrx_word' id='word_1_268' title='bbox 1744 3751 1892 3790; x_wconf 84' lang='lat' dir='ltr'><strong>com-</strong></span> 
     </span>
    </p>
   </div>
   <div class='ocr_carea' id='block_1_41' title="bbox 320 3821 1890 3890">
    <p class='ocr_par' dir='ltr' id='par_1_41' title="bbox 320 3821 1890 3890">
     <span class='ocr_line' id='line_1_41' title="bbox 320 3821 1890 3890; baseline 0.007 -18"><span class='ocrx_word' id='word_1_269' title='bbox 320 3821 630 3890; x_wconf 86' lang='lat' dir='ltr'><strong>passionem</strong></span> <span class='ocrx_word' id='word_1_270' title='bbox 669 3842 681 3876; x_wconf 90' lang='lat'><strong>:</strong></span> <span class='ocrx_word' id='word_1_271' title='bbox 715 3823 794 3877; x_wconf 91' lang='lat' dir='ltr'><strong>sic</strong></span> <span class='ocrx_word' id='word_1_272' title='bbox 849 3822 994 3877; x_wconf 90' lang='lat' dir='ltr'><strong>enim</strong></span> <span class='ocrx_word' id='word_1_273' title='bbox 1026 3822 1356 3877; x_wconf 88' lang='lat' dir='ltr'><strong>sacriﬁcium</strong></span> <span class='ocrx_word' id='word_1_274' title='bbox 1416 3824 1553 3879; x_wconf 89' lang='lat' dir='ltr'><strong>odor</strong></span> <span class='ocrx_word' id='word_1_275' title='bbox 1607 3827 1890 3883; x_wconf 77' lang='lat' dir='ltr'><strong>suavitatis</strong></span> 
     </span>
    </p>
   </div>
   <div class='ocr_carea' id='block_1_42' title="bbox 323 3911 1888 3989">
    <p class='ocr_par' dir='ltr' id='par_1_42' title="bbox 323 3911 1888 3989">
     <span class='ocr_line' id='line_1_42' title="bbox 323 3911 1888 3989; baseline 0.007 -24"><span class='ocrx_word' id='word_1_276' title='bbox 323 3911 554 3968; x_wconf 90' lang='lat' dir='ltr'><strong>Domino</strong></span> <span class='ocrx_word' id='word_1_277' title='bbox 614 3914 912 3981; x_wconf 90' lang='lat' dir='ltr'><strong>invenitur,</strong></span> <span class='ocrx_word' id='word_1_278' title='bbox 972 3916 1313 3986; x_wconf 89' lang='lat' dir='ltr'><strong>sapientibus</strong></span> <span class='ocrx_word' id='word_1_279' title='bbox 1364 3916 1523 3971; x_wconf 83' lang='lat' dir='ltr'><strong>nobis</strong></span> <span class='ocrx_word' id='word_1_280' title='bbox 1565 3920 1632 3973; x_wconf 90' lang='lat' dir='ltr'><strong>de</strong></span> <span class='ocrx_word' id='word_1_281' title='bbox 1675 3934 1740 3975; x_wconf 90' lang='lat' dir='ltr'><strong>eo</strong></span> <span class='ocrx_word' id='word_1_282' title='bbox 1768 3936 1888 3989; x_wconf 63' lang='lat' dir='ltr'><strong>quae</strong></span> 
     </span>
    </p>
   </div>
   <div class='ocr_carea' id='block_1_43' title="bbox 321 4006 1888 4081">
    <p class='ocr_par' dir='ltr' id='par_1_43' title="bbox 321 4006 1888 4081">
     <span class='ocr_line' id='line_1_43' title="bbox 321 4006 1888 4081; baseline 0.003 -20"><span class='ocrx_word' id='word_1_283' title='bbox 321 4006 486 4077; x_wconf 79' lang='lat' dir='ltr'><strong>digna</strong></span> <span class='ocrx_word' id='word_1_284' title='bbox 522 4016 669 4062; x_wconf 89' lang='lat' dir='ltr'><strong>sunt.</strong></span> <span class='ocrx_word' id='word_1_285' title='bbox 711 4007 771 4063; x_wconf 90' lang='lat' dir='ltr'><strong>In</strong></span> <span class='ocrx_word' id='word_1_286' title='bbox 802 4008 1003 4078; x_wconf 81' lang='lat' dir='ltr'><strong>quibus</strong></span> <span class='ocrx_word' id='word_1_287' title='bbox 1052 4020 1237 4063; x_wconf 87' lang='lat' dir='ltr'><strong>autem</strong></span> <span class='ocrx_word' id='word_1_288' title='bbox 1291 4008 1642 4076; x_wconf 83' lang='lat' dir='ltr'><strong>sacriﬁcium,</strong></span> <span class='ocrx_word' id='word_1_289' title='bbox 1698 4019 1753 4065; x_wconf 88' lang='lat' dir='ltr'><strong>et</strong></span> <span class='ocrx_word' id='word_1_290' title='bbox 1790 4028 1888 4081; x_wconf 77' lang='lat' dir='ltr'><strong>per</strong></span> 
     </span>
    </p>
   </div>
   <div class='ocr_carea' id='block_1_44' title="bbox 314 4099 1883 4174">
    <p class='ocr_par' dir='ltr' id='par_1_44' title="bbox 314 4099 1883 4174">
     <span class='ocr_line' id='line_1_44' title="bbox 314 4099 1883 4174; baseline 0.003 -22"><span class='ocrx_word' id='word_1_291' title='bbox 314 4114 452 4167; x_wconf 86' lang='lat' dir='ltr'><strong>quos</strong></span> <span class='ocrx_word' id='word_1_292' title='bbox 479 4099 675 4171; x_wconf 83' lang='lat' dir='ltr'><strong>agitur,</strong></span> <span class='ocrx_word' id='word_1_293' title='bbox 699 4101 970 4171; x_wconf 87' lang='lat' dir='ltr'><strong>quomodo</strong></span> <span class='ocrx_word' id='word_1_294' title='bbox 997 4100 1307 4156; x_wconf 86' lang='lat' dir='ltr'><strong>celebratur</strong></span> <span class='ocrx_word' id='word_1_295' title='bbox 1359 4101 1719 4172; x_wconf 79' lang='lat' dir='ltr'><strong>intelligibilis</strong></span> <span class='ocrx_word' id='word_1_296' title='bbox 1759 4104 1883 4174; x_wconf 79' lang='lat' dir='ltr'><strong>agni</strong></span> 
     </span>
    </p>
   </div>
   <div class='ocr_carea' id='block_1_45' title="bbox 313 4179 1884 4260">
    <p class='ocr_par' dir='ltr' id='par_1_45' title="bbox 313 4179 1884 4260">
     <span class='ocr_line' id='line_1_45' title="bbox 313 4179 1884 4260; baseline 0.006 -22"><span class='ocrx_word' id='word_1_297' title='bbox 313 4185 535 4253; x_wconf 91' lang='lat' dir='ltr'><strong>oblatio,</strong></span> <span class='ocrx_word' id='word_1_298' title='bbox 562 4190 707 4259; x_wconf 88' lang='lat' dir='ltr'><strong>quod</strong></span> <span class='ocrx_word' id='word_1_299' title='bbox 758 4179 1016 4256; x_wconf 31' lang='lat' dir='ltr'><strong>sequitur“</strong></span> <span class='ocrx_word' id='word_1_300' title='bbox 1065 4190 1323 4245; x_wconf 85' lang='lat' dir='ltr'><strong>ostendit.</strong></span> <span class='ocrx_word' id='word_1_301' title='bbox 1380 4189 1570 4260; x_wconf 83' lang='lat' dir='ltr'><strong>Neque</strong></span> <span class='ocrx_word' id='word_1_302' title='bbox 1624 4191 1771 4245; x_wconf 87' lang='lat' dir='ltr'><strong>enim</strong></span> <span class='ocrx_word' id='word_1_303' title='bbox 1829 4193 1884 4247; x_wconf 91' lang='lat' dir='ltr'><strong>in</strong></span> 
     </span>
    </p>
   </div>
   <div class='ocr_carea' id='block_1_46' title="bbox 311 4278 1880 4348">
    <p class='ocr_par' dir='ltr' id='par_1_46' title="bbox 311 4278 1880 4348">
     <span class='ocr_line' id='line_1_46' title="bbox 311 4278 1880 4348; baseline 0.003 -19"><span class='ocrx_word' id='word_1_304' title='bbox 311 4278 594 4348; x_wconf 80' lang='lat' dir='ltr'><strong>sanguine,</strong></span> <span class='ocrx_word' id='word_1_305' title='bbox 623 4295 802 4348; x_wconf 87' lang='lat' dir='ltr'><strong>neque</strong></span> <span class='ocrx_word' id='word_1_306' title='bbox 834 4295 931 4348; x_wconf 88' lang='lat' dir='ltr'><strong>per</strong></span> <span class='ocrx_word' id='word_1_307' title='bbox 978 4278 1367 4333; x_wconf 89' lang='lat' dir='ltr'><strong>irrationabilia</strong></span> <span class='ocrx_word' id='word_1_308' title='bbox 1406 4280 1680 4341; x_wconf 88' lang='lat' dir='ltr'><strong>animalia,</strong></span> <span class='ocrx_word' id='word_1_309' title='bbox 1711 4281 1880 4335; x_wconf 86' lang='lat' dir='ltr'><strong>sacri-</strong></span> 
     </span>
    </p>
   </div>
   <div class='ocr_carea' id='block_1_47' title="bbox 310 4365 1879 4442">
    <p class='ocr_par' dir='ltr' id='par_1_47' title="bbox 310 4365 1879 4442">
     <span class='ocr_line' id='line_1_47' title="bbox 310 4365 1879 4442; baseline 0.006 -23"><span class='ocrx_word' id='word_1_310' title='bbox 310 4365 493 4422; x_wconf 90' lang='lat' dir='ltr'><strong>ﬁcium</strong></span> <span class='ocrx_word' id='word_1_311' title='bbox 546 4385 577 4423; x_wconf 88' lang='lat' dir='ltr'><strong>a</strong></span> <span class='ocrx_word' id='word_1_312' title='bbox 644 4369 803 4425; x_wconf 89' lang='lat' dir='ltr'><strong>nobis</strong></span> <span class='ocrx_word' id='word_1_313' title='bbox 862 4369 1008 4424; x_wconf 91' lang='lat' dir='ltr'><strong>Deus</strong></span> <span class='ocrx_word' id='word_1_314' title='bbox 1063 4369 1314 4440; x_wconf 83' lang='lat' dir='ltr'><strong>suscipit,</strong></span> <span class='ocrx_word' id='word_1_315' title='bbox 1381 4371 1682 4426; x_wconf 89' lang='lat' dir='ltr'><strong>secundum</strong></span> <span class='ocrx_word' id='word_1_316' title='bbox 1735 4373 1879 4442; x_wconf 92' lang='lat' dir='ltr'><strong>quod</strong></span> 
     </span>
    </p>
   </div>
   <div class='ocr_carea' id='block_1_48' title="bbox 309 4458 1315 4527">
    <p class='ocr_par' dir='ltr' id='par_1_48' title="bbox 309 4458 1315 4527">
     <span class='ocr_line' id='line_1_48' title="bbox 309 4458 1315 4527; baseline 0.001 -15"><span class='ocrx_word' id='word_1_317' title='bbox 309 4459 593 4527; x_wconf 84' lang='lat' dir='ltr'><strong>sequentia</strong></span> <span class='ocrx_word' id='word_1_318' title='bbox 624 4458 987 4523; x_wconf 83' lang='lat' dir='ltr'><strong>demonstrat,</strong></span> <span class='ocrx_word' id='word_1_319' title='bbox 1020 4459 1097 4513; x_wconf 89' lang='lat' dir='ltr'><strong>ait</strong></span> <span class='ocrx_word' id='word_1_320' title='bbox 1135 4459 1315 4513; x_wconf 88' lang='lat' dir='ltr'><strong>enim:</strong></span> 
     </span>
    </p>
   </div>
   <div class='ocr_carea' id='block_1_49' title="bbox 381 4547 1881 4619">
    <p class='ocr_par' dir='ltr' id='par_1_49' title="bbox 381 4547 1881 4619">
     <span class='ocr_line' id='line_1_49' title="bbox 381 4547 1881 4619; baseline 0.003 -20"><span class='ocrx_word' id='word_1_321' title='bbox 381 4547 509 4600; x_wconf 86' lang='lat' dir='ltr'><strong>Liba</strong></span> <span class='ocrx_word' id='word_1_322' title='bbox 553 4563 755 4618; x_wconf 89' lang='lat' dir='ltr'><strong>quoque</strong></span> <span class='ocrx_word' id='word_1_323' title='bbox 786 4550 916 4611; x_wconf 89' lang='lat' dir='ltr'><strong>vini,</strong></span> <span class='ocrx_word' id='word_1_324' title='bbox 951 4558 1145 4619; x_wconf 90' lang='lat' dir='ltr'><strong>quarta</strong></span> <span class='ocrx_word' id='word_1_325' title='bbox 1179 4563 1303 4615; x_wconf 88' lang='lat' dir='ltr'><strong>pars</strong></span> <span class='ocrx_word' id='word_1_326' title='bbox 1332 4548 1443 4613; x_wconf 80' lang='lat' dir='ltr'><strong>hin,</strong></span> <span class='ocrx_word' id='word_1_327' title='bbox 1479 4564 1670 4618; x_wconf 86' lang='lat' dir='ltr'><strong>panem</strong></span> <span class='ocrx_word' id='word_1_328' title='bbox 1705 4558 1754 4602; x_wconf 88' lang='lat' dir='ltr'><strong>et</strong></span> <span class='ocrx_word' id='word_1_329' title='bbox 1784 4567 1881 4617; x_wconf 88' lang='lat' dir='ltr'><strong>po-</strong></span> 
     </span>
    </p>
   </div>
   <div class='ocr_carea' id='block_1_50' title="bbox 310 4639 1879 4712">
    <p class='ocr_par' dir='ltr' id='par_1_50' title="bbox 310 4639 1879 4712">
     <span class='ocr_line' id='line_1_50' title="bbox 310 4639 1879 4712; baseline 0.002 -19"><span class='ocrx_word' id='word_1_330' title='bbox 310 4639 529 4694; x_wconf 86' lang='lat' dir='ltr'><strong>lentam.</strong></span> <span class='ocrx_word' id='word_1_331' title='bbox 556 4639 694 4705; x_wconf 85' lang='lat' dir='ltr'><strong>Quia</strong></span> <span class='ocrx_word' id='word_1_332' title='bbox 726 4642 947 4696; x_wconf 90' lang='lat' dir='ltr'><strong>dubium</strong></span> <span class='ocrx_word' id='word_1_333' title='bbox 987 4640 1230 4695; x_wconf 85' lang='lat' dir='ltr'><strong>futurum</strong></span> <span class='ocrx_word' id='word_1_334' title='bbox 1287 4651 1407 4696; x_wconf 90' lang='lat' dir='ltr'><strong>erat</strong></span> <span class='ocrx_word' id='word_1_335' title='bbox 1438 4641 1643 4707; x_wconf 86' lang='lat' dir='ltr'><strong>forsan,</strong></span> <span class='ocrx_word' id='word_1_336' title='bbox 1685 4660 1714 4696; x_wconf 90' lang='lat' dir='ltr'><strong>a</strong></span> <span class='ocrx_word' id='word_1_337' title='bbox 1754 4644 1879 4712; x_wconf 85' lang='lat' dir='ltr'><strong>qui-</strong></span> 
     </span>
    </p>
   </div>
   <div class='ocr_carea' id='block_1_51' title="bbox 308 4727 1875 4798">
    <p class='ocr_par' dir='ltr' id='par_1_51' title="bbox 308 4727 1875 4798">
     <span class='ocr_line' id='line_1_51' title="bbox 308 4727 1875 4798; baseline 0.001 -16"><span class='ocrx_word' id='word_1_338' title='bbox 308 4727 412 4782; x_wconf 83' lang='lat' dir='ltr'><strong>bus</strong></span> <span class='ocrx_word' id='word_1_339' title='bbox 439 4729 756 4798; x_wconf 86' lang='lat' dir='ltr'><strong>mysterium</strong></span> <span class='ocrx_word' id='word_1_340' title='bbox 789 4729 1062 4795; x_wconf 86' lang='lat' dir='ltr'><strong>sacriﬁcii,</strong></span> <span class='ocrx_word' id='word_1_341' title='bbox 1110 4728 1253 4798; x_wconf 91' lang='lat' dir='ltr'><strong>quod</strong></span> <span class='ocrx_word' id='word_1_342' title='bbox 1301 4742 1400 4797; x_wconf 90' lang='lat' dir='ltr'><strong>pcr</strong></span> <span class='ocrx_word' id='word_1_343' title='bbox 1443 4729 1723 4784; x_wconf 86' lang='lat' dir='ltr'><strong>Christum</strong></span> <span class='ocrx_word' id='word_1_344' title='bbox 1769 4739 1875 4791; x_wconf 85' lang='lat' dir='ltr'><strong>est,</strong></span> 
     </span>
    </p>
   </div>
   <div class='ocr_carea' id='block_1_52' title="bbox 308 4820 1876 4889">
    <p class='ocr_par' dir='ltr' id='par_1_52' title="bbox 308 4820 1876 4889">
     <span class='ocr_line' id='line_1_52' title="bbox 308 4820 1876 4889; baseline 0.001 -16"><span class='ocrx_word' id='word_1_345' title='bbox 308 4820 453 4889; x_wconf 91' lang='lat' dir='ltr'><strong>quod</strong></span> <span class='ocrx_word' id='word_1_346' title='bbox 514 4820 768 4889; x_wconf 88' lang='lat' dir='ltr'><strong>superius</strong></span> <span class='ocrx_word' id='word_1_347' title='bbox 813 4821 1051 4875; x_wconf 79' lang='lat' dir='ltr'><strong>diximus</strong></span> <span class='ocrx_word' id='word_1_348' title='bbox 1102 4820 1463 4874; x_wconf 90' lang='lat' dir='ltr'><strong>celebratur:</strong></span> <span class='ocrx_word' id='word_1_349' title='bbox 1520 4822 1687 4875; x_wconf 84' lang='lat' dir='ltr'><strong>habes</strong></span> <span class='ocrx_word' id='word_1_350' title='bbox 1747 4834 1876 4875; x_wconf 79' lang='lat' dir='ltr'><strong>ecce</strong></span> 
     </span>
    </p>
   </div>
   <div class='ocr_carea' id='block_1_53' title="bbox 307 4907 1878 4981">
    <p class='ocr_par' dir='ltr' id='par_1_53' title="bbox 307 4907 1878 4981">
     <span class='ocr_line' id='line_1_53' title="bbox 307 4907 1878 4981; baseline -0.001 -19"><span class='ocrx_word' id='word_1_351' title='bbox 307 4907 663 4981; x_wconf 82' lang='lat' dir='ltr'><strong>intelligihilis</strong></span> <span class='ocrx_word' id='word_1_352' title='bbox 697 4908 1059 4964; x_wconf 79' lang='lat' dir='ltr'><strong>Melchisedec</strong></span> <span class='ocrx_word' id='word_1_353' title='bbox 1084 4910 1436 4968; x_wconf 86' lang='lat' dir='ltr'><strong>oblationem.</strong></span> <span class='ocrx_word' id='word_1_354' title='bbox 1470 4924 1590 4977; x_wconf 66' lang='lat' dir='ltr'><strong>qum</strong></span> <span class='ocrx_word' id='word_1_355' title='bbox 1636 4908 1691 4961; x_wconf 91' lang='lat' dir='ltr'><strong>in</strong></span> <span class='ocrx_word' id='word_1_356' title='bbox 1734 4923 1878 4976; x_wconf 85' lang='lat' dir='ltr'><strong>pane</strong></span> 
     </span>
    </p>
   </div>
   <div class='ocr_carea' id='block_1_54' title="bbox 308 4997 1879 5071">
    <p class='ocr_par' dir='ltr' id='par_1_54' title="bbox 308 4997 1879 5071">
     <span class='ocr_line' id='line_1_54' title="bbox 308 4997 1879 5071; baseline -0.001 -17"><span class='ocrx_word' id='word_1_357' title='bbox 308 5011 364 5054; x_wconf 88' lang='lat' dir='ltr'><strong>et</strong></span> <span class='ocrx_word' id='word_1_358' title='bbox 392 5001 518 5056; x_wconf 89' lang='lat' dir='ltr'><strong>vino</strong></span> <span class='ocrx_word' id='word_1_359' title='bbox 547 4999 849 5071; x_wconf 87' lang='lat' dir='ltr'><strong>perﬁcitur,</strong></span> <span class='ocrx_word' id='word_1_360' title='bbox 902 5000 955 5052; x_wconf 91' lang='lat' dir='ltr'><strong>in</strong></span> <span class='ocrx_word' id='word_1_361' title='bbox 989 5016 1093 5069; x_wconf 89' lang='lat' dir='ltr'><strong>qua</strong></span> <span class='ocrx_word' id='word_1_362' title='bbox 1128 5010 1320 5070; x_wconf 87' lang='lat' dir='ltr'><strong>quarta</strong></span> <span class='ocrx_word' id='word_1_363' title='bbox 1351 5015 1476 5069; x_wconf 88' lang='lat' dir='ltr'><strong>pars</strong></span> <span class='ocrx_word' id='word_1_364' title='bbox 1502 4999 1594 5052; x_wconf 87' lang='lat' dir='ltr'><strong>hin</strong></span> <span class='ocrx_word' id='word_1_365' title='bbox 1634 4999 1687 5051; x_wconf 91' lang='lat' dir='ltr'><strong>in</strong></span> <span class='ocrx_word' id='word_1_366' title='bbox 1724 4997 1879 5052; x_wconf 90' lang='lat' dir='ltr'><strong>libris</strong></span> 
     </span>
    </p>
   </div>
   <div class='ocr_carea' id='block_1_55' title="bbox 304 5088 1877 5162">
    <p class='ocr_par' dir='ltr' id='par_1_55' title="bbox 304 5088 1877 5162">
     <span class='ocr_line' id='line_1_55' title="bbox 304 5088 1877 5162; baseline -0.003 -15"><span class='ocrx_word' id='word_1_367' title='bbox 304 5094 418 5147; x_wconf 79' lang='lat' dir='ltr'><strong>vini</strong></span> <span class='ocrx_word' id='word_1_368' title='bbox 444 5094 697 5158; x_wconf 83' lang='lat' dir='ltr'><strong>oﬁ&#39;ertur,</strong></span> <span class='ocrx_word' id='word_1_369' title='bbox 732 5102 793 5146; x_wconf 89' lang='lat' dir='ltr'><strong>ut</strong></span> <span class='ocrx_word' id='word_1_370' title='bbox 822 5108 920 5162; x_wconf 88' lang='lat' dir='ltr'><strong>per</strong></span> <span class='ocrx_word' id='word_1_371' title='bbox 949 5102 1197 5161; x_wconf 84' lang='lat' dir='ltr'><strong>quartam</strong></span> <span class='ocrx_word' id='word_1_372' title='bbox 1216 5091 1593 5161; x_wconf 82' lang='lat' dir='ltr'><strong>Evangelicam</strong></span> <span class='ocrx_word' id='word_1_373' title='bbox 1627 5088 1877 5143; x_wconf 88' lang='lat' dir='ltr'><strong>traditio-</strong></span> 
     </span>
    </p>
   </div>
   <div class='ocr_carea' id='block_1_56' title="bbox 313 5179 1875 5252">
    <p class='ocr_par' dir='ltr' id='par_1_56' title="bbox 313 5179 1875 5252">
     <span class='ocr_line' id='line_1_56' title="bbox 313 5179 1875 5252; baseline -0.001 -16"><span class='ocrx_word' id='word_1_374' title='bbox 313 5198 462 5247; x_wconf 90' lang='lat' dir='ltr'><strong>nem,</strong></span> <span class='ocrx_word' id='word_1_375' title='bbox 514 5199 636 5252; x_wconf 82' lang='lat' dir='ltr'><strong>quae</strong></span> <span class='ocrx_word' id='word_1_376' title='bbox 669 5184 725 5237; x_wconf 92' lang='lat' dir='ltr'><strong>in</strong></span> <span class='ocrx_word' id='word_1_377' title='bbox 761 5183 916 5237; x_wconf 86' lang='lat' dir='ltr'><strong>libris</strong></span> <span class='ocrx_word' id='word_1_378' title='bbox 949 5193 1200 5251; x_wconf 82' lang='lat' dir='ltr'><strong>quatuor</strong></span> <span class='ocrx_word' id='word_1_379' title='bbox 1228 5191 1342 5236; x_wconf 90' lang='lat' dir='ltr'><strong>est:</strong></span> <span class='ocrx_word' id='word_1_380' title='bbox 1395 5196 1494 5250; x_wconf 86' lang='lat' dir='ltr'><strong>per</strong></span> <span class='ocrx_word' id='word_1_381' title='bbox 1557 5179 1875 5234; x_wconf 89' lang='lat' dir='ltr'><strong>libationem</strong></span> 
     </span>
    </p>
   </div>
   <div class='ocr_carea' id='block_1_57' title="bbox 303 5269 1874 5342">
    <p class='ocr_par' dir='ltr' id='par_1_57' title="bbox 303 5269 1874 5342">
     <span class='ocr_line' id='line_1_57' title="bbox 303 5269 1874 5342; baseline -0.005 -12"><span class='ocrx_word' id='word_1_382' title='bbox 303 5290 438 5330; x_wconf 84' lang='lat' dir='ltr'><strong>vero</strong></span> <span class='ocrx_word' id='word_1_383' title='bbox 469 5274 815 5329; x_wconf 90' lang='lat' dir='ltr'><strong>Dominicum</strong></span> <span class='ocrx_word' id='word_1_384' title='bbox 853 5287 1162 5326; x_wconf 86' lang='lat' dir='ltr'><strong>sermonem</strong></span> <span class='ocrx_word' id='word_1_385' title='bbox 1192 5270 1543 5342; x_wconf 80' lang='lat' dir='ltr'><strong>signiﬁcaret,</strong></span> <span class='ocrx_word' id='word_1_386' title='bbox 1584 5284 1710 5324; x_wconf 91' lang='lat' dir='ltr'><strong>cum</strong></span> <span class='ocrx_word' id='word_1_387' title='bbox 1748 5269 1825 5322; x_wconf 89' lang='lat' dir='ltr'><strong>ait</strong></span> <span class='ocrx_word' id='word_1_388' title='bbox 1860 5287 1874 5322; x_wconf 89' lang='lat'><strong>:</strong></span> 
     </span>
    </p>
   </div>
   <div class='ocr_carea' id='block_1_58' title="bbox 309 5362 1874 5435">
    <p class='ocr_par' dir='ltr' id='par_1_58' title="bbox 309 5362 1874 5435">
     <span class='ocr_line' id='line_1_58' title="bbox 309 5362 1874 5435; baseline -0.003 -16"><span class='ocrx_word' id='word_1_389' title='bbox 309 5366 406 5419; x_wconf 78' lang='lat' dir='ltr'><strong>llic</strong></span> <span class='ocrx_word' id='word_1_390' title='bbox 428 5375 502 5421; x_wconf 87' lang='lat' dir='ltr'><strong>est</strong></span> <span class='ocrx_word' id='word_1_391' title='bbox 526 5382 671 5419; x_wconf 82' lang='lat' dir='ltr'><strong>meus</strong></span> <span class='ocrx_word' id='word_1_392' title='bbox 703 5365 921 5435; x_wconf 81' lang='lat' dir='ltr'><strong>sanguis</strong></span> <span class='ocrx_word' id='word_1_393' title='bbox 952 5365 1041 5434; x_wconf 83' lang='lat' dir='ltr'><strong>qui</strong></span> <span class='ocrx_word' id='word_1_394' title='bbox 1088 5379 1184 5432; x_wconf 87' lang='lat' dir='ltr'><strong>pro</strong></span> <span class='ocrx_word' id='word_1_395' title='bbox 1217 5363 1358 5416; x_wconf 78' lang='lat' dir='ltr'><strong>vobis</strong></span> <span class='ocrx_word' id='word_1_396' title='bbox 1377 5363 1626 5432; x_wconf 76' lang='lat' dir='ltr'><strong>{nudetur</strong></span> <span class='ocrx_word' id='word_1_397' title='bbox 1642 5362 1721 5415; x_wconf 79' lang='lat'><strong>”:</strong></span> <span class='ocrx_word' id='word_1_398' title='bbox 1756 5362 1874 5416; x_wconf 90' lang='lat' dir='ltr'><strong>sine</strong></span> 
     </span>
    </p>
   </div>
   <div class='ocr_carea' id='block_1_59' title="bbox 303 5442 1876 5526">
    <p class='ocr_par' dir='ltr' id='par_1_59' title="bbox 303 5442 1876 5526">
     <span class='ocr_line' id='line_1_59' title="bbox 303 5442 1876 5526; baseline -0.002 -14"><span class='ocrx_word' id='word_1_399' title='bbox 303 5457 691 5513; x_wconf 88' lang='lat' dir='ltr'><strong>imminutione</strong></span> <span class='ocrx_word' id='word_1_400' title='bbox 729 5458 875 5510; x_wconf 89' lang='lat' dir='ltr'><strong>enim</strong></span> <span class='ocrx_word' id='word_1_401' title='bbox 907 5442 1212 5526; x_wconf 75' lang='lat' dir='ltr'><strong>sig&#39;niﬁcare</strong></span> <span class='ocrx_word' id='word_1_402' title='bbox 1247 5453 1536 5524; x_wconf 82' lang='lat' dir='ltr'><strong>lcgislatori</strong></span> <span class='ocrx_word' id='word_1_403' title='bbox 1584 5452 1761 5507; x_wconf 89' lang='lat' dir='ltr'><strong>visum</strong></span> <span class='ocrx_word' id='word_1_404' title='bbox 1792 5463 1876 5509; x_wconf 89' lang='lat' dir='ltr'><strong>est</strong></span> 
     </span>
    </p>
   </div>
   <div class='ocr_carea' id='block_1_60' title="bbox 302 5543 1695 5620">
    <p class='ocr_par' dir='ltr' id='par_1_60' title="bbox 302 5543 1695 5620">
     <span class='ocr_line' id='line_1_60' title="bbox 302 5543 1695 5620; baseline -0.006 -15"><span class='ocrx_word' id='word_1_405' title='bbox 302 5548 506 5605; x_wconf 84' lang='lat' dir='ltr'><strong>Christi</strong></span> <span class='ocrx_word' id='word_1_406' title='bbox 533 5548 878 5620; x_wconf 78' lang='lat' dir='ltr'><strong>mysterium,</strong></span> <span class='ocrx_word' id='word_1_407' title='bbox 907 5554 1128 5618; x_wconf 85' lang='lat' dir='ltr'><strong>propter</strong></span> <span class='ocrx_word' id='word_1_408' title='bbox 1156 5545 1303 5614; x_wconf 88' lang='lat' dir='ltr'><strong>quod</strong></span> <span class='ocrx_word' id='word_1_409' title='bbox 1337 5554 1392 5598; x_wconf 88' lang='lat' dir='ltr'><strong>et</strong></span> <span class='ocrx_word' id='word_1_410' title='bbox 1421 5543 1695 5599; x_wconf 87' lang='lat' dir='ltr'><strong>subdidit:</strong></span> 
     </span>
    </p>
   </div>
   <div class='ocr_carea' id='block_1_61' title="bbox 380 5719 1488 5789">
    <p class='ocr_par' dir='ltr' id='par_1_61' title="bbox 380 5719 1488 5789">
     <span class='ocr_line' id='line_1_61' title="bbox 380 5719 1488 5789; baseline -0.005 -10"><span class='ocrx_word' id='word_1_411' title='bbox 380 5723 422 5753; x_wconf 83' lang='lat'><strong><em>”</em></strong></span> <span class='ocrx_word' id='word_1_412' title='bbox 458 5721 625 5779; x_wconf 83' lang='lat' dir='ltr'><strong>lCor.</strong></span> <span class='ocrx_word' id='word_1_413' title='bbox 655 5741 743 5789; x_wconf 75' lang='lat' dir='ltr'><strong>xv,</strong></span> <span class='ocrx_word' id='word_1_414' title='bbox 780 5724 863 5777; x_wconf 70' lang='lat'><strong>12.</strong></span> <span class='ocrx_word' id='word_1_415' title='bbox 943 5723 986 5756; x_wconf 83' lang='grc'>³³</span> <span class='ocrx_word' id='word_1_416' title='bbox 1014 5721 1178 5778; x_wconf 77' lang='lat' dir='ltr'><strong>Marc.</strong></span> <span class='ocrx_word' id='word_1_417' title='bbox 1221 5740 1332 5788; x_wconf 73' lang='lat' dir='ltr'><strong>xw,</strong></span> <span class='ocrx_word' id='word_1_418' title='bbox 1370 5719 1488 5775; x_wconf 33' lang='lat' dir='ltr'><strong>liii.</strong></span> 
     </span>
    </p>
   </div>
   <div class='ocr_carea' id='block_1_62' title="bbox 1567 5718 2025 5793">
    <p class='ocr_par' dir='ltr' id='par_1_62' title="bbox 1567 5718 2025 5793">
     <span class='ocr_line' id='line_1_62' title="bbox 1567 5718 2025 5793; baseline -0.007 -20"><span class='ocrx_word' id='word_1_419' title='bbox 1567 5718 1673 5793; x_wconf 59' lang='lat' dir='ltr'><strong>3&quot;qu</strong></span> <span class='ocrx_word' id='word_1_420' title='bbox 1710 5718 1836 5774; x_wconf 89' lang='lat' dir='ltr'><strong>Cor.</strong></span> <span class='ocrx_word' id='word_1_421' title='bbox 1863 5737 1913 5787; x_wconf 87' lang='lat' dir='ltr'><strong>v,</strong></span> <span class='ocrx_word' id='word_1_422' title='bbox 1944 5719 2025 5774; x_wconf 87' lang='lat' dir='ltr'><strong>l7.</strong></span> 
     </span>
    </p>
   </div>
   <div class='ocr_carea' id='block_1_63' title="bbox 2024 549 3585 621">
    <p class='ocr_par' dir='ltr' id='par_1_63' title="bbox 2024 549 3585 621">
     <span class='ocr_line' id='line_1_63' title="bbox 2024 549 3585 621; baseline 0.012 -22"><span class='ocrx_word' id='word_1_423' title='bbox 2024 563 2185 617; x_wconf 80' lang='lat' dir='ltr'><strong>usque</strong></span> <span class='ocrx_word' id='word_1_424' title='bbox 2212 549 2285 601; x_wconf 89' lang='lat' dir='ltr'><strong>ad</strong></span> <span class='ocrx_word' id='word_1_425' title='bbox 2305 549 2445 602; x_wconf 88' lang='lat' dir='ltr'><strong>diem</strong></span> <span class='ocrx_word' id='word_1_426' title='bbox 2474 566 2576 620; x_wconf 90' lang='lat' dir='ltr'><strong>quo</strong></span> <span class='ocrx_word' id='word_1_427' title='bbox 2627 553 2857 621; x_wconf 69' lang='lat' dir='ltr'><strong>offeratis</strong></span> <span class='ocrx_word' id='word_1_428' title='bbox 2888 571 2952 608; x_wconf 72' lang='lat' dir='ltr'><strong>ex</strong></span> <span class='ocrx_word' id='word_1_429' title='bbox 2978 573 3038 609; x_wconf 88' lang='lat' dir='ltr'><strong>ea</strong></span> <span class='ocrx_word' id='word_1_430' title='bbox 3066 557 3174 611; x_wconf 85' lang='lat' dir='ltr'><strong>Deo</strong></span> <span class='ocrx_word' id='word_1_431' title='bbox 3204 570 3395 614; x_wconf 79' lang='lat' dir='ltr'><strong>vestro.</strong></span> <span class='ocrx_word' id='word_1_432' title='bbox 3428 560 3585 617; x_wconf 80' lang='lat' dir='ltr'><strong>Prte-</strong></span> 
     </span>
    </p>
   </div>
   <div class='ocr_carea' id='block_1_64' title="bbox 2022 643 3587 723">
    <p class='ocr_par' dir='ltr' id='par_1_64' title="bbox 2022 643 3587 723">
     <span class='ocr_line' id='line_1_64' title="bbox 2022 643 3587 723; baseline 0.011 -32"><span class='ocrx_word' id='word_1_433' title='bbox 2022 651 2225 707; x_wconf 85' lang='lat' dir='ltr'><strong>ceptum</strong></span> <span class='ocrx_word' id='word_1_434' title='bbox 2253 648 2328 693; x_wconf 86' lang='lat' dir='ltr'><strong>est</strong></span> <span class='ocrx_word' id='word_1_435' title='bbox 2355 643 2727 709; x_wconf 88' lang='lat' dir='ltr'><strong>sempiternum</strong></span> <span class='ocrx_word' id='word_1_436' title='bbox 2752 645 2806 697; x_wconf 89' lang='lat' dir='ltr'><strong>in</strong></span> <span class='ocrx_word' id='word_1_437' title='bbox 2842 650 3260 714; x_wconf 83' lang='lat' dir='ltr'><strong>generationibus</strong></span> <span class='ocrx_word' id='word_1_438' title='bbox 3285 656 3587 723; x_wconf 85' lang='lat' dir='ltr'><strong>cunctisque</strong></span> 
     </span>
    </p>
   </div>
   <div class='ocr_carea' id='block_1_65' title="bbox 2020 728 3584 812">
    <p class='ocr_par' dir='ltr' id='par_1_65' title="bbox 2020 728 3584 812">
     <span class='ocr_line' id='line_1_65' title="bbox 2020 728 3584 812; baseline 0.01 -31"><span class='ocrx_word' id='word_1_439' title='bbox 2020 728 2337 783; x_wconf 83' lang='lat' dir='ltr'><strong>habitaculis</strong></span> <span class='ocrx_word' id='word_1_440' title='bbox 2364 733 2569 785; x_wconf 84' lang='lat' dir='ltr'><strong>vestris.</strong></span> <span class='ocrx_word' id='word_1_441' title='bbox 2607 732 2733 787; x_wconf 89' lang='lat' dir='ltr'><strong>Sive</strong></span> <span class='ocrx_word' id='word_1_442' title='bbox 2772 739 3069 790; x_wconf 87' lang='lat' dir='ltr'><strong>secundum</strong></span> <span class='ocrx_word' id='word_1_443' title='bbox 3101 738 3239 792; x_wconf 82' lang='lat' dir='ltr'><strong>LXX</strong></span> <span class='ocrx_word' id='word_1_444' title='bbox 3267 758 3280 795; x_wconf 91' lang='lat'>:</span> <span class='ocrx_word' id='word_1_445' title='bbox 3329 742 3394 795; x_wconf 87' lang='lat' dir='ltr'><strong>Et</strong></span> <span class='ocrx_word' id='word_1_446' title='bbox 3425 745 3584 812; x_wconf 78' lang='lat' dir='ltr'><strong>fricta</strong></span> 
     </span>
    </p>
   </div>
   <div class='ocr_carea' id='block_1_66' title="bbox 2020 822 3584 903">
    <p class='ocr_par' dir='ltr' id='par_1_66' title="bbox 2020 822 3584 903">
     <span class='ocr_line' id='line_1_66' title="bbox 2020 822 3584 903; baseline 0.011 -31"><span class='ocrx_word' id='word_1_447' title='bbox 2020 822 2263 875; x_wconf 82' lang='lat' dir='ltr'><strong>cedrinea</strong></span> <span class='ocrx_word' id='word_1_448' title='bbox 2307 840 2410 876; x_wconf 89' lang='lat' dir='ltr'><strong>non</strong></span> <span class='ocrx_word' id='word_1_449' title='bbox 2453 826 2863 893; x_wconf 85' lang='lat' dir='ltr'><strong>manducabitis,</strong></span> <span class='ocrx_word' id='word_1_450' title='bbox 2900 845 3061 899; x_wconf 87' lang='lat' dir='ltr'><strong>usque</strong></span> <span class='ocrx_word' id='word_1_451' title='bbox 3113 834 3169 884; x_wconf 90' lang='lat' dir='ltr'><strong>in</strong></span> <span class='ocrx_word' id='word_1_452' title='bbox 3218 833 3365 886; x_wconf 88' lang='lat' dir='ltr'><strong>illam</strong></span> <span class='ocrx_word' id='word_1_453' title='bbox 3415 837 3584 903; x_wconf 82' lang='lat' dir='ltr'><strong>ipsam</strong></span> 
     </span>
    </p>
   </div>
   <div class='ocr_carea' id='block_1_67' title="bbox 2018 911 3603 996">
    <p class='ocr_par' dir='ltr' id='par_1_67' title="bbox 2018 911 3603 996">
     <span class='ocr_line' id='line_1_67' title="bbox 2018 911 3603 996; baseline 0.01 -33"><span class='ocrx_word' id='word_1_454' title='bbox 2018 911 2154 964; x_wconf 86' lang='lat' dir='ltr'><strong>diem</strong></span> <span class='ocrx_word' id='word_1_455' title='bbox 2185 928 2449 983; x_wconf 87' lang='lat' dir='ltr'><strong>quousque</strong></span> <span class='ocrx_word' id='word_1_456' title='bbox 2500 915 2723 983; x_wconf 70' lang='lat' dir='ltr'><strong>offeratis</strong></span> <span class='ocrx_word' id='word_1_457' title='bbox 2751 934 2969 971; x_wconf 87' lang='lat' dir='ltr'><strong>munera</strong></span> <span class='ocrx_word' id='word_1_458' title='bbox 3027 920 3135 973; x_wconf 88' lang='lat' dir='ltr'><strong>Deo</strong></span> <span class='ocrx_word' id='word_1_459' title='bbox 3165 935 3353 977; x_wconf 85' lang='lat' dir='ltr'><strong>vestro.</strong></span> <span class='ocrx_word' id='word_1_460' title='bbox 3399 925 3603 996; x_wconf 37' lang='lat' dir='ltr'><strong>chitix</strong></span> 
     </span>
    </p>
   </div>
   <div class='ocr_carea' id='block_1_68' title="bbox 2018 1005 3582 1073">
    <p class='ocr_par' dir='ltr' id='par_1_68' title="bbox 2018 1005 3582 1073">
     <span class='ocr_line' id='line_1_68' title="bbox 2018 1005 3582 1073; baseline 0.01 -20"><span class='ocrx_word' id='word_1_461' title='bbox 2018 1016 2161 1053; x_wconf 87' lang='lat' dir='ltr'><strong>mum</strong></span> <span class='ocrx_word' id='word_1_462' title='bbox 2185 1010 2436 1055; x_wconf 78' lang='lat' dir='ltr'><strong>wternum</strong></span> <span class='ocrx_word' id='word_1_463' title='bbox 2468 1005 2522 1056; x_wconf 89' lang='lat' dir='ltr'><strong>in</strong></span> <span class='ocrx_word' id='word_1_464' title='bbox 2543 1007 2812 1073; x_wconf 86' lang='lat' dir='ltr'><strong>progenies</strong></span> <span class='ocrx_word' id='word_1_465' title='bbox 2843 1019 3060 1063; x_wconf 84' lang='lat' dir='ltr'><strong>vestras.</strong></span> <span class='ocrx_word' id='word_1_466' title='bbox 3096 1010 3295 1066; x_wconf 79' lang='lat' dir='ltr'><strong>Novam</strong></span> <span class='ocrx_word' id='word_1_467' title='bbox 3348 1030 3582 1068; x_wconf 84' lang='lat' dir='ltr'><strong>conver-</strong></span> 
     </span>
    </p>
   </div>
   <div class='ocr_carea' id='block_1_69' title="bbox 2016 1086 3577 1164">
    <p class='ocr_par' dir='ltr' id='par_1_69' title="bbox 2016 1086 3577 1164">
     <span class='ocr_line' id='line_1_69' title="bbox 2016 1086 3577 1164; baseline 0.009 -25"><span class='ocrx_word' id='word_1_468' title='bbox 2016 1086 2278 1139; x_wconf 86' lang='lat' dir='ltr'><strong>sationem</strong></span> <span class='ocrx_word' id='word_1_469' title='bbox 2330 1087 2728 1151; x_wconf 89' lang='lat' dir='ltr'><strong>inchoahimus,</strong></span> <span class='ocrx_word' id='word_1_470' title='bbox 2782 1093 3094 1161; x_wconf 84' lang='lat' dir='ltr'><strong>priusquam</strong></span> <span class='ocrx_word' id='word_1_471' title='bbox 3122 1097 3239 1150; x_wconf 88' lang='lat' dir='ltr'><strong>dies</strong></span> <span class='ocrx_word' id='word_1_472' title='bbox 3278 1098 3577 1164; x_wconf 80' lang='lat' dir='ltr'><strong>advenerit,</strong></span> 
     </span>
    </p>
   </div>
   <div class='ocr_carea' id='block_1_70' title="bbox 2014 1179 3577 1257">
    <p class='ocr_par' dir='ltr' id='par_1_70' title="bbox 2014 1179 3577 1257">
     <span class='ocr_line' id='line_1_70' title="bbox 2014 1179 3577 1257; baseline 0.008 -29"><span class='ocrx_word' id='word_1_473' title='bbox 2014 1185 2305 1246; x_wconf 87' lang='lat' dir='ltr'><strong>antequam</strong></span> <span class='ocrx_word' id='word_1_474' title='bbox 2337 1179 2593 1247; x_wconf 68' lang='lat' dir='ltr'><strong>praedicta</strong></span> <span class='ocrx_word' id='word_1_475' title='bbox 2625 1181 2768 1235; x_wconf 89' lang='lat' dir='ltr'><strong>bona</strong></span> <span class='ocrx_word' id='word_1_476' title='bbox 2806 1181 2917 1236; x_wconf 87' lang='lat' dir='ltr'><strong>Deo</strong></span> <span class='ocrx_word' id='word_1_477' title='bbox 2952 1184 3299 1250; x_wconf 64' lang='lat' dir='ltr'><strong>offerrentur,</strong></span> <span class='ocrx_word' id='word_1_478' title='bbox 3328 1202 3393 1239; x_wconf 82' lang='lat' dir='ltr'><strong>ex</strong></span> <span class='ocrx_word' id='word_1_479' title='bbox 3454 1191 3577 1257; x_wconf 87' lang='lat' dir='ltr'><strong>qui—</strong></span> 
     </span>
    </p>
   </div>
   <div class='ocr_carea' id='block_1_71' title="bbox 2014 1266 3581 1341">
    <p class='ocr_par' dir='ltr' id='par_1_71' title="bbox 2014 1266 3581 1341">
     <span class='ocr_line' id='line_1_71' title="bbox 2014 1266 3581 1341; baseline 0.011 -21"><span class='ocrx_word' id='word_1_480' title='bbox 2014 1266 2117 1320; x_wconf 89' lang='lat' dir='ltr'><strong>bus</strong></span> <span class='ocrx_word' id='word_1_481' title='bbox 2154 1268 2325 1331; x_wconf 86' lang='lat' dir='ltr'><strong>nobis,</strong></span> <span class='ocrx_word' id='word_1_482' title='bbox 2359 1286 2482 1338; x_wconf 75' lang='lat' dir='ltr'><strong>qua:</strong></span> <span class='ocrx_word' id='word_1_483' title='bbox 2519 1281 2602 1324; x_wconf 90' lang='lat' dir='ltr'><strong>est</strong></span> <span class='ocrx_word' id='word_1_484' title='bbox 2646 1272 2702 1325; x_wconf 90' lang='lat' dir='ltr'><strong>in</strong></span> <span class='ocrx_word' id='word_1_485' title='bbox 2748 1273 2969 1329; x_wconf 89' lang='lat' dir='ltr'><strong>Christo</strong></span> <span class='ocrx_word' id='word_1_486' title='bbox 3016 1292 3153 1330; x_wconf 83' lang='lat' dir='ltr'><strong>nova</strong></span> <span class='ocrx_word' id='word_1_487' title='bbox 3220 1287 3488 1341; x_wconf 86' lang='lat' dir='ltr'><strong>creatura,</strong></span> <span class='ocrx_word' id='word_1_488' title='bbox 3522 1290 3581 1337; x_wconf 79' lang='lat' dir='ltr'><strong>et</strong></span> 
     </span>
    </p>
   </div>
   <div class='ocr_carea' id='block_1_72' title="bbox 1981 1365 3565 1439">
    <p class='ocr_par' dir='ltr' id='par_1_72' title="bbox 1981 1365 3565 1439">
     <span class='ocr_line' id='line_1_72' title="bbox 1981 1365 3565 1439; baseline 0.009 -27"><span class='ocrx_word' id='word_1_489' title='bbox 1981 1375 2152 1414; x_wconf 86' lang='lat' dir='ltr'><strong>.nova</strong></span> <span class='ocrx_word' id='word_1_490' title='bbox 2178 1365 2526 1417; x_wconf 87' lang='lat' dir='ltr'><strong>conversatio</strong></span> <span class='ocrx_word' id='word_1_491' title='bbox 2556 1367 2881 1421; x_wconf 89' lang='lat' dir='ltr'><strong>annuntiata</strong></span> <span class='ocrx_word' id='word_1_492' title='bbox 2916 1377 3018 1431; x_wconf 89' lang='lat' dir='ltr'><strong>est.</strong></span> <span class='ocrx_word' id='word_1_493' title='bbox 3058 1370 3125 1423; x_wconf 89' lang='lat' dir='ltr'><strong>de</strong></span> <span class='ocrx_word' id='word_1_494' title='bbox 3171 1388 3275 1439; x_wconf 91' lang='lat' dir='ltr'><strong>qua</strong></span> <span class='ocrx_word' id='word_1_495' title='bbox 3308 1373 3382 1426; x_wconf 89' lang='lat' dir='ltr'><strong>ait</strong></span> <span class='ocrx_word' id='word_1_496' title='bbox 3435 1372 3565 1427; x_wconf 77' lang='lat' dir='ltr'><strong>Pau~</strong></span> 
     </span>
    </p>
   </div>
   <div class='ocr_carea' id='block_1_73' title="bbox 2011 1451 3575 1523">
    <p class='ocr_par' dir='ltr' id='par_1_73' title="bbox 2011 1451 3575 1523">
     <span class='ocr_line' id='line_1_73' title="bbox 2011 1451 3575 1523; baseline 0.005 -18"><span class='ocrx_word' id='word_1_497' title='bbox 2011 1452 2127 1506; x_wconf 82' lang='lat' dir='ltr'><strong>lus:</strong></span> <span class='ocrx_word' id='word_1_498' title='bbox 2155 1451 2216 1506; x_wconf 87' lang='lat' dir='ltr'><strong>Si</strong></span> <span class='ocrx_word' id='word_1_499' title='bbox 2240 1469 2345 1523; x_wconf 85' lang='lat' dir='ltr'><strong>qua</strong></span> <span class='ocrx_word' id='word_1_500' title='bbox 2376 1456 2432 1507; x_wconf 88' lang='lat' dir='ltr'><strong>in</strong></span> <span class='ocrx_word' id='word_1_501' title='bbox 2460 1454 2667 1510; x_wconf 85' lang='lat' dir='ltr'><strong>Christo</strong></span> <span class='ocrx_word' id='word_1_502' title='bbox 2693 1473 2824 1511; x_wconf 86' lang='lat' dir='ltr'><strong>nova</strong></span> <span class='ocrx_word' id='word_1_503' title='bbox 2853 1470 3118 1522; x_wconf 88' lang='lat' dir='ltr'><strong>creatura,</strong></span> <span class='ocrx_word' id='word_1_504' title='bbox 3152 1474 3325 1515; x_wconf 73' lang='lat' dir='ltr'><strong>cetera</strong></span> <span class='ocrx_word' id='word_1_505' title='bbox 3356 1463 3575 1514; x_wconf 83' lang='lat' dir='ltr'><strong>transie-</strong></span> 
     </span>
    </p>
   </div>
   <div class='ocr_carea' id='block_1_74' title="bbox 2012 1544 3579 1621">
    <p class='ocr_par' dir='ltr' id='par_1_74' title="bbox 2012 1544 3579 1621">
     <span class='ocr_line' id='line_1_74' title="bbox 2012 1544 3579 1621; baseline 0.006 -28"><span class='ocrx_word' id='word_1_506' title='bbox 2012 1550 2153 1606; x_wconf 87' lang='lat' dir='ltr'><strong>runt,</strong></span> <span class='ocrx_word' id='word_1_507' title='bbox 2186 1558 2303 1596; x_wconf 86' lang='lat' dir='ltr'><strong>ecce</strong></span> <span class='ocrx_word' id='word_1_508' title='bbox 2328 1544 2470 1613; x_wconf 80' lang='lat' dir='ltr'><strong>facta</strong></span> <span class='ocrx_word' id='word_1_509' title='bbox 2494 1554 2614 1597; x_wconf 84' lang='lat' dir='ltr'><strong>sunt</strong></span> <span class='ocrx_word' id='word_1_510' title='bbox 2637 1561 2766 1600; x_wconf 83' lang='lat' dir='ltr'><strong>nova</strong></span> <span class='ocrx_word' id='word_1_511' title='bbox 2790 1549 2967 1600; x_wconf 84' lang='lat' dir='ltr'><strong>omnia</strong></span> <span class='ocrx_word' id='word_1_512' title='bbox 3003 1565 3068 1602; x_wconf 79' lang='lat' dir='ltr'><strong>ea:</strong></span> <span class='ocrx_word' id='word_1_513' title='bbox 3097 1549 3224 1615; x_wconf 83' lang='lat' dir='ltr'><strong>Deo,</strong></span> <span class='ocrx_word' id='word_1_514' title='bbox 3254 1552 3344 1621; x_wconf 85' lang='lat' dir='ltr'><strong>qui</strong></span> <span class='ocrx_word' id='word_1_515' title='bbox 3398 1566 3579 1605; x_wconf 88' lang='lat' dir='ltr'><strong>recon-</strong></span> 
     </span>
    </p>
   </div>
   <div class='ocr_carea' id='block_1_75' title="bbox 2010 1633 3568 1708">
    <p class='ocr_par' dir='ltr' id='par_1_75' title="bbox 2010 1633 3568 1708">
     <span class='ocr_line' id='line_1_75' title="bbox 2010 1633 3568 1708; baseline 0.004 -23"><span class='ocrx_word' id='word_1_516' title='bbox 2010 1633 2212 1686; x_wconf 80' lang='lat' dir='ltr'><strong>ciliavit</strong></span> <span class='ocrx_word' id='word_1_517' title='bbox 2272 1650 2364 1687; x_wconf 84' lang='lat' dir='ltr'><strong>nos</strong></span> <span class='ocrx_word' id='word_1_518' title='bbox 2412 1635 2512 1688; x_wconf 88' lang='lat' dir='ltr'><strong>sibi</strong></span> <span class='ocrx_word' id='word_1_519' title='bbox 2557 1635 2641 1689; x_wconf 73' lang='grc'><strong>³⁵.</strong></span> <span class='ocrx_word' id='word_1_520' title='bbox 2698 1635 2913 1691; x_wconf 89' lang='lat' dir='ltr'><strong>Oblatio</strong></span> <span class='ocrx_word' id='word_1_521' title='bbox 2985 1639 3133 1692; x_wconf 88' lang='lat' dir='ltr'><strong>enim</strong></span> <span class='ocrx_word' id='word_1_522' title='bbox 3215 1640 3568 1708; x_wconf 61' lang='lat' dir='ltr'><strong>praesentium</strong></span> 
     </span>
    </p>
   </div>
   <div class='ocr_carea' id='block_1_76' title="bbox 2010 1724 3576 1799">
    <p class='ocr_par' dir='ltr' id='par_1_76' title="bbox 2010 1724 3576 1799">
     <span class='ocr_line' id='line_1_76' title="bbox 2010 1724 3576 1799; baseline 0.004 -21"><span class='ocrx_word' id='word_1_523' title='bbox 2010 1724 2299 1789; x_wconf 88' lang='lat' dir='ltr'><strong>donorum,</strong></span> <span class='ocrx_word' id='word_1_524' title='bbox 2332 1741 2492 1794; x_wconf 89' lang='lat' dir='ltr'><strong>quam</strong></span> <span class='ocrx_word' id='word_1_525' title='bbox 2517 1741 2639 1781; x_wconf 88' lang='lat' dir='ltr'><strong>esse</strong></span> <span class='ocrx_word' id='word_1_526' title='bbox 2677 1728 2995 1798; x_wconf 88' lang='lat' dir='ltr'><strong>mysterium</strong></span> <span class='ocrx_word' id='word_1_527' title='bbox 3025 1728 3297 1799; x_wconf 78' lang='lat' dir='ltr'><strong>Unigeniti</strong></span> <span class='ocrx_word' id='word_1_528' title='bbox 3325 1729 3576 1784; x_wconf 79' lang='lat' dir='ltr'><strong>ostendi-</strong></span> 
     </span>
    </p>
   </div>
   <div class='ocr_carea' id='block_1_77' title="bbox 2011 1817 3576 1884">
    <p class='ocr_par' dir='ltr' id='par_1_77' title="bbox 2011 1817 3576 1884">
     <span class='ocr_line' id='line_1_77' title="bbox 2011 1817 3576 1884; baseline 0.004 -16"><span class='ocrx_word' id='word_1_529' title='bbox 2011 1828 2156 1878; x_wconf 87' lang='lat' dir='ltr'><strong>mus,</strong></span> <span class='ocrx_word' id='word_1_530' title='bbox 2185 1817 2684 1872; x_wconf 86' lang='lat' dir='ltr'><strong>reconciliavitnos</strong></span> <span class='ocrx_word' id='word_1_531' title='bbox 2723 1819 2850 1884; x_wconf 88' lang='lat' dir='ltr'><strong>Deo,</strong></span> <span class='ocrx_word' id='word_1_532' title='bbox 2898 1830 2952 1872; x_wconf 93' lang='lat' dir='ltr'><strong>et</strong></span> <span class='ocrx_word' id='word_1_533' title='bbox 2990 1819 3169 1874; x_wconf 92' lang='lat' dir='ltr'><strong>cibum</strong></span> <span class='ocrx_word' id='word_1_534' title='bbox 3212 1818 3372 1873; x_wconf 87' lang='lat' dir='ltr'><strong>nobis</strong></span> <span class='ocrx_word' id='word_1_535' title='bbox 3418 1833 3576 1875; x_wconf 71' lang='lat' dir='ltr'><strong>novat</strong></span> 
     </span>
    </p>
   </div>
   <div class='ocr_carea' id='block_1_78' title="bbox 2010 1907 3575 1980">
    <p class='ocr_par' dir='ltr' id='par_1_78' title="bbox 2010 1907 3575 1980">
     <span class='ocr_line' id='line_1_78' title="bbox 2010 1907 3575 1980; baseline 0 -20"><span class='ocrx_word' id='word_1_536' title='bbox 2010 1907 2246 1976; x_wconf 69' lang='lat' dir='ltr'><strong>polentae</strong></span> <span class='ocrx_word' id='word_1_537' title='bbox 2272 1916 2328 1962; x_wconf 90' lang='lat' dir='ltr'><strong>et</strong></span> <span class='ocrx_word' id='word_1_538' title='bbox 2353 1909 2605 1978; x_wconf 89' lang='lat' dir='ltr'><strong>pultium,</strong></span> <span class='ocrx_word' id='word_1_539' title='bbox 2643 1912 2758 1964; x_wconf 91' lang='lat' dir='ltr'><strong>sive</strong></span> <span class='ocrx_word' id='word_1_540' title='bbox 2784 1918 2843 1963; x_wconf 91' lang='lat' dir='ltr'><strong>ut</strong></span> <span class='ocrx_word' id='word_1_541' title='bbox 2873 1908 3036 1973; x_wconf 80' lang='lat' dir='ltr'><strong>LXX,</strong></span> <span class='ocrx_word' id='word_1_542' title='bbox 3069 1918 3334 1979; x_wconf 77' lang='lat' dir='ltr'><strong>cytrorum</strong></span> <span class='ocrx_word' id='word_1_543' title='bbox 3370 1909 3575 1980; x_wconf 68' lang='lat' dir='ltr'><strong>praesti-</strong></span> 
     </span>
    </p>
   </div>
   <div class='ocr_carea' id='block_1_79' title="bbox 2010 1993 3572 2069">
    <p class='ocr_par' dir='ltr' id='par_1_79' title="bbox 2010 1993 3572 2069">
     <span class='ocr_line' id='line_1_79' title="bbox 2010 1993 3572 2069; baseline 0.002 -22"><span class='ocrx_word' id='word_1_544' title='bbox 2010 1996 2097 2048; x_wconf 89' lang='lat' dir='ltr'><strong>tit.</strong></span> <span class='ocrx_word' id='word_1_545' title='bbox 2143 1993 2259 2048; x_wconf 88' lang='lat' dir='ltr'><strong>Non</strong></span> <span class='ocrx_word' id='word_1_546' title='bbox 2291 1995 2434 2049; x_wconf 88' lang='lat' dir='ltr'><strong>enim</strong></span> <span class='ocrx_word' id='word_1_547' title='bbox 2483 2012 2624 2051; x_wconf 89' lang='lat' dir='ltr'><strong>nova</strong></span> <span class='ocrx_word' id='word_1_548' title='bbox 2683 1998 2884 2064; x_wconf 89' lang='lat' dir='ltr'><strong>solum,</strong></span> <span class='ocrx_word' id='word_1_549' title='bbox 2928 1998 3023 2053; x_wconf 89' lang='lat' dir='ltr'><strong>sed</strong></span> <span class='ocrx_word' id='word_1_550' title='bbox 3066 2008 3123 2054; x_wconf 90' lang='lat' dir='ltr'><strong>et</strong></span> <span class='ocrx_word' id='word_1_551' title='bbox 3152 2008 3322 2069; x_wconf 88' lang='lat' dir='ltr'><strong>cytra,</strong></span> <span class='ocrx_word' id='word_1_552' title='bbox 3368 1997 3572 2051; x_wconf 88' lang='lat' dir='ltr'><strong>Christi</strong></span> 
     </span>
    </p>
   </div>
   <div class='ocr_carea' id='block_1_80' title="bbox 2010 2087 3570 2160">
    <p class='ocr_par' dir='ltr' id='par_1_80' title="bbox 2010 2087 3570 2160">
     <span class='ocr_line' id='line_1_80' title="bbox 2010 2087 3570 2160; baseline 0.001 -22"><span class='ocrx_word' id='word_1_553' title='bbox 2010 2100 2278 2156; x_wconf 79' lang='lat' dir='ltr'><strong>praecepta</strong></span> <span class='ocrx_word' id='word_1_554' title='bbox 2306 2098 2434 2141; x_wconf 87' lang='lat' dir='ltr'><strong>sunt</strong></span> <span class='ocrx_word' id='word_1_555' title='bbox 2462 2102 2578 2141; x_wconf 78' lang='lat' dir='ltr'><strong>sive</strong></span> <span class='ocrx_word' id='word_1_556' title='bbox 2607 2096 2663 2141; x_wconf 83' lang='lat' dir='ltr'><strong>ul.</strong></span> <span class='ocrx_word' id='word_1_557' title='bbox 2716 2090 2931 2143; x_wconf 78' lang='lat' dir='ltr'><strong>mollia:</strong></span> <span class='ocrx_word' id='word_1_558' title='bbox 2970 2089 3048 2144; x_wconf 90' lang='lat' dir='ltr'><strong>sic</strong></span> <span class='ocrx_word' id='word_1_559' title='bbox 3105 2091 3250 2145; x_wconf 88' lang='lat' dir='ltr'><strong>enim</strong></span> <span class='ocrx_word' id='word_1_560' title='bbox 3290 2096 3438 2160; x_wconf 81' lang='lat' dir='ltr'><strong>cytra</strong></span> <span class='ocrx_word' id='word_1_561' title='bbox 3479 2087 3570 2141; x_wconf 89' lang='lat' dir='ltr'><strong>alii</strong></span> 
     </span>
    </p>
   </div>
   <div class='ocr_carea' id='block_1_81' title="bbox 2009 2170 3571 2251">
    <p class='ocr_par' dir='ltr' id='par_1_81' title="bbox 2009 2170 3571 2251">
     <span class='ocr_line' id='line_1_81' title="bbox 2009 2170 3571 2251; baseline 0.002 -22"><span class='ocrx_word' id='word_1_562' title='bbox 2009 2170 2338 2247; x_wconf 78' lang='lat' dir='ltr'><strong>interpretes</strong></span> <span class='ocrx_word' id='word_1_563' title='bbox 2386 2178 2696 2233; x_wconf 83' lang='lat' dir='ltr'><strong>ediderunt.</strong></span> <span class='ocrx_word' id='word_1_564' title='bbox 2730 2179 2827 2234; x_wconf 88' lang='lat' dir='ltr'><strong>Est</strong></span> <span class='ocrx_word' id='word_1_565' title='bbox 2867 2194 2995 2251; x_wconf 83' lang='lat' dir='ltr'><strong>ergo</strong></span> <span class='ocrx_word' id='word_1_566' title='bbox 3023 2181 3201 2235; x_wconf 91' lang='lat' dir='ltr'><strong>mollis</strong></span> <span class='ocrx_word' id='word_1_567' title='bbox 3248 2179 3571 2251; x_wconf 79' lang='lat' dir='ltr'><strong>evangelica</strong></span> 
     </span>
    </p>
   </div>
   <div class='ocr_carea' id='block_1_82' title="bbox 2009 2268 3566 2343">
    <p class='ocr_par' dir='ltr' id='par_1_82' title="bbox 2009 2268 3566 2343">
     <span class='ocr_line' id='line_1_82' title="bbox 2009 2268 3566 2343; baseline 0.003 -24"><span class='ocrx_word' id='word_1_568' title='bbox 2009 2268 2343 2337; x_wconf 69' lang='lat' dir='ltr'><strong>praedicatio.</strong></span> <span class='ocrx_word' id='word_1_569' title='bbox 2372 2270 2624 2339; x_wconf 73' lang='lat' dir='ltr'><strong>Accipite,</strong></span> <span class='ocrx_word' id='word_1_570' title='bbox 2650 2272 2796 2325; x_wconf 87' lang='lat' dir='ltr'><strong>enim</strong></span> <span class='ocrx_word' id='word_1_571' title='bbox 2828 2273 2923 2336; x_wconf 92' lang='lat' dir='ltr'><strong>ait,</strong></span> <span class='ocrx_word' id='word_1_572' title='bbox 2970 2274 3162 2343; x_wconf 86' lang='lat' dir='ltr'><strong>jugum</strong></span> <span class='ocrx_word' id='word_1_573' title='bbox 3211 2288 3405 2335; x_wconf 86' lang='lat' dir='ltr'><strong>meum,</strong></span> <span class='ocrx_word' id='word_1_574' title='bbox 3440 2271 3566 2342; x_wconf 85' lang='lat' dir='ltr'><strong>quia</strong></span> 
     </span>
    </p>
   </div>
   <div class='ocr_carea' id='block_1_83' title="bbox 2004 2359 3566 2417">
    <p class='ocr_par' dir='ltr' id='par_1_83' title="bbox 2004 2359 3566 2417">
     <span class='ocr_line' id='line_1_83' title="bbox 2004 2359 3566 2417; baseline 0.003 -7"><span class='ocrx_word' id='word_1_575' title='bbox 2004 2374 2165 2413; x_wconf 76' lang='lat' dir='ltr'><strong>suave</strong></span> <span class='ocrx_word' id='word_1_576' title='bbox 2185 2361 2354 2413; x_wconf 75' lang='lat' dir='ltr'><strong>est“:</strong></span> <span class='ocrx_word' id='word_1_577' title='bbox 2386 2359 2499 2414; x_wconf 88' lang='lat' dir='ltr'><strong>sive</strong></span> <span class='ocrx_word' id='word_1_578' title='bbox 2533 2369 2594 2414; x_wconf 91' lang='lat' dir='ltr'><strong>ut</strong></span> <span class='ocrx_word' id='word_1_579' title='bbox 2628 2361 2880 2415; x_wconf 86' lang='lat' dir='ltr'><strong>manibus</strong></span> <span class='ocrx_word' id='word_1_580' title='bbox 2922 2366 3157 2417; x_wconf 89' lang='lat' dir='ltr'><strong>contrita</strong></span> <span class='ocrx_word' id='word_1_581' title='bbox 3193 2372 3247 2417; x_wconf 89' lang='lat' dir='ltr'><strong>et</strong></span> <span class='ocrx_word' id='word_1_582' title='bbox 3274 2365 3566 2416; x_wconf 79' lang='lat' dir='ltr'><strong>inundata:</strong></span> 
     </span>
    </p>
   </div>
   <div class='ocr_carea' id='block_1_84' title="bbox 2007 2450 3570 2522">
    <p class='ocr_par' dir='ltr' id='par_1_84' title="bbox 2007 2450 3570 2522">
     <span class='ocr_line' id='line_1_84' title="bbox 2007 2450 3570 2522; baseline 0.003 -21"><span class='ocrx_word' id='word_1_583' title='bbox 2007 2460 2157 2519; x_wconf 83' lang='lat' dir='ltr'><strong>cytra</strong></span> <span class='ocrx_word' id='word_1_584' title='bbox 2187 2451 2331 2504; x_wconf 87' lang='lat' dir='ltr'><strong>enim</strong></span> <span class='ocrx_word' id='word_1_585' title='bbox 2365 2460 2421 2504; x_wconf 90' lang='lat' dir='ltr'><strong>et</strong></span> <span class='ocrx_word' id='word_1_586' title='bbox 2449 2451 2554 2505; x_wconf 91' lang='lat' dir='ltr'><strong>hoc</strong></span> <span class='ocrx_word' id='word_1_587' title='bbox 2582 2450 2994 2520; x_wconf 86' lang='lat' dir='ltr'><strong>interpretatur,</strong></span> <span class='ocrx_word' id='word_1_588' title='bbox 3029 2453 3155 2522; x_wconf 87' lang='lat' dir='ltr'><strong>quia</strong></span> <span class='ocrx_word' id='word_1_589' title='bbox 3206 2453 3407 2507; x_wconf 90' lang='lat' dir='ltr'><strong>Christi</strong></span> <span class='ocrx_word' id='word_1_590' title='bbox 3438 2452 3570 2520; x_wconf 79' lang='lat' dir='ltr'><strong>dog-</strong></span> 
     </span>
    </p>
   </div>
   <div class='ocr_carea' id='block_1_85' title="bbox 2006 2541 3568 2612">
    <p class='ocr_par' dir='ltr' id='par_1_85' title="bbox 2006 2541 3568 2612">
     <span class='ocr_line' id='line_1_85' title="bbox 2006 2541 3568 2612; baseline 0.002 -19"><span class='ocrx_word' id='word_1_591' title='bbox 2006 2550 2151 2595; x_wconf 88' lang='lat' dir='ltr'><strong>mata</strong></span> <span class='ocrx_word' id='word_1_592' title='bbox 2231 2542 2501 2596; x_wconf 89' lang='lat' dir='ltr'><strong>actionem</strong></span> <span class='ocrx_word' id='word_1_593' title='bbox 2562 2543 2786 2612; x_wconf 80' lang='lat' dir='ltr'><strong>exigunt</strong></span> <span class='ocrx_word' id='word_1_594' title='bbox 2855 2552 2909 2597; x_wconf 88' lang='lat' dir='ltr'><strong>et</strong></span> <span class='ocrx_word' id='word_1_595' title='bbox 2942 2544 3366 2601; x_wconf 44' lang='lat' dir='ltr'><strong>,correctionem</strong></span> <span class='ocrx_word' id='word_1_596' title='bbox 3422 2541 3568 2612; x_wconf 90' lang='lat' dir='ltr'><strong>quod</strong></span> 
     </span>
    </p>
   </div>
   <div class='ocr_carea' id='block_1_86' title="bbox 2006 2631 3569 2712">
    <p class='ocr_par' dir='ltr' id='par_1_86' title="bbox 2006 2631 3569 2712">
     <span class='ocr_line' id='line_1_86' title="bbox 2006 2631 3569 2712; baseline -0.001 -28"><span class='ocrx_word' id='word_1_597' title='bbox 2006 2645 2198 2684; x_wconf 85' lang='lat' dir='ltr'><strong>manus</strong></span> <span class='ocrx_word' id='word_1_598' title='bbox 2229 2631 2561 2701; x_wconf 71' lang='lat' dir='ltr'><strong>signiﬁcant.</strong></span> <span class='ocrx_word' id='word_1_599' title='bbox 2611 2631 2943 2712; x_wconf 68' lang='lat' dir='ltr'><strong>Praeceptum</strong></span> <span class='ocrx_word' id='word_1_600' title='bbox 2990 2644 3062 2686; x_wconf 88' lang='lat' dir='ltr'><strong>est</strong></span> <span class='ocrx_word' id='word_1_601' title='bbox 3096 2634 3470 2702; x_wconf 85' lang='lat' dir='ltr'><strong>sempiternum</strong></span> <span class='ocrx_word' id='word_1_602' title='bbox 3512 2631 3569 2683; x_wconf 88' lang='lat' dir='ltr'><strong>in</strong></span> 
     </span>
    </p>
   </div>
   <div class='ocr_carea' id='block_1_87' title="bbox 2004 2724 3569 2795">
    <p class='ocr_par' dir='ltr' id='par_1_87' title="bbox 2004 2724 3569 2795">
     <span class='ocr_line' id='line_1_87' title="bbox 2004 2724 3569 2795; baseline 0.001 -19"><span class='ocrx_word' id='word_1_603' title='bbox 2004 2725 2445 2794; x_wconf 77' lang='lat' dir='ltr'><strong>generationibus,</strong></span> <span class='ocrx_word' id='word_1_604' title='bbox 2501 2725 2803 2795; x_wconf 87' lang='lat' dir='ltr'><strong>cunctisque</strong></span> <span class='ocrx_word' id='word_1_605' title='bbox 2843 2725 3153 2778; x_wconf 74' lang='lat' dir='ltr'><strong>habitaculis</strong></span> <span class='ocrx_word' id='word_1_606' title='bbox 3206 2724 3408 2778; x_wconf 83' lang='lat' dir='ltr'><strong>vestris.</strong></span> <span class='ocrx_word' id='word_1_607' title='bbox 3454 2724 3569 2777; x_wconf 79' lang='lat' dir='ltr'><strong>Nec</strong></span> 
     </span>
    </p>
   </div>
   <div class='ocr_carea' id='block_1_88' title="bbox 2004 2815 3569 2889">
    <p class='ocr_par' dir='ltr' id='par_1_88' title="bbox 2004 2815 3569 2889">
     <span class='ocr_line' id='line_1_88' title="bbox 2004 2815 3569 2889; baseline 0.001 -21"><span class='ocrx_word' id='word_1_608' title='bbox 2004 2815 2151 2868; x_wconf 90' lang='lat' dir='ltr'><strong>enim</strong></span> <span class='ocrx_word' id='word_1_609' title='bbox 2182 2815 2354 2876; x_wconf 91' lang='lat' dir='ltr'><strong>locus,</strong></span> <span class='ocrx_word' id='word_1_610' title='bbox 2400 2829 2505 2869; x_wconf 91' lang='lat' dir='ltr'><strong>nec</strong></span> <span class='ocrx_word' id='word_1_611' title='bbox 2538 2827 2752 2885; x_wconf 87' lang='lat' dir='ltr'><strong>tempus</strong></span> <span class='ocrx_word' id='word_1_612' title='bbox 2804 2816 3053 2869; x_wconf 88' lang='lat' dir='ltr'><strong>immutat</strong></span> <span class='ocrx_word' id='word_1_613' title='bbox 3098 2817 3300 2870; x_wconf 83' lang='lat' dir='ltr'><strong>Christi</strong></span> <span class='ocrx_word' id='word_1_614' title='bbox 3366 2824 3569 2889; x_wconf 86' lang='lat' dir='ltr'><strong>myste-</strong></span> 
     </span>
    </p>
   </div>
   <div class='ocr_carea' id='block_1_89' title="bbox 2005 2905 3568 2977">
    <p class='ocr_par' dir='ltr' id='par_1_89' title="bbox 2005 2905 3568 2977">
     <span class='ocr_line' id='line_1_89' title="bbox 2005 2905 3568 2977; baseline 0 -18"><span class='ocrx_word' id='word_1_615' title='bbox 2005 2908 2168 2969; x_wconf 90' lang='lat' dir='ltr'><strong>rium,</strong></span> <span class='ocrx_word' id='word_1_616' title='bbox 2205 2921 2304 2977; x_wconf 90' lang='lat' dir='ltr'><strong>per</strong></span> <span class='ocrx_word' id='word_1_617' title='bbox 2348 2907 2494 2975; x_wconf 87' lang='lat' dir='ltr'><strong>quod</strong></span> <span class='ocrx_word' id='word_1_618' title='bbox 2542 2905 2725 2960; x_wconf 82' lang='lat' dir='ltr'><strong>ﬂoruit</strong></span> <span class='ocrx_word' id='word_1_619' title='bbox 2791 2914 2937 2961; x_wconf 92' lang='lat' dir='ltr'><strong>totus</strong></span> <span class='ocrx_word' id='word_1_620' title='bbox 2984 2908 3241 2972; x_wconf 87' lang='lat' dir='ltr'><strong>mundus,</strong></span> <span class='ocrx_word' id='word_1_621' title='bbox 3305 2917 3361 2962; x_wconf 89' lang='lat' dir='ltr'><strong>et</strong></span> <span class='ocrx_word' id='word_1_622' title='bbox 3403 2907 3568 2960; x_wconf 83' lang='lat' dir='ltr'><strong>totius</strong></span> 
     </span>
    </p>
   </div>
   <div class='ocr_carea' id='block_1_90' title="bbox 2006 2996 3567 3067">
    <p class='ocr_par' dir='ltr' id='par_1_90' title="bbox 2006 2996 3567 3067">
     <span class='ocr_line' id='line_1_90' title="bbox 2006 2996 3567 3067; baseline -0.001 -17"><span class='ocrx_word' id='word_1_623' title='bbox 2006 3006 2162 3050; x_wconf 74' lang='lat' dir='ltr'><strong>teme</strong></span> <span class='ocrx_word' id='word_1_624' title='bbox 2189 2996 2472 3058; x_wconf 88' lang='lat' dir='ltr'><strong>habitatio,</strong></span> <span class='ocrx_word' id='word_1_625' title='bbox 2506 2996 2848 3051; x_wconf 89' lang='lat' dir='ltr'><strong>concorditer</strong></span> <span class='ocrx_word' id='word_1_626' title='bbox 2879 3012 2941 3050; x_wconf 88' lang='lat' dir='ltr'><strong>ea</strong></span> <span class='ocrx_word' id='word_1_627' title='bbox 2980 3013 3100 3066; x_wconf 75' lang='lat' dir='ltr'><strong>qua:</strong></span> <span class='ocrx_word' id='word_1_628' title='bbox 3132 2999 3197 3050; x_wconf 85' lang='lat' dir='ltr'><strong>ad</strong></span> <span class='ocrx_word' id='word_1_629' title='bbox 3229 3013 3351 3051; x_wconf 87' lang='lat' dir='ltr'><strong>eum</strong></span> <span class='ocrx_word' id='word_1_630' title='bbox 3397 2998 3567 3067; x_wconf 90' lang='lat' dir='ltr'><strong>perti-</strong></span> 
     </span>
    </p>
   </div>
   <div class='ocr_carea' id='block_1_91' title="bbox 2004 3089 3568 3159">
    <p class='ocr_par' dir='ltr' id='par_1_91' title="bbox 2004 3089 3568 3159">
     <span class='ocr_line' id='line_1_91' title="bbox 2004 3089 3568 3159; baseline 0.001 -18"><span class='ocrx_word' id='word_1_631' title='bbox 2004 3097 2157 3153; x_wconf 90' lang='lat' dir='ltr'><strong>nent,</strong></span> <span class='ocrx_word' id='word_1_632' title='bbox 2210 3090 2467 3143; x_wconf 89' lang='lat' dir='ltr'><strong>custodit.</strong></span> <span class='ocrx_word' id='word_1_633' title='bbox 2527 3089 2651 3143; x_wconf 82' lang='lat' dir='ltr'><strong>llaec</strong></span> <span class='ocrx_word' id='word_1_634' title='bbox 2698 3098 2878 3143; x_wconf 92' lang='lat' dir='ltr'><strong>autem</strong></span> <span class='ocrx_word' id='word_1_635' title='bbox 2923 3089 3202 3159; x_wconf 82' lang='lat' dir='ltr'><strong>legislator</strong></span> <span class='ocrx_word' id='word_1_636' title='bbox 3244 3090 3473 3156; x_wconf 84' lang='lat' dir='ltr'><strong>dicens,</strong></span> <span class='ocrx_word' id='word_1_637' title='bbox 3513 3095 3568 3144; x_wconf 89' lang='lat' dir='ltr'><strong>et</strong></span> 
     </span>
    </p>
   </div>
   <div class='ocr_carea' id='block_1_92' title="bbox 2004 3179 3564 3250">
    <p class='ocr_par' dir='ltr' id='par_1_92' title="bbox 2004 3179 3564 3250">
     <span class='ocr_line' id='line_1_92' title="bbox 2004 3179 3564 3250; baseline 0.001 -18"><span class='ocrx_word' id='word_1_638' title='bbox 2004 3179 2426 3234; x_wconf 90' lang='lat' dir='ltr'><strong>resurrectionis</strong></span> <span class='ocrx_word' id='word_1_639' title='bbox 2455 3180 2796 3245; x_wconf 87' lang='lat' dir='ltr'><strong>describens,</strong></span> <span class='ocrx_word' id='word_1_640' title='bbox 2819 3181 3117 3233; x_wconf 86' lang='lat' dir='ltr'><strong>secundum</strong></span> <span class='ocrx_word' id='word_1_641' title='bbox 3143 3179 3361 3234; x_wconf 87' lang='lat' dir='ltr'><strong>nrodum</strong></span> <span class='ocrx_word' id='word_1_642' title='bbox 3402 3195 3564 3250; x_wconf 91' lang='lat' dir='ltr'><strong>quem</strong></span> 
     </span>
    </p>
   </div>
   <div class='ocr_carea' id='block_1_93' title="bbox 2002 3272 3567 3342">
    <p class='ocr_par' dir='ltr' id='par_1_93' title="bbox 2002 3272 3567 3342">
     <span class='ocr_line' id='line_1_93' title="bbox 2002 3272 3567 3342; baseline 0.001 -17"><span class='ocrx_word' id='word_1_643' title='bbox 2002 3273 2309 3341; x_wconf 86' lang='lat' dir='ltr'><strong>oportebat,</strong></span> <span class='ocrx_word' id='word_1_644' title='bbox 2362 3273 2628 3342; x_wconf 74' lang='lat' dir='ltr'><strong>gratiam,</strong></span> <span class='ocrx_word' id='word_1_645' title='bbox 2676 3272 2742 3325; x_wconf 91' lang='lat' dir='ltr'><strong>ad</strong></span> <span class='ocrx_word' id='word_1_646' title='bbox 2786 3272 3194 3335; x_wconf 77' lang='lat' dir='ltr'><strong>l’eutccostem,</strong></span> <span class='ocrx_word' id='word_1_647' title='bbox 3246 3287 3409 3342; x_wconf 88' lang='lat' dir='ltr'><strong>quam</strong></span> <span class='ocrx_word' id='word_1_648' title='bbox 3464 3286 3567 3327; x_wconf 85' lang='lat' dir='ltr'><strong>nos</strong></span> 
     </span>
    </p>
   </div>
   <div class='ocr_carea' id='block_1_94' title="bbox 2000 3360 3255 3424">
    <p class='ocr_par' dir='ltr' id='par_1_94' title="bbox 2000 3360 3255 3424">
     <span class='ocr_line' id='line_1_94' title="bbox 2000 3360 3255 3424; baseline 0 -10"><span class='ocrx_word' id='word_1_649' title='bbox 2000 3361 2362 3424; x_wconf 76' lang='lat' dir='ltr'><strong>celebramus,</strong></span> <span class='ocrx_word' id='word_1_650' title='bbox 2404 3375 2710 3414; x_wconf 79' lang='lat' dir='ltr'><strong>sermonem</strong></span> <span class='ocrx_word' id='word_1_651' title='bbox 2738 3360 3006 3415; x_wconf 87' lang='lat' dir='ltr'><strong>convertit</strong></span> <span class='ocrx_word' id='word_1_652' title='bbox 3033 3360 3255 3415; x_wconf 85' lang='lat' dir='ltr'><strong>dicens:</strong></span> 
     </span>
    </p>
   </div>
   <div class='ocr_carea' id='block_1_95' title="bbox 2070 3450 3564 3523">
    <p class='ocr_par' dir='ltr' id='par_1_95' title="bbox 2070 3450 3564 3523">
     <span class='ocr_line' id='line_1_95' title="bbox 2070 3450 3564 3523; baseline 0.002 -19"><span class='ocrx_word' id='word_1_653' title='bbox 2070 3451 2425 3505; x_wconf 85' lang='lat' dir='ltr'><strong>Numerabitis</strong></span> <span class='ocrx_word' id='word_1_654' title='bbox 2443 3467 2562 3521; x_wconf 87' lang='lat' dir='ltr'><strong>ergo</strong></span> <span class='ocrx_word' id='word_1_655' title='bbox 2581 3451 2648 3501; x_wconf 92' lang='lat' dir='ltr'><strong>ab</strong></span> <span class='ocrx_word' id='word_1_656' title='bbox 2671 3450 2838 3503; x_wconf 90' lang='lat' dir='ltr'><strong>altero</strong></span> <span class='ocrx_word' id='word_1_657' title='bbox 2861 3452 2946 3504; x_wconf 84' lang='lat' dir='ltr'><strong>die</strong></span> <span class='ocrx_word' id='word_1_658' title='bbox 2965 3450 3203 3518; x_wconf 88' lang='lat' dir='ltr'><strong>Sabbati,</strong></span> <span class='ocrx_word' id='word_1_659' title='bbox 3229 3454 3285 3504; x_wconf 91' lang='lat' dir='ltr'><strong>in</strong></span> <span class='ocrx_word' id='word_1_660' title='bbox 3305 3470 3407 3523; x_wconf 88' lang='lat' dir='ltr'><strong>quo</strong></span> <span class='ocrx_word' id='word_1_661' title='bbox 3425 3453 3564 3508; x_wconf 89' lang='lat' dir='ltr'><strong>obtu-</strong></span> 
     </span>
    </p>
   </div>
   <div class='ocr_carea' id='block_1_96' title="bbox 2001 3543 3563 3614">
    <p class='ocr_par' dir='ltr' id='par_1_96' title="bbox 2001 3543 3563 3614">
     <span class='ocr_line' id='line_1_96' title="bbox 2001 3543 3563 3614; baseline 0.001 -16"><span class='ocrx_word' id='word_1_662' title='bbox 2001 3545 2135 3599; x_wconf 88' lang='lat' dir='ltr'><strong>listis</strong></span> <span class='ocrx_word' id='word_1_663' title='bbox 2191 3543 2522 3614; x_wconf 88' lang='lat' dir='ltr'><strong>manipulum</strong></span> <span class='ocrx_word' id='word_1_664' title='bbox 2554 3544 2931 3613; x_wconf 87' lang='lat' dir='ltr'><strong>primitiarum,</strong></span> <span class='ocrx_word' id='word_1_665' title='bbox 2970 3554 3166 3612; x_wconf 84' lang='lat' dir='ltr'><strong>septem</strong></span> <span class='ocrx_word' id='word_1_666' title='bbox 3214 3545 3563 3600; x_wconf 83' lang='lat' dir='ltr'><strong>hebdomadas</strong></span> 
     </span>
    </p>
   </div>
   <div class='ocr_carea' id='block_1_97' title="bbox 1997 3634 3560 3705">
    <p class='ocr_par' dir='ltr' id='par_1_97' title="bbox 1997 3634 3560 3705">
     <span class='ocr_line' id='line_1_97' title="bbox 1997 3634 3560 3705; baseline 0.003 -17"><span class='ocrx_word' id='word_1_667' title='bbox 1997 3635 2181 3705; x_wconf 87' lang='lat' dir='ltr'><strong>plenas</strong></span> <span class='ocrx_word' id='word_1_668' title='bbox 2209 3652 2370 3704; x_wconf 89' lang='lat' dir='ltr'><strong>usque</strong></span> <span class='ocrx_word' id='word_1_669' title='bbox 2391 3634 2461 3686; x_wconf 88' lang='lat' dir='ltr'><strong>ad</strong></span> <span class='ocrx_word' id='word_1_670' title='bbox 2479 3635 2705 3686; x_wconf 86' lang='lat' dir='ltr'><strong>alterum</strong></span> <span class='ocrx_word' id='word_1_671' title='bbox 2730 3634 2865 3686; x_wconf 86' lang='lat' dir='ltr'><strong>diem</strong></span> <span class='ocrx_word' id='word_1_672' title='bbox 2887 3635 3195 3703; x_wconf 74' lang='lat' dir='ltr'><strong>expiationis</strong></span> <span class='ocrx_word' id='word_1_673' title='bbox 3221 3637 3560 3692; x_wconf 66' lang='lat' dir='ltr'><strong>hebdomade</strong></span> 
     </span>
    </p>
   </div>
   <div class='ocr_carea' id='block_1_98' title="bbox 1997 3726 3558 3798">
    <p class='ocr_par' dir='ltr' id='par_1_98' title="bbox 1997 3726 3558 3798">
     <span class='ocr_line' id='line_1_98' title="bbox 1997 3726 3558 3798; baseline -0.001 -16"><span class='ocrx_word' id='word_1_674' title='bbox 1997 3729 2251 3798; x_wconf 68' lang='lat' dir='ltr'><strong>septimm,</strong></span> <span class='ocrx_word' id='word_1_675' title='bbox 2274 3727 2329 3779; x_wconf 85' lang='lat' dir='ltr'><strong>id</strong></span> <span class='ocrx_word' id='word_1_676' title='bbox 2347 3734 2443 3788; x_wconf 87' lang='lat' dir='ltr'><strong>est,</strong></span> <span class='ocrx_word' id='word_1_677' title='bbox 2470 3726 2849 3795; x_wconf 85' lang='lat' dir='ltr'><strong>quinquaginta</strong></span> <span class='ocrx_word' id='word_1_678' title='bbox 2874 3727 3004 3789; x_wconf 87' lang='lat' dir='ltr'><strong>dies,</strong></span> <span class='ocrx_word' id='word_1_679' title='bbox 3042 3738 3090 3779; x_wconf 89' lang='lat' dir='ltr'><strong>et</strong></span> <span class='ocrx_word' id='word_1_680' title='bbox 3116 3728 3190 3779; x_wconf 84' lang='lat' dir='ltr'><strong>sic</strong></span> <span class='ocrx_word' id='word_1_681' title='bbox 3217 3727 3439 3796; x_wconf 73' lang='lat' dir='ltr'><strong>oﬁ&#39;eretis</strong></span> <span class='ocrx_word' id='word_1_682' title='bbox 3464 3743 3558 3781; x_wconf 87' lang='lat' dir='ltr'><strong>sa-</strong></span> 
     </span>
    </p>
   </div>
   <div class='ocr_carea' id='block_1_99' title="bbox 1996 3800 3555 3888">
    <p class='ocr_par' dir='ltr' id='par_1_99' title="bbox 1996 3800 3555 3888">
     <span class='ocr_line' id='line_1_99' title="bbox 1996 3800 3555 3888; baseline 0.001 -16"><span class='ocrx_word' id='word_1_683' title='bbox 1996 3800 2247 3888; x_wconf 80' lang='lat' dir='ltr'><strong>cri/icium</strong></span> <span class='ocrx_word' id='word_1_684' title='bbox 2282 3832 2468 3870; x_wconf 86' lang='lat' dir='ltr'><strong>novum</strong></span> <span class='ocrx_word' id='word_1_685' title='bbox 2507 3816 2752 3869; x_wconf 86' lang='lat' dir='ltr'><strong>Domino.</strong></span> <span class='ocrx_word' id='word_1_686' title='bbox 2790 3815 2927 3881; x_wconf 87' lang='lat' dir='ltr'><strong>Quia</strong></span> <span class='ocrx_word' id='word_1_687' title='bbox 2979 3817 3141 3886; x_wconf 85' lang='lat' dir='ltr'><strong>hujus</strong></span> <span class='ocrx_word' id='word_1_688' title='bbox 3188 3817 3555 3887; x_wconf 80' lang='lat' dir='ltr'><strong>l’ctttecostes,</strong></span> 
     </span>
    </p>
   </div>
   <div class='ocr_carea' id='block_1_100' title="bbox 1993 3907 3564 3978">
    <p class='ocr_par' dir='ltr' id='par_1_100' title="bbox 1993 3907 3564 3978">
     <span class='ocr_line' id='line_1_100' title="bbox 1993 3907 3564 3978; baseline 0.003 -18"><span class='ocrx_word' id='word_1_689' title='bbox 1993 3922 2174 3976; x_wconf 90' lang='lat' dir='ltr'><strong>neque</strong></span> <span class='ocrx_word' id='word_1_690' title='bbox 2208 3915 2423 3976; x_wconf 87' lang='lat' dir='ltr'><strong>tempus</strong></span> <span class='ocrx_word' id='word_1_691' title='bbox 2454 3920 2631 3974; x_wconf 87' lang='lat' dir='ltr'><strong>neque</strong></span> <span class='ocrx_word' id='word_1_692' title='bbox 2665 3921 2929 3960; x_wconf 88' lang='lat' dir='ltr'><strong>numerus</strong></span> <span class='ocrx_word' id='word_1_693' title='bbox 2959 3922 2988 3960; x_wconf 89' lang='lat' dir='ltr'><strong>a</strong></span> <span class='ocrx_word' id='word_1_694' title='bbox 3010 3907 3212 3978; x_wconf 87' lang='lat' dir='ltr'><strong>populo</strong></span> <span class='ocrx_word' id='word_1_695' title='bbox 3240 3908 3564 3965; x_wconf 28' lang='lat' dir='ltr'><strong>Judaeorunt‘</strong></span> 
     </span>
    </p>
   </div>
   <div class='ocr_carea' id='block_1_101' title="bbox 1941 3996 3551 4068">
    <p class='ocr_par' dir='ltr' id='par_1_101' title="bbox 1941 3996 3551 4068">
     <span class='ocr_line' id='line_1_101' title="bbox 1941 3996 3551 4068; baseline 0.002 -15"><span class='ocrx_word' id='word_1_696' title='bbox 1941 4012 1947 4017; x_wconf 85' lang='lat'><strong>&#39;</strong></span> <span class='ocrx_word' id='word_1_697' title='bbox 1992 3999 2319 4063; x_wconf 86' lang='lat' dir='ltr'><strong>custoditur,</strong></span> <span class='ocrx_word' id='word_1_698' title='bbox 2338 3996 2669 4052; x_wconf 80' lang='lat' dir='ltr'><strong>sufﬁcienter</strong></span> <span class='ocrx_word' id='word_1_699' title='bbox 2684 3998 2738 4051; x_wconf 92' lang='lat' dir='ltr'><strong>in</strong></span> <span class='ocrx_word' id='word_1_700' title='bbox 2757 3998 3128 4068; x_wconf 89' lang='lat' dir='ltr'><strong>superioribus</strong></span> <span class='ocrx_word' id='word_1_701' title='bbox 3145 4010 3425 4054; x_wconf 90' lang='lat' dir='ltr'><strong>ostensum</strong></span> <span class='ocrx_word' id='word_1_702' title='bbox 3446 4010 3551 4068; x_wconf 87' lang='lat' dir='ltr'><strong>est,</strong></span> 
     </span>
    </p>
   </div>
   <div class='ocr_carea' id='block_1_102' title="bbox 1991 4090 3556 4173">
    <p class='ocr_par' dir='ltr' id='par_1_102' title="bbox 1991 4090 3556 4173">
     <span class='ocr_line' id='line_1_102' title="bbox 1991 4090 3556 4173; baseline 0.004 -28"><span class='ocrx_word' id='word_1_703' title='bbox 1991 4106 2019 4145; x_wconf 86' lang='lat' dir='ltr'><strong>a</strong></span> <span class='ocrx_word' id='word_1_704' title='bbox 2039 4090 2199 4145; x_wconf 86' lang='lat' dir='ltr'><strong>nobis</strong></span> <span class='ocrx_word' id='word_1_705' title='bbox 2219 4100 2400 4144; x_wconf 84' lang='lat' dir='ltr'><strong>autem</strong></span> <span class='ocrx_word' id='word_1_706' title='bbox 2428 4106 2550 4145; x_wconf 88' lang='lat' dir='ltr'><strong>cum</strong></span> <span class='ocrx_word' id='word_1_707' title='bbox 2579 4090 3061 4173; x_wconf 84' lang='lat' dir='ltr'><strong>contemplatione,</strong></span> <span class='ocrx_word' id='word_1_708' title='bbox 3094 4100 3149 4147; x_wconf 85' lang='lat' dir='ltr'><strong>et</strong></span> <span class='ocrx_word' id='word_1_709' title='bbox 3167 4093 3345 4147; x_wconf 89' lang='lat' dir='ltr'><strong>littera</strong></span> <span class='ocrx_word' id='word_1_710' title='bbox 3375 4105 3556 4151; x_wconf 80' lang='lat' dir='ltr'><strong>custo-</strong></span> 
     </span>
    </p>
   </div>
   <div class='ocr_carea' id='block_1_103' title="bbox 1989 4177 3553 4249">
    <p class='ocr_par' dir='ltr' id='par_1_103' title="bbox 1989 4177 3553 4249">
     <span class='ocr_line' id='line_1_103' title="bbox 1989 4177 3553 4249; baseline 0.003 -16"><span class='ocrx_word' id='word_1_711' title='bbox 1989 4178 2157 4233; x_wconf 89' lang='lat' dir='ltr'><strong>ditur.</strong></span> <span class='ocrx_word' id='word_1_712' title='bbox 2209 4177 2430 4232; x_wconf 86' lang='lat' dir='ltr'><strong>Planius</strong></span> <span class='ocrx_word' id='word_1_713' title='bbox 2478 4192 2608 4248; x_wconf 75' lang='lat' dir='ltr'><strong>ergo</strong></span> <span class='ocrx_word' id='word_1_714' title='bbox 2655 4178 2933 4249; x_wconf 78' lang='lat' dir='ltr'><strong>legislator</strong></span> <span class='ocrx_word' id='word_1_715' title='bbox 2986 4179 3348 4234; x_wconf 87' lang='lat' dir='ltr'><strong>intentionem</strong></span> <span class='ocrx_word' id='word_1_716' title='bbox 3399 4197 3553 4237; x_wconf 89' lang='lat' dir='ltr'><strong>suam</strong></span> 
     </span>
    </p>
   </div>
   <div class='ocr_carea' id='block_1_104' title="bbox 1989 4270 3554 4334">
    <p class='ocr_par' dir='ltr' id='par_1_104' title="bbox 1989 4270 3554 4334">
     <span class='ocr_line' id='line_1_104' title="bbox 1989 4270 3554 4334; baseline 0.004 -10"><span class='ocrx_word' id='word_1_717' title='bbox 1989 4271 2359 4325; x_wconf 87' lang='lat' dir='ltr'><strong>demonstrare</strong></span> <span class='ocrx_word' id='word_1_718' title='bbox 2382 4270 2590 4334; x_wconf 90' lang='lat' dir='ltr'><strong>volens,</strong></span> <span class='ocrx_word' id='word_1_719' title='bbox 2615 4272 2683 4325; x_wconf 85' lang='lat' dir='ltr'><strong>ab</strong></span> <span class='ocrx_word' id='word_1_720' title='bbox 2709 4271 2879 4325; x_wconf 89' lang='lat' dir='ltr'><strong>altero</strong></span> <span class='ocrx_word' id='word_1_721' title='bbox 2904 4271 2992 4326; x_wconf 90' lang='lat' dir='ltr'><strong>die</strong></span> <span class='ocrx_word' id='word_1_722' title='bbox 3027 4271 3240 4327; x_wconf 86' lang='lat' dir='ltr'><strong>Sabbati</strong></span> <span class='ocrx_word' id='word_1_723' title='bbox 3276 4277 3554 4331; x_wconf 90' lang='lat' dir='ltr'><strong>numerari</strong></span> 
     </span>
    </p>
   </div>
   <div class='ocr_carea' id='block_1_105' title="bbox 1988 4361 3553 4440">
    <p class='ocr_par' dir='ltr' id='par_1_105' title="bbox 1988 4361 3553 4440">
     <span class='ocr_line' id='line_1_105' title="bbox 1988 4361 3553 4440; baseline 0.004 -23"><span class='ocrx_word' id='word_1_724' title='bbox 1988 4363 2245 4434; x_wconf 65' lang='lat' dir='ltr'><strong>praecepit</strong></span> <span class='ocrx_word' id='word_1_725' title='bbox 2273 4363 2662 4434; x_wconf 76' lang='lat' dir='ltr'><strong>quinquaginta</strong></span> <span class='ocrx_word' id='word_1_726' title='bbox 2692 4361 2830 4424; x_wconf 89' lang='lat' dir='ltr'><strong>dies,</strong></span> <span class='ocrx_word' id='word_1_727' title='bbox 2871 4363 3210 4419; x_wconf 84' lang='lat' dir='ltr'><strong>Dominicum</strong></span> <span class='ocrx_word' id='word_1_728' title='bbox 3244 4367 3385 4421; x_wconf 90' lang='lat' dir='ltr'><strong>diem</strong></span> <span class='ocrx_word' id='word_1_729' title='bbox 3424 4384 3553 4440; x_wconf 91' lang='lat' dir='ltr'><strong>pro-</strong></span> 
     </span>
    </p>
   </div>
   <div class='ocr_carea' id='block_1_106' title="bbox 1918 4453 3554 4523">
    <p class='ocr_par' dir='ltr' id='par_1_106' title="bbox 1918 4453 3554 4523">
     <span class='ocr_line' id='line_1_106' title="bbox 1918 4453 3554 4523; baseline 0.005 -16"><span class='ocrx_word' id='word_1_730' title='bbox 1918 4468 1959 4521; x_wconf 80' lang='grc' dir='ltr'><strong>ι)</strong></span> <span class='ocrx_word' id='word_1_731' title='bbox 1988 4454 2075 4508; x_wconf 89' lang='lat' dir='ltr'><strong>cui</strong></span> <span class='ocrx_word' id='word_1_732' title='bbox 2105 4453 2270 4507; x_wconf 92' lang='lat' dir='ltr'><strong>dubio</strong></span> <span class='ocrx_word' id='word_1_733' title='bbox 2297 4453 2485 4507; x_wconf 86' lang='lat' dir='ltr'><strong>volens</strong></span> <span class='ocrx_word' id='word_1_734' title='bbox 2516 4453 2743 4523; x_wconf 79' lang='lat' dir='ltr'><strong>intelligi</strong></span> <span class='ocrx_word' id='word_1_735' title='bbox 2780 4471 2792 4507; x_wconf 91' lang='lat'>:</span> <span class='ocrx_word' id='word_1_736' title='bbox 2829 4453 2917 4508; x_wconf 91' lang='lat' dir='ltr'><strong>hic</strong></span> <span class='ocrx_word' id='word_1_737' title='bbox 2940 4454 3084 4508; x_wconf 88' lang='lat' dir='ltr'><strong>enim</strong></span> <span class='ocrx_word' id='word_1_738' title='bbox 3118 4464 3201 4509; x_wconf 89' lang='lat' dir='ltr'><strong>est</strong></span> <span class='ocrx_word' id='word_1_739' title='bbox 3227 4456 3394 4511; x_wconf 87' lang='lat' dir='ltr'><strong>altera</strong></span> <span class='ocrx_word' id='word_1_740' title='bbox 3436 4458 3554 4515; x_wconf 91' lang='lat' dir='ltr'><strong>dies</strong></span> 
     </span>
    </p>
   </div>
   <div class='ocr_carea' id='block_1_107' title="bbox 1985 4544 3551 4620">
    <p class='ocr_par' dir='ltr' id='par_1_107' title="bbox 1985 4544 3551 4620">
     <span class='ocr_line' id='line_1_107' title="bbox 1985 4544 3551 4620; baseline 0.006 -25"><span class='ocrx_word' id='word_1_741' title='bbox 1985 4544 2227 4599; x_wconf 74' lang='lat' dir='ltr'><strong>Sabbati.</strong></span> <span class='ocrx_word' id='word_1_742' title='bbox 2290 4544 2348 4597; x_wconf 91' lang='lat' dir='ltr'><strong>in</strong></span> <span class='ocrx_word' id='word_1_743' title='bbox 2392 4544 2494 4598; x_wconf 91' lang='lat' dir='ltr'><strong>hac</strong></span> <span class='ocrx_word' id='word_1_744' title='bbox 2553 4544 2700 4598; x_wconf 89' lang='lat' dir='ltr'><strong>enim</strong></span> <span class='ocrx_word' id='word_1_745' title='bbox 2741 4545 3072 4600; x_wconf 89' lang='lat' dir='ltr'><strong>resurrectio</strong></span> <span class='ocrx_word' id='word_1_746' title='bbox 3124 4546 3263 4602; x_wconf 87' lang='lat' dir='ltr'><strong>facta</strong></span> <span class='ocrx_word' id='word_1_747' title='bbox 3295 4558 3398 4614; x_wconf 87' lang='lat' dir='ltr'><strong>est,</strong></span> <span class='ocrx_word' id='word_1_748' title='bbox 3446 4566 3551 4620; x_wconf 87' lang='lat' dir='ltr'><strong>qua</strong></span> 
     </span>
    </p>
   </div>
   <div class='ocr_carea' id='block_1_108' title="bbox 1984 4636 3551 4706">
    <p class='ocr_par' dir='ltr' id='par_1_108' title="bbox 1984 4636 3551 4706">
     <span class='ocr_line' id='line_1_108' title="bbox 1984 4636 3551 4706; baseline 0.003 -17"><span class='ocrx_word' id='word_1_749' title='bbox 1984 4636 2336 4690; x_wconf 66' lang='lat' dir='ltr'><strong>hebdomadas</strong></span> <span class='ocrx_word' id='word_1_750' title='bbox 2364 4646 2727 4689; x_wconf 88' lang='lat' dir='ltr'><strong>numerantur</strong></span> <span class='ocrx_word' id='word_1_751' title='bbox 2753 4646 2982 4705; x_wconf 90' lang='lat' dir='ltr'><strong>septem,</strong></span> <span class='ocrx_word' id='word_1_752' title='bbox 3010 4654 3181 4706; x_wconf 86' lang='lat' dir='ltr'><strong>usque</strong></span> <span class='ocrx_word' id='word_1_753' title='bbox 3216 4641 3280 4694; x_wconf 89' lang='lat' dir='ltr'><strong>ad</strong></span> <span class='ocrx_word' id='word_1_754' title='bbox 3318 4642 3551 4695; x_wconf 87' lang='lat' dir='ltr'><strong>alterum</strong></span> 
     </span>
    </p>
   </div>
   <div class='ocr_carea' id='block_1_109' title="bbox 1979 4724 3549 4793">
    <p class='ocr_par' dir='ltr' id='par_1_109' title="bbox 1979 4724 3549 4793">
     <span class='ocr_line' id='line_1_109' title="bbox 1979 4724 3549 4793; baseline 0.004 -16"><span class='ocrx_word' id='word_1_755' title='bbox 1979 4724 2120 4777; x_wconf 87' lang='lat' dir='ltr'><strong>diem</strong></span> <span class='ocrx_word' id='word_1_756' title='bbox 2150 4725 2479 4793; x_wconf 84' lang='lat' dir='ltr'><strong>expletionis</strong></span> <span class='ocrx_word' id='word_1_757' title='bbox 2504 4725 2875 4779; x_wconf 59' lang='lat' dir='ltr'><strong>hebdomadas.</strong></span> <span class='ocrx_word' id='word_1_758' title='bbox 2910 4726 3190 4781; x_wconf 82' lang='lat' dir='ltr'><strong>Dorninica</strong></span> <span class='ocrx_word' id='word_1_759' title='bbox 3219 4745 3406 4783; x_wconf 88' lang='lat' dir='ltr'><strong>rursus</strong></span> <span class='ocrx_word' id='word_1_760' title='bbox 3439 4730 3549 4792; x_wconf 79' lang='lat' dir='ltr'><strong>die,</strong></span> 
     </span>
    </p>
   </div>
   <div class='ocr_carea' id='block_1_110' title="bbox 1980 4814 3550 4888">
    <p class='ocr_par' dir='ltr' id='par_1_110' title="bbox 1980 4814 3550 4888">
     <span class='ocr_line' id='line_1_110' title="bbox 1980 4814 3550 4888; baseline 0.004 -21"><span class='ocrx_word' id='word_1_761' title='bbox 1980 4814 2332 4869; x_wconf 83' lang='lat' dir='ltr'><strong>Pentecostes</strong></span> <span class='ocrx_word' id='word_1_762' title='bbox 2365 4815 2705 4870; x_wconf 86' lang='lat' dir='ltr'><strong>celebramus</strong></span> <span class='ocrx_word' id='word_1_763' title='bbox 2725 4815 3096 4883; x_wconf 79' lang='lat' dir='ltr'><strong>festivitatem,</strong></span> <span class='ocrx_word' id='word_1_764' title='bbox 3130 4819 3183 4871; x_wconf 94' lang='lat' dir='ltr'><strong>in</strong></span> <span class='ocrx_word' id='word_1_765' title='bbox 3227 4836 3333 4888; x_wconf 91' lang='lat' dir='ltr'><strong>qua</strong></span> <span class='ocrx_word' id='word_1_766' title='bbox 3375 4820 3550 4873; x_wconf 83' lang='lat' dir='ltr'><strong>sancti</strong></span> 
     </span>
    </p>
   </div>
   <div class='ocr_carea' id='block_1_111' title="bbox 1982 4904 3551 4978">
    <p class='ocr_par' dir='ltr' id='par_1_111' title="bbox 1982 4904 3551 4978">
     <span class='ocr_line' id='line_1_111' title="bbox 1982 4904 3551 4978; baseline 0.004 -21"><span class='ocrx_word' id='word_1_767' title='bbox 1982 4904 2220 4974; x_wconf 87' lang='lat' dir='ltr'><strong>Spiritus</strong></span> <span class='ocrx_word' id='word_1_768' title='bbox 2243 4907 2535 4959; x_wconf 87' lang='lat' dir='ltr'><strong>adventum</strong></span> <span class='ocrx_word' id='word_1_769' title='bbox 2560 4907 2880 4960; x_wconf 88' lang='lat' dir='ltr'><strong>meruimus.</strong></span> <span class='ocrx_word' id='word_1_770' title='bbox 2899 4906 3017 4961; x_wconf 78' lang='lat' dir='ltr'><strong>Non</strong></span> <span class='ocrx_word' id='word_1_771' title='bbox 3043 4908 3240 4961; x_wconf 88' lang='lat' dir='ltr'><strong>frustra</strong></span> <span class='ocrx_word' id='word_1_772' title='bbox 3261 4925 3325 4963; x_wconf 91' lang='lat' dir='ltr'><strong>eo</strong></span> <span class='ocrx_word' id='word_1_773' title='bbox 3341 4917 3551 4978; x_wconf 84' lang='lat' dir='ltr'><strong>septem</strong></span> 
     </span>
    </p>
   </div>
   <div class='ocr_carea' id='block_1_112' title="bbox 1981 4995 3552 5061">
    <p class='ocr_par' dir='ltr' id='par_1_112' title="bbox 1981 4995 3552 5061">
     <span class='ocr_line' id='line_1_112' title="bbox 1981 4995 3552 5061; baseline 0.004 -15"><span class='ocrx_word' id='word_1_774' title='bbox 1981 4995 2444 5049; x_wconf 82' lang='lat' dir='ltr'><strong>hebdomadarum</strong></span> <span class='ocrx_word' id='word_1_775' title='bbox 2472 4997 2764 5050; x_wconf 73' lang='lat' dir='ltr'><strong>adrentum</strong></span> <span class='ocrx_word' id='word_1_776' title='bbox 2794 4998 3186 5061; x_wconf 85' lang='lat' dir='ltr'><strong>custodientes,</strong></span> <span class='ocrx_word' id='word_1_777' title='bbox 3218 4999 3311 5052; x_wconf 89' lang='lat' dir='ltr'><strong>sed</strong></span> <span class='ocrx_word' id='word_1_778' title='bbox 3368 5009 3425 5052; x_wconf 90' lang='lat' dir='ltr'><strong>ut</strong></span> <span class='ocrx_word' id='word_1_779' title='bbox 3451 5015 3552 5054; x_wconf 92' lang='lat' dir='ltr'><strong>nos</strong></span> 
     </span>
    </p>
   </div>
   <div class='ocr_carea' id='block_1_113' title="bbox 1979 5088 3551 5157">
    <p class='ocr_par' dir='ltr' id='par_1_113' title="bbox 1979 5088 3551 5157">
     <span class='ocr_line' id='line_1_113' title="bbox 1979 5088 3551 5157; baseline 0.003 -17"><span class='ocrx_word' id='word_1_780' title='bbox 1979 5100 2453 5155; x_wconf 79' lang='lat' dir='ltr'><strong>cognosceremus,</strong></span> <span class='ocrx_word' id='word_1_781' title='bbox 2503 5088 2630 5157; x_wconf 88' lang='lat' dir='ltr'><strong>quia</strong></span> <span class='ocrx_word' id='word_1_782' title='bbox 2680 5088 2818 5140; x_wconf 89' lang='lat' dir='ltr'><strong>nihil</strong></span> <span class='ocrx_word' id='word_1_783' title='bbox 2869 5098 3047 5151; x_wconf 85' lang='lat' dir='ltr'><strong>vetus,</strong></span> <span class='ocrx_word' id='word_1_784' title='bbox 3100 5088 3238 5141; x_wconf 87' lang='lat' dir='ltr'><strong>nihil</strong></span> <span class='ocrx_word' id='word_1_785' title='bbox 3290 5090 3551 5145; x_wconf 73' lang='lat' dir='ltr'><strong>saeculare</strong></span> 
     </span>
    </p>
   </div>
   <div class='ocr_carea' id='block_1_114' title="bbox 1980 5181 3549 5253">
    <p class='ocr_par' dir='ltr' id='par_1_114' title="bbox 1980 5181 3549 5253">
     <span class='ocr_line' id='line_1_114' title="bbox 1980 5181 3549 5253; baseline 0.002 -20"><span class='ocrx_word' id='word_1_786' title='bbox 1980 5181 2239 5251; x_wconf 63' lang='lat' dir='ltr'><strong>praecepit</strong></span> <span class='ocrx_word' id='word_1_787' title='bbox 2277 5181 2420 5235; x_wconf 88' lang='lat' dir='ltr'><strong>Deus</strong></span> <span class='ocrx_word' id='word_1_788' title='bbox 2461 5198 2641 5253; x_wconf 84' lang='lat' dir='ltr'><strong>agere,</strong></span> <span class='ocrx_word' id='word_1_789' title='bbox 2690 5183 2936 5252; x_wconf 88' lang='lat' dir='ltr'><strong>nihilque</strong></span> <span class='ocrx_word' id='word_1_790' title='bbox 2982 5182 3322 5250; x_wconf 79' lang='lat' dir='ltr'><strong>corruptioni</strong></span> <span class='ocrx_word' id='word_1_791' title='bbox 3377 5183 3549 5236; x_wconf 78' lang='lat' dir='ltr'><strong>veteri</strong></span> 
     </span>
    </p>
   </div>
   <div class='ocr_carea' id='block_1_115' title="bbox 1982 5264 3550 5335">
    <p class='ocr_par' dir='ltr' id='par_1_115' title="bbox 1982 5264 3550 5335">
     <span class='ocr_line' id='line_1_115' title="bbox 1982 5264 3550 5335; baseline 0.003 -18"><span class='ocrx_word' id='word_1_792' title='bbox 1982 5264 2310 5335; x_wconf 73' lang='lat' dir='ltr'><strong>proximum,</strong></span> <span class='ocrx_word' id='word_1_793' title='bbox 2338 5266 2577 5334; x_wconf 88' lang='lat' dir='ltr'><strong>quicum</strong></span> <span class='ocrx_word' id='word_1_794' title='bbox 2626 5267 2853 5335; x_wconf 89' lang='lat' dir='ltr'><strong>cupiunt</strong></span> <span class='ocrx_word' id='word_1_795' title='bbox 2892 5267 3194 5335; x_wconf 85' lang='lat' dir='ltr'><strong>percipere.</strong></span> <span class='ocrx_word' id='word_1_796' title='bbox 3233 5266 3296 5320; x_wconf 79' lang='lat' dir='ltr'><strong>Et</strong></span> <span class='ocrx_word' id='word_1_797' title='bbox 3348 5282 3550 5322; x_wconf 91' lang='lat' dir='ltr'><strong>novum</strong></span> 
     </span>
    </p>
   </div>
   <div class='ocr_carea' id='block_1_116' title="bbox 1984 5355 3549 5426">
    <p class='ocr_par' dir='ltr' id='par_1_116' title="bbox 1984 5355 3549 5426">
     <span class='ocr_line' id='line_1_116' title="bbox 1984 5355 3549 5426; baseline 0.003 -15"><span class='ocrx_word' id='word_1_798' title='bbox 1984 5355 2309 5411; x_wconf 87' lang='lat' dir='ltr'><strong>sacriﬁcium</strong></span> <span class='ocrx_word' id='word_1_799' title='bbox 2360 5356 2592 5412; x_wconf 87' lang='lat' dir='ltr'><strong>Domino</strong></span> <span class='ocrx_word' id='word_1_800' title='bbox 2616 5367 2746 5412; x_wconf 91' lang='lat' dir='ltr'><strong>tunc</strong></span> <span class='ocrx_word' id='word_1_801' title='bbox 2789 5357 2973 5411; x_wconf 80' lang='lat' dir='ltr'><strong>oﬁ&#39;erri</strong></span> <span class='ocrx_word' id='word_1_802' title='bbox 3019 5358 3203 5426; x_wconf 87' lang='lat' dir='ltr'><strong>jussit,</strong></span> <span class='ocrx_word' id='word_1_803' title='bbox 3255 5359 3549 5415; x_wconf 85' lang='lat' dir='ltr'><strong>adveniens</strong></span> 
     </span>
    </p>
   </div>
   <div class='ocr_carea' id='block_1_117' title="bbox 1981 5448 3549 5521">
    <p class='ocr_par' dir='ltr' id='par_1_117' title="bbox 1981 5448 3549 5521">
     <span class='ocr_line' id='line_1_117' title="bbox 1981 5448 3549 5521; baseline 0.001 -17"><span class='ocrx_word' id='word_1_804' title='bbox 1981 5450 2126 5504; x_wconf 89' lang='lat' dir='ltr'><strong>enim</strong></span> <span class='ocrx_word' id='word_1_805' title='bbox 2150 5448 2385 5518; x_wconf 89' lang='lat' dir='ltr'><strong>Spiritus</strong></span> <span class='ocrx_word' id='word_1_806' title='bbox 2414 5458 2578 5502; x_wconf 90' lang='lat' dir='ltr'><strong>totam</strong></span> <span class='ocrx_word' id='word_1_807' title='bbox 2613 5459 2853 5503; x_wconf 87' lang='lat' dir='ltr'><strong>nostram</strong></span> <span class='ocrx_word' id='word_1_808' title='bbox 2886 5452 3049 5504; x_wconf 88' lang='lat' dir='ltr'><strong>vitam</strong></span> <span class='ocrx_word' id='word_1_809' title='bbox 3074 5451 3377 5516; x_wconf 83' lang='lat' dir='ltr'><strong>renovavit,</strong></span> <span class='ocrx_word' id='word_1_810' title='bbox 3400 5451 3549 5521; x_wconf 91' lang='lat' dir='ltr'><strong>quod</strong></span> 
     </span>
    </p>
   </div>
   <div class='ocr_carea' id='block_1_118' title="bbox 1982 5539 3553 5615">
    <p class='ocr_par' dir='ltr' id='par_1_118' title="bbox 1982 5539 3553 5615">
     <span class='ocr_line' id='line_1_118' title="bbox 1982 5539 3553 5615; baseline 0.001 -21"><span class='ocrx_word' id='word_1_811' title='bbox 1982 5540 2321 5595; x_wconf 84' lang='lat' dir='ltr'><strong>conﬁrmavit</strong></span> <span class='ocrx_word' id='word_1_812' title='bbox 2347 5539 2547 5594; x_wconf 87' lang='lat' dir='ltr'><strong>Christi</strong></span> <span class='ocrx_word' id='word_1_813' title='bbox 2575 5539 2945 5615; x_wconf 88' lang='lat' dir='ltr'><strong>traditionem,</strong></span> <span class='ocrx_word' id='word_1_814' title='bbox 2962 5549 3017 5597; x_wconf 90' lang='lat' dir='ltr'><strong>et</strong></span> <span class='ocrx_word' id='word_1_815' title='bbox 3047 5540 3304 5597; x_wconf 83' lang='lat' dir='ltr'><strong>stabilivit</strong></span> <span class='ocrx_word' id='word_1_816' title='bbox 3322 5558 3553 5599; x_wconf 81' lang='lat' dir='ltr'><strong>conver-</strong></span> 
     </span>
    </p>
   </div>
   <div class='ocr_carea' id='block_1_119' title="bbox 2106 5716 2599 5784">
    <p class='ocr_par' dir='ltr' id='par_1_119' title="bbox 2106 5716 2599 5784">
     <span class='ocr_line' id='line_1_119' title="bbox 2106 5716 2599 5784; baseline 0.004 -13"><span class='ocrx_word' id='word_1_817' title='bbox 2106 5717 2148 5749; x_wconf 81' lang='grc'><strong>³³</strong></span> <span class='ocrx_word' id='word_1_818' title='bbox 2170 5716 2358 5772; x_wconf 76' lang='lat' dir='ltr'><strong>Matth.</strong></span> <span class='ocrx_word' id='word_1_819' title='bbox 2404 5733 2478 5784; x_wconf 72' lang='grc' dir='ltr'><strong>χι,</strong></span> <span class='ocrx_word' id='word_1_820' title='bbox 2511 5716 2599 5774; x_wconf 76' lang='lat'><strong>50.</strong></span> 
     </span>
    </p>
   </div>
  </div>
