4038 6182
438 237 576 305 1087

1619 239 1977 303 HESYCHII
2016 240 2490 302 PRESBYTER!

3534 239 3686 308 1088

440 357 709 414 sationem
752 372 916 427 quam
960 357 1015 410 in
1049 356 1155 410 illis
1183 354 1435 425 perfecit,
1466 356 1542 411 ait
1572 356 1755 411 enim:
1784 356 1857 410 De
1882 373 1995 411 meo
2025 363 2068 414 Α
2097 365 2277 425 potest
2303 359 2490 412 dicere
2522 356 2775 412 Christus
2802 352 2979 421 Jesus,
3008 354 3110 410 nisi
3144 355 3200 410 in
3224 354 3431 426 Spiritu
3457 370 3680 416 sancto.

430 449 679 515 accipiet,
714 456 764 500 et
802 446 1136 499 annuntiabit
1167 446 1392 500 vobis".
1438 445 1670 517 Propter
1714 447 1857 517 quod
1888 463 1997 503 non

432 537 538 591 alia
564 536 918 591 hebdomadis
946 537 1035 590 die
1063 536 1303 601 advenit,
1336 538 1431 591 sed
1455 537 1509 591 in
1539 554 1644 607 qua
1672 540 1999 594 resurrectio

433 629 575 683 facta
605 636 709 691 est,
741 637 795 683 et
816 627 1131 696 manipulus
1169 628 1521 699 intelligibilis
1549 629 1761 684 oblatus
1789 638 1893 692 est,
1941 640 2001 686 ut

378 688 389 715 κ
434 729 492 773 et
525 719 628 773 hoc
657 718 933 787 probaret,
974 718 1117 786 quod
1156 733 1295 773 nova
1341 688 1705 781 conversatio,
1735 734 1856 788 qua:
1898 735 2001 776 nos

437 808 743 873 renovavit,
770 807 1050 862 liberando
1073 825 1102 861 a
1131 809 1482 877 corruptione
1506 810 1791 864 vetustatis
1815 825 2000 864 resur-

434 899 682 954 rectione
711 898 933 965 Christi,
969 906 1024 952 et
1042 898 1217 952 sancti
1247 898 1484 967 Spiritus
1500 899 1737 954 adventu
1757 908 2001 955 correcta

438 994 546 1041 εει.
578 985 887 1041 Manifestat
930 995 1114 1042 autem
1144 986 1346 1042 oblatio
1376 986 1496 1057 ipsa
1530 987 1770 1059 speciem
1809 988 2000 1044 hostia:

437 1090 601 1144 quam
636 1076 897 1144 praecepit
927 1075 1061 1128 fieri.

508 1165 575 1218 Et
600 1167 679 1219 sic
705 1166 929 1234 o/feretis
947 1165 1264 1234 sacriﬁcium
1293 1181 1480 1218 novum
1502 1165 1745 1230 Domino,
1794 1183 1858 1220 ea:
1887 1184 2000 1221 om-

438 1254 589 1308 nibus
615 1255 1032 1309 habitationibus
1055 1258 1262 1311 vestris.
1291 1256 1471 1312 Panes
1500 1259 1859 1324 primitiarum
1874 1260 2002 1313 duos

446 1363 512 1399 ea:
533 1346 741 1401 duabus
767 1348 980 1400 decimis
1028 1347 1216 1402 simin
1240 1350 1585 1418 fermentatte,
1625 1364 1750 1416 quos
1774 1352 2001 1419 coquetis

437 1435 492 1487 in
522 1436 787 1502 primitias
813 1436 1048 1500 Domini,
1083 1447 1133 1491 et
1163 1439 1386 1507 offeratis
1402 1454 1518 1493 cum
1557 1441 1781 1508 panibus
1808 1450 2001 1511 septem

443 1541 607 1594 agnos
652 1526 1047 1591 immaculatos,
1091 1528 1388 1593 anniculos,
1427 1528 1646 1583 vitulum
1674 1531 1738 1584 de
1767 1544 2002 1586 armento

438 1631 623 1682 unum,
673 1624 723 1669 et
754 1618 943 1672 arietes
972 1620 1123 1671 duos.
1170 1617 1378 1673 Novum
1437 1620 1759 1676 sacriﬁcium
1814 1623 2002 1680 dicens

2103 448 2246 517 Ergo
2266 463 2376 502 non
2396 459 2551 501 extra
2577 446 2841 501 rationem
2864 461 2989 501 cum
3020 454 3231 514 septem
3257 447 3415 516 agnis
3437 448 3679 504 vitulum

2104 537 2174 591 de
2198 547 2453 592 armento
2483 552 2720 606 praesens
2752 537 2997 591 continet
3019 536 3243 601 oblatio,
3270 538 3366 592 sed
3387 538 3685 596 evidenter

2104 625 2377 695 signiﬁcat
2411 625 2563 681 illum
2594 642 2661 679 ex
2685 634 2934 679 armento
2964 625 3261 691 Abraham,
3284 625 3458 692 Isaac,
3479 626 3678 693 Jacob,

2104 724 2162 769 et
2199 714 2367 771 David
2408 715 2710 770 secundum
2756 732 2976 771 carnem
3006 715 3230 770 factum.
3282 716 3420 772 Huic
3472 720 3682 776 arietes

2105 805 2244 860 duos
2272 805 2651 860 immaculatos
2684 806 2991 875 conjunxit,
3047 806 3370 861 excellentia
3419 810 3679 866 mandata

2105 904 2161 949 et
2193 896 2448 962 virtutes,
2488 912 2624 965 quas
2652 899 2807 967 sequi
2835 898 2968 952 alias
2995 899 3147 951 velut
3172 913 3307 953 oves
3338 910 3573 968 Oportet.
3606 901 3677 957 In

2107 986 2195 1043 bis
2218 989 2388 1052 enim,
2416 995 2604 1057 utpote
2634 988 3029 1058 iutelligibilem
3052 986 3334 1042 inimicum
3356 991 3677 1047 ventilanti-

2104 1076 2229 1140 bus,
2263 1077 2543 1131 munimen
2576 1087 2631 1132 et
2652 1078 3061 1133 indemnitatem
3106 1078 3328 1133 habent.
3364 1078 3498 1145 Quae
3545 1091 3679 1137 sunt

2104 1175 2286 1223 autem
2325 1166 2476 1221 hate?
2498 1166 2559 1223 Si
2585 1170 2661 1222 vis
2688 1171 2942 1238 perfectus
2971 1185 3098 1230 esse,
3128 1169 3281 1233 vade,
3312 1172 3473 1221 vende
3497 1171 3674 1223 omnia

2106 1276 2223 1334 qua;
2259 1258 2437 1324 habes,
2468 1268 2515 1312 et
2546 1260 2613 1313 da
2642 1259 2978 1329 pauperibus,
3015 1268 3064 1312 et
3103 1259 3247 1324 veni,
3274 1275 3488 1329 sequere
3514 1260 3670 1315 me”.

2105 1348 2398 1406 Maximum
2459 1351 2663 1421 quippe
2716 1352 3028 1406 mandatum
3096 1360 3202 1414 est,
3268 1351 3502 1407 vendere
3552 1368 3676 1422 quae

2106 1438 2273 1494 habet
2304 1450 2358 1495 et
2392 1441 2525 1496 dare
2553 1441 2911 1512 pauperibus:
2960 1440 3258 1493 maximum
3288 1449 3468 1495 autem
3518 1442 3671 1510 sequi

2105 1529 2406 1593 Christum,
2438 1540 2498 1586 ut
2528 1547 2656 1586 cum
2708 1531 2966 1602 despectu
2995 1529 3278 1598 quippiam
3338 1530 3669 1598 possidendi,

2108 1621 2275 1676 etiam
2336 1622 2519 1676 omnia
2574 1636 2736 1691 agere
2813 1620 3115 1676 secundum
3176 1618 3508 1673 voluntatem
3574 1618 3667 1673 Dei

441 1705 578 1775 legis
630 1708 898 1763 sacriﬁcia
952 1718 1009 1763 ut
1058 1717 1243 1765 vetera
1293 1711 1556 1778 excludit,
1623 1714 2002 1785 Evangelicam
2039 1698 2079 1753 Β
2105 1712 2322 1766 Domini
2350 1713 2689 1767 studeamus.
2726 1711 2841 1765 [ioc
2871 1720 2955 1766 est
2986 1710 3136 1764 enim
3177 1724 3306 1764 enm
3341 1712 3513 1779 sequi.
3541 1709 3666 1763 llam

440 1802 624 1848 autem
649 1810 748 1863 pro
774 1796 885 1850 illis
910 1796 1231 1852 introduxit.
1266 1798 1472 1854 Deinde
1500 1800 1729 1864 addens,
1761 1808 1825 1856 de
1858 1803 2004 1857 habi-

440 1885 726 1941 tationibus
787 1887 994 1955 vestris,
1068 1887 1368 1945 Ecclesiam
1432 1890 1794 1961 signiﬁcavit,
1847 1896 2006 1965 eique

439 1973 647 2038 offerri,
674 1990 797 2045 qua“:
833 1978 979 2033 dicta
1005 1988 1136 2034 sunt
1174 1982 1402 2051 aptavit.
1432 1981 1620 2053 Neque
1657 1985 1803 2041 enim
1834 1987 2001 2043 dixit:

440 2063 516 2118 Ex
546 2067 800 2123 omnibus
832 2069 1174 2138 habitaculis,
1202 2074 1317 2138 sed,
1355 2073 1442 2128 Ea:
1467 2077 1707 2131 omnibus
1739 2079 2007 2135 habitacu-

440 2155 505 2209 lis
536 2159 758 2214 vestris:
787 2168 847 2214 ut
870 2161 1119 2217 absolute
1145 2165 1461 2222 ostenderet
1487 2167 1699 2237 aliquod
1725 2170 2007 2227 habitacu-

438 2244 552 2299 lum
582 2248 941 2318 prteeipuum,
983 2253 1051 2307 de
1080 2269 1189 2323 quo
1211 2254 1285 2309 ait
1331 2256 1535 2312 David:
1572 2259 1725 2314 Beati
1747 2264 1837 2331 qui
1864 2264 2008 2318 habi-

437 2339 552 2385 tant
580 2335 636 2388 in
661 2337 813 2391 domo
841 2346 931 2391 tua
944 2340 1092 2395 ".Et
1120 2358 1342 2398 rursus:
1368 2345 1535 2401 Unam
1555 2349 1731 2415 petiia
1758 2349 2002 2420 Domino,

439 2423 577 2478 hanc
597 2429 883 2497 requiram,
903 2440 960 2484 ut
979 2432 1262 2488 inhabitem
1283 2435 1519 2491 in'domo
1542 2437 1753 2493 Domini
1770 2444 2004 2499 omnibus

440 2512 620 2570 diebus
648 2519 771 2571 vita:
818 2522 1023 2574 mete”.
1069 2523 1138 2577 Et
1163 2539 1332 2593 panes
1375 2527 1593 2595 quidem
1638 2532 1999 2599 primitiarum

440 2603 601 2670 duos,
629 2606 802 2679 legem
826 2622 880 2666 et
915 2612 1304 2685 Evangelium;
1334 2633 1503 2686 panes
1540 2622 1685 2675 enim
1734 2633 1863 2679 sunt
1895 2626 2002 2681 eihi

437 2691 748 2750 animarum
777 2697 1038 2768 ﬁdelium,
1073 2705 1420 2762 continentes
1445 2719 1572 2764 sunt
1592 2719 1776 2768 autem
1798 2723 1852 2770 et
1885 2719 2001 2787 pri-

436 2782 740 2852 mitiarum,
792 2788 909 2845 sive
957 2801 1016 2845 ut
1046 2792 1208 2861 LXX,
1242 2799 1477 2859 separati
1504 2815 1522 2852 :
1555 2803 1809 2870 quoniam
1850 2782 2001 2862 omni

437 2874 659 2965 quidem
695 2876 960 2948 sapientia
987 2892 1116 2939 sunt
1149 2886 1410 2957 praecipui
1444 2906 1458 2944 :
1488 2890 1557 2946 ab
1588 2906 1650 2947 ea
1673 2902 1853 2951 autem
1879 2911 2001 2965 qme

436 2962 680 3017 exterior
706 2975 811 3028 est.
866 2975 1101 3040 separati
1153 2976 1410 3033 videlicet
1453 2989 1509 3034 et
1546 2983 1802 3053 sejuncti.
1863 2962 2005 3044 S—uut

438 3064 569 3122 ergo
597 3069 664 3108 ex
682 3056 893 3113 duabus
922 3063 1147 3119 decimis
1178 3068 1367 3124 similae
1395 3070 1751 3140 fermentata,
1778 3092 1844 3132 ex
1879 3080 2005 3134 doc-

437 3143 586 3238 trina
611 3161 733 3238 qua
779 3150 1079 3218 perfectam
1113 3156 1207 3211 Dei
1237 3160 1574 3219 divinitatem
1604 3175 1660 3222 et
1707 3169 2003 3238 perfectam

439 3232 840 3328 humanitatem
870 3245 1059 3308 tradit,
1085 3262 1184 3303 nec
1208 3250 1368 3306 aliter
1388 3255 1550 3323 coqui
1578 3258 1684 3312 nisi
1708 3232 1810 3328 per
1842 3262 2003 3317 talem

440 3322 747 3381 doctrinam
806 3342 1057 3399 possunt.
1127 3336 1235 3392 Sed
1309 3322 1566 3410 primitiae
1623 3322 1818 3402 horum
1877 3364 2006 3409 sunt

441 3412 693 3472 Domino.
727 3419 942 3479 Primus
966 3427 1111 3482 enim
1132 3429 1414 3497 Dominus,
1441 3436 1533 3504 qui
1556 3436 1728 3508 legem
1755 3443 2001 3510 perfecit,

439 3513 497 3560 et
529 3507 879 3580 Evangelium
910 3527 1033 3584 post
1056 3520 1161 3574 hoc
1179 3522 1367 3577 docuit
1391 3541 1403 3577 :
1428 3507 1637 3589 Audite,
1664 3507 1789 3593 quia
1808 3507 2004 3598 dictum

438 3608 515 3652 est
540 3602 804 3667 antiquis:
850 3604 969 3661 Non
1011 3612 1231 3666 occides.
1288 3613 1401 3686 Ego
1452 3630 1629 3674 autem
1658 3624 1774 3676 dico
1818 3629 2003 3682 vobis:

441 3686 624 3746 Omnis
653 3695 741 3763 qui
776 3696 1028 3752 irascitur
1062 3703 1222 3773 fratri
1262 3721 1357 3760 suo
1401 3709 1512 3764 sine
1535 3728 1695 3768 causa
1750 3733 1869 3772 reus
1905 3722 2002 3775 erit

433 3778 721 3848 judicio”.
772 3787 1069 3880 conjunxit
1115 3795 1260 3850 enim
1317 3797 1410 3854 hic
1460 3801 1635 3873 legem
1688 3802 2002 3880 Evangelia,

440 3881 663 3939 pr0pter
689 3877 835 3944 quod
868 3878 990 3949 ejus
1011 3882 1263 3952 primitiae
1302 3887 1579 3947 dicuntur.
1610 3894 1764 3960 Quod
1809 3877 1866 3954 et
1894 3901 2004 3957 Lu-

437 3971 542 4054 cas
563 3961 915 4032 conﬁrmans,
964 3970 1234 4040 primitias
1283 3991 1443 4032 veras
1478 3981 1638 4037 nobis
1683 3987 2000 4054 ostendens,

437 4050 658 4120 scripsit
681 4072 694 4108 :
726 4055 968 4113 Primum
1004 4063 1208 4132 quidem
1231 4082 1516 4123 sermonem
1541 4073 1640 4141 feci
1666 4076 1729 4128 de
1748 4078 2002 4143 omnibus,

437 4157 468 4195 ο
517 4140 812 4215 Theophile,
865 4165 983 4219 qua:
1029 4154 1181 4222 «epit
1220 4154 1371 4211 Iesus
1419 4140 1590 4229 facere
1643 4171 1692 4216 et
1740 4167 1919 4221 docere
1936 4140 1999 4223 “.

435 4231 646 4290 Offerre
672 4246 853 4292 autem
884 4241 967 4295 eis
997 4252 1206 4313 septem
1235 4260 1405 4317 agnos
1438 4250 1817 4311 immaculatos
1845 4260 2005 4314 anni-

2107 1819 2240 1874 ergo
2266 1804 2542 1868 mandata,
2583 1811 2769 1871 utpote
2795 1810 3017 1872 propter
3046 1801 3450 1857 immaculatam
3504 1806 3668 1855 vitam

2106 1900 2162 1946 et
2189 1891 2484 1962 perfectam
2539 1891 2863 1955 constituta,
2902 1891 3106 1945 arietes
3131 1892 3490 1961 appellantur,
3539 1893 3671 1962 quia

2106 1982 2308 2038 arietes
2329 1983 2478 2038 oumi
2512 1997 2675 2054 grege
2707 1982 3123 2037 excellentiores
3163 1994 3314 2038 sunt.
3347 1984 3541 2038 Horum
3568 1999 3669 2037 sa-

2109 2073 2376 2129 criﬁcium
2408 2083 2460 2129 et
2486 2074 2672 2128 libatio
2703 2072 2934 2128 scientia
2970 2073 3229 2129 videlicet
3262 2083 3315 2129 et
3366 2074 3659 2130 correctio:
3692 2144 3703 2153 ο

2107 2164 2246 2220 odor
2297 2166 2584 2222 suavitatis
2633 2177 2717 2220 est
2760 2164 3015 2229 Domino,
3061 2166 3155 2221 ille
3204 2167 3272 2222 de
3323 2182 3427 2237 quo
3464 2167 3673 2224 Paulus

2108 2256 2354 2312 dicebat.
2388 2256 2500 2311 Deo
2522 2268 2697 2311 autem
2731 2260 2954 2329 gratias,
3004 2261 3095 2330 qui
3138 2278 3343 2330 semper
3385 2263 3675 2331 triumphat

2108 2363 2200 2402 nos
2213 2349 2268 2401 in
2287 2348 2490 2403 Christo
2518 2348 2662 2412 Iesu,
2681 2356 2730 2402 et
2759 2349 2969 2404 odorem
2986 2352 3221 2407 scientia:
3249 2369 3360 2407 suae
3374 2355 3676 2422 manifestat

2106 2454 2199 2508 per
2229 2454 2341 2504 nos,
2368 2439 2491 2508 quia
2520 2438 2713 2492 Christi
2742 2438 2906 2493 bonus
2937 2440 3068 2494 odor
3093 2458 3275 2496 sumus
3287 2443 3353 2496 ⁸⁸.
3380 2442 3674 2497 Verumta-

2108 2539 2237 2579 men
2292 2540 2403 2580 non
2457 2540 2629 2595 usque
2682 2525 2750 2580 ad
2782 2526 2898 2580 haec
2939 2527 3275 2583 oblationem
3326 2528 3680 2584 Pentecostes

2109 2616 2320 2671 statuit.
2358 2616 2496 2671 Dicit
2526 2624 2709 2672 autem
2733 2626 2789 2672 et
2820 2619 3053 2689 reliqua,
3075 2620 3201 2689 quia
3238 2622 3475 2676 maxime
3507 2622 3679 2691 spiri-

2109 2708 2216 2775 tui,
2245 2707 2403 2775 cujus
2424 2707 2685 2776 praedicta
2722 2706 2993 2764 festivitas
3019 2719 3123 2771 est.
3156 2712 3420 2781 perfectio
3455 2728 3681 2782 compe—

2111 2795 2192 2847 tit.
2222 2789 2369 2856 ΩιιῘά
2399 2809 2526 2868 ergo
2561 2794 2672 2850 ait?
2716 2794 2943 2850 Facietis
2975 2805 3022 2849 et
3056 2798 3257 2851 hircum
3291 2816 3387 2867 pro
3443 2812 3679 2869 peccato.

2109 2882 2451 2941 Paenitentite
2480 2887 2831 2941 introducens
2857 2902 3187 2944 sermonem.
3219 2888 3465 2963 Duosque
3514 2908 3683 2963 agnos

2108 2977 2399 3039 anniculos,
2421 2978 2616 3031 hostias
2648 2978 3009 3048 paciﬁcorum.

2176 3066 2269 3121 Illa
2325 3066 2479 3121 Pauli
2532 3067 2783 3122 mandata
2839 3068 3179 3137 signiﬁcans,
3227 3069 3418 3124 Pacem
3476 3090 3677 3137 meam,

2106 3155 2304 3227 inquit,
2336 3159 2616 3227 sequimini
2660 3175 2778 3212 cum
2826 3161 3086 3223 omnibus,
3145 3172 3193 3214 et
3244 3164 3680 3226 sanctimoniam,

2104 3252 2217 3303 sine
2260 3250 2444 3319 quibus
2491 3264 2640 3303 nemo
2676 3251 2865 3304 videbit
2911 3251 3153 3307 Deum“.
3209 3252 3342 3319 Quae
3383 3256 3510 3323 quia
3564 3271 3673 3325 per

2107 3340 2466 3409 apostolicam
2522 3341 2763 3412 linguam
2814 3358 3070 3412 expressa
3134 3328 3324 3411 erant,
3374 3346 3557 3400 oﬁ‘erri
3609 3362 3679 3400 ea

2106 3429 2370 3500 prmccpit
2426 3445 2550 3485 cum
2625 3431 2856 3500 panibus
2922 3433 3282 3501 primitiarum
3349 3450 3485 3503 quos
3551 3451 3682 3490 esse

2105 3516 2307 3570 Christi
2350 3515 2651 3570 doctrinam
2698 3517 2955 3572 diximus.
2989 3517 3044 3571 lu
3080 3521 3437 3588 sequentibus
3484 3538 3682 3577 rursus

2106 3608 2215 3662 ait:
2275 3606 2504 3678 Cumque
2541 3608 2818 3662 elevaverit
2876 3627 2939 3663 ea
2994 3612 3236 3665 sacerdos
3280 3630 3399 3666 cum
3452 3614 3681 3682 panibus

2104 3700 2466 3769 primitiarum
2508 3715 2686 3753 comm
2718 3700 2959 3757 Domino.
2990 3702 3302 3778 Secundum
3329 3704 3464 3758 LXX
3494 3715 3678 3760 autem

2105 3791 2216 3845 sic:
2252 3789 2314 3843 Et
2338 3790 2604 3859 separabit
2633 3807 2693 3843 ea
2722 3795 2963 3847 sacerdos
2989 3796 3325 3863 separatione
3358 3813 3473 3849 cum
3520 3799 3681 3869 pani-

2056 3924 2059 3929 .
2104 3884 2197 3937 bus
2226 3881 2588 3951 primitiarum
2618 3892 2741 3936 ante
2770 3881 3073 3951 Dominum,
3108 3903 3226 3940 cum
3258 3887 3453 3941 duobus
3498 3891 3678 3959 agnis,

2107 3971 2426 4044 signiﬁcans
2452 3972 2541 4026 cui
2573 3970 2823 4035 Domino,
2851 3974 2947 4028 ait.
2965 3974 3283 4046 Cedentque
3311 3978 3364 4034 iu
3410 3996 3539 4035 usus
3554 3982 3680 4050 ejus

2104 4060 2709 4117 sacerdotisoﬁ‘erentis
2742 4080 2828 4131 ea,
2862 4065 3356 4125 videlicetCltristi.
3379 4070 3495 4141 Ipse
3524 4074 3675 4127 enim

2104 4163 2293 4209 noster
2345 4152 2623 4212 sacerdos.
2658 4154 2775 4225 ipse
2824 4170 3015 4213 noster
3050 4161 3313 4216 Dominus
3341 4172 3443 4217 est.
3497 4163 3677 4233 Ipsius

2104 4246 2251 4299 sicut
2282 4260 2457 4317 partes
2487 4246 2871 4316 primitiarum,
2922 4250 3003 4303 sic
3030 4261 3085 4305 et
3123 4252 3246 4320 agni
3291 4255 3674 4309 mandatorum

435 4321 592 4377 culos
623 4329 907 4397 prmcepit,
948 4331 1092 4388 dona
1117 4335 1431 4404 signiﬁcans
1446 4354 1567 4408 quas,
1596 4353 1724 4398 sum
1751 4346 1996 4415 spiritus,
2031 4344 2075 4400 ι)
2105 4338 2495 4408 praedictorum
2540 4346 2687 4403 sunt,
2752 4338 2868 4408 ipse
2913 4342 3058 4395 enim
3109 4351 3246 4406 erat,
3282 4344 3371 4412 qui
3405 4344 3458 4398 in
3505 4345 3677 4399 Paulo

436 4411 724 4507 de‘q‘uibns
740 4418 994 4476 Salomon
1027 4423 1080 4477 in
1114 4423 1423 4483 Proverbiis
1439 4430 1655 4487 dicebat
1685 4452 1698 4489 :
1725 4411 1997 4507 sapientia

433 4501 713 4596 fdiﬁcaoit
769 4508 869 4562 sibi
921 4512 1152 4581 domum,
1207 4519 1370 4570 erexit
1406 4519 1675 4578 columnas
1719 4501 1994 4596 septem“.

431 4584 655 4690 Planius
700 4609 882 4655 autem
945 4600 1111 4660 Isaias
1141 4605 1383 4674 tradidit,
1419 4609 1489 4665 Et
1521 4584 1797 4685 requiescet
1840 4584 1998 4690 super

431 4701 548 4739 eum
574 4685 809 4781 Spiritus
833 4692 1122 4752 Domini“.
1173 4698 1288 4754 Nec
1329 4703 1499 4758 tacuit
1533 4720 1676 4774 quae,
1704 4710 1789 4764 vel
1837 4685 1996 4781 cujus

432 4778 649 4833 numeri
699 4792 886 4857 essent
953 4784 1115 4852 dona,
1177 4792 1469 4847 subintulit
1523 4796 1670 4850 enim
1710 4814 1723 4851 :
1765 4778 1995 4868 Spiritus

428 4869 707 4939 sapientia:
735 4882 785 4928 et
829 4875 1139 4943 intellectus,
1175 4883 1391 4949 spiritus
1422 4887 1627 4941 consilii
1652 4899 1702 4943 et
1726 4892 1996 4961 fortitudi—

432 4958 533 5023 nis,
591 4961 809 5029 spiritus
857 4966 1088 5020 scientice
1122 4977 1172 5021 et
1232 4971 1464 5037 pietatis,
1501 4982 1549 5026 et
1592 4958 1824 5042 implebit
1877 4994 1996 5031 eum

432 5049 652 5116 spiritus
675 5053 879 5110 timoris
911 5056 1120 5111 Domini
1138 5060 1201 5116 ".
1228 5062 1412 5134 Agnos
1432 5073 1614 5118 autem
1660 5066 1775 5123 haec
1804 5069 1995 5138 appel-

435 5138 508 5192 lat
546 5140 712 5202 dona.
760 5147 830 5200 ad
890 5150 1261 5206 ostensionem
1311 5154 1438 5222 quia
1478 5155 1714 5227 Spiritus
1768 5169 1989 5214 sanctus

430 5244 599 5285 unum
627 5242 710 5288 est
737 5235 789 5288 in
812 5236 1051 5303 Christo,
1075 5240 1142 5295 de
1161 5257 1268 5312 quo
1290 5244 1494 5300 dictum
1526 5256 1642 5302 est:
1667 5249 1798 5304 Ecce
1811 5249 1990 5322 Agnus

429 5320 547 5389 Dei,
582 5339 695 5379 ecce
736 5329 827 5398 qui
876 5330 1011 5385 tollit
1060 5345 1278 5402 peccata
1329 5337 1587 5393 mundi“.
1621 5338 1777 5397 Unde
1831 5320 1992 5397 nemo

496 5520 541 5599 ο..
567 5521 723 5576 “an,
757 5541 873 5599 1m,
896 5529 984 5599 tt,
1014 5531 1097 5587 15.
1192 5534 1236 5599 ν’
1265 5534 1356 5591 Ps.
1378 5552 1602 5599 Lxxxnt,
1624 5539 1677 5593 5.

1754 5539 1800 5572 ³⁵
1840 5540 1928 5597 Ps.
1959 5559 2102 5608 xxvi,
2144 5545 2198 5599 4.
2274 5544 2319 5577 ³⁸
2339 5543 2527 5599 Matth.
2565 5545 2731 5609 v,2‘2.
2809 5546 2853 5579 ⁶⁰
2882 5550 3001 5602 Art.
3035 5565 3074 5611 ι,
3114 5549 3163 5601 1.

2104 4429 2447 4499 loquebatur,
2479 4429 2605 4505 ipse!
2640 4431 2847 4492 omnia,
2911 4448 3031 4500 quae
3083 4433 3225 4487 dicta
3261 4444 3409 4500 sunt,
3452 4436 3674 4492 obtulit.

2103 4521 2299 4576 Pacem
2326 4522 2471 4575 enim
2495 4521 2563 4576 de
2597 4537 2704 4590 quo
2727 4521 2926 4577 Paulus
2954 4525 3196 4589 mandat,
3229 4524 3440 4594 primus
3484 4525 3674 4580 Domi-

2102 4629 2208 4669 nus
2246 4611 2532 4682 discipulis
2561 4613 2926 4676 annuntiavit,
2977 4622 3032 4668 et
3060 4614 3499 4680 sanctimoniam,
3530 4617 3677 4672 sicut

2099 4714 2323 4762 sanctus
2376 4715 2710 4771 sanctorum,
2761 4723 2925 4777 super
2962 4723 3154 4763 omnes
3185 4709 3497 4774 custodivit,
3544 4726 3673 4765 natu

2098 4800 2216 4870 ipse
2247 4806 2366 4852 erat
2412 4799 2480 4853 de
2508 4814 2616 4868 quo
2652 4798 2868 4854 Gabriel
2909 4799 3101 4870 virgini
3153 4801 3292 4856 dixit
3323 4818 3338 4854 :
3379 4800 3671 4871 Propterea

2098 4890 2236 4961 quod
2265 4899 2509 4944 nascetur
2542 4906 2605 4943 ea:
2633 4899 2682 4943 te
2707 4890 3255 4958 sanctummocabitur
3284 4890 3454 4946 Filius
3483 4892 3580 4947 Dei
3605 4895 3673 4948 ⁸³.

2098 4980 2487 5037 Verumtamen
2524 4981 2568 5035 si
2596 4982 2681 5036 vis
2715 4982 2821 5036 diei
2846 4982 2914 5037 de
2942 4999 3052 5052 quo
3074 4998 3256 5039 sermo
3276 4992 3382 5049 est,
3417 5000 3672 5055 compre-

2098 5073 2341 5128 hendere
2379 5074 2783 5139 excellentiam,
2819 5075 3292 5131 conﬁrmationem
3317 5092 3508 5131 eorum
3549 5094 3673 5147 qua:

2098 5151 2251 5229 deieo
2280 5165 2424 5221 dicta
2443 5173 2593 5227 sunt,
2624 5167 2858 5237 respice.

2167 5258 2235 5312 Et
2271 5258 2521 5313 vocabitis
2552 5259 2689 5312 [tunc
2719 5260 2856 5313 diem
2886 5258 3277 5314 celeberrimum
3325 5271 3481 5332 atque
3507 5279 3667 5315 saur-

2098 5352 2381 5417 tissimunt,
2409 5365 2561 5404 omne
2582 5366 2711 5420 opus
2736 5350 2920 5405 servile
2947 5358 3046 5404 nan
3069 5351 3272 5421 facietis
3305 5352 3362 5406 in
3399 5370 3476 5406 eo.
3519 5352 3669 5421 Legi-

3245 5549 3286 5581 “
3310 5545 3469 5603 Prov.
3502 5567 3579 5607 ts.
3613 5553 3663 5605 Ι.

430 5586 476 5619 δ’
506 5588 613 5643 lsa.
648 5607 722 5656 χι.
752 5594 808 5647 2.
830 5658 837 5663 1
856 5586 908 5629 ’⁵³
929 5586 1061 5654 ibid.
1106 5603 1149 5633 ’νδ
1176 5586 1800 5673 ιδᾰηῖἰζὲὀῖῖδῇξιιιιι.

2120 5586 2774 5689 κῖιιςυ;ῖ“·.·ι;·’ίι’,νι·;ςῖ·ο
2831 5586 3217 5685 “sanxit.
3257 5586 3663 5684 «13:31:35:
