4038 6182
365 291 503 358 1039

1474 274 1569 350 ἸΝ
1606 284 2046 350 stmcuu.
2085 309 2153 320 —
2192 284 2342 346 LIB.
2372 285 2475 347 vt.

3460 281 3599 347 1090

361 407 551 460 timum
596 406 970 475 sempiternum
1019 406 1120 460 erit
1170 406 1227 459 in
1281 404 1479 459 cunctis
1525 405 1837 459 habitaculis
1882 411 1930 457 et
1959 405 2005 462 Α
2100 399 2312 469 Pauper
2364 409 2545 455 autem
2603 408 2660 454 et
2707 398 2796 454 hic
2831 398 3051 464 dicitur,
3080 397 3455 470 quia‘propter
3496 416 3601 455 uos

364 497 780 567 generationibus
803 499 1005 550 vestris.
1035 495 1175 563 Quid
1215 510 1346 567 ergo
1381 495 1436 549 in
1456 510 1521 550 ea
1555 505 1669 550 est:
1703 495 1845 564 quod
1872 495 1926 549 in

366 587 451 642 his
477 585 742 640 excellet?
765 586 905 641 Ecce
932 585 1079 640 enim
1101 594 1157 640 et
1175 585 1312 639 alios
1338 583 1455 638 dies
1492 594 1712 639 sanctos
1740 583 1928 653 appel-

364 677 459 739 lat,
493 676 588 730 sed
639 684 693 731 et
720 675 788 732 de
836 677 940 731 hoc
983 675 1218 744 primum
1258 673 1453 743 inquit,
1505 683 1561 728 et
1589 673 1931 744 appellabitis

364 766 519 821 hunc
557 767 701 821 diem
730 765 1172 828 celeberrimum,
1197 772 1253 818 et
1280 770 1404 832 post
1433 763 1534 818 hoc
1555 781 1568 817 :
1587 771 1748 832 atque
1771 779 1932 818 sanc-

363 861 657 927 tissimum,
690 872 752 916 ut
800 863 856 915 in
886 875 952 916 eo
984 875 1350 932 cognosceres
1383 860 1514 930 quid
1565 870 1620 915 et
1659 876 1783 914 cum
1812 858 1931 915 aliis

362 966 675 1016 commune,
715 953 926 1022 etquid
974 952 1029 1006 in
1061 968 1122 1007 se
1150 952 1430 1023 proprium
1470 953 1675 1017 habet;
1707 952 1764 1006 in
1810 955 1931 1022 ipso

365 1042 511 1096 enim
534 1044 775 1112 gentium
817 1046 1029 1100 vocatio
1060 1061 1169 1099 non
1200 1046 1482 1116 praedicari
1519 1047 1718 1110 solum,
1755 1048 1847 1102 sed
1877 1056 1930 1102 et

365 1135 581 1203 operari
616 1136 801 1204 cmpit,
829 1137 1048 1204 quando
1074 1136 1278 1201 Parthi,
1311 1147 1359 1191 et
1387 1135 1549 1204 Medi,
1582 1148 1630 1193 et
1663 1138 1929 1202 Elamiur,

367 1232 416 1277 et
442 1225 531 1295 qui
558 1225 798 1279 habitant
825 1226 1274 1295 Mesopotamiam,
1296 1228 1557 1291 Juda’am,
1591 1239 1637 1283 et
1677 1228 1931 1298 Pamphi-

369 1312 518 1380 lium,
559 1323 859 1385 omnesque
901 1319 1121 1387 reliquae
1153 1328 1360 1388 gentes,
1395 1337 1528 1389 quas
1554 1320 1728 1375 Lucas
1768 1322 1932 1375 dibu-

366 1403 618 1467 meravit,
658 1405 844 1458 audire
888 1406 1187 1475 apostolos,
1242 1409 1434 1478 linguis
1495 1410 1604 1463 suis
1661 1409 1932 1480 magnalia

364 1494 465 1548 Dei
495 1495 838 1564 loquentes",
870 1498 1336 1567 praedicantesque
1365 1508 1669 1568 coeperunt.
1713 1501 1932 1555 Nullum

365 1600 494 1654 ergo
522 1602 663 1654 opus
703 1588 899 1642 servile
926 1588 980 1641 in
1006 1588 1098 1643 illo
1128 1590 1216 1644 die
1244 1590 1529 1655 faciamus,
1564 1590 1617 1645 id
1656 1598 1761 1653 est,
1789 1590 1933 1658 quod

364 1674 434 1728 ad
461 1674 778 1729 servitutem
810 1677 1067 1745 pertinet,
1092 1678 1186 1731 sed
1218 1676 1516 1747 legitimum
1540 1676 1931 1746 sempiternum

2029 506 2237 562 pauper
2262 491 2437 548 factus
2464 501 2548 547 est
2570 507 2692 546 cum
2724 491 2877 545 dives
2902 499 3066 553 esset,
3095 500 3153 544 ut
3183 491 3330 544 illius
3356 506 3594 561 pauper-

2031 592 2141 639 tate
2164 596 2262 637 nos
2288 583 2485 639 divites
2517 597 2804 648 essemus;
2859 581 2954 636 sed
3003 591 3057 635 et
3090 582 3317 646 advena,
3353 580 3479 651 quia
3494 581 3599 635 etsi

2030 674 2085 728 in
2112 675 2333 744 propria
2362 675 2535 735 venit,
2573 675 2661 729 sui
2687 688 2810 728 eum
2877 681 3061 725 tamen
3099 688 3211 725 non
3247 681 3597 741 receperunt.

2031 765 2173 820 Huic
2218 780 2349 837 ergo
2378 781 2439 820 ea
2468 765 2781 834 relinques;
2829 763 2980 818 solus
3003 772 3187 817 autem
3214 764 3319 817 scit
3343 759 3464 829 qlia:
3494 779 3598 817 no-

2029 856 2115 911 bis
2141 865 2444 919 remanent,
2473 866 2692 926 propter
2709 855 2854 925 quod
2883 870 2986 909 nec
3012 854 3264 924 colligere
3290 870 3601 923 possumus,

2033 963 2155 1017 quae
2185 956 2244 1001 nt
2270 947 2388 1016 ipse
2413 949 2645 1018 colligat,
2675 956 2924 1016 separata
2969 954 3118 1007 sunt,
3151 936 3288 1025 teste
3311 943 3478 1000 Paulo
3507 947 3601 1015 qui

2032 1038 2165 1094 dicit
2197 1037 2515 1093 :Oaltitudo
2542 1040 2816 1106 sapientiae
2838 1047 2887 1091 et
2917 1038 3148 1090 scientia:
3172 1035 3305 1089 Dei!
3328 1053 3488 1106 quam
3515 1038 3595 1091 in-

2033 1130 2516 1197 comprehensibilia
2541 1139 2662 1183 sunt
2674 1129 2886 1198 judicia
2946 1123 3058 1197 ejus
3114 1137 3163 1181 et
3222 1127 3604 1198 investigabiles

2032 1224 2130 1276 via:
2157 1223 2269 1292 ejus
2296 1224 2361 1276 σί.

2104 1312 2268 1368 Vens.
2327 1312 2420 1377 24,
2481 1313 2571 1367 25.
2635 1331 2653 1363 ι
2706 1311 3062 1391 Locutusque
3118 1320 3201 1368 est
3245 1310 3507 1369 Dominus
3536 1314 3603 1368 ad

2032 1404 2253 1472 Moysen
2309 1404 2498 1458 dicens
2534 1421 2547 1456 :
2594 1401 2843 1473 Loquere
2885 1403 3008 1460 filiis
3034 1402 3202 1457 Israel
3251 1404 3481 1459 :Mensc
3512 1398 3604 1458 s'e-

2034 1497 2204 1566 ptimo
2227 1481 2403 1565 prima
2423 1495 2511 1549 die
2544 1497 2768 1559 mensis,
2801 1495 2908 1550 erit
2955 1495 3107 1550 vobis
3136 1495 3430 1553 Sabbatum
3483 1513 3603 1551 me-

2035 1587 2264 1640 moriale
2287 1585 2665 1656 clangentibus
2698 1586 2861 1648 tubis,
2906 1592 2960 1638 et
3004 1585 3289 1638 vocabitur
3326 1594 3601 1639 sanctum.

2034 1677 2210 1733 Omne
2236 1693 2373 1747 opus
2405 1676 2600 1732 servile
2619 1692 2730 1730 non
2765 1675 2981 1732 facietis
3016 1676 3072 1730 in
3121 1691 3209 1742 eo,
3249 1684 3304 1730 et
3357 1674 3607 1733 oll‘eretis

366 1764 425 1818 in
484 1765 699 1820 cunctis
754 1766 1077 1822 habitaculis
1132 1775 1189 1821 et
1229 1765 1676 1837 generationibus
1729 1766 1933 1821 nostris
1962 1750 2007 1806 Β
2035 1768 2416 1822 holocaustum
2435 1764 2684 1820 Domino.
2725 1783 2745 1817 ι

365 1869 668 1921 servemus,
701 1856 840 1911 nihil
864 1858 1063 1912 servile
1095 1867 1387 1927 oper-antes
1416 1858 1472 1912 in
1524 1866 1792 1927 tempore,
1822 1872 1932 1927 quo

367 1945 435 1999 ad
466 1961 567 2001 nos
592 1948 740 2000 venit
758 1946 1015 2016 Spiritus,
1041 1949 1166 2016 quia
1202 1949 1292 2001 ubi
1317 1945 1544 2018 Spiritus
1572 1947 1809 2015 Domini,
1859 1946 1933 2000 ibi

367 2031 602 2097 libertas,
626 2034 768 2088 sicut
793 2033 993 2088 Paulus
1022 2034 1243 2105 scripsit
1263 2027 1329 2081 "-

441 2141 597 2198 Vens.
623 2145 714 2197 29..
746 2163 764 2195 ι
790 2143 1084 2214 Postquam
1111 2153 1292 2198 autem
1325 2145 1664 2200 messueritis
1691 2155 1931 2216 segetem

369 2241 527 2288 terrae
545 2243 764 2299 vestrae,
793 2251 901 2289 non
924 2236 1182 2289 secabitis
1203 2250 1322 2289 eam
1345 2251 1514 2305 usque
1530 2236 1595 2290 ad
1617 2236 1811 2299 solum,
1833 2252 1935 2291 nec

369 2334 719 2379 remanentes
746 2327 925 2395 spicas
949 2326 1237 2397 colligetis,
1259 2328 1352 2382 sed
1377 2328 1708 2398 pauperibus
1764 2337 1819 2382 et
1842 2343 1935 2398 pe-

369 2416 601 2485 regrinis
634 2417 916 2472 dimittctis
937 2434 1051 2473 eas.
1080 2410 1193 2490 Ego
1232 2418 1494 2474 Dominus
1518 2418 1661 2472 Deus
1678 2429 1878 2474 vester.
1908 2437 1928 2470 ι

443 2498 580 2562 Quia
616 2499 819 2569 pietate
857 2500 1017 2569 plena
1076 2509 1206 2555 sunt
1246 2516 1365 2569 quae
1388 2516 1535 2555 nunc
1590 2502 1705 2572 lege
1738 2502 1933 2571 praeci-

371 2588 620 2659 piuntur,
655 2600 905 2659 apertum
938 2601 1039 2646 est.
1072 2591 1304 2662 PrOpter
1327 2593 1471 2662 quod
1511 2609 1573 2647 ea
1602 2593 1856 2648 cuswdiri
1880 2603 1935 2649 et

370 2681 671 2734 secundum
703 2681 934 2736 litteram
981 2691 1216 2753 Oportet,
1252 2683 1345 2737 sed
1397 2684 1574 2752 majus
1624 2698 1812 2737 eorum
1844 2683 1933 2737 lu-

368 2786 523 2826 crum
571 2775 962 2843 contemplatio
1005 2774 1264 2843 possidet.
1297 2774 1375 2827 'l‘n
1419 2783 1596 2830 autem
1626 2775 1729 2829 hoc
1760 2775 1815 2828 in
1855 2776 1934 2831 eis

368 2869 518 2925 nota,
546 2861 673 2929 quia
731 2877 855 2915 cum
887 2862 1084 2916 similia
1132 2863 1218 2916 his
1263 2865 1514 2932 superius
1561 2864 1932 2933 praecepisset,

365 2962 481 3001 non
508 2956 691 3003 tamen
727 2950 917 3005 eadem
970 2951 1223 3015 sancivit,
1266 2952 1369 3006 hoc
1419 2960 1599 3006 autem
1642 2955 1931 3006 verborum

367 3035 482 3107 ipsa
501 3038 810 3094 immutatio
826 3039 1178 3103 demonstrat,
1206 3040 1279 3093 ibi
1299 3040 1499 3094 etenim
1511 3040 1619 3094 ait:
1646 3040 1766 3094 Non
1788 3057 1932 3094 com-

2103 1858 2480 1927 Septenarium
2510 1872 2804 1911 numerum
2857 1855 3170 1912 evidentem
3194 1870 3383 1927 gerere
3430 1864 3487 1910 et
3514 1855 3607 1911 in-

2032 1949 2390 2005 dubitabilem
2425 1948 2914 2004 consummationis
2944 1948 3168 2019 ﬁguram
3193 1949 3309 2003 sive
3342 1947 3606 2007 uniuscu-

2027 2040 2227 2111 jusque
2270 2051 2541 2104 nostrum,
2575 2040 2691 2095 sive
2728 2039 3061 2110 generalem,
3102 2038 3273 2093 multa
3301 2039 3519 2094 cuidem
3550 2047 3609 2094 el

2032 2134 2140 2188 alia
2170 2134 2488 2198 ostendunt,
2537 2133 2669 2188 illud
2706 2142 2890 2186 autem
2952 2130 3206 2195 maxime,
3261 2130 3387 2200 quia
3460 2131 3606 2185 Deus

2033 2227 2090 2283 in
2123 2229 2210 2283 die
2234 2229 2462 2298 septima
2480 2228 2714 2282 cessavit
2739 2227 2808 2282 ab
2838 2226 3097 2294 operibus
3127 2225 3263 2291 suis,
3289 2226 3425 2279 dans
3445 2223 3608 2278 nobis

2033 2334 2100 2375 ex
2133 2320 2248 2389 ipsa
2280 2319 2519 2389 requiem
2548 2328 2786 2395 nostram
2830 2317 3129 2387 conjicere,
3158 2316 3227 2370 de
3254 2332 3361 2386 qua
3404 2316 3608 2373 Paulus

2033 2414 2107 2467 ait
2148 2412 2294 2478 :Qui
2319 2414 2455 2467 enim
2485 2414 2749 2482 ingressus
2777 2421 2851 2465 est
2902 2412 2959 2464 in
3009 2409 3161 2463 illam
3216 2410 3466 2479 requiem,
3520 2426 3605 2464 re-

2022 2506 2223 2581 quievit
2268 2506 2377 2571 ipse
2436 2505 2501 2557 ab
2556 2503 2795 2557 omnibus
2825 2502 3066 2571 operibus
3100 2493 3239 2564 suis,
3265 2503 3606 2571 quemadmo-

2031 2598 2155 2650 dum
2180 2605 2227 2648 et
2248 2614 2279 2649 a
2310 2597 2418 2649 suis
2452 2597 2587 2649 Deus
2607 2597 2674 2647 ⁸².
2710 2595 2816 2649 Sed
2862 2594 3077 2647 initium
3109 2594 3606 2648 consummationis

2034 2693 2363 2752 temporum,
2409 2683 2625 2737 Domini
2656 2691 2740 2737 est
2768 2682 3035 2736 adventura
3063 2690 3286 2751 propter
3315 2682 3605 2751 quodillud

2030 2776 2383 2830 novissimam
2415 2775 2605 2828 horam
2633 2774 2874 2828 Joannes
2922 2774 3263 2844 evangelista
3286 2773 3603 2842 appellavit,

2031 2868 2106 2919 ait
2134 2866 2280 2920 enim
2312 2882 2328 2918 :
2365 2862 2568 2930 Filioli,
2604 2864 2879 2918 novissima
2898 2864 3027 2916 hora
3061 2872 3133 2915 est
3160 2865 3225 2916 ⁸³.
3249 2864 3354 2919 Sed
3372 2873 3427 2918 et
3452 2862 3609 2920 Jaco-

2033 2958 2134 3011 bus
2163 2973 2177 3010 :
2207 2956 2342 3010 Ecce
2364 2956 2530 3025 judex
2562 2964 2687 3009 ante
2726 2954 2957 3024 jauuam
2975 2963 3079 3007 stat
3111 2954 3178 3009 “.
3214 2954 3329 3010 Hoc
3388 2966 3606 3027 tempus

2033 3049 2267 3119 primam
2290 3046 2506 3116 septimi
2562 3046 2769 3100 mensis
2792 3045 2936 3100 sicut
2978 3045 3305 3117 principium
3336 3061 3603 3102 consum-

365 3128 574 3197 plebitis
609 3132 915 3184 messionem
946 3141 1192 3195 vestram,
1226 3132 1316 3185 hic
1338 3139 1556 3185 autem:
1587 3130 1705 3184 Non
1740 3131 1939 3185 secabi-
1959 3128 2002 3153 υ
2036 3137 2317 3203 mntionis,
2346 3145 2495 3190 recte
2519 3136 2607 3190 lex
2631 3135 2946 3206 appellavit.
2992 3136 3089 3189 Est
3110 3137 3274 3189 etiam
3308 3137 3470 3193 nobis
3514 3154 3606 3192 re-

369 3217 436 3270 tis
464 3232 581 3270 eam
604 3233 766 3286 usque
800 3219 870 3271 ad
902 3219 1093 3281 solum,
1134 3227 1194 3273 ut
1242 3217 1604 3272 diﬂ‘erentiam
1646 3217 1816 3286 ipsam
1866 3232 1932 3271 ex

366 3309 768 3376 permutatione
808 3310 1099 3364 verborum
1128 3309 1512 3379 intelligamus.
1532 3308 1755 3361 Terram
1796 3306 1933 3361 fille-

368 3393 502 3451 lium
525 3412 645 3454 esse
676 3399 986 3469 praedictam
1009 3415 1039 3453 a
1062 3399 1178 3469 lege
1207 3398 1302 3452 Dei
1329 3402 1798 3452 conversationem
1827 3396 1936 3450 fre-

373 3497 608 3556 quenter
626 3492 992 3546 ostendimus;
1035 3493 1200 3561 hujus
1242 3490 1462 3553 messio,
1499 3496 1621 3559 post
1658 3501 1937 3544 resurrec-

375 3575 581 3631 tionem
606 3579 907 3633 Salvatoris
947 3595 975 3633 a
1002 3579 1254 3642 mortuis,
1301 3586 1356 3632 et
1416 3578 1710 3632 adventum
1763 3575 1934 3630 sancti

378 3662 636 3732 Spiritus,
666 3664 866 3720 ﬂoruit.
895 3664 962 3719 Et
992 3683 1102 3721 non
1146 3667 1364 3735 quidem
1396 3680 1614 3720 omnem
1653 3664 1935 3719 scientiam

375 3768 541 3823 quam
591 3757 831 3811 habituri
873 3773 1095 3819 sumus,
1136 3758 1356 3826 quando
1407 3758 1473 3810 ad
1527 3756 1708 3825 ipsum
1766 3753 1937 3809 Deum

374 3847 723 3913 venerimus,
789 3850 951 3903 tradit
1026 3849 1256 3904 verbum
1310 3845 1760 3918 praedicationis:
1810 3853 1940 3900 sunt

374 3948 556 3994 autem
579 3956 701 4009 quae
721 3941 999 4012 relinquit,
1026 3949 1214 4011 utpote
1238 3955 1358 4010 quae
1401 3954 1550 3993 nunc
1585 3938 1741 3993 nobis
1782 3952 1939 3992 reve-

374 4028 471 4083 lari
505 4045 613 4085 non
644 4040 892 4100 possunt.
920 4034 985 4086 Et
1012 4039 1295 4101 propterea
1334 4031 1503 4101 legem
1538 4030 1678 4084 hanc
1714 4029 1767 4083 in
1797 4043 1938 4097 prae-

374 4120 533 4176 dictis
571 4121 957 4177 festivitatibus
1015 4123 1362 4192 interposuit,
1396 4131 1452 4176 et
1490 4122 1597 4175 ait:
1652 4120 1940 4189 Postquam

373 4214 691 4268 messuaritis
720 4224 942 4284 segetem
973 4222 1126 4268 terrce
1155 4224 1360 4279 vestrm,
1400 4230 1505 4267 non
1548 4211 1791 4267 secabitis
1819 4225 1937 4264 eam

310 4335 319 4346 -
371 4320 533 4375 usque
553 4308 624 4360 ad
651 4306 838 4361 solum.

2036 3228 2226 3299 quies;
2257 3228 2385 3297 quia
2415 3241 2516 3281 nos
2551 3226 2620 3280 ab
2644 3226 2905 3296 operibus
2959 3226 3118 3279 malis
3140 3227 3333 3281 carnis
3390 3227 3604 3292 refecit,

2038 3331 2095 3377 et
2120 3337 2148 3375 a
2167 3322 2298 3391 jugo
2327 3320 2476 3391 gravi
2496 3319 2782 3374 liberavit:
2811 3317 2987 3372 Venite
3009 3319 3170 3385 enim,
3197 3319 3393 3390 inquit,
3429 3337 3609 3376 omnes

2040 3415 2129 3484 qui
2160 3412 2413 3469 laboratis
2443 3420 2493 3464 et
2522 3412 2728 3464 onerati
2754 3411 2899 3473 estis.
2932 3418 2980 3465 et
3010 3426 3102 3481 ego
3147 3410 3383 3479 reﬁciam
3425 3428 3513 3466 ros
3536 3414 3605 3467 ⁸⁵.

2040 3504 2110 3561 Ει
2137 3517 2365 3557 rursus:
2398 3501 2594 3556 Discite
2632 3517 2664 3554 a
2702 3518 2802 3565 me,
2839 3501 2963 3571 quia
2993 3501 3133 3553 mitis
3167 3517 3285 3557 sum
3322 3512 3370 3555 et
3398 3501 3610 3555 humilis

2042 3596 2221 3661 corde,
2252 3604 2300 3648 et
2340 3594 2614 3647 invenietis
2637 3593 2869 3669 requiem
2891 3592 3171 3646 animabus
3196 3594 3380 3647 vestris
3395 3596 3462 3646 ⁸⁸.
3495 3593 3611 3648 Hoc

2042 3699 2099 3743 et
2126 3686 2442 3743 memoriale
2479 3685 2730 3739 tubarum
2779 3690 2863 3739 est
2891 3700 2906 3736 :
2941 3683 3199 3754 pra’dicat
3247 3684 3395 3738 enim
3425 3684 3607 3739 Salva.

2044 3777 2179 3834 toris
2204 3777 2685 3840 resurrectionem,
2724 3789 2847 3844 quae
2909 3774 3226 3829 memoriale
3256 3781 3340 3827 est
3367 3788 3612 3844 commn-

2043 3873 2132 3927 nis
2157 3880 2494 3927 mortuorum
2535 3863 2975 3932 resurrectionis,
3003 3885 3126 3939 quae
3188 3869 3245 3923 in
3284 3883 3417 3925 voce
3453 3869 3613 3924 tuba-

2044 3979 2165 4018 rum
2192 3977 2505 4034 magnarum
2552 3968 2608 4016 et
2660 3958 2979 4015 terribilium
3028 3960 3306 4015 edicitur:
3356 3960 3422 4014 In
3458 3960 3614 4030 jussu

2048 4055 2342 4117 Dominico,
2373 4054 2429 4106 in
2455 4068 2577 4106 voce
2605 4051 2925 4120 archangeli,
2956 4051 3013 4103 in
3069 4051 3190 4104 tuba
3245 4051 3339 4105 Dei
3360 4053 3423 4118 ⁸⁷,
3473 4051 3619 4111 sicut

2045 4146 2249 4201 Paulus
2270 4144 2474 4201 docuit.
2526 4143 2638 4198 Hoc
2671 4154 2885 4212 tempus
2930 4143 3217 4197 vocabitur
3245 4152 3492 4197 sanctum
3515 4144 3618 4196 Do-

2047 4234 2222 4296 mino,
2262 4235 2388 4303 quia
2420 4233 2783 4297 vocationem,
2818 4247 2939 4301 qua:
2960 4232 3012 4284 in
3039 4232 3468 4288 sanctificatione
3508 4242 3612 4298 est,

2048 4325 2293 4397 possidet
2324 4341 2336 4376 :
2370 4339 2435 4380 ex
2456 4339 2562 4394 qua
2614 4324 2855 4391 adoptio,
2900 4338 3021 4391 qua:
3065 4322 3135 4376 ad
3198 4339 3322 4377 eum
3376 4324 3620 4393 pertinet

442 4394 502 4506 'l"
548 4410 615 4449 eo
669 4396 1018 4506 ‘l‘_'°d.gicn_i
1052 4395 1173 4450 Νοη
1204 4395 1445 4506 δεθεῖίξίίίδ
1468 4410 1615 4506 ἐαξη
1662 4408 1829 4497 usque.
1869 4389 1940 4445 ad
1977 4453 2018 4506 υ
2047 4389 2255 4487 vocatis
2281 4389 2510 4470 ellicitu'r
2550 4433 2562 4468 :
2594 4389 2762 4468 Omne
2789 4389 2933 4482 opus
2952 4414 3135 4469 servile
3187 4431 3287 4468 non
3317 4389 3520 4485 facietis
3561 4416 3621 4471 in

370 4487 563 4550 solum,
595 4502 660 4540 ea
691 4487 1034 4555 significavit,
1068 4504 1190 4558 quae
1220 4487 1377 4542 nobis
1419 4486 1485 4541 ad
1525 4486 1740 4555 plenam
1758 4484 1939 4540 scien-

372 4570 502 4624 tiam
524 4582 580 4626 et
610 4575 903 4642 perfectam
944 4577 1165 4642 desunt,
1229 4586 1456 4648 prepter
1488 4576 1632 4646 quod
1661 4583 1715 4631 et
1744 4574 1938 4629 subdi-

372 4662 481 4714 dit:
512 4661 621 4716 Nec
643 4677 964 4722 remanentes
983 4671 1159 4737 spicas
1188 4668 1462 4739 colligetis.
1479 4667 1551 4723 Ut
1572 4683 1681 4722 non
1702 4675 1937 4721 conten-

307 4746 315 4753 ’
371 4753 588 4818 damus,
619 4771 795 4827 neque
844 4759 1048 4815 frustra
1104 4775 1369 4815 conemur
1427 4775 1490 4814 ea
1537 4774 1658 4829 quae
1691 4767 1936 4812 nostram

373 4843 589 4916 fugiunt
634 4849 949 4906 scientiam.
995 4851 1061 4907 Et
1103 4861 1393 4923 propterea
1421 4853 1488 4907 de
1514 4866 1763 4906 messura
1815 4864 1936 4918 quas

373 4938 570 4993 cadere
595 4939 870 5006 dicuntur,
894 4943 1148 5014 colligere
1179 4923 1309 4997 .nec
1357 4956 1672 5011 possumus,
1702 4940 1798 4994 sed
1847 4954 1941 4993 re-

372 5031 686 5101 linquamus
723 5049 787 5089 ea
820 5034 1041 5090 Christo
1069 5050 1231 5104 quem
1292 5034 1611 5105 significans
1662 5031 1939 5102 legislator

372 5127 582 5183 addidit
614 5148 627 5183 :
658 5128 986 5200 Pauperibus
1014 5140 1062 5184 et
1092 5130 1380 5201 peregrinis
1405 5130 1638 5183 dimittes
1659 5144 1773 5181 eas.
1809 5124 1938 5181 Sive

373 5218 674 5273 secundum
704 5216 849 5273 LXX
882 5236 894 5272 :
927 5219 1161 5289 Pauperi
1186 5229 1236 5273 et
1266 5218 1532 5289 proselyto
1562 5214 1823 5286 relinques
1846 5230 1932 5269 ea.

371 5306 443 5363 Et
468 5308 590 5378 quis
624 5317 709 5364 est
738 5310 866 5366 hic?
891 5309 1030 5365 Audi
1053 5309 1197 5379 quod
1229 5307 1514 5377 sequituri:
1545 5302 1658 5375 Ego
1678 5305 1935 5361 Dominus

372 5397 517 5455 Deus
537 5410 719 5455 vester.

476 5612 524 5682 ξ’
556 5616 676 5671 Act.
713 5633 776 5682 ιι,
812 5616 899 5671 10-

993 5618 1040 5650 ⁸⁸
1067 5615 1107 5670 ιι
1129 5615 1255 5671 Cor.
1296 5631 1377 5678 In,
1407 5615 1492 5670 l7.
1570 5614 1613 5645 ⁸¹
1636 5614 1878 5675 Rom.n,
1908 5615 1998 5669 35.
2076 5615 2120 5647 κ’
2152 5613 2320 5668 llcbr.
2341 5610 2511 5672 tv,lO.

2046 4522 2122 4566 eo.
2155 4514 2206 4558 et
2246 4505 2468 4574 oﬁ’eretis
2509 4503 2872 4556 holocaustum
2911 4503 3158 4558 Domino.

2111 4593 2230 4648 Non
2266 4603 2349 4649 est
2380 4594 2526 4647 enim
2549 4593 2661 4663 jam
2690 4602 2907 4661 tempus
2944 4608 3111 4662 opera
3164 4594 3385 4651 servilia
3433 4610 3618 4665 agere,

2039 4684 2165 4754 quia
2227 4682 2427 4739 sufﬁcit
2474 4684 2809 4753 praeteritum
2880 4694 3098 4754 tempus
3148 4687 3213 4740 ad
3277 4688 3619 4742 voluntatem

2040 4773 2307 4845 gentium,
2342 4773 2397 4826 in
2430 4788 2539 4842 quo
2562 4783 2712 4843 gesta
2747 4783 2876 4827 sunt
2916 4789 3084 4843 Opera
3103 4775 3346 4838 servilia,
3369 4783 3424 4829 ct
3450 4775 3619 4828 debe-

2042 4878 2185 4929 mus,
2206 4862 2660 4931 quemadmodum
2715 4864 3065 4918 exhibuimus
3114 4866 3356 4919 membra
3433 4873 3620 4920 nostra

2044 4967 2193 5007 arma
2222 4952 2525 5022 iniquitatis
2557 4953 2622 5007 ad
2653 4954 3014 5022 iniquitatem,
3048 4955 3118 5007 ita
3159 4955 3418 5007 exhibere
3443 4969 3619 5008 mem-

2046 5042 2141 5096 bra
2167 5051 2353 5097 nostra
2376 5059 2525 5098 arma
2568 5044 2817 5114 justitiae.
2850 5044 2903 5097 in
2933 5044 3373 5099 sanctificatione
3402 5044 3466 5097 ".
3506 5042 3617 5100 Hoc

2044 5142 2126 5188 est
2155 5134 2301 5187 enim
2338 5134 2533 5188 iterum
2562 5136 2963 5189 holocaustum.

2113 5218 2278 5274 Vens.
2317 5219 2508 5273 27-32.
2535 5240 2555 5273 ι
2594 5221 2938 5289 Locutusque
2960 5228 3045 5275 est
3076 5220 3342 5276 Dominus
3381 5222 3448 5276 ad
3467 5220 3618 5295 Moy-

2042 5323 2162 5374 sen,
2217 5308 2453 5361 dicens:
2516 5308 2737 5363 Decimo
2785 5309 2872 5361 die
2919 5309 3125 5364 mensis
3178 5310 3344 5379 hujus
3398 5313 3619 5382 septimi

2042 5397 2160 5455 dies
2198 5396 2575 5467 expiationum
2633 5398 2740 5451 erit
2783 5397 3198 5467 celeberrimus,
3231 5412 3284 5458 ct
3332 5402 3620 5461 vocabitur

2622 5614 2707 5672 ⁸³1
2736 5614 2894 5674 Joan.
2938 5634 2996 5687 ιι,
3047 5619 3136 5676 18.
3210 5620 3259 5653 ⁸⁸
3283 5617 3399 5676 Jac.
3432 5636 3489 5688 ν,
3520 5619 3573 5676 9.

443 5676 490 5708 ⁸⁸
511 5684 700 5743 Hattb.
725 5676 798 5753 xi,
821 5686 911 5741 28.
988 5687 1036 5720 ⁸⁸
1068 5686 1199 5741 ibid.
1226 5686 1317 5741 29.
1369 5676 1437 5717 ’⁸⁷
1467 5685 1486 5739 l
1512 5682 1706 5740 Thess.
1734 5700 1808 5750 iv,
1842 5684 1928 5738 lii.

2036 5682 2050 5714 ³
2077 5682 2236 5739 llom.
2262 5699 2337 5750 vi,
2369 5681 2459 5747 i3,
2488 5683 2576 5740 l9.
