  <div class='ocr_page' id='page_1' title='image "/cluster/home/n/w/nwhite01/storage/ocr_20150623/93/hvd.32044054128533/559.png"; bbox 0 0 4038 6182; ppageno 0'>
   <div class='ocr_carea' id='block_1_1' title="bbox 484 207 618 270">
    <p class='ocr_par' dir='ltr' id='par_1_1' title="bbox 484 207 618 270">
     <span class='ocr_line' id='line_1_1' title="bbox 484 207 618 270; baseline -0.022 0"><span class='ocrx_word' id='word_1_1' title='bbox 484 207 618 270; x_wconf 81' lang='lat'><strong>1091</strong></span> 
     </span>
    </p>
   </div>
   <div class='ocr_carea' id='block_1_2' title="bbox 1678 206 2553 268">
    <p class='ocr_par' dir='ltr' id='par_1_2' title="bbox 1678 206 2553 268">
     <span class='ocr_line' id='line_1_2' title="bbox 1678 206 2553 268; baseline 0 -2"><span class='ocrx_word' id='word_1_2' title='bbox 1678 207 1974 268; x_wconf 82' lang='lat' dir='ltr'><strong>IlESYCH</strong></span> <span class='ocrx_word' id='word_1_3' title='bbox 1987 207 2041 267; x_wconf 88' lang='grc' dir='ltr'><strong>ῐΙ</strong></span> <span class='ocrx_word' id='word_1_4' title='bbox 2081 206 2553 268; x_wconf 76' lang='lat' dir='ltr'><strong>PRESBYTERI</strong></span> 
     </span>
    </p>
   </div>
   <div class='ocr_carea' id='block_1_3' title="bbox 3512 166 3736 272">
    <p class='ocr_par' dir='ltr' id='par_1_3' title="bbox 3512 166 3736 272">
     <span class='ocr_line' id='line_1_3' title="bbox 3512 166 3736 272; baseline -0.004 0"><span class='ocrx_word' id='word_1_5' title='bbox 3512 166 3736 272; x_wconf 3' lang='lat' dir='ltr'><strong>dum</strong></span> 
     </span>
    </p>
   </div>
   <div class='ocr_carea' id='block_1_4' title="bbox 481 309 3739 385">
    <p class='ocr_par' dir='ltr' id='par_1_4' title="bbox 481 309 3739 385">
     <span class='ocr_line' id='line_1_4' title="bbox 481 309 3739 385; baseline 0.003 -19"><span class='ocrx_word' id='word_1_6' title='bbox 481 319 726 376; x_wconf 80' lang='lat' dir='ltr'><strong>sanctus,</strong></span> <span class='ocrx_word' id='word_1_7' title='bbox 764 309 1121 382; x_wconf 78' lang='lat' dir='ltr'><strong>amigetisque</strong></span> <span class='ocrx_word' id='word_1_8' title='bbox 1148 310 1359 365; x_wconf 89' lang='lat' dir='ltr'><strong>animas</strong></span> <span class='ocrx_word' id='word_1_9' title='bbox 1390 319 1605 365; x_wconf 88' lang='lat' dir='ltr'><strong>vestras</strong></span> <span class='ocrx_word' id='word_1_10' title='bbox 1638 311 1694 365; x_wconf 90' lang='lat' dir='ltr'><strong>in</strong></span> <span class='ocrx_word' id='word_1_11' title='bbox 1735 328 1803 366; x_wconf 91' lang='lat' dir='ltr'><strong>eo</strong></span> <span class='ocrx_word' id='word_1_12' title='bbox 1836 312 2046 368; x_wconf 78' lang='lat' dir='ltr'><strong>etoﬂ‘e-</strong></span> <span class='ocrx_word' id='word_1_13' title='bbox 2076 318 2120 373; x_wconf 71' lang='grc' dir='ltr'>Α</span> <span class='ocrx_word' id='word_1_14' title='bbox 2149 313 2352 381; x_wconf 76' lang='lat' dir='ltr'><strong>facietis</strong></span> <span class='ocrx_word' id='word_1_15' title='bbox 2390 315 2443 366; x_wconf 88' lang='lat' dir='ltr'><strong>in</strong></span> <span class='ocrx_word' id='word_1_16' title='bbox 2477 323 2707 384; x_wconf 81' lang='lat' dir='ltr'><strong>tempore</strong></span> <span class='ocrx_word' id='word_1_17' title='bbox 2762 314 2869 369; x_wconf 81' lang='lat' dir='ltr'><strong>diei</strong></span> <span class='ocrx_word' id='word_1_18' title='bbox 2932 316 3113 385; x_wconf 84' lang='lat' dir='ltr'><strong>hujus.</strong></span> <span class='ocrx_word' id='word_1_19' title='bbox 3146 314 3229 370; x_wconf 27' lang='lat' dir='ltr'><strong>.ln</strong></span> <span class='ocrx_word' id='word_1_20' title='bbox 3292 317 3739 375; x_wconf 85' lang='lat' dir='ltr'><strong>bolocaulomate</strong></span> 
     </span>
    </p>
   </div>
   <div class='ocr_carea' id='block_1_5' title="bbox 481 400 2056 472">
    <p class='ocr_par' dir='ltr' id='par_1_5' title="bbox 481 400 2056 472">
     <span class='ocr_line' id='line_1_5' title="bbox 481 400 2056 472; baseline 0.001 -15"><span class='ocrx_word' id='word_1_21' title='bbox 481 402 614 457; x_wconf 88' lang='lat' dir='ltr'><strong>retis</strong></span> <span class='ocrx_word' id='word_1_22' title='bbox 644 400 1022 457; x_wconf 75' lang='lat' dir='ltr'><strong>holocaustum</strong></span> <span class='ocrx_word' id='word_1_23' title='bbox 1056 400 1303 456; x_wconf 91' lang='lat' dir='ltr'><strong>Domino.</strong></span> <span class='ocrx_word' id='word_1_24' title='bbox 1334 401 1508 456; x_wconf 86' lang='lat' dir='ltr'><strong>Omne</strong></span> <span class='ocrx_word' id='word_1_25' title='bbox 1535 417 1674 472; x_wconf 89' lang='lat' dir='ltr'><strong>opus</strong></span> <span class='ocrx_word' id='word_1_26' title='bbox 1702 404 1901 458; x_wconf 83' lang='lat' dir='ltr'><strong>servile</strong></span> <span class='ocrx_word' id='word_1_27' title='bbox 1945 420 2056 458; x_wconf 90' lang='lat' dir='ltr'><strong>non</strong></span> 
     </span>
    </p>
   </div>
   <div class='ocr_carea' id='block_1_6' title="bbox 479 492 2058 566">
    <p class='ocr_par' dir='ltr' id='par_1_6' title="bbox 479 492 2058 566">
     <span class='ocr_line' id='line_1_6' title="bbox 479 492 2058 566; baseline -0.001 -16"><span class='ocrx_word' id='word_1_28' title='bbox 479 495 693 550; x_wconf 73' lang='lat' dir='ltr'><strong>facietis</strong></span> <span class='ocrx_word' id='word_1_29' title='bbox 725 496 778 550; x_wconf 91' lang='lat' dir='ltr'><strong>in</strong></span> <span class='ocrx_word' id='word_1_30' title='bbox 800 504 1046 564; x_wconf 86' lang='lat' dir='ltr'><strong>tempore</strong></span> <span class='ocrx_word' id='word_1_31' title='bbox 1076 492 1183 548; x_wconf 91' lang='lat' dir='ltr'><strong>diei</strong></span> <span class='ocrx_word' id='word_1_32' title='bbox 1215 493 1399 563; x_wconf 83' lang='lat' dir='ltr'><strong>hujus,</strong></span> <span class='ocrx_word' id='word_1_33' title='bbox 1462 494 1588 564; x_wconf 86' lang='lat' dir='ltr'><strong>quia</strong></span> <span class='ocrx_word' id='word_1_34' title='bbox 1623 494 1741 549; x_wconf 91' lang='lat' dir='ltr'><strong>dies</strong></span> <span class='ocrx_word' id='word_1_35' title='bbox 1792 495 2058 566; x_wconf 89' lang='lat' dir='ltr'><strong>propitia-</strong></span> 
     </span>
    </p>
   </div>
   <div class='ocr_carea' id='block_1_7' title="bbox 481 586 2059 657">
    <p class='ocr_par' dir='ltr' id='par_1_7' title="bbox 481 586 2059 657">
     <span class='ocr_line' id='line_1_7' title="bbox 481 586 2059 657; baseline -0.001 -13"><span class='ocrx_word' id='word_1_36' title='bbox 481 589 647 644; x_wconf 82' lang='lat' dir='ltr'><strong>tionis</strong></span> <span class='ocrx_word' id='word_1_37' title='bbox 677 596 781 652; x_wconf 89' lang='lat' dir='ltr'><strong>est,</strong></span> <span class='ocrx_word' id='word_1_38' title='bbox 816 597 875 641; x_wconf 88' lang='lat' dir='ltr'><strong>ut</strong></span> <span class='ocrx_word' id='word_1_39' title='bbox 908 586 1236 657; x_wconf 88' lang='lat' dir='ltr'><strong>propitietur</strong></span> <span class='ocrx_word' id='word_1_40' title='bbox 1280 587 1431 641; x_wconf 84' lang='lat' dir='ltr'><strong>vobis</strong></span> <span class='ocrx_word' id='word_1_41' title='bbox 1466 588 1725 643; x_wconf 85' lang='lat' dir='ltr'><strong>Dominus</strong></span> <span class='ocrx_word' id='word_1_42' title='bbox 1752 588 1897 642; x_wconf 88' lang='lat' dir='ltr'><strong>Deus</strong></span> <span class='ocrx_word' id='word_1_43' title='bbox 1960 603 2059 642; x_wconf 82' lang='lat' dir='ltr'><strong>ve-</strong></span> 
     </span>
    </p>
   </div>
   <div class='ocr_carea' id='block_1_8' title="bbox 483 678 2056 751">
    <p class='ocr_par' dir='ltr' id='par_1_8' title="bbox 483 678 2056 751">
     <span class='ocr_line' id='line_1_8' title="bbox 483 678 2056 751; baseline -0.001 -16"><span class='ocrx_word' id='word_1_44' title='bbox 483 690 613 735; x_wconf 88' lang='lat' dir='ltr'><strong>ster.</strong></span> <span class='ocrx_word' id='word_1_45' title='bbox 632 679 821 734; x_wconf 91' lang='lat' dir='ltr'><strong>Omnis</strong></span> <span class='ocrx_word' id='word_1_46' title='bbox 843 678 1171 751; x_wconf 73' lang='lat' dir='ltr'><strong>aniiua_qu:e</strong></span> <span class='ocrx_word' id='word_1_47' title='bbox 1192 678 1387 733; x_wconf 83' lang='lat' dir='ltr'><strong>amicta</strong></span> <span class='ocrx_word' id='word_1_48' title='bbox 1412 695 1522 734; x_wconf 92' lang='lat' dir='ltr'><strong>non</strong></span> <span class='ocrx_word' id='word_1_49' title='bbox 1544 680 1705 735; x_wconf 88' lang='lat' dir='ltr'><strong>fuerit</strong></span> <span class='ocrx_word' id='word_1_50' title='bbox 1733 681 1788 734; x_wconf 92' lang='lat' dir='ltr'><strong>in</strong></span> <span class='ocrx_word' id='word_1_51' title='bbox 1824 680 1914 735; x_wconf 91' lang='lat' dir='ltr'><strong>die</strong></span> <span class='ocrx_word' id='word_1_52' title='bbox 1933 681 2056 747; x_wconf 90' lang='lat' dir='ltr'><strong>hoc,</strong></span> 
     </span>
    </p>
   </div>
   <div class='ocr_carea' id='block_1_9' title="bbox 480 768 2058 841">
    <p class='ocr_par' dir='ltr' id='par_1_9' title="bbox 480 768 2058 841">
     <span class='ocr_line' id='line_1_9' title="bbox 480 768 2058 841; baseline -0.001 -18"><span class='ocrx_word' id='word_1_53' title='bbox 480 770 682 841; x_wconf 75' lang='lat' dir='ltr'><strong>peribit</strong></span> <span class='ocrx_word' id='word_1_54' title='bbox 730 772 798 824; x_wconf 89' lang='lat' dir='ltr'><strong>de</strong></span> <span class='ocrx_word' id='word_1_55' title='bbox 846 769 1063 839; x_wconf 87' lang='lat' dir='ltr'><strong>populis</strong></span> <span class='ocrx_word' id='word_1_56' title='bbox 1122 768 1257 823; x_wconf 88' lang='lat' dir='ltr'><strong>suis.</strong></span> <span class='ocrx_word' id='word_1_57' title='bbox 1292 768 1359 822; x_wconf 87' lang='lat' dir='ltr'><strong>Et</strong></span> <span class='ocrx_word' id='word_1_58' title='bbox 1414 786 1533 840; x_wconf 65' lang='lat' dir='ltr'><strong>quae</strong></span> <span class='ocrx_word' id='word_1_59' title='bbox 1564 770 1745 839; x_wconf 87' lang='lat' dir='ltr'><strong>operis</strong></span> <span class='ocrx_word' id='word_1_60' title='bbox 1780 769 2058 840; x_wconf 84' lang='lat' dir='ltr'><strong>quippiam</strong></span> 
     </span>
    </p>
   </div>
   <div class='ocr_carea' id='block_1_10' title="bbox 480 854 2060 928">
    <p class='ocr_par' dir='ltr' id='par_1_10' title="bbox 480 854 2060 928">
     <span class='ocr_line' id='line_1_10' title="bbox 480 854 2060 928; baseline 0.002 -20"><span class='ocrx_word' id='word_1_61' title='bbox 480 854 693 920; x_wconf 76' lang='lat' dir='ltr'><strong>fecerit,</strong></span> <span class='ocrx_word' id='word_1_62' title='bbox 727 855 921 909; x_wconf 83' lang='lat' dir='ltr'><strong>delebo</strong></span> <span class='ocrx_word' id='word_1_63' title='bbox 937 870 1056 909; x_wconf 89' lang='lat' dir='ltr'><strong>eam</strong></span> <span class='ocrx_word' id='word_1_64' title='bbox 1081 855 1148 910; x_wconf 93' lang='lat' dir='ltr'><strong>de</strong></span> <span class='ocrx_word' id='word_1_65' title='bbox 1170 855 1370 925; x_wconf 89' lang='lat' dir='ltr'><strong>populo</strong></span> <span class='ocrx_word' id='word_1_66' title='bbox 1404 873 1524 911; x_wconf 88' lang='lat' dir='ltr'><strong>suo.</strong></span> <span class='ocrx_word' id='word_1_67' title='bbox 1557 857 1707 911; x_wconf 86' lang='lat' dir='ltr'><strong>Nihil</strong></span> <span class='ocrx_word' id='word_1_68' title='bbox 1731 873 1861 928; x_wconf 80' lang='lat' dir='ltr'><strong>ergo</strong></span> <span class='ocrx_word' id='word_1_69' title='bbox 1877 856 2060 927; x_wconf 88' lang='lat' dir='ltr'><strong>operis</strong></span> 
     </span>
    </p>
   </div>
   <div class='ocr_carea' id='block_1_11' title="bbox 479 944 2060 1017">
    <p class='ocr_par' dir='ltr' id='par_1_11' title="bbox 479 944 2060 1017">
     <span class='ocr_line' id='line_1_11' title="bbox 479 944 2060 1017; baseline 0 -17"><span class='ocrx_word' id='word_1_70' title='bbox 479 944 690 1002; x_wconf 78' lang='lat' dir='ltr'><strong>facietis</strong></span> <span class='ocrx_word' id='word_1_71' title='bbox 723 948 776 999; x_wconf 92' lang='lat' dir='ltr'><strong>in</strong></span> <span class='ocrx_word' id='word_1_72' title='bbox 806 961 892 1000; x_wconf 91' lang='lat' dir='ltr'><strong>eo.</strong></span> <span class='ocrx_word' id='word_1_73' title='bbox 921 945 1248 1017; x_wconf 82' lang='lat' dir='ltr'><strong>Legitimum</strong></span> <span class='ocrx_word' id='word_1_74' title='bbox 1312 946 1708 1015; x_wconf 87' lang='lat' dir='ltr'><strong>sempiternum</strong></span> <span class='ocrx_word' id='word_1_75' title='bbox 1755 949 1860 1002; x_wconf 89' lang='lat' dir='ltr'><strong>erit</strong></span> <span class='ocrx_word' id='word_1_76' title='bbox 1905 947 2060 1002; x_wconf 85' lang='lat' dir='ltr'><strong>vobis</strong></span> 
     </span>
    </p>
   </div>
   <div class='ocr_carea' id='block_1_12' title="bbox 482 1026 2058 1107">
    <p class='ocr_par' dir='ltr' id='par_1_12' title="bbox 482 1026 2058 1107">
     <span class='ocr_line' id='line_1_12' title="bbox 482 1026 2058 1107; baseline -0.001 -17"><span class='ocrx_word' id='word_1_77' title='bbox 482 1036 538 1091; x_wconf 91' lang='lat' dir='ltr'><strong>in</strong></span> <span class='ocrx_word' id='word_1_78' title='bbox 563 1026 774 1091; x_wconf 79' lang='lat' dir='ltr'><strong>cunctis</strong></span> <span class='ocrx_word' id='word_1_79' title='bbox 799 1037 1247 1107; x_wconf 81' lang='lat' dir='ltr'><strong>generationibus</strong></span> <span class='ocrx_word' id='word_1_80' title='bbox 1273 1044 1329 1090; x_wconf 89' lang='lat' dir='ltr'><strong>et</strong></span> <span class='ocrx_word' id='word_1_81' title='bbox 1381 1036 1813 1091; x_wconf 86' lang='lat' dir='ltr'><strong>habitationibus</strong></span> <span class='ocrx_word' id='word_1_82' title='bbox 1838 1035 2058 1096; x_wconf 85' lang='lat' dir='ltr'><strong>vestris.</strong></span> 
     </span>
    </p>
   </div>
   <div class='ocr_carea' id='block_1_13' title="bbox 484 1125 2056 1197">
    <p class='ocr_par' dir='ltr' id='par_1_13' title="bbox 484 1125 2056 1197">
     <span class='ocr_line' id='line_1_13' title="bbox 484 1125 2056 1197; baseline -0.001 -16"><span class='ocrx_word' id='word_1_83' title='bbox 484 1125 896 1197; x_wconf 85' lang='lat' dir='ltr'><strong>Sahbatumque</strong></span> <span class='ocrx_word' id='word_1_84' title='bbox 926 1128 1131 1196; x_wconf 87' lang='lat' dir='ltr'><strong>requiei</strong></span> <span class='ocrx_word' id='word_1_85' title='bbox 1164 1135 1285 1192; x_wconf 90' lang='lat' dir='ltr'><strong>est;</strong></span> <span class='ocrx_word' id='word_1_86' title='bbox 1314 1126 1562 1197; x_wconf 80' lang='lat' dir='ltr'><strong>allligetis</strong></span> <span class='ocrx_word' id='word_1_87' title='bbox 1598 1130 1809 1182; x_wconf 86' lang='lat' dir='ltr'><strong>animas</strong></span> <span class='ocrx_word' id='word_1_88' title='bbox 1828 1134 2056 1182; x_wconf 86' lang='lat' dir='ltr'><strong>vestras.</strong></span> 
     </span>
    </p>
   </div>
   <div class='ocr_carea' id='block_1_14' title="bbox 482 1215 2060 1289">
    <p class='ocr_par' dir='ltr' id='par_1_14' title="bbox 482 1215 2060 1289">
     <span class='ocr_line' id='line_1_14' title="bbox 482 1215 2060 1289; baseline -0.001 -17"><span class='ocrx_word' id='word_1_89' title='bbox 482 1215 580 1285; x_wconf 76' lang='lat' dir='ltr'><strong>Die</strong></span> <span class='ocrx_word' id='word_1_90' title='bbox 609 1234 751 1271; x_wconf 90' lang='lat' dir='ltr'><strong>nono</strong></span> <span class='ocrx_word' id='word_1_91' title='bbox 775 1216 977 1273; x_wconf 82' lang='lat' dir='ltr'><strong>mensis</strong></span> <span class='ocrx_word' id='word_1_92' title='bbox 998 1218 1237 1288; x_wconf 90' lang='lat' dir='ltr'><strong>septimi,</strong></span> <span class='ocrx_word' id='word_1_93' title='bbox 1262 1234 1291 1272; x_wconf 89' lang='lat' dir='ltr'><strong>a</strong></span> <span class='ocrx_word' id='word_1_94' title='bbox 1317 1233 1543 1288; x_wconf 85' lang='lat' dir='ltr'><strong>vespere</strong></span> <span class='ocrx_word' id='word_1_95' title='bbox 1564 1234 1736 1289; x_wconf 89' lang='lat' dir='ltr'><strong>usque</strong></span> <span class='ocrx_word' id='word_1_96' title='bbox 1761 1218 1831 1273; x_wconf 91' lang='lat' dir='ltr'><strong>ad</strong></span> <span class='ocrx_word' id='word_1_97' title='bbox 1862 1231 2060 1287; x_wconf 90' lang='lat' dir='ltr'><strong>vespe-</strong></span> 
     </span>
    </p>
   </div>
   <div class='ocr_carea' id='block_1_15' title="bbox 481 1308 1534 1364">
    <p class='ocr_par' dir='ltr' id='par_1_15' title="bbox 481 1308 1534 1364">
     <span class='ocr_line' id='line_1_15' title="bbox 481 1308 1534 1364; baseline -0.003 -1"><span class='ocrx_word' id='word_1_98' title='bbox 481 1324 603 1363; x_wconf 91' lang='lat' dir='ltr'><strong>rum</strong></span> <span class='ocrx_word' id='word_1_99' title='bbox 625 1308 974 1364; x_wconf 90' lang='lat' dir='ltr'><strong>celebrabitis</strong></span> <span class='ocrx_word' id='word_1_100' title='bbox 1007 1308 1240 1363; x_wconf 82' lang='lat' dir='ltr'><strong>Sabbata</strong></span> <span class='ocrx_word' id='word_1_101' title='bbox 1273 1319 1473 1363; x_wconf 91' lang='lat' dir='ltr'><strong>vestra.</strong></span> <span class='ocrx_word' id='word_1_102' title='bbox 1517 1327 1534 1360; x_wconf 77' lang='grc' dir='ltr'><strong>ι</strong></span> 
     </span>
    </p>
   </div>
   <div class='ocr_carea' id='block_1_16' title="bbox 554 1398 2061 1470">
    <p class='ocr_par' dir='ltr' id='par_1_16' title="bbox 554 1398 2061 1470">
     <span class='ocr_line' id='line_1_16' title="bbox 554 1398 2061 1470; baseline 0.001 -16"><span class='ocrx_word' id='word_1_103' title='bbox 554 1401 722 1455; x_wconf 81' lang='lat' dir='ltr'><strong>Recte</strong></span> <span class='ocrx_word' id='word_1_104' title='bbox 750 1398 946 1453; x_wconf 84' lang='lat' dir='ltr'><strong>Paulus</strong></span> <span class='ocrx_word' id='word_1_105' title='bbox 972 1401 1270 1455; x_wconf 86' lang='lat' dir='ltr'><strong>Corinthiis</strong></span> <span class='ocrx_word' id='word_1_106' title='bbox 1303 1400 1369 1455; x_wconf 92' lang='lat' dir='ltr'><strong>de</strong></span> <span class='ocrx_word' id='word_1_107' title='bbox 1384 1400 1588 1455; x_wconf 83' lang='lat' dir='ltr'><strong>Jud:eis</strong></span> <span class='ocrx_word' id='word_1_108' title='bbox 1641 1400 1859 1470; x_wconf 90' lang='lat' dir='ltr'><strong>scripsit</strong></span> <span class='ocrx_word' id='word_1_109' title='bbox 1890 1416 1908 1454; x_wconf 92' lang='lat'><strong><em>:</em></strong></span> <span class='ocrx_word' id='word_1_110' title='bbox 1936 1400 2061 1455; x_wconf 74' lang='grc' dir='ltr'><strong>Ηωε</strong></span> 
     </span>
    </p>
   </div>
   <div class='ocr_carea' id='block_1_17' title="bbox 484 1491 2060 1562">
    <p class='ocr_par' dir='ltr' id='par_1_17' title="bbox 484 1491 2060 1562">
     <span class='ocr_line' id='line_1_17' title="bbox 484 1491 2060 1562; baseline 0.001 -18"><span class='ocrx_word' id='word_1_111' title='bbox 484 1492 660 1544; x_wconf 85' lang='lat' dir='ltr'><strong>omnia</strong></span> <span class='ocrx_word' id='word_1_112' title='bbox 683 1493 737 1544; x_wconf 89' lang='lat' dir='ltr'><strong>in</strong></span> <span class='ocrx_word' id='word_1_113' title='bbox 774 1492 946 1561; x_wconf 81' lang='lat' dir='ltr'><strong>ﬁgura</strong></span> <span class='ocrx_word' id='word_1_114' title='bbox 973 1492 1340 1562; x_wconf 81' lang='lat' dir='ltr'><strong>contingebant</strong></span> <span class='ocrx_word' id='word_1_115' title='bbox 1392 1493 1519 1549; x_wconf 80' lang='lat' dir='ltr'><strong>illis.</strong></span> <span class='ocrx_word' id='word_1_116' title='bbox 1556 1491 1768 1562; x_wconf 81' lang='lat' dir='ltr'><strong>Scripta</strong></span> <span class='ocrx_word' id='word_1_117' title='bbox 1800 1502 1920 1546; x_wconf 89' lang='lat' dir='ltr'><strong>sunt</strong></span> <span class='ocrx_word' id='word_1_118' title='bbox 1959 1509 2060 1546; x_wconf 87' lang='lat' dir='ltr'><strong>au-</strong></span> 
     </span>
    </p>
   </div>
   <div class='ocr_carea' id='block_1_18' title="bbox 406 1583 2057 1655">
    <p class='ocr_par' dir='ltr' id='par_1_18' title="bbox 406 1583 2057 1655">
     <span class='ocr_line' id='line_1_18' title="bbox 406 1583 2057 1655; baseline 0.002 -21"><span class='ocrx_word' id='word_1_119' title='bbox 406 1588 415 1597; x_wconf 87' lang='lat'><strong>‘</strong></span> <span class='ocrx_word' id='word_1_120' title='bbox 483 1591 588 1635; x_wconf 87' lang='lat' dir='ltr'><strong>tem</strong></span> <span class='ocrx_word' id='word_1_121' title='bbox 610 1583 680 1635; x_wconf 88' lang='lat' dir='ltr'><strong>ad</strong></span> <span class='ocrx_word' id='word_1_122' title='bbox 700 1591 935 1636; x_wconf 85' lang='lat' dir='ltr'><strong>nostram</strong></span> <span class='ocrx_word' id='word_1_123' title='bbox 963 1584 1361 1651; x_wconf 86' lang='lat' dir='ltr'><strong>correptionem,</strong></span> <span class='ocrx_word' id='word_1_124' title='bbox 1409 1585 1467 1637; x_wconf 88' lang='lat' dir='ltr'><strong>in</strong></span> <span class='ocrx_word' id='word_1_125' title='bbox 1496 1601 1623 1655; x_wconf 88' lang='lat' dir='ltr'><strong>quos</strong></span> <span class='ocrx_word' id='word_1_126' title='bbox 1660 1584 1789 1653; x_wconf 82' lang='lat' dir='ltr'><strong>ﬁnes</strong></span> <span class='ocrx_word' id='word_1_127' title='bbox 1836 1584 2057 1638; x_wconf 56' lang='lat' dir='ltr'><strong>saeculo-</strong></span> 
     </span>
    </p>
   </div>
   <div class='ocr_carea' id='block_1_19' title="bbox 481 1651 2131 1740">
    <p class='ocr_par' dir='ltr' id='par_1_19' title="bbox 481 1651 2131 1740">
     <span class='ocr_line' id='line_1_19' title="bbox 481 1651 2131 1740; baseline 0.004 -16"><span class='ocrx_word' id='word_1_128' title='bbox 481 1687 601 1725; x_wconf 85' lang='lat' dir='ltr'><strong>rum</strong></span> <span class='ocrx_word' id='word_1_129' title='bbox 628 1670 943 1726; x_wconf 85' lang='lat' dir='ltr'><strong>devenerunt</strong></span> <span class='ocrx_word' id='word_1_130' title='bbox 969 1675 1037 1726; x_wconf 81' lang='grc'><strong>⁹⁹.</strong></span> <span class='ocrx_word' id='word_1_131' title='bbox 1068 1673 1225 1740; x_wconf 82' lang='lat' dir='ltr'><strong>Quod</strong></span> <span class='ocrx_word' id='word_1_132' title='bbox 1240 1674 1389 1729; x_wconf 92' lang='lat' dir='ltr'><strong>enim</strong></span> <span class='ocrx_word' id='word_1_133' title='bbox 1421 1675 1472 1728; x_wconf 89' lang='lat' dir='ltr'><strong>in</strong></span> <span class='ocrx_word' id='word_1_134' title='bbox 1508 1651 1629 1729; x_wconf 65' lang='lat' dir='ltr'><strong>line</strong></span> <span class='ocrx_word' id='word_1_135' title='bbox 1660 1651 1846 1730; x_wconf 60' lang='lat' dir='ltr'><strong>saeculi</strong></span> <span class='ocrx_word' id='word_1_136' title='bbox 1875 1685 2056 1730; x_wconf 89' lang='lat' dir='ltr'><strong>actum</strong></span> <span class='ocrx_word' id='word_1_137' title='bbox 2090 1651 2131 1705; x_wconf 73' lang='grc' dir='ltr'><strong>Β</strong></span> 
     </span>
    </p>
   </div>
   <div class='ocr_carea' id='block_1_20' title="bbox 481 1759 2056 1835">
    <p class='ocr_par' dir='ltr' id='par_1_20' title="bbox 481 1759 2056 1835">
     <span class='ocr_line' id='line_1_20' title="bbox 481 1759 2056 1835; baseline 0.003 -21"><span class='ocrx_word' id='word_1_138' title='bbox 481 1768 569 1814; x_wconf 87' lang='lat' dir='ltr'><strong>est</strong></span> <span class='ocrx_word' id='word_1_139' title='bbox 608 1759 903 1816; x_wconf 85' lang='lat' dir='ltr'><strong>Salvatoris</strong></span> <span class='ocrx_word' id='word_1_140' title='bbox 927 1764 1267 1831; x_wconf 85' lang='lat' dir='ltr'><strong>mysterium,</strong></span> <span class='ocrx_word' id='word_1_141' title='bbox 1301 1781 1422 1835; x_wconf 71' lang='lat' dir='ltr'><strong>quze</strong></span> <span class='ocrx_word' id='word_1_142' title='bbox 1444 1773 1501 1819; x_wconf 89' lang='lat' dir='ltr'><strong>et</strong></span> <span class='ocrx_word' id='word_1_143' title='bbox 1532 1774 1732 1834; x_wconf 86' lang='lat' dir='ltr'><strong>quanta</strong></span> <span class='ocrx_word' id='word_1_144' title='bbox 1755 1780 1903 1821; x_wconf 82' lang='lat' dir='ltr'><strong>exeo</strong></span> <span class='ocrx_word' id='word_1_145' title='bbox 1941 1766 2056 1821; x_wconf 90' lang='lat' dir='ltr'><strong>dis-</strong></span> 
     </span>
    </p>
   </div>
   <div class='ocr_carea' id='block_1_21' title="bbox 484 1851 2061 1926">
    <p class='ocr_par' dir='ltr' id='par_1_21' title="bbox 484 1851 2061 1926">
     <span class='ocr_line' id='line_1_21' title="bbox 484 1851 2061 1926; baseline 0.004 -22"><span class='ocrx_word' id='word_1_146' title='bbox 484 1859 710 1919; x_wconf 85' lang='lat' dir='ltr'><strong>pensata</strong></span> <span class='ocrx_word' id='word_1_147' title='bbox 746 1851 878 1917; x_wconf 91' lang='lat' dir='ltr'><strong>sint,</strong></span> <span class='ocrx_word' id='word_1_148' title='bbox 927 1853 1088 1922; x_wconf 88' lang='lat' dir='ltr'><strong>plane</strong></span> <span class='ocrx_word' id='word_1_149' title='bbox 1128 1869 1225 1922; x_wconf 91' lang='lat' dir='ltr'><strong>per</strong></span> <span class='ocrx_word' id='word_1_150' title='bbox 1272 1856 1564 1923; x_wconf 65' lang='lat' dir='ltr'><strong>praesentia</strong></span> <span class='ocrx_word' id='word_1_151' title='bbox 1596 1854 1874 1925; x_wconf 79' lang='lat' dir='ltr'><strong>legislator</strong></span> <span class='ocrx_word' id='word_1_152' title='bbox 1896 1855 2061 1926; x_wconf 79' lang='lat' dir='ltr'><strong>signi-</strong></span> 
     </span>
    </p>
   </div>
   <div class='ocr_carea' id='block_1_22' title="bbox 482 1940 2059 2018">
    <p class='ocr_par' dir='ltr' id='par_1_22' title="bbox 482 1940 2059 2018">
     <span class='ocr_line' id='line_1_22' title="bbox 482 1940 2059 2018; baseline 0.004 -22"><span class='ocrx_word' id='word_1_153' title='bbox 482 1940 684 1997; x_wconf 81' lang='lat' dir='ltr'><strong>ﬁcavit.</strong></span> <span class='ocrx_word' id='word_1_154' title='bbox 718 1942 857 2009; x_wconf 84' lang='lat' dir='ltr'><strong>Quid</strong></span> <span class='ocrx_word' id='word_1_155' title='bbox 887 1960 1017 2014; x_wconf 79' lang='lat' dir='ltr'><strong>ergo</strong></span> <span class='ocrx_word' id='word_1_156' title='bbox 1051 1946 1208 1999; x_wconf 91' lang='lat' dir='ltr'><strong>nobis</strong></span> <span class='ocrx_word' id='word_1_157' title='bbox 1228 1946 1428 2009; x_wconf 91' lang='lat' dir='ltr'><strong>innuit,</strong></span> <span class='ocrx_word' id='word_1_158' title='bbox 1459 1947 1545 2000; x_wconf 86' lang='lat' dir='ltr'><strong>vel</strong></span> <span class='ocrx_word' id='word_1_159' title='bbox 1576 1946 1706 2016; x_wconf 85' lang='lat' dir='ltr'><strong>quid</strong></span> <span class='ocrx_word' id='word_1_160' title='bbox 1736 1947 2059 2018; x_wconf 76' lang='lat' dir='ltr'><strong>sancitgra-</strong></span> 
     </span>
    </p>
   </div>
   <div class='ocr_carea' id='block_1_23' title="bbox 482 2031 2060 2106">
    <p class='ocr_par' dir='ltr' id='par_1_23' title="bbox 482 2031 2060 2106">
     <span class='ocr_line' id='line_1_23' title="bbox 482 2031 2060 2106; baseline 0.003 -20"><span class='ocrx_word' id='word_1_161' title='bbox 482 2031 557 2086; x_wconf 89' lang='lat' dir='ltr'><strong>tia</strong></span> <span class='ocrx_word' id='word_1_162' title='bbox 577 2031 802 2095; x_wconf 90' lang='lat' dir='ltr'><strong>Christi,</strong></span> <span class='ocrx_word' id='word_1_163' title='bbox 825 2042 880 2087; x_wconf 88' lang='lat' dir='ltr'><strong>et</strong></span> <span class='ocrx_word' id='word_1_164' title='bbox 912 2034 1226 2104; x_wconf 68' lang='lat' dir='ltr'><strong>prmdicatio</strong></span> <span class='ocrx_word' id='word_1_165' title='bbox 1259 2035 1409 2105; x_wconf 87' lang='lat' dir='ltr'><strong>ejus?</strong></span> <span class='ocrx_word' id='word_1_166' title='bbox 1461 2035 1626 2106; x_wconf 85' lang='lat' dir='ltr'><strong>Spem</strong></span> <span class='ocrx_word' id='word_1_167' title='bbox 1659 2036 1846 2106; x_wconf 84' lang='lat' dir='ltr'><strong>utique</strong></span> <span class='ocrx_word' id='word_1_168' title='bbox 1909 2052 2060 2091; x_wconf 88' lang='lat' dir='ltr'><strong>mor-</strong></span> 
     </span>
    </p>
   </div>
   <div class='ocr_carea' id='block_1_24' title="bbox 483 2121 2060 2189">
    <p class='ocr_par' dir='ltr' id='par_1_24' title="bbox 483 2121 2060 2189">
     <span class='ocr_line' id='line_1_24' title="bbox 483 2121 2060 2189; baseline 0.008 -20"><span class='ocrx_word' id='word_1_169' title='bbox 483 2125 701 2171; x_wconf 90' lang='lat' dir='ltr'><strong>tuorum</strong></span> <span class='ocrx_word' id='word_1_170' title='bbox 750 2121 1190 2187; x_wconf 86' lang='lat' dir='ltr'><strong>resurrectionis,</strong></span> <span class='ocrx_word' id='word_1_171' title='bbox 1254 2123 1419 2178; x_wconf 90' lang='lat' dir='ltr'><strong>vitam</strong></span> <span class='ocrx_word' id='word_1_172' title='bbox 1478 2141 1601 2179; x_wconf 91' lang='lat' dir='ltr'><strong>cum</strong></span> <span class='ocrx_word' id='word_1_173' title='bbox 1669 2125 1957 2189; x_wconf 86' lang='lat' dir='ltr'><strong>modestia,</strong></span> <span class='ocrx_word' id='word_1_174' title='bbox 2005 2135 2060 2181; x_wconf 91' lang='lat' dir='ltr'><strong>et</strong></span> 
     </span>
    </p>
   </div>
   <div class='ocr_carea' id='block_1_25' title="bbox 482 2207 2058 2286">
    <p class='ocr_par' dir='ltr' id='par_1_25' title="bbox 482 2207 2058 2286">
     <span class='ocr_line' id='line_1_25' title="bbox 482 2207 2058 2286; baseline 0.006 -26"><span class='ocrx_word' id='word_1_175' title='bbox 482 2207 810 2277; x_wconf 86' lang='lat' dir='ltr'><strong>humilitate,</strong></span> <span class='ocrx_word' id='word_1_176' title='bbox 845 2219 900 2266; x_wconf 92' lang='lat' dir='ltr'><strong>et</strong></span> <span class='ocrx_word' id='word_1_177' title='bbox 923 2212 978 2265; x_wconf 93' lang='lat' dir='ltr'><strong>in</strong></span> <span class='ocrx_word' id='word_1_178' title='bbox 1007 2211 1252 2267; x_wconf 89' lang='lat' dir='ltr'><strong>ciborum</strong></span> <span class='ocrx_word' id='word_1_179' title='bbox 1283 2215 1637 2282; x_wconf 89' lang='lat' dir='ltr'><strong>abstinentia,</strong></span> <span class='ocrx_word' id='word_1_180' title='bbox 1672 2226 1729 2269; x_wconf 88' lang='lat' dir='ltr'><strong>et</strong></span> <span class='ocrx_word' id='word_1_181' title='bbox 1753 2232 1876 2286; x_wconf 65' lang='lat' dir='ltr'><strong>quae</strong></span> <span class='ocrx_word' id='word_1_182' title='bbox 1899 2216 2058 2270; x_wconf 83' lang='lat' dir='ltr'><strong>estin</strong></span> 
     </span>
    </p>
   </div>
   <div class='ocr_carea' id='block_1_26' title="bbox 473 2301 2056 2377">
    <p class='ocr_par' dir='ltr' id='par_1_26' title="bbox 473 2301 2056 2377">
     <span class='ocr_line' id='line_1_26' title="bbox 473 2301 2056 2377; baseline 0.004 -23"><span class='ocrx_word' id='word_1_183' title='bbox 473 2301 739 2371; x_wconf 84' lang='lat' dir='ltr'><strong>despectu</strong></span> <span class='ocrx_word' id='word_1_184' title='bbox 765 2305 1142 2373; x_wconf 68' lang='lat' dir='ltr'><strong>praesentium,</strong></span> <span class='ocrx_word' id='word_1_185' title='bbox 1178 2314 1340 2375; x_wconf 84' lang='lat' dir='ltr'><strong>atque</strong></span> <span class='ocrx_word' id='word_1_186' title='bbox 1401 2306 1662 2377; x_wconf 89' lang='lat' dir='ltr'><strong>despectu</strong></span> <span class='ocrx_word' id='word_1_187' title='bbox 1718 2308 2056 2377; x_wconf 87' lang='lat' dir='ltr'><strong>possidendi,</strong></span> 
     </span>
    </p>
   </div>
   <div class='ocr_carea' id='block_1_27' title="bbox 482 2391 2062 2469">
    <p class='ocr_par' dir='ltr' id='par_1_27' title="bbox 482 2391 2062 2469">
     <span class='ocr_line' id='line_1_27' title="bbox 482 2391 2062 2469; baseline 0.004 -23"><span class='ocrx_word' id='word_1_188' title='bbox 482 2391 714 2462; x_wconf 79' lang='lat' dir='ltr'><strong>aliisque</strong></span> <span class='ocrx_word' id='word_1_189' title='bbox 741 2394 1038 2450; x_wconf 81' lang='lat' dir='ltr'><strong>virtutibus</strong></span> <span class='ocrx_word' id='word_1_190' title='bbox 1066 2413 1079 2449; x_wconf 90' lang='lat'>:</span> <span class='ocrx_word' id='word_1_191' title='bbox 1114 2411 1251 2466; x_wconf 90' lang='lat' dir='ltr'><strong>quas</strong></span> <span class='ocrx_word' id='word_1_192' title='bbox 1306 2408 1549 2469; x_wconf 85' lang='lat' dir='ltr'><strong>agentes.</strong></span> <span class='ocrx_word' id='word_1_193' title='bbox 1586 2407 1839 2469; x_wconf 88' lang='lat' dir='ltr'><strong>tanquam</strong></span> <span class='ocrx_word' id='word_1_194' title='bbox 1870 2399 2062 2454; x_wconf 76' lang='lat' dir='ltr'><strong>incola:</strong></span> 
     </span>
    </p>
   </div>
   <div class='ocr_carea' id='block_1_28' title="bbox 484 2482 2058 2559">
    <p class='ocr_par' dir='ltr' id='par_1_28' title="bbox 484 2482 2058 2559">
     <span class='ocr_line' id='line_1_28' title="bbox 484 2482 2058 2559; baseline 0.004 -22"><span class='ocrx_word' id='word_1_195' title='bbox 484 2482 586 2537; x_wconf 89' lang='lat' dir='ltr'><strong>hac</strong></span> <span class='ocrx_word' id='word_1_196' title='bbox 636 2493 780 2538; x_wconf 90' lang='lat' dir='ltr'><strong>terra</strong></span> <span class='ocrx_word' id='word_1_197' title='bbox 811 2486 1036 2550; x_wconf 88' lang='lat' dir='ltr'><strong>utimur,</strong></span> <span class='ocrx_word' id='word_1_198' title='bbox 1079 2495 1266 2556; x_wconf 87' lang='lat' dir='ltr'><strong>utpote</strong></span> <span class='ocrx_word' id='word_1_199' title='bbox 1292 2488 1492 2542; x_wconf 89' lang='lat' dir='ltr'><strong>nonad</strong></span> <span class='ocrx_word' id='word_1_200' title='bbox 1542 2489 1764 2559; x_wconf 75' lang='lat' dir='ltr'><strong>longum</strong></span> <span class='ocrx_word' id='word_1_201' title='bbox 1822 2498 2058 2558; x_wconf 85' lang='lat' dir='ltr'><strong>tempus,</strong></span> 
     </span>
    </p>
   </div>
   <div class='ocr_carea' id='block_1_29' title="bbox 482 2573 2060 2650">
    <p class='ocr_par' dir='ltr' id='par_1_29' title="bbox 482 2573 2060 2650">
     <span class='ocr_line' id='line_1_29' title="bbox 482 2573 2060 2650; baseline 0.004 -23"><span class='ocrx_word' id='word_1_202' title='bbox 482 2573 578 2627; x_wconf 85' lang='lat' dir='ltr'><strong>sed</strong></span> <span class='ocrx_word' id='word_1_203' title='bbox 612 2574 678 2628; x_wconf 92' lang='lat' dir='ltr'><strong>ad</strong></span> <span class='ocrx_word' id='word_1_204' title='bbox 708 2590 1035 2644; x_wconf 81' lang='lat' dir='ltr'><strong>perparvum</strong></span> <span class='ocrx_word' id='word_1_205' title='bbox 1065 2576 1118 2629; x_wconf 91' lang='lat' dir='ltr'><strong>in</strong></span> <span class='ocrx_word' id='word_1_206' title='bbox 1150 2592 1216 2631; x_wconf 88' lang='lat' dir='ltr'><strong>eo</strong></span> <span class='ocrx_word' id='word_1_207' title='bbox 1241 2587 1512 2646; x_wconf 90' lang='lat' dir='ltr'><strong>ponentes</strong></span> <span class='ocrx_word' id='word_1_208' title='bbox 1543 2580 2060 2650; x_wconf 87' lang='lat' dir='ltr'><strong>tabernacula,quia</strong></span> 
     </span>
    </p>
   </div>
   <div class='ocr_carea' id='block_1_30' title="bbox 481 2665 2062 2740">
    <p class='ocr_par' dir='ltr' id='par_1_30' title="bbox 481 2665 2062 2740">
     <span class='ocr_line' id='line_1_30' title="bbox 481 2665 2062 2740; baseline 0.005 -24"><span class='ocrx_word' id='word_1_209' title='bbox 481 2676 671 2717; x_wconf 86' lang='lat' dir='ltr'><strong>eorum</strong></span> <span class='ocrx_word' id='word_1_210' title='bbox 701 2680 822 2733; x_wconf 65' lang='lat' dir='ltr'><strong>quae</strong></span> <span class='ocrx_word' id='word_1_211' title='bbox 846 2665 993 2720; x_wconf 84' lang='lat' dir='ltr'><strong>dicta</strong></span> <span class='ocrx_word' id='word_1_212' title='bbox 1022 2677 1172 2734; x_wconf 89' lang='lat' dir='ltr'><strong>sunt,</strong></span> <span class='ocrx_word' id='word_1_213' title='bbox 1194 2669 1626 2737; x_wconf 87' lang='lat' dir='ltr'><strong>unumquodque</strong></span> <span class='ocrx_word' id='word_1_214' title='bbox 1670 2669 1724 2723; x_wconf 92' lang='lat' dir='ltr'><strong>in</strong></span> <span class='ocrx_word' id='word_1_215' title='bbox 1755 2670 1858 2724; x_wconf 88' lang='lat' dir='ltr'><strong>hac</strong></span> <span class='ocrx_word' id='word_1_216' title='bbox 1888 2670 2062 2740; x_wconf 88' lang='lat' dir='ltr'><strong>pleni-</strong></span> 
     </span>
    </p>
   </div>
   <div class='ocr_carea' id='block_1_31' title="bbox 483 2754 2061 2831">
    <p class='ocr_par' dir='ltr' id='par_1_31' title="bbox 483 2754 2061 2831">
     <span class='ocr_line' id='line_1_31' title="bbox 483 2754 2061 2831; baseline 0.005 -21"><span class='ocrx_word' id='word_1_217' title='bbox 483 2754 671 2811; x_wconf 88' lang='lat' dir='ltr'><strong>tudine</strong></span> <span class='ocrx_word' id='word_1_218' title='bbox 703 2765 1011 2827; x_wconf 85' lang='lat' dir='ltr'><strong>temporum</strong></span> <span class='ocrx_word' id='word_1_219' title='bbox 1048 2773 1147 2828; x_wconf 87' lang='lat' dir='ltr'><strong>per</strong></span> <span class='ocrx_word' id='word_1_220' title='bbox 1168 2761 1541 2831; x_wconf 76' lang='lat' dir='ltr'><strong>evangelicum</strong></span> <span class='ocrx_word' id='word_1_221' title='bbox 1578 2762 1745 2817; x_wconf 84' lang='lat' dir='ltr'><strong>nobis</strong></span> <span class='ocrx_word' id='word_1_222' title='bbox 1764 2777 2061 2817; x_wconf 88' lang='lat' dir='ltr'><strong>conversa-</strong></span> 
     </span>
    </p>
   </div>
   <div class='ocr_carea' id='block_1_32' title="bbox 483 2844 2057 2920">
    <p class='ocr_par' dir='ltr' id='par_1_32' title="bbox 483 2844 2057 2920">
     <span class='ocr_line' id='line_1_32' title="bbox 483 2844 2057 2920; baseline 0.004 -19"><span class='ocrx_word' id='word_1_223' title='bbox 483 2844 686 2901; x_wconf 86' lang='lat' dir='ltr'><strong>tionem</strong></span> <span class='ocrx_word' id='word_1_224' title='bbox 713 2847 968 2917; x_wconf 70' lang='lat' dir='ltr'><strong>prmdicta</strong></span> <span class='ocrx_word' id='word_1_225' title='bbox 996 2856 1145 2902; x_wconf 89' lang='lat' dir='ltr'><strong>sunt.</strong></span> <span class='ocrx_word' id='word_1_226' title='bbox 1177 2848 1487 2920; x_wconf 85' lang='lat' dir='ltr'><strong>Septimum</strong></span> <span class='ocrx_word' id='word_1_227' title='bbox 1513 2867 1779 2919; x_wconf 89' lang='lat' dir='ltr'><strong>mensem,</strong></span> <span class='ocrx_word' id='word_1_228' title='bbox 1802 2853 1893 2907; x_wconf 87' lang='lat' dir='ltr'><strong>hic</strong></span> <span class='ocrx_word' id='word_1_229' title='bbox 1912 2854 2057 2907; x_wconf 90' lang='lat' dir='ltr'><strong>enim</strong></span> 
     </span>
    </p>
   </div>
   <div class='ocr_carea' id='block_1_33' title="bbox 2156 400 3740 475">
    <p class='ocr_par' dir='ltr' id='par_1_33' title="bbox 2156 400 3740 475">
     <span class='ocr_line' id='line_1_33' title="bbox 2156 400 3740 475; baseline 0.011 -25"><span class='ocrx_word' id='word_1_230' title='bbox 2156 400 2398 469; x_wconf 86' lang='lat' dir='ltr'><strong>quidem,</strong></span> <span class='ocrx_word' id='word_1_231' title='bbox 2426 412 2853 457; x_wconf 87' lang='lat' dir='ltr'><strong>consummatam</strong></span> <span class='ocrx_word' id='word_1_232' title='bbox 2880 404 3066 467; x_wconf 86' lang='lat' dir='ltr'><strong>vitam,</strong></span> <span class='ocrx_word' id='word_1_233' title='bbox 3099 417 3155 461; x_wconf 91' lang='lat' dir='ltr'><strong>et</strong></span> <span class='ocrx_word' id='word_1_234' title='bbox 3177 407 3419 475; x_wconf 80' lang='lat' dir='ltr'><strong>perfecte</strong></span> <span class='ocrx_word' id='word_1_235' title='bbox 3450 409 3740 467; x_wconf 67' lang='lat' dir='ltr'><strong>inhaeren-</strong></span> 
     </span>
    </p>
   </div>
   <div class='ocr_carea' id='block_1_34' title="bbox 2159 489 3741 573">
    <p class='ocr_par' dir='ltr' id='par_1_34' title="bbox 2159 489 3741 573">
     <span class='ocr_line' id='line_1_34' title="bbox 2159 489 3741 573; baseline 0.011 -31"><span class='ocrx_word' id='word_1_236' title='bbox 2159 497 2267 544; x_wconf 90' lang='lat' dir='ltr'><strong>tem</strong></span> <span class='ocrx_word' id='word_1_237' title='bbox 2300 489 2567 546; x_wconf 89' lang='lat' dir='ltr'><strong>Domino:</strong></span> <span class='ocrx_word' id='word_1_238' title='bbox 2599 493 2653 546; x_wconf 92' lang='lat' dir='ltr'><strong>in</strong></span> <span class='ocrx_word' id='word_1_239' title='bbox 2679 508 2791 549; x_wconf 93' lang='lat' dir='ltr'><strong>non</strong></span> <span class='ocrx_word' id='word_1_240' title='bbox 2854 495 3105 551; x_wconf 82' lang='lat' dir='ltr'><strong>faciendo</strong></span> <span class='ocrx_word' id='word_1_241' title='bbox 3154 506 3338 553; x_wconf 89' lang='lat' dir='ltr'><strong>autem</strong></span> <span class='ocrx_word' id='word_1_242' title='bbox 3384 516 3551 556; x_wconf 89' lang='lat' dir='ltr'><strong>omne</strong></span> <span class='ocrx_word' id='word_1_243' title='bbox 3592 518 3741 573; x_wconf 87' lang='lat' dir='ltr'><strong>opus</strong></span> 
     </span>
    </p>
   </div>
   <div class='ocr_carea' id='block_1_35' title="bbox 2161 585 3739 663">
    <p class='ocr_par' dir='ltr' id='par_1_35' title="bbox 2161 585 3739 663">
     <span class='ocr_line' id='line_1_35' title="bbox 2161 585 3739 663; baseline 0.011 -30"><span class='ocrx_word' id='word_1_244' title='bbox 2161 588 2503 636; x_wconf 87' lang='lat' dir='ltr'><strong>terrenorum</strong></span> <span class='ocrx_word' id='word_1_245' title='bbox 2530 598 2756 653; x_wconf 90' lang='lat' dir='ltr'><strong>operum</strong></span> <span class='ocrx_word' id='word_1_246' title='bbox 2781 585 3167 641; x_wconf 82' lang='lat' dir='ltr'><strong>abstinentiam</strong></span> <span class='ocrx_word' id='word_1_247' title='bbox 3188 589 3435 644; x_wconf 88' lang='lat' dir='ltr'><strong>ostendit</strong></span> <span class='ocrx_word' id='word_1_248' title='bbox 3458 607 3475 645; x_wconf 91' lang='lat'><strong>:</strong></span> <span class='ocrx_word' id='word_1_249' title='bbox 3502 607 3635 663; x_wconf 82' lang='lat' dir='ltr'><strong>ergo</strong></span> <span class='ocrx_word' id='word_1_250' title='bbox 3674 607 3739 649; x_wconf 86' lang='lat' dir='ltr'><strong>et</strong></span> 
     </span>
    </p>
   </div>
   <div class='ocr_carea' id='block_1_36' title="bbox 2157 670 3741 749">
    <p class='ocr_par' dir='ltr' id='par_1_36' title="bbox 2157 670 3741 749">
     <span class='ocr_line' id='line_1_36' title="bbox 2157 670 3741 749; baseline 0.009 -27"><span class='ocrx_word' id='word_1_251' title='bbox 2157 670 2321 725; x_wconf 88' lang='lat' dir='ltr'><strong>nimis</strong></span> <span class='ocrx_word' id='word_1_252' title='bbox 2356 684 2760 742; x_wconf 88' lang='lat' dir='ltr'><strong>consequenter</strong></span> <span class='ocrx_word' id='word_1_253' title='bbox 2781 676 2987 730; x_wconf 86' lang='lat' dir='ltr'><strong>addidit</strong></span> <span class='ocrx_word' id='word_1_254' title='bbox 3022 695 3035 731; x_wconf 90' lang='lat'><strong>:</strong></span> <span class='ocrx_word' id='word_1_255' title='bbox 3087 677 3225 742; x_wconf 84' lang='lat' dir='ltr'><strong>Quia</strong></span> <span class='ocrx_word' id='word_1_256' title='bbox 3262 680 3371 733; x_wconf 83' lang='lat' dir='ltr'><strong>dies</strong></span> <span class='ocrx_word' id='word_1_257' title='bbox 3394 684 3741 749; x_wconf 82' lang='lat' dir='ltr'><strong>propitiatio-</strong></span> 
     </span>
    </p>
   </div>
   <div class='ocr_carea' id='block_1_37' title="bbox 2160 761 3654 833">
    <p class='ocr_par' dir='ltr' id='par_1_37' title="bbox 2160 761 3654 833">
     <span class='ocr_line' id='line_1_37' title="bbox 2160 761 3654 833; baseline 0.009 -20"><span class='ocrx_word' id='word_1_258' title='bbox 2160 761 2239 814; x_wconf 92' lang='lat' dir='ltr'><strong>nis</strong></span> <span class='ocrx_word' id='word_1_259' title='bbox 2267 771 2362 825; x_wconf 88' lang='lat' dir='ltr'><strong>est,</strong></span> <span class='ocrx_word' id='word_1_260' title='bbox 2393 770 2449 815; x_wconf 90' lang='lat' dir='ltr'><strong>ut</strong></span> <span class='ocrx_word' id='word_1_261' title='bbox 2469 766 2783 833; x_wconf 82' lang='lat' dir='ltr'><strong>prapitietur</strong></span> <span class='ocrx_word' id='word_1_262' title='bbox 2814 767 2955 819; x_wconf 85' lang='lat' dir='ltr'><strong>vobis</strong></span> <span class='ocrx_word' id='word_1_263' title='bbox 2993 767 3243 821; x_wconf 88' lang='lat' dir='ltr'><strong>Dominus</strong></span> <span class='ocrx_word' id='word_1_264' title='bbox 3274 769 3411 822; x_wconf 85' lang='lat' dir='ltr'><strong>Deus</strong></span> <span class='ocrx_word' id='word_1_265' title='bbox 3470 782 3654 826; x_wconf 85' lang='lat' dir='ltr'><strong>vester.</strong></span> 
     </span>
    </p>
   </div>
   <div class='ocr_carea' id='block_1_38' title="bbox 2231 850 3737 933">
    <p class='ocr_par' dir='ltr' id='par_1_38' title="bbox 2231 850 3737 933">
     <span class='ocr_line' id='line_1_38' title="bbox 2231 850 3737 933; baseline 0.009 -28"><span class='ocrx_word' id='word_1_266' title='bbox 2231 850 2469 922; x_wconf 90' lang='lat' dir='ltr'><strong>Utraque</strong></span> <span class='ocrx_word' id='word_1_267' title='bbox 2498 854 2611 909; x_wconf 70' lang='lat' dir='ltr'><strong>haec</strong></span> <span class='ocrx_word' id='word_1_268' title='bbox 2629 855 2947 922; x_wconf 87' lang='lat' dir='ltr'><strong>ostendens,</strong></span> <span class='ocrx_word' id='word_1_269' title='bbox 2976 858 3103 926; x_wconf 86' lang='lat' dir='ltr'><strong>quia</strong></span> <span class='ocrx_word' id='word_1_270' title='bbox 3158 867 3215 912; x_wconf 91' lang='lat' dir='ltr'><strong>et</strong></span> <span class='ocrx_word' id='word_1_271' title='bbox 3246 860 3352 914; x_wconf 88' lang='lat' dir='ltr'><strong>hoc</strong></span> <span class='ocrx_word' id='word_1_272' title='bbox 3389 869 3475 915; x_wconf 83' lang='lat' dir='ltr'><strong>est</strong></span> <span class='ocrx_word' id='word_1_273' title='bbox 3515 870 3737 933; x_wconf 77' lang='lat' dir='ltr'><strong>tempus</strong></span> 
     </span>
    </p>
   </div>
   <div class='ocr_carea' id='block_1_39' title="bbox 2159 943 3737 1025">
    <p class='ocr_par' dir='ltr' id='par_1_39' title="bbox 2159 943 3737 1025">
     <span class='ocr_line' id='line_1_39' title="bbox 2159 943 3737 1025; baseline 0.008 -28"><span class='ocrx_word' id='word_1_274' title='bbox 2159 943 2227 997; x_wconf 90' lang='lat' dir='ltr'><strong>ad</strong></span> <span class='ocrx_word' id='word_1_275' title='bbox 2282 945 2723 1015; x_wconf 87' lang='lat' dir='ltr'><strong>propitiationem</strong></span> <span class='ocrx_word' id='word_1_276' title='bbox 2749 948 2908 1002; x_wconf 87' lang='lat' dir='ltr'><strong>nobis</strong></span> <span class='ocrx_word' id='word_1_277' title='bbox 2965 949 3137 1004; x_wconf 89' lang='lat' dir='ltr'><strong>aDeo</strong></span> <span class='ocrx_word' id='word_1_278' title='bbox 3158 951 3442 1018; x_wconf 89' lang='lat' dir='ltr'><strong>donatum,</strong></span> <span class='ocrx_word' id='word_1_279' title='bbox 3502 954 3559 1007; x_wconf 93' lang='lat' dir='ltr'><strong>in</strong></span> <span class='ocrx_word' id='word_1_280' title='bbox 3620 971 3737 1025; x_wconf 89' lang='lat' dir='ltr'><strong>quo</strong></span> 
     </span>
    </p>
   </div>
   <div class='ocr_carea' id='block_1_40' title="bbox 2158 1036 3733 1116">
    <p class='ocr_par' dir='ltr' id='par_1_40' title="bbox 2158 1036 3733 1116">
     <span class='ocr_line' id='line_1_40' title="bbox 2158 1036 3733 1116; baseline 0.007 -24"><span class='ocrx_word' id='word_1_281' title='bbox 2158 1046 2382 1108; x_wconf 88' lang='lat' dir='ltr'><strong>peccata</strong></span> <span class='ocrx_word' id='word_1_282' title='bbox 2435 1052 2625 1094; x_wconf 88' lang='lat' dir='ltr'><strong>nostra</strong></span> <span class='ocrx_word' id='word_1_283' title='bbox 2648 1042 2875 1097; x_wconf 85' lang='lat' dir='ltr'><strong>veniens</strong></span> <span class='ocrx_word' id='word_1_284' title='bbox 2905 1036 3167 1099; x_wconf 88' lang='lat' dir='ltr'><strong>Dominus</strong></span> <span class='ocrx_word' id='word_1_285' title='bbox 3196 1046 3373 1110; x_wconf 87' lang='lat' dir='ltr'><strong>diluit,</strong></span> <span class='ocrx_word' id='word_1_286' title='bbox 3402 1055 3459 1101; x_wconf 87' lang='lat' dir='ltr'><strong>et</strong></span> <span class='ocrx_word' id='word_1_287' title='bbox 3489 1048 3615 1116; x_wconf 84' lang='lat' dir='ltr'><strong>quia</strong></span> <span class='ocrx_word' id='word_1_288' title='bbox 3668 1050 3733 1104; x_wconf 83' lang='lat' dir='ltr'><strong>in</strong></span> 
     </span>
    </p>
   </div>
   <div class='ocr_carea' id='block_1_41' title="bbox 2158 1127 3740 1201">
    <p class='ocr_par' dir='ltr' id='par_1_41' title="bbox 2158 1127 3740 1201">
     <span class='ocr_line' id='line_1_41' title="bbox 2158 1127 3740 1201; baseline 0.01 -23"><span class='ocrx_word' id='word_1_289' title='bbox 2158 1143 2268 1196; x_wconf 91' lang='lat' dir='ltr'><strong>quo</strong></span> <span class='ocrx_word' id='word_1_290' title='bbox 2293 1127 2411 1182; x_wconf 66' lang='lat' dir='ltr'><strong>haec</strong></span> <span class='ocrx_word' id='word_1_291' title='bbox 2441 1140 2831 1199; x_wconf 81' lang='lat' dir='ltr'><strong>exspectamus</strong></span> <span class='ocrx_word' id='word_1_292' title='bbox 2864 1141 3108 1201; x_wconf 89' lang='lat' dir='ltr'><strong>tempore</strong></span> <span class='ocrx_word' id='word_1_293' title='bbox 3143 1134 3281 1189; x_wconf 87' lang='lat' dir='ltr'><strong>nihil</strong></span> <span class='ocrx_word' id='word_1_294' title='bbox 3310 1136 3577 1199; x_wconf 87' lang='lat' dir='ltr'><strong>debemus</strong></span> <span class='ocrx_word' id='word_1_295' title='bbox 3621 1148 3740 1194; x_wconf 81' lang='lat' dir='ltr'><strong>ter-</strong></span> 
     </span>
    </p>
   </div>
   <div class='ocr_carea' id='block_1_42' title="bbox 2160 1220 3735 1294">
    <p class='ocr_par' dir='ltr' id='par_1_42' title="bbox 2160 1220 3735 1294">
     <span class='ocr_line' id='line_1_42' title="bbox 2160 1220 3735 1294; baseline 0.01 -25"><span class='ocrx_word' id='word_1_296' title='bbox 2160 1232 2420 1272; x_wconf 89' lang='lat' dir='ltr'><strong>renorum</strong></span> <span class='ocrx_word' id='word_1_297' title='bbox 2451 1234 2634 1289; x_wconf 78' lang='lat' dir='ltr'><strong>agere.</strong></span> <span class='ocrx_word' id='word_1_298' title='bbox 2668 1220 2872 1275; x_wconf 88' lang='lat' dir='ltr'><strong>Deinde</strong></span> <span class='ocrx_word' id='word_1_299' title='bbox 2908 1222 3081 1293; x_wconf 79' lang='lat' dir='ltr'><strong>legem</strong></span> <span class='ocrx_word' id='word_1_300' title='bbox 3104 1226 3458 1294; x_wconf 86' lang='lat' dir='ltr'><strong>protrahens,</strong></span> <span class='ocrx_word' id='word_1_301' title='bbox 3497 1239 3554 1282; x_wconf 90' lang='lat' dir='ltr'><strong>et</strong></span> <span class='ocrx_word' id='word_1_302' title='bbox 3573 1230 3735 1284; x_wconf 65' lang='lat' dir='ltr'><strong>Chrio</strong></span> 
     </span>
    </p>
   </div>
   <div class='ocr_carea' id='block_1_43' title="bbox 2159 1307 3737 1384">
    <p class='ocr_par' dir='ltr' id='par_1_43' title="bbox 2159 1307 3737 1384">
     <span class='ocr_line' id='line_1_43' title="bbox 2159 1307 3737 1384; baseline 0.009 -23"><span class='ocrx_word' id='word_1_303' title='bbox 2159 1316 2244 1361; x_wconf 91' lang='lat' dir='ltr'><strong>sto</strong></span> <span class='ocrx_word' id='word_1_304' title='bbox 2266 1307 2680 1364; x_wconf 88' lang='lat' dir='ltr'><strong>advocationem</strong></span> <span class='ocrx_word' id='word_1_305' title='bbox 2736 1312 3112 1384; x_wconf 55' lang='lat' dir='ltr'><strong>praebens,qui</strong></span> <span class='ocrx_word' id='word_1_306' title='bbox 3159 1315 3331 1371; x_wconf 85' lang='lat' dir='ltr'><strong>dixit:</strong></span> <span class='ocrx_word' id='word_1_307' title='bbox 3356 1318 3556 1375; x_wconf 81' lang='lat' dir='ltr'><strong>Discite</strong></span> <span class='ocrx_word' id='word_1_308' title='bbox 3588 1337 3623 1375; x_wconf 90' lang='lat' dir='ltr'><strong>a</strong></span> <span class='ocrx_word' id='word_1_309' title='bbox 3651 1336 3737 1376; x_wconf 83' lang='lat' dir='ltr'><strong>me</strong></span> 
     </span>
    </p>
   </div>
   <div class='ocr_carea' id='block_1_44' title="bbox 2160 1400 3737 1482">
    <p class='ocr_par' dir='ltr' id='par_1_44' title="bbox 2160 1400 3737 1482">
     <span class='ocr_line' id='line_1_44' title="bbox 2160 1400 3737 1482; baseline 0.011 -32"><span class='ocrx_word' id='word_1_310' title='bbox 2160 1400 2285 1468; x_wconf 85' lang='lat' dir='ltr'><strong>quia</strong></span> <span class='ocrx_word' id='word_1_311' title='bbox 2317 1400 2457 1453; x_wconf 86' lang='lat' dir='ltr'><strong>mitis</strong></span> <span class='ocrx_word' id='word_1_312' title='bbox 2488 1417 2601 1454; x_wconf 84' lang='lat' dir='ltr'><strong>sum</strong></span> <span class='ocrx_word' id='word_1_313' title='bbox 2620 1410 2668 1455; x_wconf 88' lang='lat' dir='ltr'><strong>et</strong></span> <span class='ocrx_word' id='word_1_314' title='bbox 2695 1402 2908 1458; x_wconf 75' lang='lat' dir='ltr'><strong>humilis</strong></span> <span class='ocrx_word' id='word_1_315' title='bbox 2936 1411 3112 1471; x_wconf 86' lang='lat' dir='ltr'><strong>corde,</strong></span> <span class='ocrx_word' id='word_1_316' title='bbox 3131 1418 3180 1461; x_wconf 91' lang='lat' dir='ltr'><strong>et</strong></span> <span class='ocrx_word' id='word_1_317' title='bbox 3210 1411 3483 1463; x_wconf 75' lang='lat' dir='ltr'><strong>invenietis</strong></span> <span class='ocrx_word' id='word_1_318' title='bbox 3509 1414 3737 1482; x_wconf 80' lang='lat' dir='ltr'><strong>requiem</strong></span> 
     </span>
    </p>
   </div>
   <div class='ocr_carea' id='block_1_45' title="bbox 2160 1493 3733 1575">
    <p class='ocr_par' dir='ltr' id='par_1_45' title="bbox 2160 1493 3733 1575">
     <span class='ocr_line' id='line_1_45' title="bbox 2160 1493 3733 1575; baseline 0.011 -32"><span class='ocrx_word' id='word_1_319' title='bbox 2160 1493 2441 1548; x_wconf 82' lang='lat' dir='ltr'><strong>animabus</strong></span> <span class='ocrx_word' id='word_1_320' title='bbox 2480 1496 2663 1548; x_wconf 81' lang='lat' dir='ltr'><strong>vestris</strong></span> <span class='ocrx_word' id='word_1_321' title='bbox 2684 1496 2728 1528; x_wconf 76' lang='lat'><strong>‘°</strong></span> <span class='ocrx_word' id='word_1_322' title='bbox 2751 1537 2767 1562; x_wconf 93' lang='lat'><strong>,</strong></span> <span class='ocrx_word' id='word_1_323' title='bbox 2815 1496 2893 1551; x_wconf 86' lang='lat' dir='ltr'><strong>ait</strong></span> <span class='ocrx_word' id='word_1_324' title='bbox 2924 1517 2936 1551; x_wconf 94' lang='lat'>:</span> <span class='ocrx_word' id='word_1_325' title='bbox 2970 1498 3151 1554; x_wconf 85' lang='lat' dir='ltr'><strong>Omnis</strong></span> <span class='ocrx_word' id='word_1_326' title='bbox 3181 1502 3363 1557; x_wconf 85' lang='lat' dir='ltr'><strong>anima</strong></span> <span class='ocrx_word' id='word_1_327' title='bbox 3399 1520 3519 1573; x_wconf 66' lang='lat' dir='ltr'><strong>qum</strong></span> <span class='ocrx_word' id='word_1_328' title='bbox 3541 1506 3733 1575; x_wconf 72' lang='lat' dir='ltr'><strong>afﬂicta</strong></span> 
     </span>
    </p>
   </div>
   <div class='ocr_carea' id='block_1_46' title="bbox 2162 1582 3734 1661">
    <p class='ocr_par' dir='ltr' id='par_1_46' title="bbox 2162 1582 3734 1661">
     <span class='ocr_line' id='line_1_46' title="bbox 2162 1582 3734 1661; baseline 0.008 -28"><span class='ocrx_word' id='word_1_329' title='bbox 2162 1597 2263 1634; x_wconf 86' lang='lat' dir='ltr'><strong>non</strong></span> <span class='ocrx_word' id='word_1_330' title='bbox 2292 1582 2453 1651; x_wconf 77' lang='lat' dir='ltr'><strong>fuerit</strong></span> <span class='ocrx_word' id='word_1_331' title='bbox 2481 1586 2535 1635; x_wconf 89' lang='lat' dir='ltr'><strong>in</strong></span> <span class='ocrx_word' id='word_1_332' title='bbox 2562 1583 2646 1636; x_wconf 86' lang='lat' dir='ltr'><strong>die</strong></span> <span class='ocrx_word' id='word_1_333' title='bbox 2674 1583 2788 1650; x_wconf 87' lang='lat' dir='ltr'><strong>hoc,</strong></span> <span class='ocrx_word' id='word_1_334' title='bbox 2827 1584 3015 1653; x_wconf 81' lang='lat' dir='ltr'><strong>peribit</strong></span> <span class='ocrx_word' id='word_1_335' title='bbox 3046 1586 3111 1639; x_wconf 88' lang='lat' dir='ltr'><strong>de</strong></span> <span class='ocrx_word' id='word_1_336' title='bbox 3144 1588 3349 1656; x_wconf 83' lang='lat' dir='ltr'><strong>populis</strong></span> <span class='ocrx_word' id='word_1_337' title='bbox 3378 1592 3509 1645; x_wconf 83' lang='lat' dir='ltr'><strong>suis.</strong></span> <span class='ocrx_word' id='word_1_338' title='bbox 3543 1591 3734 1661; x_wconf 86' lang='lat' dir='ltr'><strong>Neque</strong></span> 
     </span>
    </p>
   </div>
   <div class='ocr_carea' id='block_1_47' title="bbox 2160 1673 3737 1747">
    <p class='ocr_par' dir='ltr' id='par_1_47' title="bbox 2160 1673 3737 1747">
     <span class='ocr_line' id='line_1_47' title="bbox 2160 1673 3737 1747; baseline 0.007 -21"><span class='ocrx_word' id='word_1_339' title='bbox 2160 1673 2305 1727; x_wconf 86' lang='lat' dir='ltr'><strong>enim</strong></span> <span class='ocrx_word' id='word_1_340' title='bbox 2358 1675 2602 1743; x_wconf 84' lang='lat' dir='ltr'><strong>sequitur</strong></span> <span class='ocrx_word' id='word_1_341' title='bbox 2643 1674 2944 1741; x_wconf 89' lang='lat' dir='ltr'><strong>Christum,</strong></span> <span class='ocrx_word' id='word_1_342' title='bbox 3000 1677 3093 1747; x_wconf 90' lang='lat' dir='ltr'><strong>qui</strong></span> <span class='ocrx_word' id='word_1_343' title='bbox 3138 1678 3255 1733; x_wconf 65' lang='lat' dir='ltr'><strong>haec</strong></span> <span class='ocrx_word' id='word_1_344' title='bbox 3311 1680 3572 1745; x_wconf 84' lang='lat' dir='ltr'><strong>sanrivit,</strong></span> <span class='ocrx_word' id='word_1_345' title='bbox 3602 1682 3737 1737; x_wconf 87' lang='lat' dir='ltr'><strong>etin</strong></span> 
     </span>
    </p>
   </div>
   <div class='ocr_carea' id='block_1_48' title="bbox 2161 1768 3738 1837">
    <p class='ocr_par' dir='ltr' id='par_1_48' title="bbox 2161 1768 3738 1837">
     <span class='ocr_line' id='line_1_48' title="bbox 2161 1768 3738 1837; baseline 0.008 -18"><span class='ocrx_word' id='word_1_346' title='bbox 2161 1775 2370 1820; x_wconf 86' lang='lat' dir='ltr'><strong>tantum</strong></span> <span class='ocrx_word' id='word_1_347' title='bbox 2403 1768 2758 1836; x_wconf 88' lang='lat' dir='ltr'><strong>semetipsum</strong></span> <span class='ocrx_word' id='word_1_348' title='bbox 2812 1768 3136 1837; x_wconf 74' lang='lat' dir='ltr'><strong>humiliavit,</strong></span> <span class='ocrx_word' id='word_1_349' title='bbox 3191 1781 3253 1825; x_wconf 90' lang='lat' dir='ltr'><strong>ut</strong></span> <span class='ocrx_word' id='word_1_350' title='bbox 3310 1771 3512 1828; x_wconf 88' lang='lat' dir='ltr'><strong>Paulus</strong></span> <span class='ocrx_word' id='word_1_351' title='bbox 3548 1774 3614 1831; x_wconf 89' lang='lat' dir='ltr'><strong>de</strong></span> <span class='ocrx_word' id='word_1_352' title='bbox 3661 1790 3738 1831; x_wconf 83' lang='lat' dir='ltr'><strong>eo</strong></span> 
     </span>
    </p>
   </div>
   <div class='ocr_carea' id='block_1_49' title="bbox 2159 1858 3742 1935">
    <p class='ocr_par' dir='ltr' id='par_1_49' title="bbox 2159 1858 3742 1935">
     <span class='ocr_line' id='line_1_49' title="bbox 2159 1858 3742 1935; baseline 0.005 -24"><span class='ocrx_word' id='word_1_353' title='bbox 2159 1858 2367 1912; x_wconf 90' lang='lat' dir='ltr'><strong>diceret</strong></span> <span class='ocrx_word' id='word_1_354' title='bbox 2410 1875 2424 1911; x_wconf 90' lang='lat'><strong>:</strong></span> <span class='ocrx_word' id='word_1_355' title='bbox 2484 1859 2803 1913; x_wconf 84' lang='lat' dir='ltr'><strong>llumiliuvit</strong></span> <span class='ocrx_word' id='word_1_356' title='bbox 2871 1861 3229 1930; x_wconf 79' lang='lat' dir='ltr'><strong>semetipsum,</strong></span> <span class='ocrx_word' id='word_1_357' title='bbox 3278 1865 3451 1935; x_wconf 75' lang='lat' dir='ltr'><strong>{actus</strong></span> <span class='ocrx_word' id='word_1_358' title='bbox 3499 1867 3742 1922; x_wconf 80' lang='lat' dir='ltr'><strong>obediens</strong></span> 
     </span>
    </p>
   </div>
   <div class='ocr_carea' id='block_1_50' title="bbox 2161 1952 3453 2020">
    <p class='ocr_par' dir='ltr' id='par_1_50' title="bbox 2161 1952 3453 2020">
     <span class='ocr_line' id='line_1_50' title="bbox 2161 1952 3453 2020; baseline 0.005 -16"><span class='ocrx_word' id='word_1_359' title='bbox 2161 1968 2321 2020; x_wconf 88' lang='lat' dir='ltr'><strong>usque</strong></span> <span class='ocrx_word' id='word_1_360' title='bbox 2355 1952 2426 2005; x_wconf 84' lang='lat' dir='ltr'><strong>ad</strong></span> <span class='ocrx_word' id='word_1_361' title='bbox 2452 1961 2692 2017; x_wconf 85' lang='lat' dir='ltr'><strong>mortem,</strong></span> <span class='ocrx_word' id='word_1_362' title='bbox 2724 1964 2945 2009; x_wconf 85' lang='lat' dir='ltr'><strong>mortem</strong></span> <span class='ocrx_word' id='word_1_363' title='bbox 2980 1964 3161 2008; x_wconf 87' lang='lat' dir='ltr'><strong>autem</strong></span> <span class='ocrx_word' id='word_1_364' title='bbox 3194 1958 3366 2009; x_wconf 83' lang='lat' dir='ltr'><strong>crucis</strong></span> <span class='ocrx_word' id='word_1_365' title='bbox 3389 1959 3453 2010; x_wconf 88' lang='grc'><strong>⁶¹.</strong></span> 
     </span>
    </p>
   </div>
   <div class='ocr_carea' id='block_1_51' title="bbox 2231 2040 3736 2117">
    <p class='ocr_par' dir='ltr' id='par_1_51' title="bbox 2231 2040 3736 2117">
     <span class='ocr_line' id='line_1_51' title="bbox 2231 2040 3736 2117; baseline 0.005 -22"><span class='ocrx_word' id='word_1_366' title='bbox 2231 2040 2334 2096; x_wconf 86' lang='lat' dir='ltr'><strong>Sed</strong></span> <span class='ocrx_word' id='word_1_367' title='bbox 2357 2052 2405 2096; x_wconf 89' lang='lat' dir='ltr'><strong>et</strong></span> <span class='ocrx_word' id='word_1_368' title='bbox 2425 2059 2543 2113; x_wconf 72' lang='lat' dir='ltr'><strong>quin</strong></span> <span class='ocrx_word' id='word_1_369' title='bbox 2571 2045 2740 2114; x_wconf 88' lang='lat' dir='ltr'><strong>operis</strong></span> <span class='ocrx_word' id='word_1_370' title='bbox 2766 2046 3037 2116; x_wconf 85' lang='lat' dir='ltr'><strong>quippiam</strong></span> <span class='ocrx_word' id='word_1_371' title='bbox 3090 2047 3295 2117; x_wconf 74' lang='lat' dir='ltr'><strong>fecerit,</strong></span> <span class='ocrx_word' id='word_1_372' title='bbox 3325 2048 3494 2102; x_wconf 74' lang='lat' dir='ltr'><strong>delebo</strong></span> <span class='ocrx_word' id='word_1_373' title='bbox 3518 2065 3633 2102; x_wconf 86' lang='lat' dir='ltr'><strong>eam</strong></span> <span class='ocrx_word' id='word_1_374' title='bbox 3658 2050 3736 2104; x_wconf 79' lang='lat' dir='ltr'><strong>de</strong></span> 
     </span>
    </p>
   </div>
   <div class='ocr_carea' id='block_1_52' title="bbox 2160 2135 3735 2212">
    <p class='ocr_par' dir='ltr' id='par_1_52' title="bbox 2160 2135 3735 2212">
     <span class='ocr_line' id='line_1_52' title="bbox 2160 2135 3735 2212; baseline 0.005 -24"><span class='ocrx_word' id='word_1_375' title='bbox 2160 2136 2353 2205; x_wconf 87' lang='lat' dir='ltr'><strong>populo</strong></span> <span class='ocrx_word' id='word_1_376' title='bbox 2388 2153 2520 2190; x_wconf 89' lang='lat' dir='ltr'><strong>meo.</strong></span> <span class='ocrx_word' id='word_1_377' title='bbox 2560 2135 2708 2190; x_wconf 80' lang='lat' dir='ltr'><strong>Nihil</strong></span> <span class='ocrx_word' id='word_1_378' title='bbox 2754 2155 2875 2208; x_wconf 87' lang='lat' dir='ltr'><strong>ergo</strong></span> <span class='ocrx_word' id='word_1_379' title='bbox 2895 2140 3067 2207; x_wconf 90' lang='lat' dir='ltr'><strong>operis</strong></span> <span class='ocrx_word' id='word_1_380' title='bbox 3116 2140 3320 2210; x_wconf 75' lang='lat' dir='ltr'><strong>facietis</strong></span> <span class='ocrx_word' id='word_1_381' title='bbox 3339 2141 3392 2193; x_wconf 87' lang='lat' dir='ltr'><strong>in</strong></span> <span class='ocrx_word' id='word_1_382' title='bbox 3422 2157 3497 2194; x_wconf 90' lang='lat' dir='ltr'><strong>eo.</strong></span> <span class='ocrx_word' id='word_1_383' title='bbox 3522 2140 3735 2212; x_wconf 71' lang='lat' dir='ltr'><strong>Legiti-</strong></span> 
     </span>
    </p>
   </div>
   <div class='ocr_carea' id='block_1_53' title="bbox 2163 2229 3741 2301">
    <p class='ocr_par' dir='ltr' id='par_1_53' title="bbox 2163 2229 3741 2301">
     <span class='ocr_line' id='line_1_53' title="bbox 2163 2229 3741 2301; baseline 0.004 -21"><span class='ocrx_word' id='word_1_384' title='bbox 2163 2243 2307 2281; x_wconf 89' lang='lat' dir='ltr'><strong>mum</strong></span> <span class='ocrx_word' id='word_1_385' title='bbox 2338 2229 2711 2296; x_wconf 87' lang='lat' dir='ltr'><strong>sempiternum</strong></span> <span class='ocrx_word' id='word_1_386' title='bbox 2733 2229 2831 2282; x_wconf 88' lang='lat' dir='ltr'><strong>erit</strong></span> <span class='ocrx_word' id='word_1_387' title='bbox 2854 2229 2995 2283; x_wconf 83' lang='lat' dir='ltr'><strong>vobis</strong></span> <span class='ocrx_word' id='word_1_388' title='bbox 3052 2230 3107 2282; x_wconf 89' lang='lat' dir='ltr'><strong>in</strong></span> <span class='ocrx_word' id='word_1_389' title='bbox 3130 2232 3331 2285; x_wconf 77' lang='lat' dir='ltr'><strong>cimctis</strong></span> <span class='ocrx_word' id='word_1_390' title='bbox 3377 2233 3741 2301; x_wconf 85' lang='lat' dir='ltr'><strong>generationi-</strong></span> 
     </span>
    </p>
   </div>
   <div class='ocr_carea' id='block_1_54' title="bbox 2163 2319 3741 2392">
    <p class='ocr_par' dir='ltr' id='par_1_54' title="bbox 2163 2319 3741 2392">
     <span class='ocr_line' id='line_1_54' title="bbox 2163 2319 3741 2392; baseline 0.003 -20"><span class='ocrx_word' id='word_1_391' title='bbox 2163 2320 2256 2372; x_wconf 87' lang='lat' dir='ltr'><strong>bus</strong></span> <span class='ocrx_word' id='word_1_392' title='bbox 2303 2329 2353 2373; x_wconf 91' lang='lat' dir='ltr'><strong>et</strong></span> <span class='ocrx_word' id='word_1_393' title='bbox 2379 2319 2789 2373; x_wconf 86' lang='lat' dir='ltr'><strong>habitationibus</strong></span> <span class='ocrx_word' id='word_1_394' title='bbox 2826 2321 3030 2374; x_wconf 82' lang='lat' dir='ltr'><strong>vestris.</strong></span> <span class='ocrx_word' id='word_1_395' title='bbox 3063 2322 3155 2374; x_wconf 82' lang='lat' dir='ltr'><strong>Sic</strong></span> <span class='ocrx_word' id='word_1_396' title='bbox 3191 2321 3296 2375; x_wconf 85' lang='lat' dir='ltr'><strong>hoc</strong></span> <span class='ocrx_word' id='word_1_397' title='bbox 3323 2322 3458 2376; x_wconf 78' lang='lat' dir='ltr'><strong>dixit</strong></span> <span class='ocrx_word' id='word_1_398' title='bbox 3479 2332 3741 2392; x_wconf 85' lang='lat' dir='ltr'><strong>tanquam</strong></span> 
     </span>
    </p>
   </div>
   <div class='ocr_carea' id='block_1_55' title="bbox 2161 2408 3743 2481">
    <p class='ocr_par' dir='ltr' id='par_1_55' title="bbox 2161 2408 3743 2481">
     <span class='ocr_line' id='line_1_55' title="bbox 2161 2408 3743 2481; baseline 0.001 -16"><span class='ocrx_word' id='word_1_399' title='bbox 2161 2410 2207 2465; x_wconf 92' lang='lat' dir='ltr'><strong>si</strong></span> <span class='ocrx_word' id='word_1_400' title='bbox 2232 2410 2434 2481; x_wconf 88' lang='lat' dir='ltr'><strong>populo</strong></span> <span class='ocrx_word' id='word_1_401' title='bbox 2478 2408 2788 2464; x_wconf 71' lang='lat' dir='ltr'><strong>Judteorum</strong></span> <span class='ocrx_word' id='word_1_402' title='bbox 2820 2419 3151 2479; x_wconf 76' lang='lat' dir='ltr'><strong>praeceptum</strong></span> <span class='ocrx_word' id='word_1_403' title='bbox 3199 2411 3271 2465; x_wconf 90' lang='lat' dir='ltr'><strong>sit</strong></span> <span class='ocrx_word' id='word_1_404' title='bbox 3303 2428 3316 2463; x_wconf 92' lang='lat'>:</span> <span class='ocrx_word' id='word_1_405' title='bbox 3353 2412 3630 2466; x_wconf 86' lang='lat' dir='ltr'><strong>sicautem</strong></span> <span class='ocrx_word' id='word_1_406' title='bbox 3676 2427 3743 2467; x_wconf 82' lang='lat' dir='ltr'><strong>se</strong></span> 
     </span>
    </p>
   </div>
   <div class='ocr_carea' id='block_1_56' title="bbox 2161 2499 3849 2570">
    <p class='ocr_par' dir='ltr' id='par_1_56' title="bbox 2161 2499 3849 2570">
     <span class='ocr_line' id='line_1_56' title="bbox 2161 2499 3849 2570; baseline 0.002 -17"><span class='ocrx_word' id='word_1_407' title='bbox 2161 2516 2273 2554; x_wconf 91' lang='lat' dir='ltr'><strong>non</strong></span> <span class='ocrx_word' id='word_1_408' title='bbox 2303 2500 2471 2554; x_wconf 90' lang='lat' dir='ltr'><strong>habet</strong></span> <span class='ocrx_word' id='word_1_409' title='bbox 2497 2521 2508 2554; x_wconf 89' lang='lat'><strong>:</strong></span> <span class='ocrx_word' id='word_1_410' title='bbox 2537 2499 2792 2554; x_wconf 89' lang='lat' dir='ltr'><strong>omnibus</strong></span> <span class='ocrx_word' id='word_1_411' title='bbox 2822 2499 2968 2553; x_wconf 88' lang='lat' dir='ltr'><strong>enim</strong></span> <span class='ocrx_word' id='word_1_412' title='bbox 2991 2499 3074 2553; x_wconf 80' lang='lat' dir='ltr'><strong>lex</strong></span> <span class='ocrx_word' id='word_1_413' title='bbox 3109 2501 3424 2555; x_wconf 91' lang='lat' dir='ltr'><strong>communis</strong></span> <span class='ocrx_word' id='word_1_414' title='bbox 3468 2511 3579 2565; x_wconf 68' lang='lat' dir='ltr'><strong>est,</strong></span> <span class='ocrx_word' id='word_1_415' title='bbox 3610 2501 3743 2570; x_wconf 79' lang='lat' dir='ltr'><strong>quia</strong></span> <span class='ocrx_word' id='word_1_416' title='bbox 3834 2548 3849 2563; x_wconf 46' lang='grc' dir='ltr'><strong>κ</strong></span> 
     </span>
    </p>
   </div>
   <div class='ocr_carea' id='block_1_57' title="bbox 2164 2590 3742 2661">
    <p class='ocr_par' dir='ltr' id='par_1_57' title="bbox 2164 2590 3742 2661">
     <span class='ocr_line' id='line_1_57' title="bbox 2164 2590 3742 2661; baseline 0 -15"><span class='ocrx_word' id='word_1_417' title='bbox 2164 2600 2219 2647; x_wconf 86' lang='lat' dir='ltr'><strong>et</strong></span> <span class='ocrx_word' id='word_1_418' title='bbox 2238 2593 2304 2647; x_wconf 90' lang='lat' dir='ltr'><strong>ad</strong></span> <span class='ocrx_word' id='word_1_419' title='bbox 2333 2607 2524 2646; x_wconf 91' lang='lat' dir='ltr'><strong>omnes</strong></span> <span class='ocrx_word' id='word_1_420' title='bbox 2552 2590 2815 2645; x_wconf 89' lang='lat' dir='ltr'><strong>Dominus</strong></span> <span class='ocrx_word' id='word_1_421' title='bbox 2844 2591 3096 2646; x_wconf 89' lang='lat' dir='ltr'><strong>dicebat:</strong></span> <span class='ocrx_word' id='word_1_422' title='bbox 3149 2591 3456 2661; x_wconf 84' lang='lat' dir='ltr'><strong>Operamini</strong></span> <span class='ocrx_word' id='word_1_423' title='bbox 3509 2609 3611 2646; x_wconf 88' lang='lat' dir='ltr'><strong>non</strong></span> <span class='ocrx_word' id='word_1_424' title='bbox 3654 2594 3742 2646; x_wconf 84' lang='lat' dir='ltr'><strong>ci-</strong></span> 
     </span>
    </p>
   </div>
   <div class='ocr_carea' id='block_1_58' title="bbox 2162 2681 3745 2753">
    <p class='ocr_par' dir='ltr' id='par_1_58' title="bbox 2162 2681 3745 2753">
     <span class='ocr_line' id='line_1_58' title="bbox 2162 2681 3745 2753; baseline 0.001 -17"><span class='ocrx_word' id='word_1_425' title='bbox 2162 2683 2284 2737; x_wconf 88' lang='lat' dir='ltr'><strong>bum</strong></span> <span class='ocrx_word' id='word_1_426' title='bbox 2310 2684 2400 2753; x_wconf 90' lang='lat' dir='ltr'><strong>qui</strong></span> <span class='ocrx_word' id='word_1_427' title='bbox 2426 2684 2561 2752; x_wconf 86' lang='lat' dir='ltr'><strong>perit</strong></span> <span class='ocrx_word' id='word_1_428' title='bbox 2592 2683 2656 2746; x_wconf 82' lang='lat'><strong>“,</strong></span> <span class='ocrx_word' id='word_1_429' title='bbox 2680 2681 2819 2736; x_wconf 89' lang='lat' dir='ltr'><strong>nihil</strong></span> <span class='ocrx_word' id='word_1_430' title='bbox 2848 2682 3037 2736; x_wconf 88' lang='lat' dir='ltr'><strong>volens</strong></span> <span class='ocrx_word' id='word_1_431' title='bbox 3056 2696 3159 2736; x_wconf 89' lang='lat' dir='ltr'><strong>nos</strong></span> <span class='ocrx_word' id='word_1_432' title='bbox 3190 2684 3405 2751; x_wconf 81' lang='lat' dir='ltr'><strong>Operari</strong></span> <span class='ocrx_word' id='word_1_433' title='bbox 3432 2690 3745 2737; x_wconf 87' lang='lat' dir='ltr'><strong>terrenum.</strong></span> 
     </span>
    </p>
   </div>
   <div class='ocr_carea' id='block_1_59' title="bbox 2163 2770 3743 2842">
    <p class='ocr_par' dir='ltr' id='par_1_59' title="bbox 2163 2770 3743 2842">
     <span class='ocr_line' id='line_1_59' title="bbox 2163 2770 3743 2842; baseline 0.001 -17"><span class='ocrx_word' id='word_1_434' title='bbox 2163 2770 2311 2826; x_wconf 88' lang='lat' dir='ltr'><strong>Bene</strong></span> <span class='ocrx_word' id='word_1_435' title='bbox 2344 2786 2474 2842; x_wconf 80' lang='lat' dir='ltr'><strong>ergo</strong></span> <span class='ocrx_word' id='word_1_436' title='bbox 2498 2781 2551 2825; x_wconf 88' lang='lat' dir='ltr'><strong>et</strong></span> <span class='ocrx_word' id='word_1_437' title='bbox 2583 2771 2862 2840; x_wconf 85' lang='lat' dir='ltr'><strong>sapienter</strong></span> <span class='ocrx_word' id='word_1_438' title='bbox 2891 2770 3195 2826; x_wconf 86' lang='lat' dir='ltr'><strong>custodiam</strong></span> <span class='ocrx_word' id='word_1_439' title='bbox 3257 2772 3568 2827; x_wconf 86' lang='lat' dir='ltr'><strong>vacationis</strong></span> <span class='ocrx_word' id='word_1_440' title='bbox 3609 2790 3743 2839; x_wconf 80' lang='lat' dir='ltr'><strong>pro-</strong></span> 
     </span>
    </p>
   </div>
   <div class='ocr_carea' id='block_1_60' title="bbox 2163 2863 3745 2933">
    <p class='ocr_par' dir='ltr' id='par_1_60' title="bbox 2163 2863 3745 2933">
     <span class='ocr_line' id='line_1_60' title="bbox 2163 2863 3745 2933; baseline -0.001 -14"><span class='ocrx_word' id='word_1_441' title='bbox 2163 2865 2362 2919; x_wconf 90' lang='lat' dir='ltr'><strong>ducere</strong></span> <span class='ocrx_word' id='word_1_442' title='bbox 2380 2864 2446 2917; x_wconf 92' lang='lat' dir='ltr'><strong>ad</strong></span> <span class='ocrx_word' id='word_1_443' title='bbox 2474 2864 2736 2933; x_wconf 81' lang='lat' dir='ltr'><strong>majorem</strong></span> <span class='ocrx_word' id='word_1_444' title='bbox 2788 2863 3312 2931; x_wconf 88' lang='lat' dir='ltr'><strong>contemplationem</strong></span> <span class='ocrx_word' id='word_1_445' title='bbox 3340 2864 3550 2931; x_wconf 85' lang='lat' dir='ltr'><strong>volens,</strong></span> <span class='ocrx_word' id='word_1_446' title='bbox 3580 2864 3745 2920; x_wconf 85' lang='lat' dir='ltr'><strong>addi-</strong></span> 
     </span>
    </p>
   </div>
   <div class='ocr_carea' id='block_1_61' title="bbox 483 2932 2060 3031">
    <p class='ocr_par' dir='ltr' id='par_1_61' title="bbox 483 2932 2060 3013">
     <span class='ocr_line' id='line_1_61' title="bbox 483 2932 2060 3013; baseline 0.006 -24"><span class='ocrx_word' id='word_1_447' title='bbox 483 2932 754 2991; x_wconf 88' lang='lat' dir='ltr'><strong>numerus&#39;</strong></span> <span class='ocrx_word' id='word_1_448' title='bbox 802 2939 1333 2993; x_wconf 73' lang='lat' dir='ltr'><strong>consummationem</strong></span> <span class='ocrx_word' id='word_1_449' title='bbox 1390 2948 1701 3010; x_wconf 91' lang='lat' dir='ltr'><strong>temporum</strong></span> <span class='ocrx_word' id='word_1_450' title='bbox 1756 2942 2060 3013; x_wconf 80' lang='lat' dir='ltr'><strong>signiﬁcare</strong></span> 
     </span>
    </p>
   </div>
   <div class='ocr_carea' id='block_1_62' title="bbox 2160 2932 3745 3031">
    <p class='ocr_par' dir='ltr' id='par_1_62' title="bbox 2162 2932 3745 3024">
     <span class='ocr_line' id='line_1_62' title="bbox 2162 2932 3745 3024; baseline 0 -14"><span class='ocrx_word' id='word_1_451' title='bbox 2162 2956 2270 3011; x_wconf 89' lang='lat' dir='ltr'><strong>dit:</strong></span> <span class='ocrx_word' id='word_1_452' title='bbox 2295 2932 2582 3010; x_wconf 86' lang='lat' dir='ltr'><strong>Sabbatum</strong></span> <span class='ocrx_word' id='word_1_453' title='bbox 2614 2955 2806 3024; x_wconf 86' lang='lat' dir='ltr'><strong>requiei</strong></span> <span class='ocrx_word' id='word_1_454' title='bbox 2836 2962 2932 3007; x_wconf 87' lang='lat' dir='ltr'><strong>est.</strong></span> <span class='ocrx_word' id='word_1_455' title='bbox 2974 2952 3071 3008; x_wconf 83' lang='lat' dir='ltr'><strong>Vel</strong></span> <span class='ocrx_word' id='word_1_456' title='bbox 3101 2952 3246 3008; x_wconf 87' lang='lat' dir='ltr'><strong>sicut</strong></span> <span class='ocrx_word' id='word_1_457' title='bbox 3270 2953 3413 3008; x_wconf 75' lang='lat' dir='ltr'><strong>LXX</strong></span> <span class='ocrx_word' id='word_1_458' title='bbox 3445 2972 3460 3008; x_wconf 90' lang='lat'><strong>:</strong></span> <span class='ocrx_word' id='word_1_459' title='bbox 3503 2954 3745 3011; x_wconf 79' lang='lat' dir='ltr'><strong>Sabbata</strong></span> 
     </span>
    </p>
   </div>
   <div class='ocr_carea' id='block_1_63' title="bbox 483 3028 2062 3099">
    <p class='ocr_par' dir='ltr' id='par_1_63' title="bbox 483 3028 2062 3099">
     <span class='ocr_line' id='line_1_63' title="bbox 483 3028 2062 3099; baseline 0.003 -17"><span class='ocrx_word' id='word_1_460' title='bbox 483 3029 788 3091; x_wconf 86' lang='lat' dir='ltr'><strong>consuevit,</strong></span> <span class='ocrx_word' id='word_1_461' title='bbox 813 3029 1066 3082; x_wconf 82' lang='lat' dir='ltr'><strong>omnibus</strong></span> <span class='ocrx_word' id='word_1_462' title='bbox 1088 3028 1275 3099; x_wconf 79' lang='lat' dir='ltr'><strong>ﬁguris</strong></span> <span class='ocrx_word' id='word_1_463' title='bbox 1322 3039 1379 3084; x_wconf 91' lang='lat' dir='ltr'><strong>et</strong></span> <span class='ocrx_word' id='word_1_464' title='bbox 1426 3031 1733 3086; x_wconf 85' lang='lat' dir='ltr'><strong>necessarie</strong></span> <span class='ocrx_word' id='word_1_465' title='bbox 1766 3045 2062 3087; x_wconf 89' lang='lat' dir='ltr'><strong>conserva-</strong></span> 
     </span>
    </p>
   </div>
   <div class='ocr_carea' id='block_1_64' title="bbox 482 3117 2062 3189">
    <p class='ocr_par' dir='ltr' id='par_1_64' title="bbox 482 3117 2062 3189">
     <span class='ocr_line' id='line_1_64' title="bbox 482 3117 2062 3189; baseline 0.003 -17"><span class='ocrx_word' id='word_1_466' title='bbox 482 3118 584 3172; x_wconf 77' lang='lat' dir='ltr'><strong>vit.</strong></span> <span class='ocrx_word' id='word_1_467' title='bbox 621 3117 880 3173; x_wconf 88' lang='lat' dir='ltr'><strong>Dividens</strong></span> <span class='ocrx_word' id='word_1_468' title='bbox 904 3127 1085 3173; x_wconf 89' lang='lat' dir='ltr'><strong>autem</strong></span> <span class='ocrx_word' id='word_1_469' title='bbox 1111 3135 1193 3184; x_wconf 90' lang='lat' dir='ltr'><strong>ea,</strong></span> <span class='ocrx_word' id='word_1_470' title='bbox 1236 3135 1389 3189; x_wconf 89' lang='lat' dir='ltr'><strong>spem</strong></span> <span class='ocrx_word' id='word_1_471' title='bbox 1447 3128 1789 3176; x_wconf 90' lang='lat' dir='ltr'><strong>mortuorum</strong></span> <span class='ocrx_word' id='word_1_472' title='bbox 1815 3138 2062 3178; x_wconf 88' lang='lat' dir='ltr'><strong>resurre-</strong></span> 
     </span>
    </p>
   </div>
   <div class='ocr_carea' id='block_1_65' title="bbox 483 3210 2062 3282">
    <p class='ocr_par' dir='ltr' id='par_1_65' title="bbox 483 3210 2062 3282">
     <span class='ocr_line' id='line_1_65' title="bbox 483 3210 2062 3282; baseline 0.003 -17"><span class='ocrx_word' id='word_1_473' title='bbox 483 3210 703 3274; x_wconf 88' lang='lat' dir='ltr'><strong>ctionis,</strong></span> <span class='ocrx_word' id='word_1_474' title='bbox 728 3225 825 3279; x_wconf 89' lang='lat' dir='ltr'><strong>per</strong></span> <span class='ocrx_word' id='word_1_475' title='bbox 850 3211 1171 3264; x_wconf 85' lang='lat' dir='ltr'><strong>neomenias</strong></span> <span class='ocrx_word' id='word_1_476' title='bbox 1194 3211 1410 3281; x_wconf 89' lang='lat' dir='ltr'><strong>septimi</strong></span> <span class='ocrx_word' id='word_1_477' title='bbox 1461 3212 1667 3267; x_wconf 88' lang='lat' dir='ltr'><strong>mensis</strong></span> <span class='ocrx_word' id='word_1_478' title='bbox 1708 3213 1958 3282; x_wconf 90' lang='lat' dir='ltr'><strong>superius</strong></span> <span class='ocrx_word' id='word_1_479' title='bbox 1985 3216 2062 3269; x_wconf 91' lang='lat' dir='ltr'><strong>si-</strong></span> 
     </span>
    </p>
   </div>
   <div class='ocr_carea' id='block_1_66' title="bbox 486 3298 2061 3373">
    <p class='ocr_par' dir='ltr' id='par_1_66' title="bbox 486 3298 2061 3373">
     <span class='ocr_line' id='line_1_66' title="bbox 486 3298 2061 3373; baseline 0.003 -20"><span class='ocrx_word' id='word_1_480' title='bbox 486 3298 783 3371; x_wconf 74' lang='lat' dir='ltr'><strong>gniﬁcavit,</strong></span> <span class='ocrx_word' id='word_1_481' title='bbox 837 3300 895 3353; x_wconf 89' lang='lat' dir='ltr'><strong>in</strong></span> <span class='ocrx_word' id='word_1_482' title='bbox 959 3315 1063 3369; x_wconf 90' lang='lat' dir='ltr'><strong>qua</strong></span> <span class='ocrx_word' id='word_1_483' title='bbox 1097 3307 1151 3354; x_wconf 88' lang='lat' dir='ltr'><strong>et</strong></span> <span class='ocrx_word' id='word_1_484' title='bbox 1181 3301 1436 3355; x_wconf 85' lang='lat' dir='ltr'><strong>tubarum</strong></span> <span class='ocrx_word' id='word_1_485' title='bbox 1486 3302 1804 3357; x_wconf 90' lang='lat' dir='ltr'><strong>memoriale</strong></span> <span class='ocrx_word' id='word_1_486' title='bbox 1855 3304 2061 3373; x_wconf 87' lang='lat' dir='ltr'><strong>posuit,</strong></span> 
     </span>
    </p>
   </div>
   <div class='ocr_carea' id='block_1_67' title="bbox 485 3390 2060 3465">
    <p class='ocr_par' dir='ltr' id='par_1_67' title="bbox 485 3390 2060 3465">
     <span class='ocr_line' id='line_1_67' title="bbox 485 3390 2060 3465; baseline 0.003 -20"><span class='ocrx_word' id='word_1_487' title='bbox 485 3390 611 3461; x_wconf 83' lang='lat' dir='ltr'><strong>quia</strong></span> <span class='ocrx_word' id='word_1_488' title='bbox 642 3392 698 3446; x_wconf 91' lang='lat' dir='ltr'><strong>in</strong></span> <span class='ocrx_word' id='word_1_489' title='bbox 760 3392 885 3446; x_wconf 84' lang='lat' dir='ltr'><strong>tuba</strong></span> <span class='ocrx_word' id='word_1_490' title='bbox 921 3392 1013 3446; x_wconf 90' lang='lat' dir='ltr'><strong>Dei</strong></span> <span class='ocrx_word' id='word_1_491' title='bbox 1060 3400 1444 3462; x_wconf 82' lang='lat' dir='ltr'><strong>exspectamus</strong></span> <span class='ocrx_word' id='word_1_492' title='bbox 1471 3402 1718 3448; x_wconf 88' lang='lat' dir='ltr'><strong>mortuos</strong></span> <span class='ocrx_word' id='word_1_493' title='bbox 1752 3409 2060 3465; x_wconf 80' lang='lat' dir='ltr'><strong>resurgere.</strong></span> 
     </span>
    </p>
   </div>
   <div class='ocr_carea' id='block_1_68' title="bbox 485 3485 2063 3554">
    <p class='ocr_par' dir='ltr' id='par_1_68' title="bbox 485 3485 2063 3554">
     <span class='ocr_line' id='line_1_68' title="bbox 485 3485 2063 3554; baseline 0.003 -17"><span class='ocrx_word' id='word_1_494' title='bbox 485 3485 618 3538; x_wconf 85' lang='lat' dir='ltr'><strong>Eam</strong></span> <span class='ocrx_word' id='word_1_495' title='bbox 639 3493 843 3548; x_wconf 87' lang='lat' dir='ltr'><strong>autem,</strong></span> <span class='ocrx_word' id='word_1_496' title='bbox 870 3501 992 3554; x_wconf 68' lang='lat' dir='ltr'><strong>quae</strong></span> <span class='ocrx_word' id='word_1_497' title='bbox 1015 3494 1100 3539; x_wconf 87' lang='lat' dir='ltr'><strong>est</strong></span> <span class='ocrx_word' id='word_1_498' title='bbox 1127 3485 1180 3538; x_wconf 90' lang='lat' dir='ltr'><strong>in</strong></span> <span class='ocrx_word' id='word_1_499' title='bbox 1226 3486 1554 3550; x_wconf 87' lang='lat' dir='ltr'><strong>humilitate,</strong></span> <span class='ocrx_word' id='word_1_500' title='bbox 1581 3496 1635 3540; x_wconf 88' lang='lat' dir='ltr'><strong>et</strong></span> <span class='ocrx_word' id='word_1_501' title='bbox 1661 3486 1907 3542; x_wconf 88' lang='lat' dir='ltr'><strong>ciborum</strong></span> <span class='ocrx_word' id='word_1_502' title='bbox 1963 3488 2063 3542; x_wconf 88' lang='lat' dir='ltr'><strong>ab-</strong></span> 
     </span>
    </p>
   </div>
   <div class='ocr_carea' id='block_1_69' title="bbox 484 3576 2063 3648">
    <p class='ocr_par' dir='ltr' id='par_1_69' title="bbox 484 3576 2063 3648">
     <span class='ocr_line' id='line_1_69' title="bbox 484 3576 2063 3648; baseline 0.003 -18"><span class='ocrx_word' id='word_1_503' title='bbox 484 3576 746 3630; x_wconf 88' lang='lat' dir='ltr'><strong>stinentia</strong></span> <span class='ocrx_word' id='word_1_504' title='bbox 773 3576 938 3631; x_wconf 81' lang='lat' dir='ltr'><strong>vitam</strong></span> <span class='ocrx_word' id='word_1_505' title='bbox 965 3615 980 3639; x_wconf 90' lang='lat'><strong>,</strong></span> <span class='ocrx_word' id='word_1_506' title='bbox 1017 3592 1111 3646; x_wconf 87' lang='lat' dir='ltr'><strong>per</strong></span> <span class='ocrx_word' id='word_1_507' title='bbox 1143 3576 1411 3632; x_wconf 89' lang='lat' dir='ltr'><strong>decimam</strong></span> <span class='ocrx_word' id='word_1_508' title='bbox 1444 3579 1671 3642; x_wconf 89' lang='lat' dir='ltr'><strong>mensis,</strong></span> <span class='ocrx_word' id='word_1_509' title='bbox 1697 3578 1766 3634; x_wconf 92' lang='lat' dir='ltr'><strong>de</strong></span> <span class='ocrx_word' id='word_1_510' title='bbox 1789 3594 1895 3648; x_wconf 90' lang='lat' dir='ltr'><strong>qua</strong></span> <span class='ocrx_word' id='word_1_511' title='bbox 1912 3595 2063 3634; x_wconf 90' lang='lat' dir='ltr'><strong>nunc</strong></span> 
     </span>
    </p>
   </div>
   <div class='ocr_carea' id='block_1_70' title="bbox 482 3667 2063 3739">
    <p class='ocr_par' dir='ltr' id='par_1_70' title="bbox 482 3667 2063 3739">
     <span class='ocr_line' id='line_1_70' title="bbox 482 3667 2063 3739; baseline 0.003 -18"><span class='ocrx_word' id='word_1_512' title='bbox 482 3667 723 3737; x_wconf 87' lang='lat' dir='ltr'><strong>loquitur</strong></span> <span class='ocrx_word' id='word_1_513' title='bbox 756 3668 832 3739; x_wconf 91' lang='lat' dir='ltr'><strong>(in</strong></span> <span class='ocrx_word' id='word_1_514' title='bbox 872 3668 1100 3722; x_wconf 91' lang='lat' dir='ltr'><strong>transitu</strong></span> <span class='ocrx_word' id='word_1_515' title='bbox 1125 3667 1272 3722; x_wconf 91' lang='lat' dir='ltr'><strong>enim</strong></span> <span class='ocrx_word' id='word_1_516' title='bbox 1299 3670 1499 3724; x_wconf 68' lang='lat' dir='ltr'><strong>saeculo</strong></span> <span class='ocrx_word' id='word_1_517' title='bbox 1522 3669 1622 3734; x_wconf 92' lang='lat' dir='ltr'><strong>uti,</strong></span> <span class='ocrx_word' id='word_1_518' title='bbox 1676 3680 1730 3724; x_wconf 92' lang='lat' dir='ltr'><strong>et</strong></span> <span class='ocrx_word' id='word_1_519' title='bbox 1763 3671 1967 3724; x_wconf 84' lang='lat' dir='ltr'><strong>exitum</strong></span> <span class='ocrx_word' id='word_1_520' title='bbox 1994 3671 2063 3726; x_wconf 90' lang='lat' dir='ltr'><strong>de</strong></span> 
     </span>
    </p>
   </div>
   <div class='ocr_carea' id='block_1_71' title="bbox 484 3758 2064 3829">
    <p class='ocr_par' dir='ltr' id='par_1_71' title="bbox 484 3758 2064 3829">
     <span class='ocr_line' id='line_1_71' title="bbox 484 3758 2064 3829; baseline -0.001 -14"><span class='ocrx_word' id='word_1_521' title='bbox 484 3774 553 3815; x_wconf 82' lang='lat' dir='ltr'><strong>eo</strong></span> <span class='ocrx_word' id='word_1_522' title='bbox 576 3768 919 3829; x_wconf 84' lang='lat' dir='ltr'><strong>exspectare,</strong></span> <span class='ocrx_word' id='word_1_523' title='bbox 952 3774 1052 3828; x_wconf 87' lang='lat' dir='ltr'><strong>per</strong></span> <span class='ocrx_word' id='word_1_524' title='bbox 1075 3758 1451 3825; x_wconf 82' lang='lat' dir='ltr'><strong>festivitatem,</strong></span> <span class='ocrx_word' id='word_1_525' title='bbox 1470 3775 1631 3829; x_wconf 90' lang='lat' dir='ltr'><strong>quam</strong></span> <span class='ocrx_word' id='word_1_526' title='bbox 1659 3776 1687 3814; x_wconf 88' lang='lat' dir='ltr'><strong>a</strong></span> <span class='ocrx_word' id='word_1_527' title='bbox 1707 3760 1897 3829; x_wconf 90' lang='lat' dir='ltr'><strong>quinta</strong></span> <span class='ocrx_word' id='word_1_528' title='bbox 1916 3760 2064 3816; x_wconf 88' lang='lat' dir='ltr'><strong>deci-</strong></span> 
     </span>
    </p>
   </div>
   <div class='ocr_carea' id='block_1_72' title="bbox 483 3850 2057 3921">
    <p class='ocr_par' dir='ltr' id='par_1_72' title="bbox 483 3850 2057 3921">
     <span class='ocr_line' id='line_1_72' title="bbox 483 3850 2057 3921; baseline 0 -16"><span class='ocrx_word' id='word_1_529' title='bbox 483 3865 570 3905; x_wconf 90' lang='lat' dir='ltr'><strong>ma</strong></span> <span class='ocrx_word' id='word_1_530' title='bbox 593 3850 856 3920; x_wconf 88' lang='lat' dir='ltr'><strong>incipere,</strong></span> <span class='ocrx_word' id='word_1_531' title='bbox 880 3860 1002 3920; x_wconf 91' lang='lat' dir='ltr'><strong>post</strong></span> <span class='ocrx_word' id='word_1_532' title='bbox 1023 3851 1299 3920; x_wconf 90' lang='lat' dir='ltr'><strong>paululum</strong></span> <span class='ocrx_word' id='word_1_533' title='bbox 1325 3850 1578 3907; x_wconf 88' lang='lat' dir='ltr'><strong>invenies</strong></span> <span class='ocrx_word' id='word_1_534' title='bbox 1597 3866 1722 3906; x_wconf 90' lang='lat' dir='ltr'><strong>eum</strong></span> <span class='ocrx_word' id='word_1_535' title='bbox 1736 3850 2057 3921; x_wconf 89' lang='lat' dir='ltr'><strong>dicentem),</strong></span> 
     </span>
    </p>
   </div>
   <div class='ocr_carea' id='block_1_73' title="bbox 484 3941 2064 4014">
    <p class='ocr_par' dir='ltr' id='par_1_73' title="bbox 484 3941 2064 4014">
     <span class='ocr_line' id='line_1_73' title="bbox 484 3941 2064 4014; baseline -0.001 -17"><span class='ocrx_word' id='word_1_536' title='bbox 484 3941 774 4013; x_wconf 73' lang='lat' dir='ltr'><strong>signiﬁcat.</strong></span> <span class='ocrx_word' id='word_1_537' title='bbox 806 3942 913 3998; x_wconf 85' lang='lat' dir='ltr'><strong>Sed</strong></span> <span class='ocrx_word' id='word_1_538' title='bbox 940 3959 1060 4013; x_wconf 68' lang='lat' dir='ltr'><strong>quae</strong></span> <span class='ocrx_word' id='word_1_539' title='bbox 1093 3944 1376 4013; x_wconf 85' lang='lat' dir='ltr'><strong>pertinent</strong></span> <span class='ocrx_word' id='word_1_540' title='bbox 1423 3943 1491 3998; x_wconf 90' lang='lat' dir='ltr'><strong>ad</strong></span> <span class='ocrx_word' id='word_1_541' title='bbox 1554 3942 1867 4014; x_wconf 65' lang='lat' dir='ltr'><strong>praesentia,</strong></span> <span class='ocrx_word' id='word_1_542' title='bbox 1941 3957 2064 4012; x_wconf 85' lang='lat' dir='ltr'><strong>per-</strong></span> 
     </span>
    </p>
   </div>
   <div class='ocr_carea' id='block_1_74' title="bbox 484 4042 814 4088">
    <p class='ocr_par' dir='ltr' id='par_1_74' title="bbox 484 4042 814 4088">
     <span class='ocr_line' id='line_1_74' title="bbox 484 4042 814 4088; baseline 0.009 -3"><span class='ocrx_word' id='word_1_543' title='bbox 484 4042 814 4088; x_wconf 77' lang='lat' dir='ltr'><strong>scrutemur.</strong></span> 
     </span>
    </p>
   </div>
   <div class='ocr_carea' id='block_1_75' title="bbox 558 4122 2061 4194">
    <p class='ocr_par' dir='ltr' id='par_1_75' title="bbox 558 4122 2061 4194">
     <span class='ocr_line' id='line_1_75' title="bbox 558 4122 2061 4194; baseline 0 -17"><span class='ocrx_word' id='word_1_544' title='bbox 558 4123 892 4194; x_wconf 78' lang='lat' dir='ltr'><strong>Locutusque</strong></span> <span class='ocrx_word' id='word_1_545' title='bbox 925 4134 998 4179; x_wconf 87' lang='lat' dir='ltr'><strong>est</strong></span> <span class='ocrx_word' id='word_1_546' title='bbox 1030 4124 1288 4178; x_wconf 81' lang='lat' dir='ltr'><strong>Dominus</strong></span> <span class='ocrx_word' id='word_1_547' title='bbox 1317 4124 1389 4177; x_wconf 84' lang='lat' dir='ltr'><strong>ad</strong></span> <span class='ocrx_word' id='word_1_548' title='bbox 1437 4122 1652 4194; x_wconf 78' lang='lat' dir='ltr'><strong>Moysen</strong></span> <span class='ocrx_word' id='word_1_549' title='bbox 1677 4124 1853 4177; x_wconf 86' lang='lat' dir='ltr'><strong>dicens</strong></span> <span class='ocrx_word' id='word_1_550' title='bbox 1877 4139 1897 4177; x_wconf 89' lang='lat'><strong><em>:</em></strong></span> <span class='ocrx_word' id='word_1_551' title='bbox 1957 4123 2061 4177; x_wconf 80' lang='lat' dir='ltr'><strong>lle-</strong></span> 
     </span>
    </p>
   </div>
   <div class='ocr_carea' id='block_1_76' title="bbox 486 4214 2061 4286">
    <p class='ocr_par' dir='ltr' id='par_1_76' title="bbox 486 4214 2061 4286">
     <span class='ocr_line' id='line_1_76' title="bbox 486 4214 2061 4286; baseline -0.001 -16"><span class='ocrx_word' id='word_1_552' title='bbox 486 4216 620 4270; x_wconf 88' lang='lat' dir='ltr'><strong>cimo</strong></span> <span class='ocrx_word' id='word_1_553' title='bbox 657 4220 850 4271; x_wconf 86' lang='lat' dir='ltr'><strong>mensis</strong></span> <span class='ocrx_word' id='word_1_554' title='bbox 874 4216 1032 4286; x_wconf 82' lang='lat' dir='ltr'><strong>hujus</strong></span> <span class='ocrx_word' id='word_1_555' title='bbox 1059 4216 1271 4284; x_wconf 87' lang='lat' dir='ltr'><strong>septimi</strong></span> <span class='ocrx_word' id='word_1_556' title='bbox 1288 4216 1373 4269; x_wconf 87' lang='lat' dir='ltr'><strong>die</strong></span> <span class='ocrx_word' id='word_1_557' title='bbox 1404 4216 1766 4283; x_wconf 75' lang='lat' dir='ltr'><strong>expiationum</strong></span> <span class='ocrx_word' id='word_1_558' title='bbox 1788 4215 1888 4268; x_wconf 87' lang='lat' dir='ltr'><strong>erit</strong></span> <span class='ocrx_word' id='word_1_559' title='bbox 1923 4214 2061 4269; x_wconf 88' lang='lat' dir='ltr'><strong>cele-</strong></span> 
     </span>
    </p>
   </div>
   <div class='ocr_carea' id='block_1_77' title="bbox 2160 3042 3743 3115">
    <p class='ocr_par' dir='ltr' id='par_1_77' title="bbox 2160 3042 3743 3115">
     <span class='ocr_line' id='line_1_77' title="bbox 2160 3042 3743 3115; baseline -0.001 -16"><span class='ocrx_word' id='word_1_560' title='bbox 2160 3044 2511 3099; x_wconf 90' lang='lat' dir='ltr'><strong>Sabbatorum</strong></span> <span class='ocrx_word' id='word_1_561' title='bbox 2543 3053 2695 3097; x_wconf 88' lang='lat' dir='ltr'><strong>erunt</strong></span> <span class='ocrx_word' id='word_1_562' title='bbox 2722 3044 2886 3097; x_wconf 84' lang='lat' dir='ltr'><strong>vobis.</strong></span> <span class='ocrx_word' id='word_1_563' title='bbox 2919 3042 2994 3098; x_wconf 90' lang='lat' dir='ltr'><strong>Ut</strong></span> <span class='ocrx_word' id='word_1_564' title='bbox 3040 3059 3136 3113; x_wconf 87' lang='lat' dir='ltr'><strong>per</strong></span> <span class='ocrx_word' id='word_1_565' title='bbox 3167 3045 3268 3097; x_wconf 89' lang='lat' dir='ltr'><strong>hoc</strong></span> <span class='ocrx_word' id='word_1_566' title='bbox 3295 3043 3630 3115; x_wconf 83' lang='lat' dir='ltr'><strong>iutelligibile</strong></span> <span class='ocrx_word' id='word_1_567' title='bbox 3650 3046 3743 3097; x_wconf 84' lang='lat' dir='ltr'><strong>in-</strong></span> 
     </span>
    </p>
   </div>
   <div class='ocr_carea' id='block_1_78' title="bbox 2162 3133 3747 3206">
    <p class='ocr_par' dir='ltr' id='par_1_78' title="bbox 2162 3133 3747 3206">
     <span class='ocr_line' id='line_1_78' title="bbox 2162 3133 3747 3206; baseline 0 -16"><span class='ocrx_word' id='word_1_568' title='bbox 2162 3135 2467 3206; x_wconf 80' lang='lat' dir='ltr'><strong>telligamus</strong></span> <span class='ocrx_word' id='word_1_569' title='bbox 2517 3134 2838 3199; x_wconf 87' lang='lat' dir='ltr'><strong>Sabbatum,</strong></span> <span class='ocrx_word' id='word_1_570' title='bbox 2895 3133 3041 3205; x_wconf 92' lang='lat' dir='ltr'><strong>quod</strong></span> <span class='ocrx_word' id='word_1_571' title='bbox 3087 3134 3403 3189; x_wconf 72' lang='lat' dir='ltr'><strong>Judzeorum</strong></span> <span class='ocrx_word' id='word_1_572' title='bbox 3440 3134 3747 3190; x_wconf 77' lang='lat' dir='ltr'><strong>excedebat</strong></span> 
     </span>
    </p>
   </div>
   <div class='ocr_carea' id='block_1_79' title="bbox 2160 3223 3745 3292">
    <p class='ocr_par' dir='ltr' id='par_1_79' title="bbox 2160 3223 3745 3292">
     <span class='ocr_line' id='line_1_79' title="bbox 2160 3223 3745 3292; baseline 0.001 -14"><span class='ocrx_word' id='word_1_573' title='bbox 2160 3223 2554 3288; x_wconf 75' lang='lat' dir='ltr'><strong>inﬁrmitatem,</strong></span> <span class='ocrx_word' id='word_1_574' title='bbox 2585 3224 3045 3292; x_wconf 88' lang='lat' dir='ltr'><strong>quemadmodum</strong></span> <span class='ocrx_word' id='word_1_575' title='bbox 3065 3233 3121 3279; x_wconf 90' lang='lat' dir='ltr'><strong>et</strong></span> <span class='ocrx_word' id='word_1_576' title='bbox 3156 3224 3354 3279; x_wconf 88' lang='lat' dir='ltr'><strong>Sancta</strong></span> <span class='ocrx_word' id='word_1_577' title='bbox 3377 3233 3696 3279; x_wconf 87' lang='lat' dir='ltr'><strong>sanctorum</strong></span> <span class='ocrx_word' id='word_1_578' title='bbox 3726 3243 3745 3288; x_wconf 69' lang='grc' dir='ltr'>ξ</span> 
     </span>
    </p>
   </div>
   <div class='ocr_carea' id='block_1_80' title="bbox 2160 3309 3748 3383">
    <p class='ocr_par' dir='ltr' id='par_1_80' title="bbox 2160 3309 3748 3383">
     <span class='ocr_line' id='line_1_80' title="bbox 2160 3309 3748 3383; baseline -0.001 -18"><span class='ocrx_word' id='word_1_579' title='bbox 2160 3321 2384 3383; x_wconf 91' lang='lat' dir='ltr'><strong>propter</strong></span> <span class='ocrx_word' id='word_1_580' title='bbox 2407 3312 2552 3381; x_wconf 91' lang='lat' dir='ltr'><strong>quod</strong></span> <span class='ocrx_word' id='word_1_581' title='bbox 2576 3311 2655 3366; x_wconf 89' lang='lat' dir='ltr'><strong>eis</strong></span> <span class='ocrx_word' id='word_1_582' title='bbox 2682 3326 2785 3365; x_wconf 89' lang='lat' dir='ltr'><strong>nec</strong></span> <span class='ocrx_word' id='word_1_583' title='bbox 2805 3309 3044 3365; x_wconf 82' lang='lat' dir='ltr'><strong>Sabbata</strong></span> <span class='ocrx_word' id='word_1_584' title='bbox 3073 3319 3249 3365; x_wconf 87' lang='lat' dir='ltr'><strong>erant.</strong></span> <span class='ocrx_word' id='word_1_585' title='bbox 3283 3310 3391 3364; x_wconf 90' lang='lat' dir='ltr'><strong>Sed</strong></span> <span class='ocrx_word' id='word_1_586' title='bbox 3417 3318 3471 3364; x_wconf 91' lang='lat' dir='ltr'><strong>et</strong></span> <span class='ocrx_word' id='word_1_587' title='bbox 3498 3309 3748 3364; x_wconf 78' lang='lat' dir='ltr'><strong>cantico-</strong></span> 
     </span>
    </p>
   </div>
   <div class='ocr_carea' id='block_1_81' title="bbox 2162 3400 3747 3473">
    <p class='ocr_par' dir='ltr' id='par_1_81' title="bbox 2162 3400 3747 3473">
     <span class='ocr_line' id='line_1_81' title="bbox 2162 3400 3747 3473; baseline -0.003 -15"><span class='ocrx_word' id='word_1_588' title='bbox 2162 3419 2282 3459; x_wconf 90' lang='lat' dir='ltr'><strong>rum</strong></span> <span class='ocrx_word' id='word_1_589' title='bbox 2314 3403 2568 3469; x_wconf 89' lang='lat' dir='ltr'><strong>Cantica;</strong></span> <span class='ocrx_word' id='word_1_590' title='bbox 2594 3418 2704 3456; x_wconf 90' lang='lat' dir='ltr'><strong>non</strong></span> <span class='ocrx_word' id='word_1_591' title='bbox 2739 3402 3054 3473; x_wconf 79' lang='lat' dir='ltr'><strong>intelligunt</strong></span> <span class='ocrx_word' id='word_1_592' title='bbox 3081 3402 3227 3455; x_wconf 91' lang='lat' dir='ltr'><strong>enim</strong></span> <span class='ocrx_word' id='word_1_593' title='bbox 3278 3416 3468 3456; x_wconf 91' lang='lat' dir='ltr'><strong>eorum</strong></span> <span class='ocrx_word' id='word_1_594' title='bbox 3510 3416 3634 3469; x_wconf 69' lang='lat' dir='ltr'><strong>quae</strong></span> <span class='ocrx_word' id='word_1_595' title='bbox 3664 3400 3747 3454; x_wconf 89' lang='lat' dir='ltr'><strong>ibi</strong></span> 
     </span>
    </p>
   </div>
   <div class='ocr_carea' id='block_1_82' title="bbox 2162 3491 3747 3567">
    <p class='ocr_par' dir='ltr' id='par_1_82' title="bbox 2162 3491 3747 3567">
     <span class='ocr_line' id='line_1_82' title="bbox 2162 3491 3747 3567; baseline -0.004 -15"><span class='ocrx_word' id='word_1_596' title='bbox 2162 3498 2362 3567; x_wconf 88' lang='lat' dir='ltr'><strong>scripta</strong></span> <span class='ocrx_word' id='word_1_597' title='bbox 2384 3504 2512 3550; x_wconf 87' lang='lat' dir='ltr'><strong>sunt</strong></span> <span class='ocrx_word' id='word_1_598' title='bbox 2535 3496 2815 3551; x_wconf 88' lang='lat' dir='ltr'><strong>virtutem.</strong></span> <span class='ocrx_word' id='word_1_599' title='bbox 2843 3495 2910 3548; x_wconf 85' lang='lat' dir='ltr'><strong>Et</strong></span> <span class='ocrx_word' id='word_1_600' title='bbox 2934 3509 3095 3548; x_wconf 90' lang='lat' dir='ltr'><strong>omne</strong></span> <span class='ocrx_word' id='word_1_601' title='bbox 3117 3493 3261 3562; x_wconf 90' lang='lat' dir='ltr'><strong>quod</strong></span> <span class='ocrx_word' id='word_1_602' title='bbox 3300 3492 3604 3547; x_wconf 87' lang='lat' dir='ltr'><strong>secundum</strong></span> <span class='ocrx_word' id='word_1_603' title='bbox 3657 3491 3747 3545; x_wconf 87' lang='lat' dir='ltr'><strong>le-</strong></span> 
     </span>
    </p>
   </div>
   <div class='ocr_carea' id='block_1_83' title="bbox 2162 3582 3747 3660">
    <p class='ocr_par' dir='ltr' id='par_1_83' title="bbox 2162 3582 3747 3660">
     <span class='ocr_line' id='line_1_83' title="bbox 2162 3582 3747 3660; baseline -0.004 -17"><span class='ocrx_word' id='word_1_604' title='bbox 2162 3604 2281 3660; x_wconf 79' lang='lat' dir='ltr'><strong>gem</strong></span> <span class='ocrx_word' id='word_1_605' title='bbox 2299 3602 2576 3658; x_wconf 79' lang='lat' dir='ltr'><strong>anagogen</strong></span> <span class='ocrx_word' id='word_1_606' title='bbox 2601 3586 2817 3655; x_wconf 90' lang='lat' dir='ltr'><strong>recipit,</strong></span> <span class='ocrx_word' id='word_1_607' title='bbox 2841 3585 2946 3639; x_wconf 92' lang='lat' dir='ltr'><strong>hoc</strong></span> <span class='ocrx_word' id='word_1_608' title='bbox 2969 3584 3233 3640; x_wconf 79' lang='lat' dir='ltr'><strong>excedere</strong></span> <span class='ocrx_word' id='word_1_609' title='bbox 3251 3582 3564 3638; x_wconf 70' lang='lat' dir='ltr'><strong>Judznorum</strong></span> <span class='ocrx_word' id='word_1_610' title='bbox 3581 3598 3747 3638; x_wconf 85' lang='lat' dir='ltr'><strong>men-</strong></span> 
     </span>
    </p>
   </div>
   <div class='ocr_carea' id='block_1_84' title="bbox 2162 3673 3746 3744">
    <p class='ocr_par' dir='ltr' id='par_1_84' title="bbox 2162 3673 3746 3744">
     <span class='ocr_line' id='line_1_84' title="bbox 2162 3673 3746 3744; baseline -0.003 -12"><span class='ocrx_word' id='word_1_611' title='bbox 2162 3693 2317 3733; x_wconf 91' lang='lat' dir='ltr'><strong>suras</strong></span> <span class='ocrx_word' id='word_1_612' title='bbox 2348 3676 2735 3744; x_wconf 75' lang='lat' dir='ltr'><strong>intelligamus.</strong></span> <span class='ocrx_word' id='word_1_613' title='bbox 2766 3673 2887 3728; x_wconf 88' lang='lat' dir='ltr'><strong>Jam</strong></span> <span class='ocrx_word' id='word_1_614' title='bbox 2917 3681 3105 3727; x_wconf 91' lang='lat' dir='ltr'><strong>autem</strong></span> <span class='ocrx_word' id='word_1_615' title='bbox 3130 3673 3271 3736; x_wconf 88' lang='lat' dir='ltr'><strong>vide,</strong></span> <span class='ocrx_word' id='word_1_616' title='bbox 3303 3674 3505 3742; x_wconf 91' lang='lat' dir='ltr'><strong>quibus</strong></span> <span class='ocrx_word' id='word_1_617' title='bbox 3526 3688 3746 3729; x_wconf 83' lang='lat' dir='ltr'><strong>sermo-</strong></span> 
     </span>
    </p>
   </div>
   <div class='ocr_carea' id='block_1_85' title="bbox 2160 3760 3749 3831">
    <p class='ocr_par' dir='ltr' id='par_1_85' title="bbox 2160 3760 3749 3831">
     <span class='ocr_line' id='line_1_85' title="bbox 2160 3760 3749 3831; baseline -0.001 -13"><span class='ocrx_word' id='word_1_618' title='bbox 2160 3764 2323 3820; x_wconf 86' lang='lat' dir='ltr'><strong>nibus</strong></span> <span class='ocrx_word' id='word_1_619' title='bbox 2354 3778 2487 3817; x_wconf 86' lang='lat' dir='ltr'><strong>usus</strong></span> <span class='ocrx_word' id='word_1_620' title='bbox 2507 3770 2591 3816; x_wconf 89' lang='lat' dir='ltr'><strong>est</strong></span> <span class='ocrx_word' id='word_1_621' title='bbox 2614 3779 2626 3815; x_wconf 93' lang='lat'><strong>:</strong></span> <span class='ocrx_word' id='word_1_622' title='bbox 2649 3761 2717 3815; x_wconf 90' lang='lat' dir='ltr'><strong>Et</strong></span> <span class='ocrx_word' id='word_1_623' title='bbox 2735 3760 2969 3831; x_wconf 79' lang='lat' dir='ltr'><strong>aﬂligetis</strong></span> <span class='ocrx_word' id='word_1_624' title='bbox 2998 3762 3207 3814; x_wconf 88' lang='lat' dir='ltr'><strong>animos</strong></span> <span class='ocrx_word' id='word_1_625' title='bbox 3228 3770 3450 3814; x_wconf 84' lang='lat' dir='ltr'><strong>vestras.</strong></span> <span class='ocrx_word' id='word_1_626' title='bbox 3480 3761 3576 3814; x_wconf 87' lang='lat' dir='ltr'><strong>Die</strong></span> <span class='ocrx_word' id='word_1_627' title='bbox 3605 3776 3749 3817; x_wconf 82' lang='lat' dir='ltr'><strong>nono</strong></span> 
     </span>
    </p>
   </div>
   <div class='ocr_carea' id='block_1_86' title="bbox 2160 3846 3748 3924">
    <p class='ocr_par' dir='ltr' id='par_1_86' title="bbox 2160 3846 3748 3924">
     <span class='ocr_line' id='line_1_86' title="bbox 2160 3846 3748 3924; baseline -0.004 -13"><span class='ocrx_word' id='word_1_628' title='bbox 2160 3846 2352 3912; x_wconf 87' lang='lat' dir='ltr'><strong>mensis</strong></span> <span class='ocrx_word' id='word_1_629' title='bbox 2374 3854 2582 3924; x_wconf 88' lang='lat' dir='ltr'><strong>septimi</strong></span> <span class='ocrx_word' id='word_1_630' title='bbox 2605 3870 2637 3906; x_wconf 92' lang='lat' dir='ltr'><strong>a</strong></span> <span class='ocrx_word' id='word_1_631' title='bbox 2661 3868 2869 3921; x_wconf 87' lang='lat' dir='ltr'><strong>vespere</strong></span> <span class='ocrx_word' id='word_1_632' title='bbox 2902 3868 3065 3923; x_wconf 87' lang='lat' dir='ltr'><strong>usque</strong></span> <span class='ocrx_word' id='word_1_633' title='bbox 3094 3853 3166 3905; x_wconf 86' lang='lat' dir='ltr'><strong>ad</strong></span> <span class='ocrx_word' id='word_1_634' title='bbox 3204 3868 3476 3920; x_wconf 82' lang='lat' dir='ltr'><strong>vesperum</strong></span> <span class='ocrx_word' id='word_1_635' title='bbox 3504 3852 3748 3905; x_wconf 82' lang='lat' dir='ltr'><strong>celebro-</strong></span> 
     </span>
    </p>
   </div>
   <div class='ocr_carea' id='block_1_87' title="bbox 2160 3938 3747 4012">
    <p class='ocr_par' dir='ltr' id='par_1_87' title="bbox 2160 3938 3747 4012">
     <span class='ocr_line' id='line_1_87' title="bbox 2160 3938 3747 4012; baseline -0.003 -14"><span class='ocrx_word' id='word_1_636' title='bbox 2160 3944 2282 3999; x_wconf 88' lang='lat' dir='ltr'><strong>bitis</strong></span> <span class='ocrx_word' id='word_1_637' title='bbox 2331 3942 2570 3997; x_wconf 86' lang='lat' dir='ltr'><strong>Sabbata</strong></span> <span class='ocrx_word' id='word_1_638' title='bbox 2619 3950 2815 3996; x_wconf 86' lang='lat' dir='ltr'><strong>vestra.</strong></span> <span class='ocrx_word' id='word_1_639' title='bbox 2861 3938 3207 4011; x_wconf 82' lang='lat' dir='ltr'><strong>Recapitulat</strong></span> <span class='ocrx_word' id='word_1_640' title='bbox 3256 3956 3387 4012; x_wconf 79' lang='lat' dir='ltr'><strong>ergo</strong></span> <span class='ocrx_word' id='word_1_641' title='bbox 3421 3940 3747 3994; x_wconf 87' lang='lat' dir='ltr'><strong>humilitatis</strong></span> 
     </span>
    </p>
   </div>
   <div class='ocr_carea' id='block_1_88' title="bbox 2160 4032 3745 4105">
    <p class='ocr_par' dir='ltr' id='par_1_88' title="bbox 2160 4032 3745 4105">
     <span class='ocr_line' id='line_1_88' title="bbox 2160 4032 3745 4105; baseline -0.004 -14"><span class='ocrx_word' id='word_1_642' title='bbox 2160 4036 2409 4101; x_wconf 85' lang='lat' dir='ltr'><strong>verbum,</strong></span> <span class='ocrx_word' id='word_1_643' title='bbox 2441 4034 2565 4105; x_wconf 87' lang='lat' dir='ltr'><strong>quia</strong></span> <span class='ocrx_word' id='word_1_644' title='bbox 2591 4033 2905 4104; x_wconf 84' lang='lat' dir='ltr'><strong>frequenter</strong></span> <span class='ocrx_word' id='word_1_645' title='bbox 2930 4033 3062 4087; x_wconf 92' lang='lat' dir='ltr'><strong>illud</strong></span> <span class='ocrx_word' id='word_1_646' title='bbox 3079 4032 3331 4088; x_wconf 90' lang='lat' dir='ltr'><strong>Christus</strong></span> <span class='ocrx_word' id='word_1_647' title='bbox 3353 4033 3562 4095; x_wconf 88' lang='lat' dir='ltr'><strong>docuit,</strong></span> <span class='ocrx_word' id='word_1_648' title='bbox 3582 4032 3745 4102; x_wconf 87' lang='lat' dir='ltr'><strong>quasi</strong></span> 
     </span>
    </p>
   </div>
   <div class='ocr_carea' id='block_1_89' title="bbox 2161 4119 3747 4189">
    <p class='ocr_par' dir='ltr' id='par_1_89' title="bbox 2161 4119 3747 4189">
     <span class='ocr_line' id='line_1_89' title="bbox 2161 4119 3747 4189; baseline -0.003 -10"><span class='ocrx_word' id='word_1_649' title='bbox 2161 4138 2417 4180; x_wconf 88' lang='lat' dir='ltr'><strong>coronam</strong></span> <span class='ocrx_word' id='word_1_650' title='bbox 2484 4131 2664 4176; x_wconf 88' lang='lat' dir='ltr'><strong>autem</strong></span> <span class='ocrx_word' id='word_1_651' title='bbox 2725 4121 2895 4187; x_wconf 90' lang='lat' dir='ltr'><strong>illam,</strong></span> <span class='ocrx_word' id='word_1_652' title='bbox 2966 4130 3023 4174; x_wconf 91' lang='lat' dir='ltr'><strong>et</strong></span> <span class='ocrx_word' id='word_1_653' title='bbox 3047 4119 3314 4174; x_wconf 90' lang='lat' dir='ltr'><strong>virtutum</strong></span> <span class='ocrx_word' id='word_1_654' title='bbox 3360 4120 3536 4174; x_wconf 88' lang='lat' dir='ltr'><strong>basim</strong></span> <span class='ocrx_word' id='word_1_655' title='bbox 3574 4130 3747 4189; x_wconf 86' lang='lat' dir='ltr'><strong>atque</strong></span> 
     </span>
    </p>
   </div>
   <div class='ocr_carea' id='block_1_90' title="bbox 2162 4206 3744 4277">
    <p class='ocr_par' dir='ltr' id='par_1_90' title="bbox 2162 4206 3744 4277">
     <span class='ocr_line' id='line_1_90' title="bbox 2162 4206 3744 4277; baseline -0.002 -13"><span class='ocrx_word' id='word_1_656' title='bbox 2162 4208 2590 4274; x_wconf 89' lang='lat' dir='ltr'><strong>subsistentiam,</strong></span> <span class='ocrx_word' id='word_1_657' title='bbox 2619 4207 2878 4277; x_wconf 86' lang='lat' dir='ltr'><strong>apostolis</strong></span> <span class='ocrx_word' id='word_1_658' title='bbox 2901 4206 3204 4264; x_wconf 87' lang='lat' dir='ltr'><strong>constituit.</strong></span> <span class='ocrx_word' id='word_1_659' title='bbox 3230 4207 3529 4277; x_wconf 88' lang='lat' dir='ltr'><strong>lnquisilus</strong></span> <span class='ocrx_word' id='word_1_660' title='bbox 3566 4208 3744 4275; x_wconf 88' lang='lat' dir='ltr'><strong>enim,</strong></span> 
     </span>
    </p>
   </div>
   <div class='ocr_carea' id='block_1_91' title="bbox 484 4297 3749 4377">
    <p class='ocr_par' dir='ltr' id='par_1_91' title="bbox 484 4297 3749 4377">
     <span class='ocr_line' id='line_1_91' title="bbox 484 4297 3749 4377; baseline -0.003 -14"><span class='ocrx_word' id='word_1_661' title='bbox 484 4309 774 4371; x_wconf 60' lang='lat' dir='ltr'><strong>berrimusr</strong></span> <span class='ocrx_word' id='word_1_662' title='bbox 794 4318 841 4362; x_wconf 90' lang='lat' dir='ltr'><strong>et</strong></span> <span class='ocrx_word' id='word_1_663' title='bbox 876 4309 1146 4362; x_wconf 87' lang='lat' dir='ltr'><strong>vocabitur</strong></span> <span class='ocrx_word' id='word_1_664' title='bbox 1192 4316 1423 4372; x_wconf 75' lang='lat' dir='ltr'><strong>sanctus,</strong></span> <span class='ocrx_word' id='word_1_665' title='bbox 1487 4305 1824 4377; x_wconf 77' lang='lat' dir='ltr'><strong>aﬂligetisque</strong></span> <span class='ocrx_word' id='word_1_666' title='bbox 1846 4306 2056 4361; x_wconf 80' lang='lat' dir='ltr'><strong>animus</strong></span> <span class='ocrx_word' id='word_1_667' title='bbox 2090 4306 2133 4360; x_wconf 81' lang='grc' dir='ltr'><strong>Ι)</strong></span> <span class='ocrx_word' id='word_1_668' title='bbox 2156 4300 2281 4371; x_wconf 89' lang='lat' dir='ltr'><strong>quis</strong></span> <span class='ocrx_word' id='word_1_669' title='bbox 2307 4300 2480 4369; x_wconf 83' lang='lat' dir='ltr'><strong>major</strong></span> <span class='ocrx_word' id='word_1_670' title='bbox 2495 4308 2639 4353; x_wconf 91' lang='lat' dir='ltr'><strong>esset</strong></span> <span class='ocrx_word' id='word_1_671' title='bbox 2664 4299 2721 4353; x_wconf 92' lang='lat' dir='ltr'><strong>in</strong></span> <span class='ocrx_word' id='word_1_672' title='bbox 2748 4313 2917 4369; x_wconf 79' lang='lat' dir='ltr'><strong>regno</strong></span> <span class='ocrx_word' id='word_1_673' title='bbox 2948 4298 3237 4362; x_wconf 72' lang='lat' dir='ltr'><strong>caelorum,</strong></span> <span class='ocrx_word' id='word_1_674' title='bbox 3270 4299 3554 4369; x_wconf 88' lang='lat' dir='ltr'><strong>respondit</strong></span> <span class='ocrx_word' id='word_1_675' title='bbox 3585 4297 3749 4365; x_wconf 66' lang='grc' dir='ltr'><strong>ξρετε-</strong></span> 
     </span>
    </p>
   </div>
   <div class='ocr_carea' id='block_1_92' title="bbox 483 4399 2060 4468">
    <p class='ocr_par' dir='ltr' id='par_1_92' title="bbox 483 4399 2060 4468">
     <span class='ocr_line' id='line_1_92' title="bbox 483 4399 2060 4468; baseline -0.001 -14"><span class='ocrx_word' id='word_1_676' title='bbox 483 4401 838 4454; x_wconf 83' lang='lat' dir='ltr'><strong>vestrasineo</strong></span> <span class='ocrx_word' id='word_1_677' title='bbox 865 4401 949 4453; x_wconf 88' lang='lat' dir='ltr'><strong>die</strong></span> <span class='ocrx_word' id='word_1_678' title='bbox 1000 4416 1135 4453; x_wconf 88' lang='lat' dir='ltr'><strong>nono</strong></span> <span class='ocrx_word' id='word_1_679' title='bbox 1184 4399 1437 4452; x_wconf 88' lang='lat' dir='ltr'><strong>mensisa</strong></span> <span class='ocrx_word' id='word_1_680' title='bbox 1487 4415 1711 4468; x_wconf 82' lang='lat' dir='ltr'><strong>vespere.</strong></span> <span class='ocrx_word' id='word_1_681' title='bbox 1758 4400 2060 4456; x_wconf 85' lang='lat' dir='ltr'><strong>Ostendere</strong></span> 
     </span>
    </p>
   </div>
   <div class='ocr_carea' id='block_1_93' title="bbox 486 4489 2064 4560">
    <p class='ocr_par' dir='ltr' id='par_1_93' title="bbox 486 4489 2064 4560">
     <span class='ocr_line' id='line_1_93' title="bbox 486 4489 2064 4560; baseline 0 -18"><span class='ocrx_word' id='word_1_682' title='bbox 486 4490 931 4560; x_wconf 88' lang='lat' dir='ltr'><strong>propitiationem</strong></span> <span class='ocrx_word' id='word_1_683' title='bbox 964 4490 1125 4544; x_wconf 90' lang='lat' dir='ltr'><strong>nobis</strong></span> <span class='ocrx_word' id='word_1_684' title='bbox 1149 4504 1179 4542; x_wconf 88' lang='lat' dir='ltr'><strong>a</strong></span> <span class='ocrx_word' id='word_1_685' title='bbox 1237 4490 1479 4556; x_wconf 88' lang='lat' dir='ltr'><strong>peccatis</strong></span> <span class='ocrx_word' id='word_1_686' title='bbox 1505 4489 1759 4544; x_wconf 88' lang='lat' dir='ltr'><strong>videlicet</strong></span> <span class='ocrx_word' id='word_1_687' title='bbox 1785 4489 2064 4544; x_wconf 88' lang='lat' dir='ltr'><strong>liberatio-</strong></span> 
     </span>
    </p>
   </div>
   <div class='ocr_carea' id='block_1_94' title="bbox 484 4580 2060 4650">
    <p class='ocr_par' dir='ltr' id='par_1_94' title="bbox 484 4580 2060 4650">
     <span class='ocr_line' id='line_1_94' title="bbox 484 4580 2060 4650; baseline -0.001 -14"><span class='ocrx_word' id='word_1_688' title='bbox 484 4593 612 4636; x_wconf 92' lang='lat' dir='ltr'><strong>nem</strong></span> <span class='ocrx_word' id='word_1_689' title='bbox 645 4581 701 4633; x_wconf 90' lang='lat' dir='ltr'><strong>in</strong></span> <span class='ocrx_word' id='word_1_690' title='bbox 723 4581 1051 4647; x_wconf 80' lang='lat' dir='ltr'><strong>humilitate,</strong></span> <span class='ocrx_word' id='word_1_691' title='bbox 1084 4591 1141 4635; x_wconf 88' lang='lat' dir='ltr'><strong>et</strong></span> <span class='ocrx_word' id='word_1_692' title='bbox 1168 4582 1460 4636; x_wconf 85' lang='lat' dir='ltr'><strong>aﬂlictione</strong></span> <span class='ocrx_word' id='word_1_693' title='bbox 1490 4580 1686 4635; x_wconf 65' lang='lat' dir='ltr'><strong>anima:</strong></span> <span class='ocrx_word' id='word_1_694' title='bbox 1719 4580 1926 4650; x_wconf 89' lang='lat' dir='ltr'><strong>acquiri</strong></span> <span class='ocrx_word' id='word_1_695' title='bbox 1978 4580 2060 4635; x_wconf 86' lang='lat' dir='ltr'><strong>le-</strong></span> 
     </span>
    </p>
   </div>
   <div class='ocr_carea' id='block_1_95' title="bbox 483 4670 2058 4743">
    <p class='ocr_par' dir='ltr' id='par_1_95' title="bbox 483 4670 2058 4743">
     <span class='ocr_line' id='line_1_95' title="bbox 483 4670 2058 4743; baseline 0 -18"><span class='ocrx_word' id='word_1_696' title='bbox 483 4671 711 4743; x_wconf 78' lang='lat' dir='ltr'><strong>gislator</strong></span> <span class='ocrx_word' id='word_1_697' title='bbox 743 4671 1038 4726; x_wconf 89' lang='lat' dir='ltr'><strong>desiderat.</strong></span> <span class='ocrx_word' id='word_1_698' title='bbox 1074 4670 1226 4727; x_wconf 89' lang='lat' dir='ltr'><strong>Hauc</strong></span> <span class='ocrx_word' id='word_1_699' title='bbox 1247 4681 1430 4726; x_wconf 90' lang='lat' dir='ltr'><strong>autem</strong></span> <span class='ocrx_word' id='word_1_700' title='bbox 1460 4686 1621 4742; x_wconf 82' lang='lat' dir='ltr'><strong>agere</strong></span> <span class='ocrx_word' id='word_1_701' title='bbox 1643 4686 1674 4725; x_wconf 90' lang='lat' dir='ltr'><strong>a</strong></span> <span class='ocrx_word' id='word_1_702' title='bbox 1708 4686 1940 4740; x_wconf 90' lang='lat' dir='ltr'><strong>vespere</strong></span> <span class='ocrx_word' id='word_1_703' title='bbox 1961 4671 2058 4725; x_wconf 89' lang='lat' dir='ltr'><strong>de-</strong></span> 
     </span>
    </p>
   </div>
   <div class='ocr_carea' id='block_1_96' title="bbox 482 4762 2053 4834">
    <p class='ocr_par' dir='ltr' id='par_1_96' title="bbox 482 4762 2053 4834">
     <span class='ocr_line' id='line_1_96' title="bbox 482 4762 2053 4834; baseline -0.001 -15"><span class='ocrx_word' id='word_1_704' title='bbox 482 4766 696 4829; x_wconf 86' lang='lat' dir='ltr'><strong>bemus,</strong></span> <span class='ocrx_word' id='word_1_705' title='bbox 724 4765 778 4820; x_wconf 92' lang='lat' dir='ltr'><strong>id</strong></span> <span class='ocrx_word' id='word_1_706' title='bbox 809 4774 914 4830; x_wconf 81' lang='lat' dir='ltr'><strong>est,</strong></span> <span class='ocrx_word' id='word_1_707' title='bbox 933 4779 1003 4818; x_wconf 78' lang='lat' dir='ltr'><strong>ex</strong></span> <span class='ocrx_word' id='word_1_708' title='bbox 1042 4764 1158 4834; x_wconf 90' lang='lat' dir='ltr'><strong>ipsa</strong></span> <span class='ocrx_word' id='word_1_709' title='bbox 1186 4764 1531 4834; x_wconf 86' lang='lat' dir='ltr'><strong>poenitentia,</strong></span> <span class='ocrx_word' id='word_1_710' title='bbox 1583 4762 1727 4819; x_wconf 91' lang='lat' dir='ltr'><strong>sicut</strong></span> <span class='ocrx_word' id='word_1_711' title='bbox 1786 4762 2053 4833; x_wconf 84' lang='lat' dir='ltr'><strong>incipien-</strong></span> 
     </span>
    </p>
   </div>
   <div class='ocr_carea' id='block_1_97' title="bbox 484 4853 2058 4928">
    <p class='ocr_par' dir='ltr' id='par_1_97' title="bbox 484 4853 2058 4928">
     <span class='ocr_line' id='line_1_97' title="bbox 484 4853 2058 4928; baseline -0.004 -16"><span class='ocrx_word' id='word_1_712' title='bbox 484 4866 566 4912; x_wconf 89' lang='lat' dir='ltr'><strong>tes</strong></span> <span class='ocrx_word' id='word_1_713' title='bbox 608 4875 621 4911; x_wconf 91' lang='lat'><strong>:</strong></span> <span class='ocrx_word' id='word_1_714' title='bbox 657 4857 783 4928; x_wconf 88' lang='lat' dir='ltr'><strong>quia</strong></span> <span class='ocrx_word' id='word_1_715' title='bbox 836 4867 892 4911; x_wconf 90' lang='lat' dir='ltr'><strong>et</strong></span> <span class='ocrx_word' id='word_1_716' title='bbox 927 4855 1178 4913; x_wconf 88' lang='lat' dir='ltr'><strong>Christus</strong></span> <span class='ocrx_word' id='word_1_717' title='bbox 1229 4854 1444 4911; x_wconf 91' lang='lat' dir='ltr'><strong>initium</strong></span> <span class='ocrx_word' id='word_1_718' title='bbox 1505 4869 1618 4909; x_wconf 72' lang='lat' dir='ltr'><strong>sua:</strong></span> <span class='ocrx_word' id='word_1_719' title='bbox 1655 4853 2058 4924; x_wconf 69' lang='lat' dir='ltr'><strong>praedicationis</strong></span> 
     </span>
    </p>
   </div>
   <div class='ocr_carea' id='block_1_98' title="bbox 483 4946 2057 5020">
    <p class='ocr_par' dir='ltr' id='par_1_98' title="bbox 483 4946 2057 5020">
     <span class='ocr_line' id='line_1_98' title="bbox 483 4946 2057 5020; baseline -0.004 -16"><span class='ocrx_word' id='word_1_720' title='bbox 483 4949 863 5020; x_wconf 70' lang='lat' dir='ltr'><strong>paenitentiam</strong></span> <span class='ocrx_word' id='word_1_721' title='bbox 909 4948 1059 5003; x_wconf 89' lang='lat' dir='ltr'><strong>fecit.</strong></span> <span class='ocrx_word' id='word_1_722' title='bbox 1088 4949 1195 5003; x_wconf 89' lang='lat' dir='ltr'><strong>Sed</strong></span> <span class='ocrx_word' id='word_1_723' title='bbox 1247 4947 1587 5018; x_wconf 67' lang='lat' dir='ltr'><strong>poenitentia:</strong></span> <span class='ocrx_word' id='word_1_724' title='bbox 1635 4948 1802 5000; x_wconf 87' lang='lat' dir='ltr'><strong>vitam</strong></span> <span class='ocrx_word' id='word_1_725' title='bbox 1856 4946 2057 5000; x_wconf 90' lang='lat' dir='ltr'><strong>bonam</strong></span> 
     </span>
    </p>
   </div>
   <div class='ocr_carea' id='block_1_99' title="bbox 483 5036 2057 5110">
    <p class='ocr_par' dir='ltr' id='par_1_99' title="bbox 483 5036 2057 5110">
     <span class='ocr_line' id='line_1_99' title="bbox 483 5036 2057 5110; baseline -0.003 -17"><span class='ocrx_word' id='word_1_726' title='bbox 483 5039 942 5110; x_wconf 64' lang='lat' dir='ltr'><strong>superandificare,</strong></span> <span class='ocrx_word' id='word_1_727' title='bbox 1005 5039 1418 5108; x_wconf 87' lang='lat' dir='ltr'><strong>perfectamque</strong></span> <span class='ocrx_word' id='word_1_728' title='bbox 1470 5046 1525 5091; x_wconf 88' lang='lat' dir='ltr'><strong>et</strong></span> <span class='ocrx_word' id='word_1_729' title='bbox 1578 5036 1872 5091; x_wconf 91' lang='lat' dir='ltr'><strong>virtutibus</strong></span> <span class='ocrx_word' id='word_1_730' title='bbox 1918 5050 2057 5090; x_wconf 91' lang='lat' dir='ltr'><strong>con-</strong></span> 
     </span>
    </p>
   </div>
   <div class='ocr_carea' id='block_1_100' title="bbox 483 5128 2055 5201">
    <p class='ocr_par' dir='ltr' id='par_1_100' title="bbox 483 5128 2055 5201">
     <span class='ocr_line' id='line_1_100' title="bbox 483 5128 2055 5201; baseline -0.003 -15"><span class='ocrx_word' id='word_1_731' title='bbox 483 5141 828 5199; x_wconf 88' lang='lat' dir='ltr'><strong>summatam,</strong></span> <span class='ocrx_word' id='word_1_732' title='bbox 850 5146 1077 5187; x_wconf 88' lang='lat' dir='ltr'><strong>necesse</strong></span> <span class='ocrx_word' id='word_1_733' title='bbox 1132 5132 1416 5186; x_wconf 88' lang='lat' dir='ltr'><strong>habemus.</strong></span> <span class='ocrx_word' id='word_1_734' title='bbox 1473 5128 1541 5184; x_wconf 89' lang='lat' dir='ltr'><strong>Et</strong></span> <span class='ocrx_word' id='word_1_735' title='bbox 1581 5137 1871 5201; x_wconf 86' lang='lat' dir='ltr'><strong>propterea</strong></span> <span class='ocrx_word' id='word_1_736' title='bbox 1920 5131 2055 5183; x_wconf 86' lang='lat' dir='ltr'><strong>sub-</strong></span> 
     </span>
    </p>
   </div>
   <div class='ocr_carea' id='block_1_101' title="bbox 484 5222 655 5277">
    <p class='ocr_par' dir='ltr' id='par_1_101' title="bbox 484 5222 655 5277">
     <span class='ocr_line' id='line_1_101' title="bbox 484 5222 655 5277; baseline -0.006 -1"><span class='ocrx_word' id='word_1_737' title='bbox 484 5222 655 5277; x_wconf 88' lang='lat' dir='ltr'><strong>didit:</strong></span> 
     </span>
    </p>
   </div>
   <div class='ocr_carea' id='block_1_102' title="bbox 554 5309 2063 5386">
    <p class='ocr_par' dir='ltr' id='par_1_102' title="bbox 554 5309 2063 5386">
     <span class='ocr_line' id='line_1_102' title="bbox 554 5309 2063 5386; baseline -0.005 -15"><span class='ocrx_word' id='word_1_738' title='bbox 554 5314 623 5371; x_wconf 82' lang='lat' dir='ltr'><strong>Et</strong></span> <span class='ocrx_word' id='word_1_739' title='bbox 652 5316 875 5386; x_wconf 69' lang='lat' dir='ltr'><strong>oﬂeretis</strong></span> <span class='ocrx_word' id='word_1_740' title='bbox 914 5314 1280 5370; x_wconf 86' lang='lat' dir='ltr'><strong>holocaustum</strong></span> <span class='ocrx_word' id='word_1_741' title='bbox 1312 5311 1556 5366; x_wconf 88' lang='lat' dir='ltr'><strong>Domino.</strong></span> <span class='ocrx_word' id='word_1_742' title='bbox 1584 5309 1749 5367; x_wconf 87' lang='lat' dir='ltr'><strong>Omne</strong></span> <span class='ocrx_word' id='word_1_743' title='bbox 1776 5325 1903 5380; x_wconf 84' lang='lat' dir='ltr'><strong>opus</strong></span> <span class='ocrx_word' id='word_1_744' title='bbox 1958 5325 2063 5364; x_wconf 86' lang='lat' dir='ltr'><strong>non</strong></span> 
     </span>
    </p>
   </div>
   <div class='ocr_carea' id='block_1_103' title="bbox 557 5501 2060 5578">
    <p class='ocr_par' dir='ltr' id='par_1_103' title="bbox 557 5505 2057 5578">
     <span class='ocr_line' id='line_1_103' title="bbox 557 5505 2057 5578; baseline -0.002 -14"><span class='ocrx_word' id='word_1_745' title='bbox 557 5511 603 5545; x_wconf 75' lang='grc' dir='ltr'>ι·</span> <span class='ocrx_word' id='word_1_746' title='bbox 639 5510 659 5564; x_wconf 88' lang='grc' dir='ltr'><strong>ι</strong></span> <span class='ocrx_word' id='word_1_747' title='bbox 690 5510 818 5565; x_wconf 89' lang='lat' dir='ltr'><strong>Cor.</strong></span> <span class='ocrx_word' id='word_1_748' title='bbox 846 5528 903 5578; x_wconf 69' lang='grc' dir='ltr'>ι,</span> <span class='ocrx_word' id='word_1_749' title='bbox 940 5511 1028 5565; x_wconf 88' lang='grc' dir='ltr'>ιι.</span> <span class='ocrx_word' id='word_1_750' title='bbox 1105 5506 1589 5576; x_wconf 70' lang='lat' dir='ltr'><strong>“Matth.x1,29.</strong></span> <span class='ocrx_word' id='word_1_751' title='bbox 1646 5570 1655 5577; x_wconf 14' lang='grc' dir='ltr'><strong><em>ἡ</em></strong></span> <span class='ocrx_word' id='word_1_752' title='bbox 1704 5508 1748 5540; x_wconf 75' lang='grc' dir='ltr'><strong>ιι</strong></span> <span class='ocrx_word' id='word_1_753' title='bbox 1774 5505 1976 5578; x_wconf 89' lang='lat' dir='ltr'><strong>Philip.</strong></span> <span class='ocrx_word' id='word_1_754' title='bbox 2018 5521 2057 5561; x_wconf 88' lang='grc' dir='ltr'><strong>ιι</strong></span> 
     </span>
    </p>
   </div>
   <div class='ocr_carea' id='block_1_104' title="bbox 2160 5501 3359 5578">
    <p class='ocr_par' dir='ltr' id='par_1_104' title="bbox 2267 5501 3359 5573">
     <span class='ocr_line' id='line_1_104' title="bbox 2267 5501 3359 5573; baseline 0.003 -15"><span class='ocrx_word' id='word_1_755' title='bbox 2267 5505 2311 5537; x_wconf 78' lang='grc'><strong>⁸³</strong></span> <span class='ocrx_word' id='word_1_756' title='bbox 2333 5501 2491 5561; x_wconf 82' lang='lat' dir='ltr'><strong>Joan.</strong></span> <span class='ocrx_word' id='word_1_757' title='bbox 2527 5522 2603 5571; x_wconf 79' lang='lat' dir='ltr'><strong>vi,</strong></span> <span class='ocrx_word' id='word_1_758' title='bbox 2626 5507 2715 5561; x_wconf 64' lang='grc' dir='ltr'><strong>Ξῖ.</strong></span> <span class='ocrx_word' id='word_1_759' title='bbox 2819 5506 2863 5538; x_wconf 79' lang='grc'><strong>⁸³</strong></span> <span class='ocrx_word' id='word_1_760' title='bbox 2894 5505 3086 5562; x_wconf 83' lang='lat' dir='ltr'><strong>Matth.</strong></span> <span class='ocrx_word' id='word_1_761' title='bbox 3116 5522 3272 5573; x_wconf 79' lang='lat' dir='ltr'><strong>mu,</strong></span> <span class='ocrx_word' id='word_1_762' title='bbox 3304 5506 3359 5561; x_wconf 71' lang='grc'><strong>4.</strong></span> 
     </span>
    </p>
   </div>
   <div class='ocr_carea' id='block_1_105' title="bbox 488 5579 784 5646">
    <p class='ocr_par' dir='ltr' id='par_1_105' title="bbox 488 5579 784 5646">
     <span class='ocr_line' id='line_1_105' title="bbox 488 5579 784 5646; baseline -0.02 -10"><span class='ocrx_word' id='word_1_763' title='bbox 488 5595 566 5645; x_wconf 79' lang='lat' dir='ltr'><strong>vi,</strong></span> <span class='ocrx_word' id='word_1_764' title='bbox 582 5581 676 5646; x_wconf 76' lang='lat'><strong>25,</strong></span> <span class='ocrx_word' id='word_1_765' title='bbox 693 5579 784 5631; x_wconf 75' lang='grc'><strong>28.</strong></span> 
     </span>
    </p>
   </div>
   <div class='ocr_carea' id='block_1_106' title="bbox 2158 4389 3747 4460">
    <p class='ocr_par' dir='ltr' id='par_1_106' title="bbox 2158 4389 3747 4460">
     <span class='ocr_line' id='line_1_106' title="bbox 2158 4389 3747 4460; baseline -0.001 -16"><span class='ocrx_word' id='word_1_766' title='bbox 2158 4405 2361 4460; x_wconf 86' lang='lat' dir='ltr'><strong>cunque</strong></span> <span class='ocrx_word' id='word_1_767' title='bbox 2399 4390 2753 4443; x_wconf 86' lang='lat' dir='ltr'><strong>humiliaverit</strong></span> <span class='ocrx_word' id='word_1_768' title='bbox 2784 4406 2839 4444; x_wconf 89' lang='lat' dir='ltr'><strong>se</strong></span> <span class='ocrx_word' id='word_1_769' title='bbox 2869 4389 3005 4442; x_wconf 79' lang='lat' dir='ltr'><strong>sicut</strong></span> <span class='ocrx_word' id='word_1_770' title='bbox 3048 4389 3304 4458; x_wconf 86' lang='lat' dir='ltr'><strong>parvulus</strong></span> <span class='ocrx_word' id='word_1_771' title='bbox 3331 4390 3435 4455; x_wconf 76' lang='lat' dir='ltr'><strong>hic,</strong></span> <span class='ocrx_word' id='word_1_772' title='bbox 3456 4390 3554 4444; x_wconf 86' lang='lat' dir='ltr'><strong>iste</strong></span> <span class='ocrx_word' id='word_1_773' title='bbox 3568 4390 3747 4459; x_wconf 87' lang='lat' dir='ltr'><strong>major</strong></span> 
     </span>
    </p>
   </div>
   <div class='ocr_carea' id='block_1_107' title="bbox 2164 4481 3747 4554">
    <p class='ocr_par' dir='ltr' id='par_1_107' title="bbox 2164 4481 3747 4554">
     <span class='ocr_line' id='line_1_107' title="bbox 2164 4481 3747 4554; baseline 0 -18"><span class='ocrx_word' id='word_1_774' title='bbox 2164 4492 2239 4537; x_wconf 89' lang='lat' dir='ltr'><strong>est</strong></span> <span class='ocrx_word' id='word_1_775' title='bbox 2267 4484 2323 4536; x_wconf 91' lang='lat' dir='ltr'><strong>in</strong></span> <span class='ocrx_word' id='word_1_776' title='bbox 2354 4498 2513 4554; x_wconf 89' lang='lat' dir='ltr'><strong>regno</strong></span> <span class='ocrx_word' id='word_1_777' title='bbox 2534 4482 2799 4537; x_wconf 70' lang='lat' dir='ltr'><strong>calorum.</strong></span> <span class='ocrx_word' id='word_1_778' title='bbox 2833 4481 2987 4548; x_wconf 86' lang='lat' dir='ltr'><strong>Quod</strong></span> <span class='ocrx_word' id='word_1_779' title='bbox 3011 4491 3193 4536; x_wconf 87' lang='lat' dir='ltr'><strong>autem</strong></span> <span class='ocrx_word' id='word_1_780' title='bbox 3228 4482 3361 4537; x_wconf 82' lang='lat' dir='ltr'><strong>dixit</strong></span> <span class='ocrx_word' id='word_1_781' title='bbox 3394 4499 3407 4536; x_wconf 89' lang='lat'><strong>:</strong></span> <span class='ocrx_word' id='word_1_782' title='bbox 3442 4481 3488 4536; x_wconf 83' lang='grc' dir='ltr'><strong>Α</strong></span> <span class='ocrx_word' id='word_1_783' title='bbox 3517 4497 3747 4552; x_wconf 83' lang='lat' dir='ltr'><strong>vespere</strong></span> 
     </span>
    </p>
   </div>
   <div class='ocr_carea' id='block_1_108' title="bbox 2160 4573 3745 4645">
    <p class='ocr_par' dir='ltr' id='par_1_108' title="bbox 2160 4573 3745 4645">
     <span class='ocr_line' id='line_1_108' title="bbox 2160 4573 3745 4645; baseline 0 -16"><span class='ocrx_word' id='word_1_784' title='bbox 2160 4589 2332 4645; x_wconf 89' lang='lat' dir='ltr'><strong>usque</strong></span> <span class='ocrx_word' id='word_1_785' title='bbox 2351 4573 2419 4628; x_wconf 91' lang='lat' dir='ltr'><strong>ad</strong></span> <span class='ocrx_word' id='word_1_786' title='bbox 2446 4590 2756 4644; x_wconf 89' lang='lat' dir='ltr'><strong>vesperum,</strong></span> <span class='ocrx_word' id='word_1_787' title='bbox 2786 4584 2976 4643; x_wconf 89' lang='lat' dir='ltr'><strong>aperte</strong></span> <span class='ocrx_word' id='word_1_788' title='bbox 3009 4574 3248 4630; x_wconf 84' lang='lat' dir='ltr'><strong>volentis</strong></span> <span class='ocrx_word' id='word_1_789' title='bbox 3287 4584 3374 4629; x_wconf 91' lang='lat' dir='ltr'><strong>est</strong></span> <span class='ocrx_word' id='word_1_790' title='bbox 3395 4590 3616 4644; x_wconf 90' lang='lat' dir='ltr'><strong>semper</strong></span> <span class='ocrx_word' id='word_1_791' title='bbox 3641 4591 3745 4631; x_wconf 90' lang='lat' dir='ltr'><strong>su-</strong></span> 
     </span>
    </p>
   </div>
   <div class='ocr_carea' id='block_1_109' title="bbox 2162 4666 3750 4739">
    <p class='ocr_par' dir='ltr' id='par_1_109' title="bbox 2162 4666 3750 4739">
     <span class='ocr_line' id='line_1_109' title="bbox 2162 4666 3750 4739; baseline 0.001 -18"><span class='ocrx_word' id='word_1_792' title='bbox 2162 4666 2502 4739; x_wconf 81' lang='lat' dir='ltr'><strong>perfluorum</strong></span> <span class='ocrx_word' id='word_1_793' title='bbox 2560 4675 2615 4721; x_wconf 85' lang='lat' dir='ltr'><strong>et</strong></span> <span class='ocrx_word' id='word_1_794' title='bbox 2642 4682 2907 4721; x_wconf 89' lang='lat' dir='ltr'><strong>vanorum</strong></span> <span class='ocrx_word' id='word_1_795' title='bbox 2954 4666 3296 4721; x_wconf 89' lang='lat' dir='ltr'><strong>vacationem</strong></span> <span class='ocrx_word' id='word_1_796' title='bbox 3331 4667 3560 4722; x_wconf 84' lang='lat' dir='ltr'><strong>studeri.</strong></span> <span class='ocrx_word' id='word_1_797' title='bbox 3590 4666 3750 4723; x_wconf 85' lang='lat' dir='ltr'><strong>Unde</strong></span> 
     </span>
    </p>
   </div>
   <div class='ocr_carea' id='block_1_110' title="bbox 2163 4750 3751 4829">
    <p class='ocr_par' dir='ltr' id='par_1_110' title="bbox 2163 4750 3751 4829">
     <span class='ocr_line' id='line_1_110' title="bbox 2163 4750 3751 4829; baseline 0 -15"><span class='ocrx_word' id='word_1_798' title='bbox 2163 4759 2425 4814; x_wconf 89' lang='lat' dir='ltr'><strong>Dominus</strong></span> <span class='ocrx_word' id='word_1_799' title='bbox 2450 4773 2555 4813; x_wconf 88' lang='lat' dir='ltr'><strong>nec</strong></span> <span class='ocrx_word' id='word_1_800' title='bbox 2597 4750 2821 4812; x_wconf 85' lang='lat' dir='ltr'><strong>causam</strong></span> <span class='ocrx_word' id='word_1_801' title='bbox 2876 4757 3062 4813; x_wconf 88' lang='lat' dir='ltr'><strong>dicere</strong></span> <span class='ocrx_word' id='word_1_802' title='bbox 3138 4759 3436 4823; x_wconf 90' lang='lat' dir='ltr'><strong>concedit;</strong></span> <span class='ocrx_word' id='word_1_803' title='bbox 3486 4761 3751 4829; x_wconf 63' lang='lat' dir='ltr'><strong>praecepit</strong></span> 
     </span>
    </p>
   </div>
   <div class='ocr_carea' id='block_1_111' title="bbox 2161 4848 3750 4919">
    <p class='ocr_par' dir='ltr' id='par_1_111' title="bbox 2161 4848 3750 4919">
     <span class='ocr_line' id='line_1_111' title="bbox 2161 4848 3750 4919; baseline -0.001 -14"><span class='ocrx_word' id='word_1_804' title='bbox 2161 4851 2522 4919; x_wconf 89' lang='lat' dir='ltr'><strong>enim,neque</strong></span> <span class='ocrx_word' id='word_1_805' title='bbox 2539 4849 2606 4904; x_wconf 90' lang='lat' dir='ltr'><strong>de</strong></span> <span class='ocrx_word' id='word_1_806' title='bbox 2634 4848 2840 4913; x_wconf 86' lang='lat' dir='ltr'><strong>tunica,</strong></span> <span class='ocrx_word' id='word_1_807' title='bbox 2856 4864 3034 4919; x_wconf 89' lang='lat' dir='ltr'><strong>neque</strong></span> <span class='ocrx_word' id='word_1_808' title='bbox 3057 4848 3125 4904; x_wconf 92' lang='lat' dir='ltr'><strong>de</strong></span> <span class='ocrx_word' id='word_1_809' title='bbox 3146 4858 3300 4904; x_wconf 89' lang='lat' dir='ltr'><strong>veste</strong></span> <span class='ocrx_word' id='word_1_810' title='bbox 3321 4849 3531 4919; x_wconf 83' lang='lat' dir='ltr'><strong>litigare</strong></span> <span class='ocrx_word' id='word_1_811' title='bbox 3555 4848 3627 4914; x_wconf 83' lang='grc'><strong>⁸³,</strong></span> <span class='ocrx_word' id='word_1_812' title='bbox 3649 4850 3750 4903; x_wconf 87' lang='lat' dir='ltr'><strong>sed</strong></span> 
     </span>
    </p>
   </div>
   <div class='ocr_carea' id='block_1_112' title="bbox 2158 4938 3753 5010">
    <p class='ocr_par' dir='ltr' id='par_1_112' title="bbox 2158 4938 3753 5010">
     <span class='ocr_line' id='line_1_112' title="bbox 2158 4938 3753 5010; baseline -0.001 -16"><span class='ocrx_word' id='word_1_813' title='bbox 2158 4955 2266 4995; x_wconf 90' lang='lat' dir='ltr'><strong>nec</strong></span> <span class='ocrx_word' id='word_1_814' title='bbox 2285 4941 2525 5010; x_wconf 79' lang='lat' dir='ltr'><strong>cogitare</strong></span> <span class='ocrx_word' id='word_1_815' title='bbox 2547 4938 2680 5008; x_wconf 92' lang='lat' dir='ltr'><strong>quid</strong></span> <span class='ocrx_word' id='word_1_816' title='bbox 2721 4939 3067 5004; x_wconf 88' lang='lat' dir='ltr'><strong>comedatur,</strong></span> <span class='ocrx_word' id='word_1_817' title='bbox 3094 4948 3191 4994; x_wconf 91' lang='lat' dir='ltr'><strong>aut</strong></span> <span class='ocrx_word' id='word_1_818' title='bbox 3225 4939 3356 5010; x_wconf 90' lang='lat' dir='ltr'><strong>quid</strong></span> <span class='ocrx_word' id='word_1_819' title='bbox 3387 4939 3629 5003; x_wconf 86' lang='lat' dir='ltr'><strong>bibatur,</strong></span> <span class='ocrx_word' id='word_1_820' title='bbox 3653 4950 3753 4993; x_wconf 86' lang='lat' dir='ltr'><strong>aut</strong></span> 
     </span>
    </p>
   </div>
   <div class='ocr_carea' id='block_1_113' title="bbox 2157 5028 3752 5126">
    <p class='ocr_par' dir='ltr' id='par_1_113' title="bbox 2157 5028 3752 5126">
     <span class='ocr_line' id='line_1_113' title="bbox 2157 5028 3752 5126; baseline -0.001 -40"><span class='ocrx_word' id='word_1_821' title='bbox 2157 5031 2584 5126; x_wconf 40' lang='lat' dir='ltr'><strong>quidavestiatur</strong></span> <span class='ocrx_word' id='word_1_822' title='bbox 2612 5030 2679 5096; x_wconf 77' lang='lat'><strong>“,</strong></span> <span class='ocrx_word' id='word_1_823' title='bbox 2707 5046 2896 5085; x_wconf 89' lang='lat' dir='ltr'><strong>verum</strong></span> <span class='ocrx_word' id='word_1_824' title='bbox 2934 5030 3051 5101; x_wconf 88' lang='lat' dir='ltr'><strong>ipse</strong></span> <span class='ocrx_word' id='word_1_825' title='bbox 3108 5031 3337 5094; x_wconf 89' lang='lat' dir='ltr'><strong>docens,</strong></span> <span class='ocrx_word' id='word_1_826' title='bbox 3398 5037 3453 5085; x_wconf 88' lang='lat' dir='ltr'><strong>et</strong></span> <span class='ocrx_word' id='word_1_827' title='bbox 3480 5028 3752 5086; x_wconf 84' lang='lat' dir='ltr'><strong>Sabbato—</strong></span> 
     </span>
    </p>
   </div>
   <div class='ocr_carea' id='block_1_114' title="bbox 2159 5122 3753 5194">
    <p class='ocr_par' dir='ltr' id='par_1_114' title="bbox 2159 5122 3753 5194">
     <span class='ocr_line' id='line_1_114' title="bbox 2159 5122 3753 5194; baseline -0.002 -14"><span class='ocrx_word' id='word_1_828' title='bbox 2159 5122 2305 5180; x_wconf 50' lang='lat' dir='ltr'><strong>rum&#39;</strong></span> <span class='ocrx_word' id='word_1_829' title='bbox 2325 5123 2658 5179; x_wconf 88' lang='lat' dir='ltr'><strong>annuntians</strong></span> <span class='ocrx_word' id='word_1_830' title='bbox 2687 5122 3006 5192; x_wconf 78' lang='lat' dir='ltr'><strong>Sabbatum,</strong></span> <span class='ocrx_word' id='word_1_831' title='bbox 3065 5123 3120 5178; x_wconf 90' lang='lat' dir='ltr'><strong>in</strong></span> <span class='ocrx_word' id='word_1_832' title='bbox 3139 5139 3248 5194; x_wconf 89' lang='lat' dir='ltr'><strong>quo</strong></span> <span class='ocrx_word' id='word_1_833' title='bbox 3268 5138 3428 5177; x_wconf 88' lang='lat' dir='ltr'><strong>omne</strong></span> <span class='ocrx_word' id='word_1_834' title='bbox 3451 5132 3655 5187; x_wconf 86' lang='lat' dir='ltr'><strong>cessat,</strong></span> <span class='ocrx_word' id='word_1_835' title='bbox 3698 5132 3753 5177; x_wconf 77' lang='lat' dir='ltr'><strong>et</strong></span> 
     </span>
    </p>
   </div>
   <div class='ocr_carea' id='block_1_115' title="bbox 2167 5216 3753 5287">
    <p class='ocr_par' dir='ltr' id='par_1_115' title="bbox 2167 5216 3753 5287">
     <span class='ocr_line' id='line_1_115' title="bbox 2167 5216 3753 5287; baseline -0.003 -14"><span class='ocrx_word' id='word_1_836' title='bbox 2167 5218 2281 5273; x_wconf 89' lang='lat' dir='ltr'><strong>sola</strong></span> <span class='ocrx_word' id='word_1_837' title='bbox 2312 5232 2433 5287; x_wconf 73' lang='lat' dir='ltr'><strong>qua:</strong></span> <span class='ocrx_word' id='word_1_838' title='bbox 2467 5216 2560 5271; x_wconf 91' lang='lat' dir='ltr'><strong>Dei</strong></span> <span class='ocrx_word' id='word_1_839' title='bbox 2588 5225 2735 5281; x_wconf 88' lang='lat' dir='ltr'><strong>sunt,</strong></span> <span class='ocrx_word' id='word_1_840' title='bbox 2789 5218 3177 5282; x_wconf 86' lang='lat' dir='ltr'><strong>ostenduntur,</strong></span> <span class='ocrx_word' id='word_1_841' title='bbox 3235 5216 3349 5270; x_wconf 87' lang='lat' dir='ltr'><strong>sola</strong></span> <span class='ocrx_word' id='word_1_842' title='bbox 3394 5217 3753 5286; x_wconf 78' lang='lat' dir='ltr'><strong>porriguntur</strong></span> 
     </span>
    </p>
   </div>
   <div class='ocr_carea' id='block_1_116' title="bbox 2168 5302 3402 5380">
    <p class='ocr_par' dir='ltr' id='par_1_116' title="bbox 2168 5302 3402 5380">
     <span class='ocr_line' id='line_1_116' title="bbox 2168 5302 3402 5380; baseline -0.001 -17"><span class='ocrx_word' id='word_1_843' title='bbox 2168 5324 2289 5379; x_wconf 59' lang='lat' dir='ltr'><strong>quae</strong></span> <span class='ocrx_word' id='word_1_844' title='bbox 2310 5308 2460 5364; x_wconf 89' lang='lat' dir='ltr'><strong>utilia</strong></span> <span class='ocrx_word' id='word_1_845' title='bbox 2487 5316 2636 5375; x_wconf 87' lang='lat' dir='ltr'><strong>sunt,</strong></span> <span class='ocrx_word' id='word_1_846' title='bbox 2663 5316 2828 5379; x_wconf 88' lang='lat' dir='ltr'><strong>atque</strong></span> <span class='ocrx_word' id='word_1_847' title='bbox 2854 5309 3156 5380; x_wconf 80' lang='lat' dir='ltr'><strong>expediunt</strong></span> <span class='ocrx_word' id='word_1_848' title='bbox 3183 5302 3402 5364; x_wconf 66' lang='lat' dir='ltr'><strong>animae.</strong></span> 
     </span>
    </p>
   </div>
   <div class='ocr_carea' id='block_1_117' title="bbox 3467 5504 3755 5564">
    <p class='ocr_par' dir='ltr' id='par_1_117' title="bbox 3467 5504 3755 5564">
     <span class='ocr_line' id='line_1_117' title="bbox 3467 5504 3755 5564; baseline 0.01 -3"><span class='ocrx_word' id='word_1_849' title='bbox 3467 5506 3514 5539; x_wconf 80' lang='lat'><strong>“</strong></span> <span class='ocrx_word' id='word_1_850' title='bbox 3555 5504 3755 5564; x_wconf 74' lang='lat' dir='ltr'><strong>Matth.</strong></span> 
     </span>
    </p>
   </div>
  </div>
