4038 6182
301 294 435 358 1093

1438 283 1518 343 ΙΝ
1564 278 2003 340 LEVITICUM.
2028 303 2097 319 --
2136 279 2281 339 LIB.
2318 279 2434 342 VI.

3414 286 3553 352 1094

362 410 525 465 Vens.
565 402 751 461 33-56.
791 422 808 456 ι
862 403 931 457 Et
954 402 1171 456 locutus
1208 406 1293 454 est
1330 395 1595 451 Dominus
1618 394 1687 449 ad
1717 394 1864 463 Moy-
1896 400 1939 455 Α
1968 395 2297 465 initiumque
2343 396 2462 465 ejus
2501 406 2555 451 et
2594 394 2762 450 basis.
2810 392 3026 451 Primus
3097 396 3341 467 quidem,
3405 403 3552 457 sicut

288 515 411 563 seu,
436 497 626 552 dicens
659 513 671 549 :
705 496 954 563 L’oquere
981 491 1107 546 ﬁliis
1141 488 1352 544 lsrael:
1390 491 1434 540 A
1473 489 1668 556 quinto
1712 485 1864 540 deci-

291 607 383 646 mo
410 589 497 644 die
527 588 733 643 mensis
771 586 933 656 hujus
965 582 1205 652 septimi,
1235 588 1395 635 erunt
1434 578 1582 634 ferite
1610 577 1870 651 taberna-

293 679 538 733 culorum
562 684 772 744 septem
797 674 989 727 diebus
1020 669 1273 723 Domino.
1308 666 1433 721 Dies
1468 666 1680 736 primus
1704 679 1869 719 voca-

292 772 442 828 bitur
476 767 867 823 celeberrimus
891 770 1052 832 atque
1084 757 1478 814 sanctissimus.
1529 756 1703 811 Omne
1729 770 1870 825 opus

296 861 622 918 servilenon
649 856 879 921 facietis,
906 863 961 908 et
985 861 1191 923 septem
1233 849 1425 904 diebus
1486 846 1734 902 ol'feretis
1764 847 1870 901 ho-

296 955 541 1010 locausta
574 949 825 1004 Domina.
861 946 983 1000 Dies
1004 958 1220 1014 quoque
1241 951 1469 996 octavus
1493 940 1599 995 erit
1627 938 1871 993 celeber-

300 1043 474 1096 rimus
502 1048 665 1109 atque
687 1034 1085 1097 sanctissimus,
1117 1043 1172 1087 et
1217 1030 1462 1086 oﬁ‘eretis
1492 1029 1869 1088 holocaustum

301 1131 555 1185 Domino.
588 1127 838 1182 Estenirn
863 1134 1037 1178 cretus
1064 1131 1228 1193 atque
1256 1122 1503 1176 collecta.
1529 1121 1703 1174 Omne
1732 1133 1872 1187 opus

302 1221 498 1278 servile
525 1233 635 1272 non
665 1216 877 1271 facietis
903 1215 956 1268 in
988 1230 1072 1266 eo.
1113 1232 1131 1264 ›

375 1312 474 1365 Hic
504 1323 767 1378 usurpare
784 1306 1107 1375 sapientiam
1142 1302 1326 1358 saeculi
1380 1311 1437 1357 et
1494 1300 1870 1357 transitorium

303 1404 423 1470 ejus
452 1415 635 1462 nosse,
659 1407 716 1451 et
752 1386 1070 1465 temporale,
1107 1408 1218 1447 non
1243 1393 1420 1447 solum
1473 1394 1551 1448 ait
1596 1392 1875 1464 legislatu-

304 1510 419 1548 rem
457 1490 784 1562 signiﬁcare,
818 1486 913 1542 sed
930 1494 985 1539 et
1012 1492 1267 1554 oportere
1320 1484 1538 1538 oculum
1572 1484 1775 1538 habere
1804 1479 1873 1536 ad

303 1584 564 1639 saeculum
597 1580 862 1634 futurum.
889 1573 1003 1629 Hoc
1049 1588 1181 1644 ergo
1207 1582 1262 1627 et
1316 1589 1413 1643 per
1449 1587 1761 1636 numerum,
1819 1581 1875 1627 et

301 1689 401 1745 per
430 1669 776 1728 tabernacula
801 1666 919 1722 sine
949 1665 1128 1734 aliqua
1175 1663 1514 1719 dubitatione
1540 1663 1782 1717 invenies
1806 1663 1871 1717 ﬁ-

1969 484 2296 554 principium
2321 485 2374 538 in
2405 484 2625 540 Christo
2654 486 3104 551 conversationis,
3161 496 3216 541 et
3264 491 3550 546 exordium

1971 575 2280 630 futurorum
2313 584 2417 630 est.
2444 575 2681 631 Octavus
2701 586 2905 642 autem,
2938 586 2999 630 ut
3026 576 3115 646 qui
3153 589 3406 646 praesenti
3426 596 3553 635 suc-

1971 669 2117 722 cedit
2170 670 2370 723 sreculo
2413 685 2576 739 quem
2632 669 2896 739 septimus
2940 685 3203 723 numerus
3247 671 3553 740 signiﬁcare

1971 757 2191 827 djcitur.
2221 757 2327 813 Sed
2351 769 2405 813 et
2440 759 2483 813 si
2514 758 2635 829 quis
2653 759 2742 813 hic
2760 759 2900 813 sicut
2920 758 2974 812 in
3023 758 3377 814 tabernaculo
3406 761 3553 815 babi-

1971 853 2070 910 tat,
2096 857 2152 900 et
2174 846 2314 901 sicut
2352 847 2729 916 pertransiens
2784 847 3070 912 mundum,
3100 847 3186 901 hic
3221 848 3356 902 vivit
3391 866 3406 905 :
3443 849 3552 905 iste

1972 936 2339 990 ctsi'necdum
2369 951 2450 1001 re,
2476 945 2657 990 tamen
2679 937 2756 990 rei
2790 936 2989 990 virtute
3020 935 3130 1005 jam
3177 935 3418 992 futurum
3452 953 3554 993 δίε-

1972 1027 2155 1080 culum
2180 1026 2461 1080 habet:id
2486 1042 2672 1096 agens,
2725 1027 2868 1097 quod
2891 1043 3069 1096 neque
3122 1027 3190 1081 ad
3261 1030 3549 1084 materiam

1973 1118 2234 1187 pertinet,
2270 1133 2449 1188 neque
2496 1118 2561 1171 ad
2616 1118 3068 1188 inquietudinem,
3103 1121 3247 1190 quod
3276 1121 3421 1177 illius
3471 1132 3559 1179 cst

1975 1211 2254 1281 proprium
2290 1220 2514 1280 propter
2538 1212 2682 1279 quod
2709 1219 2764 1265 et
2812 1212 3076 1265 Dominus
3142 1205 3426 1283 apostolis,
3468 1222 3557 1270 nt-

1976 1314 2104 1372 pote
2151 1302 2314 1356 talem
2349 1302 2720 1357 haereditatem
2757 1303 3080 1375 eligentibus
3123 1306 3265 1369 vitae,
3291 1306 3506 1363 diccbat
3538 1324 3553 1361 :

1976 1393 2210 1463 Regnum
2239 1390 2336 1447 Dei
2364 1394 2508 1447 intra
2540 1411 2628 1449 vos
2655 1404 2730 1448 est
2767 1396 2831 1449 ⁸⁸.
2865 1393 2968 1449 Sed
3002 1405 3058 1459 et
3088 1396 3217 1451 illud
3248 1399 3552 1453 secundum

1977 1483 2119 1538 LXX
2148 1485 2447 1539 notandum
2479 1494 2581 1545 est,
2617 1485 2743 1555 quia
2799 1487 3036 1555 primum
3058 1489 3276 1557 quidem
3306 1490 3554 1545 vocalem

1976 1583 2222 1629 sanctum
2257 1572 2377 1630 sine
2394 1576 2765 1630 additamento
2797 1584 2851 1630 et
2902 1576 3255 1632 distinctione
3312 1580 3560 1634 nomina-

1978 1665 2076 1719 vit.
2102 1665 2177 1719 De
2201 1676 2395 1719 octavo
2419 1673 2602 1719 autem
2628 1666 2873 1719 vocalem
2923 1678 3175 1721 sanetum
3211 1668 3422 1733 dicens,
3460 1671 3560 1723 ad—

303 1737 579 1838 .guratum;
611 1761 810 1827 Quinta
845 1757 1056 1811 decima
1112 1755 1379 1825 siquidem
1405 1755 1492 1809 die
1520 1755 1764 1809 inchoari
1794 1737 1951 1838 [εξ-’Β
1979 1756 2138 1820 didit,
2165 1757 2263 1809 erit
2290 1756 2451 1822 vobis,
2485 1764 2545 1810 ut
2573 1757 2718 1827 quod
2735 1757 2871 1811 dixit
2900 1775 2913 1812 :
2955 1759 3076 1824 erit,
3106 1774 3174 1812 ex
3210 1774 3276 1813 eo
3313 1757 3558 1815 futttrum

304 1830 596 1913 stivitatem
631 1850 908 1922 praacepit.
942 1847 1023 1900 Ex
1073 1853 1283 1916 septem
1324 1855 1506 1900 autem
1530 1853 1587 1899 et
1618 1854 1743 1899 octo
1786 1830 1893 1899 hic'

305 1956 389 2003 est
441 1957 702 2000 numerus
752 1936 1108 2008 compositus,
1165 1950 1396 2005 quorum
1473 1949 1615 1988 unus
1657 1932 1876 2004 quidem

305 2044 549 2109 praesens
569 2034 851 2096 saeculum,
868 2032 1005 2085 alter
1017 2038 1199 2082 autem
1232 2026 1426 2096 ﬁgurat
1441 2025 1708 2080 futurum.
1726 2023 1881 2079 Unde

306 2145 362 2187 et
399 2130 746 2186 festivitatem
784 2132 995 2194 septem
1053 2123 1246 2177 diebus
1275 2119 1640 2176 consummari
1694 2117 1884 2187 praeci-

308 2227 488 2296 piens,
545 2224 682 2277 alios
707 2234 897 2274 rursus
962 2219 1082 2272 dies
1109 2214 1496 2272 celeberrimos
1545 2222 1705 2283 atque
1753 2227 1884 2266 san-

309 2316 587 2371 ctissimos
624 2307 1095 2372 commemoravit,
1126 2316 1182 2361 et
1212 2320 1316 2360 nec
1357 2304 1722 2359 dinumeravit
1762 2316 1884 2356 eam

311 2421 434 2461 cum
483 2412 718 2474 septem,
754 2400 847 2454 sed
881 2400 1065 2469 posuit
1095 2406 1435 2467 sequentem,
1456 2405 1511 2450 et
1527 2408 1787 2450 semotam
1816 2395 1885 2449 ab

310 2498 454 2561 aliis,
482 2497 623 2550 sicut
662 2497 904 2547 futurum
937 2491 1195 2546 sarculum
1222 2489 1472 2556 sequitur
1499 2488 1717 2556 quidem
1740 2502 1886 2557 prae-

310 2604 459 2650 sens,
492 2586 639 2641 aliud
675 2594 855 2639 autem
889 2598 1049 2652 quam
1080 2582 1184 2636 hoc
1204 2589 1307 2634 est.
1342 2580 1563 2648 Septem
1585 2594 1717 2650 ergo
1768 2580 1886 2633 die.

312 2680 417 2734 bus
433 2678 780 2733 festivitatem
800 2672 1298 2728 Tabernaculorum
1315 2671 1627 2741 appellavit.
1642 2670 1887 2736 Quicun-

313 2787 421 2844 que
450 2770 596 2825 enim
634 2775 694 2821 ut
727 2764 1082 2821 tabernaculo
1130 2772 1402 2832 prasente
1439 2761 1643 2817 mundo
1694 2762 1886 2830 utitur,

314 2865 402 2920 hic
431 2861 781 2918 festivitatem
836 2858 889 2910 in
925 2871 992 2910 eo
1056 2854 1281 2919 habere,
1343 2862 1399 2907 et
1446 2853 1615 2907 lmtari
1666 2862 1891 2924 propter

314 2952 481 3012 futuri
527 2947 994 3025 exspectationem
1045 2954 1248 3015 potest,
1282 2953 1338 2999 et
1381 2944 1694 3014 quicunque
1763 2944 1885 3009 scit,

1978 1847 2329 1918 signiﬁcaret,
2359 1846 2766 1902 distinctionem
2797 1857 2979 1902 autem
3033 1849 3175 1917 ejus,
3206 1849 3351 1919 quod
3401 1849 3560 1914 dixit,

1984 1939 2146 2000 vobis,
2182 1938 2499 1992 ostenderet
2522 1956 2533 1990 :
2554 1937 2680 2008 quia
2705 1937 2912 2007 primus
2946 1939 3167 2008 quidem
3198 1939 3450 1995 omnibus
3466 1955 3563 1993 vo-

1979 2030 2115 2084 calis
2136 2035 2425 2084 ctsanctus
2474 2040 2579 2094 est,
2622 2031 2751 2098 quia
2802 2045 2995 2085 omnes
3042 2029 3130 2084 hic
3160 2039 3214 2085 et
3235 2030 3352 2085 sine
3378 2029 3569 2086 distin-

1981 2122 2191 2185 ttione,
2218 2120 2285 2175 ad
2312 2119 2821 2184 sanctiﬁcationcm,
2877 2130 2932 2176 et
2951 2121 3017 2175 ad
3063 2122 3204 2176 bene
3246 2122 3564 2189 vivendum,

1982 2221 2038 2266 et
2066 2210 2132 2265 ad
2167 2226 2388 2266 cursum
2411 2211 2744 2267 haereditatis
2775 2212 3082 2267 futurorum
3116 2213 3387 2268 bonorum
3454 2213 3565 2268 Do-

1984 2306 2169 2360 minus
2204 2303 2441 2369 vocavit,
2464 2321 2590 2359 nam
2640 2315 2695 2360 et
2725 2306 2842 2361 sine
2866 2307 2973 2361 ulla
2993 2307 3345 2362 distinctione
3366 2308 3564 2379 prtedi-

1984 2398 2147 2452 cabat
2180 2415 2192 2451 :
2232 2396 2411 2452 Venite
2435 2398 2507 2450 ad
2532 2414 2611 2450 me
2638 2413 2832 2459 omnes,
2863 2400 2952 2466 qui
2981 2397 3255 2473 laboratis,
3285 2408 3333 2453 et
3362 2401 3565 2454 onerati

1986 2488 2127 2552 estis,
2164 2498 2211 2541 et
2239 2504 2331 2559 ego
2366 2487 2599 2556 reﬁciam
2624 2504 2712 2541 vos
2755 2489 2821 2541 ⁸⁷.
2860 2489 2917 2542 1η
2949 2489 3133 2543 futuro
3155 2498 3337 2545 autem
3354 2493 3566 2546 vocatio

1986 2579 2326 2634 luereditatis
2356 2580 2648 2640 bonorum,
2679 2594 2789 2633 non
2824 2580 3063 2634 omnium
3099 2590 3203 2641 est.
3236 2582 3330 2636 sed
3349 2597 3562 2648 eorum,

1987 2670 2081 2742 Qui
2106 2678 2427 2740 praesentem
2458 2670 2800 2725 vocationem
2868 2682 3248 2743 susceperunt,
3301 2675 3566 2729 cttaber-

1991 2762 2308 2817 naculorum
2338 2761 2709 2828 festivitatem,
2742 2763 2986 2818 scientes
3040 2766 3165 2835 quia
3227 2767 3469 2837 przeterit
3512 2768 3570 2821 ﬁ-

1990 2868 2123 2924 gura
2173 2853 2337 2923 hujus
2399 2853 2610 2916 mundi,
2683 2855 3082 2910 custodierunt.
3145 2858 3375 2928 l'ropter
3419 2860 3566 2929 quod

1991 2945 2135 2999 vobis
2158 2946 2298 3000 dixit
2347 2946 2452 2999 illis
2493 2938 2843 3012 exclamans,
2891 2948 2982 3017 qui
3023 2950 3099 3003 sic
3120 2951 3395 3006 vixerunt.
3440 2951 3567 3010 Haec

311 3045 438 3116 quia
465 3042 511 3098 si
543 3051 763 3096 terrena
788 3038 986 3093 domus
1036 3035 1391 3090 habitationis
1423 3035 1586 3105 hujus
1632 3034 1894 3089 dissolva-
1919 3078 1964 3135 ϐ
1996 3052 2055 3091 se
2082 3038 2154 3091 ita
2198 3037 2420 3102 habere,
2472 3037 2588 3108 ipse
2616 3038 2812 3092 iterum
2841 3040 3116 3094 ostendit:
3145 3042 3238 3111 qui
3264 3043 3412 3098 enim
3478 3045 3567 3100 hic

310 3144 422 3199 tur,
445 3132 730 3188 :cdiﬁcatio
768 3144 878 3182 non
911 3125 1224 3182 manufacta
1252 3140 1377 3180 eum
1412 3126 1464 3179 in
1507 3125 1662 3181 ctelis
1713 3126 1891 3180 susci-

310 3226 442 3296 piat.
470 3222 709 3277 Primam
744 3227 929 3273 autem
989 3226 1199 3287 septem
1230 3216 1443 3271 dierum
1473 3216 1889 3270 celeberrimam

311 3329 475 3387 atque
503 3312 907 3369 sanctissimam
934 3308 1247 3379 appellavit.
1308 3307 1411 3374 Qui
1445 3307 1594 3361 enim
1626 3307 1731 3361 scit
1748 3323 1891 3377 pra":-

311 3409 560 3466 sentibus
606 3416 866 3475 tanquam
898 3402 1255 3467 tabernaculo
1300 3401 1401 3462 uti,
1439 3400 1612 3470 prima
1641 3400 1779 3465 dies,
1835 3400 1889 3455 id

311 3509 398 3557 est
426 3498 644 3553 initium
685 3504 742 3551 et
764 3494 1092 3566 principium
1153 3507 1183 3546 a
1239 3491 1672 3547 sanctilicatidne
1727 3506 1892 3546 voca-

319 3594 483 3647 tionis
517 3588 727 3658 incipit,
764 3595 1055 3657 propterea
1075 3592 1131 3638 et
1154 3584 1320 3637 nimis
1345 3593 1753 3653 consequenter
1781 3583 1887 3638 ait:

313 3683 479 3739 Omne
510 3695 637 3749 opus
655 3677 839 3732 servile
868 3693 969 3730 non
989 3676 1214 3746 facietis.
1245 3673 1380 3740 Quia
1417 3675 1551 3729 nulli
1597 3675 1653 3728 in
1692 3675 1891 3729 sarculo

315 3773 586 3836 serviunt,
606 3768 698 3840 qui
724 3777 985 3836 tanquam
1027 3765 1440 3820 tabernaculum
1485 3772 1541 3819 et
1579 3766 1888 3820 transitoria

313 3883 377 3923 ea
404 3880 527 3936 quas
559 3864 614 3919 in
647 3878 713 3918 eo
741 3871 890 3926 sunt,
926 3858 1237 3914 attendunt.
1268 3856 1375 3913 Sed
1389 3865 1444 3912 et
1477 3866 1680 3927 septem
1698 3856 1891 3914 diebus

314 3957 630 4013 holocausta
668 3951 853 4007 oﬁerri
884 3948 1168 4021 praecepit,
1195 3947 1490 4003 ostendens
1507 3956 1765 4018 oportere
1788 3963 1887 4019 per

313 4064 477 4107 omne
527 4056 741 4116 tempus
801 4043 1097 4114 perfectam
1167 4040 1638 4096 conversationem
1709 4040 1886 4109 sequi.

311 4142 541 4210 Quando
594 4154 724 4210 ergo
775 4139 857 4192 sic
906 4140 1232 4206 praesentem
1288 4131 1456 4187 vitam
1489 4131 1881 4201 percurrimus,

311 4247 443 4292 tunc
503 4230 920 4288 celeberrimum
968 4234 1133 4294 atque
1184 4222 1590 4278 sanctissimum
1632 4230 1883 4276 octavum

309 4326 480 4388 diem,
517 4323 763 4379 seculum
781 4318 1036 4374 videlicet
1056 4316 1298 4370 futurum
1328 4313 1614 4376 habemus,
1649 4321 1884 4367 vocante

1997 3131 2136 3185 dixit
2164 3145 2177 3182 :
2214 3131 2388 3185 Venite
2416 3135 2487 3185 ad
2521 3148 2603 3185 me
2624 3148 2802 3186 omnes
2824 3134 2913 3203 qui
2936 3132 3213 3200 laboratis,
3260 3145 3309 3190 et
3361 3139 3567 3192 onerati

1992 3223 2139 3288 estis,
2171 3232 2221 3276 et
2259 3239 2353 3292 ego
2398 3223 2632 3292 reﬁciam
2658 3239 2767 3287 vos,
2803 3225 2859 3279 in
2895 3226 3135 3297 requiem
3167 3226 3423 3284 videlicet
3474 3231 3565 3284 fu-

1994 3318 2099 3367 turi
2124 3355 2137 3373 .
2176 3314 2254 3369 sic
2281 3330 2470 3369 rursus
2499 3316 2744 3386 quaedam
2794 3317 2926 3372 dicit
2958 3303 3025 3372 de
3055 3318 3242 3374 futuro
3274 3337 3288 3373 :
3358 3321 3563 3385 Venite,

1990 3405 2246 3460 benedicti
2292 3406 2473 3461 Patris
2505 3409 2623 3474 mei,
2675 3410 2928 3479 percipite
2986 3428 3202 3481 regnum
3250 3416 3389 3483 quod
3426 3416 3566 3470 vobis

1991 3506 2354 3567 prwparatum
2384 3508 2457 3553 est
2482 3499 2559 3550 ’πε
2593 3500 2925 3555 subtrahens
2976 3502 3083 3556 hoc
3129 3505 3273 3573 quod
3329 3506 3562 3576 dixerat,

1991 3604 2167 3643 omnes
2217 3605 2237 3643 :
2298 3590 2424 3659 quia
2482 3590 2636 3644 multi
2697 3593 2906 3663 quidem
2963 3595 3158 3660 uocati,
3233 3598 3392 3664 pauci
3443 3615 3565 3653 vero

1991 3681 2142 3734 electi
2168 3681 2233 3734 ⁸⁸.

2063 3770 2229 3827 Vsus.
2258 3770 2348 3831 '57,
2379 3770 2468 3825 38.
2503 3788 2522 3821 ι
2562 3769 2653 3827 ila:
2687 3782 2814 3827 sunt
2850 3772 2999 3829 feria:
3025 3774 3262 3845 Domini,
3300 3794 3438 3849 quas
3472 3795 3567 3835 vo-

1991 3863 2189 3919 cabitis
2215 3862 2602 3917 celeberrimas
2650 3871 2817 3933 atque
2842 3867 3239 3934 sanctissimas,
3293 3872 3565 3927 oll'erctis-

1989 3969 2097 4024 que
2137 3954 2195 4007 in
2245 3954 2326 4008 eis
2357 3953 2664 4009 oblationes
2701 3953 2937 4011 Domino
2990 3958 3306 4016 holocausta
3344 3972 3401 4017 et
3433 3962 3567 4018 liba-

1988 4056 2191 4111 menta,
2216 4047 2371 4115 juxta
2404 4046 2568 4100 ritum
2596 4046 3025 4119 uniuscujusque
3050 4051 3177 4112 diei.
3213 4054 3565 4125 exceptisque

1989 4138 2238 4193 Sabbatis
2276 4137 2511 4204 Domini,
2534 4138 2803 4208 donisque
2851 4142 3048 4196 vestris
3072 4151 3129 4197 et
3156 4159 3278 4213 qua:
3320 4145 3566 4215 oll'eretis

1989 4245 2055 4285 ex
2085 4237 2234 4294 voto,
2267 4230 2350 4284 vel
2374 4245 2498 4300 qua:
2518 4239 2715 4298 sponte
2747 4230 2989 4286 tribuitis
3018 4231 3273 4289 Domino.
3322 4254 3343 4288 ι

2057 4319 2191 4375 Vide
2242 4319 2361 4374 illas
2390 4320 2715 4389 apostolicas
2755 4336 2920 4377 voces
2962 4340 2976 4377 :
3033 4324 3249 4396 Semper
3299 4332 3561 4399 gaudete,

310 4432 413 4472 nos
442 4416 495 4470 in
530 4420 831 4485 praeparata
882 4407 1088 4464 sanctis
1113 4408 1274 4469 bona,
1323 4420 1391 4460 eo
1427 4405 1517 4474 qui
1571 4420 1673 4459 nos
1717 4412 1771 4460 et
1825 4404 1882 4461 in
1917 4429 1961 4484 ι)
1989 4412 2102 4466 sine
2139 4412 2526 4465 intermissione
2551 4421 2720 4478 orate,
2747 4415 2801 4466 in
2842 4416 3079 4470 omnibus
3115 4419 3319 4489 ςταιίαδ
3341 4422 3564 4490 agnem.

310 4506 415 4562 hac
435 4504 851 4562 conversatione
879 4500 1118 4557 vocavit:
1170 4513 1296 4553 nam
1324 4507 1382 4552 et
1427 4495 1571 4550 LXX
1592 4497 1670 4552 sic
1697 4498 1887 4553 edide-

313 4605 443 4651 runt
458 4614 474 4650 :
489 4596 614 4650 Dies
628 4604 840 4649 octavas
857 4592 1051 4648 vocalis
1070 4598 1284 4644 sanctus
1299 4589 1422 4643 erit.
1442 4587 1594 4643 Tunc
1610 4604 1743 4660 ergo
1762 4590 1890 4646 οπο-

311 4692 483 4744 rimus
509 4688 820 4742 holocausta
842 4686 1074 4741 Domino
1095 4699 1216 4754 qua:
1249 4684 1341 4738 hic
1365 4684 1887 4753 prteparavcrimus.

385 4781 477 4835 Est
533 4780 671 4835 enim
727 4789 887 4833 cetus
909 4788 1068 4847 atque
1092 4775 1331 4829 collecta.
1393 4772 1487 4829 Vel
1521 4776 1663 4830 sicut
1695 4774 1840 4830 LXX
1871 4794 1885 4833 :

314 4872 575 4942 Egressus
605 4878 701 4936 est,
749 4869 875 4939 quia
908 4868 1038 4923 hinc
1063 4867 1264 4930 exitus,
1309 4866 1419 4921 illic
1458 4866 1724 4921 habitatio
1779 4875 1885 4931 est,

312 4963 456 5018 sicut
482 4963 558 5017 ait
579 4960 781 5016 Paulus
821 4976 835 5011 :
867 4960 1035 5030 Cupio
1057 4958 1268 5013 dissolvi
1316 4966 1364 5011 et
1392 4973 1505 5011 esse
1573 4974 1690 5010 cum
1729 4956 1889 5010 Chri-

286 5056 474 5108 -sto".
502 5054 679 5110 Omne
704 5069 844 5124 opus
869 5052 1067 5109 servile
1102 5067 1213 5105 non
1263 5050 1551 5111 faciemus,
1584 5054 1712 5118 quia
1746 5048 1891 5104 sicut

311 5146 489 5217 angeli
530 5147 623 5201 Dei
678 5156 926 5215 tempore
974 5143 1070 5197 illo
1122 5143 1348 5196 erimus.
1400 5139 1504 5194 Sed
1531 5141 1714 5195 ethoc
1733 5140 1884 5206 tibta,

312 5236 590 5308 quomodo
644 5237 835 5292 eadem
881 5235 950 5290 de
978 5233 1159 5304 primo
1198 5242 1255 5286 et
1314 5240 1510 5287 octavo
1540 5230 1696 5295 dicit,
1761 5231 1889 5300 quia

312 5330 479 5386 unius
501 5328 909 5400 quodammodo
932 5336 1164 5394 uterque
1200 5321 1416 5377 virtutis
1450 5329 1604 5388 sunt,
1642 5335 1890 5376 resurre-

312 5421 514 5480 ctionis
546 5422 748 5493 quippe
763 5422 880 5478 dies
892 5435 1019 5491 quae
1040 5425 1124 5474 est
1155 5415 1459 5473 substantia
1489 5414 1659 5471 futuri
1681 5413 1886 5481 saeculi,

386 5603 429 5675 ’ξ
461 5603 663 5675 Philip.
693 5620 731 5670 l,
757 5602 850 5660 ‘23.

314 5688 372 5741 ν,
407 5670 590 5731 16-18.

926 5602 968 5634 ⁸⁸³
989 5599 1120 5654 Luc.
1152 5612 1282 5664 xm,
1312 5592 1403 5652 21.

1485 5597 1530 5628 ⁶⁷
1562 5592 1861 5667 Matthfst,
1883 5594 1973 5650 28.

1987 4500 2241 4556 Consona
2284 4500 2541 4557 videntur
2614 4518 2738 4558 esse
2797 4504 2912 4559 haec
2940 4509 3300 4575 praesentibus
3322 4510 3567 4568 Mosaica:

1990 4595 2286 4651 sanctionis
2312 4596 2515 4651 verbis.
2548 4596 2689 4651 Ecce
2739 4597 2885 4652 enim
2917 4599 3244 4656 festivitates
3302 4605 3567 4673 quasdam

1990 4688 2297 4760 praecipuas
2324 4689 2604 4759 legisl'atur
2625 4704 2930 4759 exponens,
2974 4708 3109 4762 quas
3173 4705 3229 4748 et
3274 4696 3565 4752 celeberri-

1991 4796 2110 4836 mas
2144 4790 2309 4850 atque
2345 4789 2561 4836 sanctas
2603 4783 2928 4849 nominavit,
2986 4786 3304 4854 permiscuit
3323 4787 3403 4842 eis
3427 4800 3568 4855 quo-

1993 4874 2196 4929 tidiana
2227 4874 2485 4929 libamina
2510 4885 2564 4929 et
2595 4875 2886 4930 sacriﬁcia.

2064 4960 2167 5015 Ha:
2191 4970 2312 5016 sunt
2333 4963 2470 5016 enim
2496 4964 2646 5034 feria:
2679 4963 2892 5017 Domini
2944 4981 3076 5035 quas
3126 4965 3378 5019 vocabitis
3433 4964 3570 5019 cele-

1991 5051 2248 5105 berrimas
2264 5061 2422 5118 atque
2439 5054 2821 5109 sanctissimas.
2855 5055 2922 5110 Et
2951 5071 3074 5109 cum
3129 5056 3571 5124 oporteretbanc

1989 5150 2085 5195 aut
2110 5141 2254 5195 illam
2278 5141 2483 5209 dicere,
2513 5159 2624 5198 non
2650 5145 2730 5201 sic
2751 5144 2906 5207 dixit,
2942 5145 3035 5200 sed
3067 5144 3311 5200 subdidit
3337 5162 3351 5196 :
3373 5146 3572 5225 Oﬁ‘ere-

1993 5233 2162 5302 lisque
2191 5232 2246 5284 in
2264 5229 2341 5286 eis
2369 5232 2658 5289 oblationes
2710 5236 2937 5290 Domino
2979 5235 3286 5290 holocausta
3333 5246 3384 5291 et
3436 5237 3572 5293 liba-

1997 5333 2196 5389 menta,
2211 5323 2372 5395 juxta
2424 5325 2585 5377 ritum
2620 5326 3030 5397 uniuscujusque
3069 5327 3195 5383 diei.
3228 5324 3296 5383 Et
3320 5327 3436 5399 ipse
3472 5344 3573 5384 nos

1999 5414 2259 5487 gaudere,
2305 5422 2361 5469 et
2396 5413 2748 5470 festivitatem
2815 5420 2996 5487 agere,
3048 5426 3103 5472 et
3124 5422 3244 5473 sine
3293 5416 3572 5476 intermis-

2057 5590 2311 5648 “Mattlt.
2337 5606 2463 5655 xxv,
2496 5587 2584 5644 54.
2661 5590 2706 5624 ”
2738 5588 2928 5648 Matth.
2952 5605 3089 5661 χχιι,
3116 5591 3203 5648 14.
3280 5591 3369 5647 "l
3405 5590 3575 5650 Thes.
