4038 6182
512 183 652 251 1095

1695 186 2058 248 HESYCHII
2092 184 2565 247 PRESBYTERI

3628 173 3767 242 1096

510 301 665 356 sione
686 312 847 354 orare
876 298 1010 355 vult.
1045 296 1161 353 Hoc
1193 307 1277 353 est
1298 312 1429 368 ergo
1453 297 1768 368 quotidiana
1787 298 1998 363 libatio,
2026 307 2082 352 et
2111 303 2157 358 Α
2187 313 2259 353 ra:
2282 337 2301 361 ,
2358 298 2427 352 ab
2487 294 2750 366 operibus
2821 292 3080 349 videlicet
3137 288 3372 344 turrenis
3436 290 3769 342 cessantes:

507 390 859 451 sacrificium.
909 390 1023 443 sive
1076 389 1477 455 holocaustum,
1528 404 1651 460 quas
1698 396 1831 444 tunc
1876 388 2079 444 oﬂ‘erre

507 494 822 551 possumus.
852 477 1315 547 quandocorpora
1348 485 1539 533 nostra
1604 478 1841 534 hostiam
1896 478 2080 533 vivam

509 568 625 625 Deo
680 568 1089 623 exhibuerimus
1121 576 1176 621 et
1213 570 1461 623 membra
1503 575 1715 633 nostra,
1764 584 1887 639 quae
1950 576 2081 623 sunt

513 678 679 734 super
698 673 917 724 terram,
971 661 1507 725 mortiﬁcaverimus,
1567 662 1850 732 paratique
1906 661 2083 717 fueri-

511 771 636 811 mus
663 755 740 808 ire
769 754 836 809 ad
902 753 1210 821 Dominum,
1265 771 1388 809 cum
1440 754 1610 810 Paulo
1652 756 1935 809 dicentes:
1969 753 2084 825 Ego

514 848 653 902 enim
682 847 802 916 jam
831 846 1052 911 delibor,
1082 858 1129 901 et
1176 858 1382 918 tempus
1427 863 1556 902 mete
1607 846 1943 900 resolutionis
1998 846 2083 898 in-

511 948 620 994 stat
649 939 715 994 “..
747 938 977 1009 Propter
1009 939 1112 995 hoc
1164 941 1375 995 addidit
1406 957 1419 992 :
1468 939 1812 1009 Exceptisque
1844 936 2088 992 Sabbatis

511 1032 747 1097 Domini,
808 1033 1058 1102 donisque
1100 1032 1305 1094 vestris,
1338 1040 1386 1085 et
1440 1047 1557 1101 qua:
1584 1031 1806 1101 oﬂ‘eretis
1831 1046 1896 1083 ea:
1949 1040 2086 1094 uoto,

513 1126 597 1178 uel
617 1140 734 1188 qua:
754 1131 936 1192 sponte
964 1122 1191 1175 tribuitis
1216 1121 1464 1175 Domino.

588 1215 791 1284 Aperte
822 1213 953 1266 illud
977 1214 1219 1276 tradens,
1247 1212 1376 1282 quia
1438 1227 1606 1282 super
1657 1210 2089 1266 declinationem

426 1376 429 1379 Α
517 1303 809 1367 malorum,
844 1302 947 1356 hoc
977 1302 1397 1365 estSabhatum,
1429 1311 1486 1357 et
1531 1317 1697 1372 super
1740 1302 1875 1355 alias
1925 1301 2092 1372 justi-

520 1395 646 1457 tias.
702 1410 838 1466 quas
904 1395 1016 1448 Deo
1068 1395 1368 1449 secundum
1427 1403 1643 1463 tempus
1694 1391 2091 1462 promittimus,

518 1486 812 1556 aliquando
869 1484 916 1539 ei
969 1485 1260 1553 jejunium,
1335 1484 1628 1552 aliquando
1686 1484 2093 1552 possessionum

519 1578 874 1642 oblationem,
899 1577 983 1630 vel
1014 1576 1068 1629 in
1112 1574 1371 1646 periculis
1427 1575 1777 1630 venientibus
1798 1574 1979 1639 nobis,
2011 1573 2095 1627 vel

519 1668 830 1723 voluntarie
887 1667 1257 1738 promittimus
1311 1683 1325 1720 :

1389 1672 1677 1735 propterea
1723 1675 1975 1719 votorum
2043 1674 2129 1720 et‘

2182 389 2320 444 festa
2343 389 2687 443 celebremus
2711 394 2922 455 septem
2945 385 3082 445 dies,
3117 383 3169 438 id
3201 391 3288 436 est
3311 388 3484 434 totam
3516 388 3776 433 nostram

2182 482 2375 538 demus
2406 482 2572 536 vitam
2604 480 2661 534 in
2699 478 2885 535 divina
2924 477 3223 531 festivitate
3263 471 3637 528 celebranda:
3674 470 3779 526 Die

2184 583 2364 631 autem
2394 574 2564 644 primo
2592 573 2815 643 requies,
2855 580 2903 624 et
2932 572 3017 624 die
3047 577 3232 623 octauo
3256 567 3486 637 requies.

2253 664 2374 720 Non
2407 665 2521 734 jam
2566 665 2822 734 septimo,
2866 678 2993 717 cum
3031 675 3264 715 numero
3303 669 3520 728 septem
3550 658 3779 713 dierum

2185 758 2539 815 festivitatem
2573 758 2657 829 agi
2699 756 3103 827 proposuisset,
3153 754 3247 808 sed
3277 762 3496 813 octavo,
3528 750 3777 821 primum

2186 848 2428 919 quidem,
2457 848 2586 919 quia
2618 848 2702 902 his
2731 848 2826 918 qui
2872 847 3175 901 secundum
3207 844 3449 898 litteram
3482 844 3655 913 legem
3687 850 3779 896 Ie-

2188 950 2345 1007 nent,
2393 939 2747 995 festivitatem
2783 938 3066 994 celebrare
3104 952 3215 990 non
3263 936 3416 1000 licet,
3450 950 3596 989 novo
3617 937 3779 993 enim

2191 1040 2506 1102 segregatus
2556 1039 2642 1086 est
2689 1030 2911 1101 populo,
2963 1028 3058 1098 qui
3106 1029 3212 1083 scit
3241 1028 3418 1096 legem
3469 1027 3779 1083 secundum

2191 1119 2445 1189 spiritum
2502 1118 2771 1187 accipere.
2830 1126 2887 1171 et
2942 1124 3198 1171 octavum
3244 1114 3559 1177 honorare,
3606 1130 3779 1185 quem

2193 1206 2431 1262 diximus
2499 1205 2809 1277 signiﬁcare
2874 1213 3218 1258 mortuorum
3288 1201 3774 1257 resurrectionem.

2194 1297 2465 1363 Secundo,
2497 1299 2624 1368 quia
2654 1312 2821 1352 unam
2857 1296 3111 1350 virtutem
3142 1294 3349 1349 habent
3376 1303 3439 1349 et
3486 1295 3694 1363 primus
3720 1303 3785 1349 rt

2196 1398 2456 1458 octavus;
2500 1390 2627 1460 quia
2674 1395 2901 1445 octavus
2947 1388 3064 1458 ipse
3134 1395 3223 1441 est
3257 1393 3317 1441 et
3365 1386 3597 1455 primus.
3648 1388 3781 1456 quia

2198 1480 2317 1555 ipse
2340 1491 2427 1538 est
2467 1480 2798 1552 principium
2851 1478 3018 1533 futuri
3066 1478 3276 1533 saeculi.
3323 1477 3533 1533 Deinde
3570 1479 3781 1547 primus

2201 1577 2337 1638 dies,
2378 1575 2472 1645 qui
2524 1582 2608 1629 est
2641 1573 2855 1628 initium
2897 1571 3057 1626 facta:
3102 1569 3534 1639 praedicationis,
3573 1570 3624 1623 in
3668 1569 3781 1624 ﬁne

2202 1668 2525 1724 saaculorum
2582 1665 2825 1735 requiem
2881 1664 3150 1720 continet.
3200 1662 3572 1732 Requiescere
3628 1664 3780 1716 enim

523 1769 953 1832 spontaneorum
980 1758 1282 1830 quotidiani
1307 1757 1595 1812 ministerii
1651 1757 1763 1812 Deo
1795 1770 1958 1827 atque
1971 1773 2099 1828 per-
2199 1774 2302 1814 nos
2329 1758 2485 1821 facit,
2507 1773 2632 1813 cum
2662 1772 2764 1812 nos
2788 1771 2819 1811 a
2851 1764 3202 1826 peccatorum
3241 1754 3526 1809 laboribus
3556 1754 3775 1813 liberat,

523 1852 677 1923 petui
710 1851 983 1916 sacriﬁcii,
1019 1850 1287 1919 siquidem
1319 1849 1462 1903 actio
1482 1849 1629 1918 justa
1656 1857 1762 1910 est,
1816 1849 2098 1905 debitores
2200 1867 2300 1922 per
2330 1851 2538 1906 donum
2567 1849 2917 1918 baptismatis
2940 1847 3098 1918 cujus
3125 1848 3251 1917 quia
3295 1846 3521 1916 ﬁguram
3550 1846 3785 1899 inunda-

524 1962 737 2010 sumus,
765 1952 1086 2000 utnostram
1118 1958 1335 1996 omnem
1360 1941 1425 2002 ei.
1442 1942 1606 1995 vitam
1636 1940 1954 2006 oﬂeramus,
2013 1942 2102 1996 di-
2201 1944 2282 1999 tio
2311 1943 2556 2013 gerebat,
2586 1954 2708 2011 qua:
2740 1949 3008 1996 creatura:
3043 1955 3144 2010 per
3194 1939 3309 1997 Noe
3341 1954 3599 2007 aquarum
3632 1938 3787 1992 dilu-

525 2044 715 2091 centes
747 2033 1207 2104 quemadmodum
1228 2042 1284 2087 et
1314 2033 1513 2086 Paulus
1534 2032 1708 2086 dixit:
1745 2031 1866 2086 Vivo
1920 2041 2102 2087 autem
2201 2037 2292 2092 vio
2324 2035 2493 2101 venit,
2529 2042 2679 2089 recte
2711 2033 2780 2089 de
2823 2034 2928 2088 hoc
2958 2031 3244 2087 dicebatur
3273 2048 3289 2083 :
3326 2029 3424 2083 Hic
3459 2030 3793 2098 requiescere

524 2140 630 2181 non
651 2125 768 2195 jam
804 2141 917 2195 ego,
951 2125 1075 2178 vivit
1092 2141 1212 2178 vero
1238 2125 1294 2176 in
1345 2140 1428 2177 me
1461 2122 1716 2177 Christus.
1754 2120 1902 2186 Quod
1925 2132 2105 2178 autem
2207 2142 2299 2181 nos
2359 2125 2517 2194 faciet
2544 2123 2608 2177 ub
2660 2123 2899 2177 omnibus
2939 2122 3181 2188 operibus
3234 2121 3446 2182 nostris,
3472 2128 3521 2173 et
3551 2125 3613 2172 de
3640 2118 3788 2170 reli-

523 2232 667 2274 mmc
690 2219 802 2271 rivo
832 2218 887 2270 in
917 2232 1095 2283 carne,
1124 2215 1181 2267 in
1207 2216 1309 2284 ﬁde
1338 2216 1451 2269 vivo
1480 2214 1606 2268 Filii
1651 2213 1772 2274 Dei,
1807 2215 1896 2277 qui
1921 2214 2105 2269 dilexit
2205 2220 2349 2287 quiis
2380 2233 2639 2271 manuum
2691 2224 3014 2277 nostrarum,
3046 2222 3097 2267 et
3129 2230 3162 2266 a
3204 2223 3347 2266 terra
3393 2213 3479 2265 cui
3506 2211 3793 2265 maledixit

527 2324 633 2371 me,
664 2316 712 2361 et
738 2307 956 2360 tradidit
990 2307 1330 2373 semetipsum
1357 2321 1454 2375 pro
1484 2321 1566 2358 me
1596 2304 1641 2335 ⁷³
1676 2318 1688 2353 :
1723 2307 2106 2374 propterquod
2210 2310 2465 2364 Dominus
2495 2307 2651 2362 Deus.
2682 2305 2966 2375 Simulque
2993 2304 3203 2374 primus
3218 2304 3363 2368 dies,
3398 2301 3681 2357 exordium
3702 2299 3791 2352 vi-

525 2408 585 2455 et
610 2414 714 2453 nos
741 2398 939 2451 offerre
971 2397 1023 2451 ei
1092 2398 1260 2452 vitam
1311 2406 1557 2452 nostram
1610 2402 1855 2465 oportet,
1883 2399 2012 2466 quia
2053 2408 2110 2455 et
2208 2399 2407 2456 delicet
2464 2395 2900 2467 praedicationis,
2953 2393 3225 2463 promittit
3275 2392 3635 2462 posteriorem
3685 2405 3791 2443 re-

529 2485 648 2557 ipse
676 2487 1038 2554 semetipsum
1058 2502 1157 2556 pro
1205 2486 1366 2540 nobis
1389 2486 1604 2541 obtulit.
2208 2492 2415 2562 quiem,
2477 2504 2639 2560 quam
2670 2497 2896 2544 octavus
2935 2487 3119 2550 habet,
3169 2484 3225 2538 id
3282 2492 3389 2548 est,
3449 2490 3792 2537 mortuorum

602 2577 768 2631 Vsus.
800 2578 986 2631 '59-“.
1029 2596 1047 2628 ‹
1081 2577 1123 2631 Α
1156 2578 1356 2647 quinto
1382 2578 1598 2633 decimo
1634 2593 1764 2650 ergo
1787 2579 1874 2636 die
1907 2581 2113 2635 mensis
2212 2580 2567 2648 resurrectio,
2595 2591 2651 2637 et
2686 2596 2916 2652 regnum
2964 2578 3132 2634 futuri
3168 2576 3378 2639 saeculi.
3415 2575 3486 2630 de
3513 2588 3620 2645 quo
3643 2573 3795 2643 psal-

531 2668 773 2739 septimi,
824 2669 1045 2738 quando
1092 2669 1558 2739 congregaveritis
1630 2686 1823 2725 omnes
1901 2671 2113 2727 fruetus
2212 2674 2359 2731 lebat
2388 2673 2606 2727 David:
2647 2672 2909 2742 Exsurge,
2943 2669 3187 2733 Domine,
3217 2669 3276 2721 in
3298 2668 3533 2736 requiem
3560 2664 3793 2719 tuam".

532 2766 694 2815 teme
740 2770 954 2823 vestrae,
1015 2761 1366 2815 celebrabitis
1418 2758 1582 2815 ferias
1638 2761 1855 2817 Domini
1901 2773 2111 2834 septem
2214 2763 2353 2831 Quia
2383 2763 2531 2819 enim
2562 2771 2855 2831 utramque
2878 2760 3124 2830 requiem
3146 2759 3435 2815 exordium
3464 2755 3791 2826 evangelica:

532 2851 748 2908 diebus.
779 2852 873 2907 Die
905 2852 1080 2923 primo
1136 2863 1192 2907 et
1221 2852 1312 2907 die
1342 2860 1537 2907 octavo
1565 2853 1673 2907 erit
1703 2851 2024 2922 Sabbatum,
2057 2856 2113 2910 id
2214 2855 2617 2925 praedicationis
2654 2853 2922 2924 possidet,
2951 2851 3077 2906 audi
3107 2850 3240 2920 quid
3272 2850 3513 2919 primum
3540 2847 3796 2902 Christus

532 2952 617 2999 est
647 2945 885 3012 requies.
921 2942 1274 3013 Sumetisque
1296 2943 1455 2999 vobis
1475 2942 1562 2996 die
1585 2943 1763 3013 primo
1797 2944 2005 3002 fruetus
2021 2961 2115 3001 ar-
2143 2968 2185 3027 ε
2217 2948 2461 3002 humano
2494 2946 2678 3017 generi
2705 2943 3055 3015 praedicavit:
3085 2942 3466 2997 Paenitentiam
3499 2940 3661 3011 agite,
3696 2956 3803 3007 ap-

532 3028 685 3084 boris
710 3030 1093 3099 pulcherrimae
1120 3048 1133 3085 :
1171 3032 1525 3103 spatulasque
1564 3037 1889 3105 palmarum,
1924 3044 1981 3091 et
2031 3051 2120 3090 ra-
2220 3038 2591 3110 propinquavit
2618 3038 2761 3091 enim
2785 3052 3004 3107 regnum
3030 3032 3356 3089 calorum".
3385 3032 3487 3088 Per
3519 3031 3803 3102 panitet:-

534 3134 656 3173 mos
680 3119 810 3190 ligni
847 3120 1143 3174 densarum
1189 3123 1494 3190 frondium,
1538 3138 1590 3182 et
1648 3128 1844 3182 salices
1886 3127 1955 3182 de
2016 3136 2121 3183 tor-

535 3219 714 3275 rente,
747 3221 804 3265 et
825 3212 1140 3268 laztabimini
1176 3230 1358 3271 coram
1391 3218 1761 3277 Domino-Deo
1790 3230 1992 3287 vestro,
2027 3237 2121 3276 ce-

536 3301 928 3371 lebrabitisque
962 3305 1365 3364 solemnitatem
1392 3310 1509 3380 ejus
1536 3319 1746 3381 septem
1783 3312 1980 3367 diebus
2022 3329 2123 3383 per

539 3409 746 3449 annum
788 3411 803 3447 :
856 3396 1164 3466 legitimum
1199 3404 1596 3473 sempiternum
1629 3406 1739 3460 erit
1766 3405 1821 3459 in
1882 3421 2120 3477 genera-

539 3487 786 3542 tionibus
822 3490 1038 3546 vestris.
1071 3490 1256 3547 Mense
1288 3496 1521 3564 septimo
1578 3495 1714 3551 festa
1747 3498 2120 3564 celebrabitis,

539 3590 598 3637 et
630 3576 952 3637 h'abitabitis
982 3584 1038 3637 in
1062 3587 1397 3643 umbraculis
1445 3601 1656 3659 septem
1693 3590 1910 3645 diebus.
1932 3590 2124 3646 Omnis

541 3673 637 3743 qui
670 3689 735 3728 ex
781 3690 980 3744 genere
1013 3685 1096 3730 est
1134 3675 1320 3740 lsrael,
1370 3680 1616 3739 manebit
1646 3682 1701 3736 in
1735 3682 2121 3747 tabernaculis,

542 3771 608 3819 ut
632 3764 846 3819 discant
879 3768 1086 3836 posteri
1122 3770 1306 3835 vestri,
1360 3772 1507 3840 quod
1546 3773 1600 3826 in
1634 3774 2002 3831 tabernaculis
2030 3776 2126 3829 ha-

541 3855 720 3912 bitare
750 3857 972 3911 fecerim
1012 3858 1150 3915 ﬁlios
1199 3860 1385 3925 Israel,
1412 3879 1537 3919 cum
1572 3866 1869 3920 educerem
1901 3881 2000 3921 eos
2056 3866 2126 3920 de

546 3952 693 3999 terra
723 3944 964 4017 Egypti.
992 3948 1106 4019 Ego
1140 3948 1401 4006 Dominus
1425 3953 1567 4008 Deus
1621 3962 1821 4010 vester.
1853 3954 2126 4009 Locutus-

546 4052 653 4107 que
692 4047 776 4093 est
832 4039 1043 4110 Moyses
1098 4056 1263 4111 super
1292 4043 1736 4100 solemnitatibus
1796 4044 2013 4100 Domini
2060 4044 2128 4099 ad

545 4126 689 4184 filios
710 4130 898 4185 Israel.
949 4150 968 4183 ι

616 4220 788 4277 Tutos
812 4240 914 4279 nos
938 4225 1215 4297 legislator
1241 4242 1366 4282 esse
1424 4226 1676 4297 praecipit
1704 4228 1889 4282 surculi
1927 4227 2122 4295 futuri,

547 4316 605 4366 et
637 4324 966 4381 prmsentem
993 4316 1160 4369 vitam
1206 4317 1271 4370 ad
1308 4317 1437 4371 illud
1485 4326 1765 4386 coaptare.
1826 4317 2123 4388 Propterea
2156 4301 2200 4356 Ῑ)

546 4415 672 4456 cum
717 4406 1018 4474 compleret
1075 4406 1431 4462 festivitatum
1480 4408 1729 4471 verbum,
1782 4408 1945 4464 iterat
1979 4427 2125 4467 nunc

548 4492 1028 4550 tabernaculorum
1092 4497 1472 4562 festivitatem,
1533 4499 1663 4569 quia
1745 4501 1916 4557 totius
1986 4502 2123 4574 legis

549 4597 759 4638 summa
791 4595 874 4641 est
905 4603 1014 4641 non
1061 4589 1275 4645 inhiare
1320 4592 1703 4660 praesentibus.
1730 4608 1909 4664 neque
1933 4594 2122 4650 adhae-

550 4691 673 4732 rere
702 4679 957 4744 terrenis,
991 4682 1085 4736 sed
1109 4682 1252 4738 scire
1281 4684 1408 4754 quia
1434 4684 1690 4754 inquilini
1726 4685 1783 4740 in
1832 4701 1896 4741 ea
1937 4696 1992 4741 et
2023 4702 2124 4758 pe-

547 4771 750 4842 regrini
779 4787 989 4836 sumus.
1022 4773 1163 4829 sicut
1193 4791 1384 4830 omnes
1417 4785 1600 4847 patres
1630 4778 1827 4834 nostri.

618 4867 664 4916 Α
699 4865 883 4933 quinto
936 4867 1136 4921 decimo
1172 4884 1296 4938 ergo
1346 4869 1431 4923 die
1474 4869 1665 4923 mensis
1713 4871 1945 4940 septimi.
1993 4870 2129 4925 Esse

549 4968 795 5011 mensem
844 4958 1136 5026 septimum
1189 4961 1613 5030 complctioncm
1662 4962 1781 5017 sive
1835 4962 2130 5030 plenitudi-

548 5060 675 5100 nem
707 5055 1015 5118 temporum
1044 5050 1306 5105 diximus.
1355 5052 1592 5118 Quintus
1640 5054 1891 5110 dccimus
1918 5066 2125 5121 autem,

549 5145 740 5202 utpote
781 5153 847 5192 ex
905 5149 1114 5211 septem
1164 5150 1221 5196 et
1278 5152 1404 5198 octo
1455 5153 1715 5200 constans
1755 5148 2126 5217 evangelicam

548 5226 1016 5297 praedicationem,
1063 5247 1187 5302 quae
1246 5248 1313 5287 ex
1370 5236 1630 5304 praesenti
1683 5236 1795 5291 vita
1851 5246 1908 5292 et
1943 5236 2129 5293 futura

550 5316 822 5385 consistit,
853 5319 1141 5392 significat,
1175 5322 1319 5377 hanc
1347 5338 1705 5393 componens,
1746 5325 1892 5381 illam
1917 5341 2130 5397 praepa-

550 5420 701 5465 rans.
729 5411 959 5477 Quando
990 5417 1507 5490 congregaverimus
1531 5431 1730 5473 omnes
1771 5418 1985 5474 fructus
2016 5429 2131 5476 ter-

656 5585 700 5619 ἰ
732 5584 778 5638 ιι
809 5585 951 5641 Tim.
982 5606 1058 5658 Iv,
1087 5590 1140 5648 δ.

1242 5594 1287 5626 ⁷³
1334 5591 1452 5649 Gal.
1476 5611 1537 5663 ιι,
1563 5594 1656 5651 20.
1730 5595 1777 5632 ⁷³
1801 5596 1948 5653 Psal.
1968 5612 2128 5666 cxxv,
2151 5597 2205 5654 8.

2223 3133 2352 3189 tiam
2381 3147 2412 3187 a
2434 3130 2714 3187 laboribus
2751 3128 2880 3183 vitae
2904 3143 3028 3198 quae
3049 3127 3105 3181 in
3129 3126 3371 3197 peccatis
3414 3132 3520 3187 est,
3552 3122 3803 3193 requiem

2223 3223 2549 3293 praedicans,
2581 3230 2639 3278 et
2667 3236 2822 3291 spem
2863 3220 2919 3275 in
2952 3234 3125 3291 regno
3158 3217 3425 3273 cmlorum
3463 3216 3666 3270 futura:
3717 3228 3811 3269 re-

2221 3315 2392 3385 quiei.
2428 3314 2536 3369 Sed
2578 3312 2788 3384 primus
2832 3311 3057 3382 quidem
3081 3310 3246 3365 habet
3273 3307 3517 3377 requiem
3546 3322 3579 3361 a
3610 3321 3809 3375 pecca-

2226 3417 2404 3463 torum
2435 3406 2738 3465 laboribus.
2767 3405 2851 3459 Ab
2881 3419 2949 3459 eo
2980 3412 3186 3465 tamen,
3218 3401 3314 3472 qui
3342 3407 3570 3457 vocatus
3596 3408 3686 3453 est
3710 3415 3812 3454 su-

2223 3498 2577 3570 peraedilicari
2656 3498 2787 3554 huic
2829 3496 3063 3565 requiei,
3108 3495 3374 3550 virtutum
3428 3492 3810 3561 operationem

2224 3591 2425 3662 exiget.
2476 3589 2706 3661 Propter
2742 3588 2891 3660 quod
2926 3587 3189 3641 Dominus
3215 3584 3348 3641 dicit
3382 3603 3396 3639 :
3428 3584 3625 3638 Discite
3651 3600 3689 3636 α
3730 3598 3813 3636 κιο

2226 3684 2350 3753 quia
2413 3683 2555 3737 mitis
2610 3698 2727 3736 sum
2757 3690 2807 3736 et
2850 3679 3064 3735 humilis
3106 3679 3279 3741 corde,
3316 3687 3365 3732 et
3422 3676 3703 3731 invenietis
3732 3692 3815 3729 re-

2226 3777 2399 3845 quiem
2449 3775 2729 3829 animabus
2756 3775 3023 3829 vestris".
3074 3770 3363 3827 Subinfert
3400 3770 3634 3840 :Jugum
3665 3770 3811 3823 enim

2227 3882 2402 3920 meum
2428 3881 2587 3919 suave
2609 3874 2705 3927 est.
2730 3875 2777 3919 et
2805 3880 2936 3920 onus
2960 3880 3130 3919 meum
3162 3863 3272 3918 leve
3294 3862 3339 3893 ⁷⁸
3357 3879 3371 3915 :
3390 3860 3535 3916 hanc
3567 3875 3695 3929 qua:
3724 3866 3810 3914 est

2227 3973 2354 4013 cum
2396 3958 2588 4027 requie
2632 3957 3007 4026 operationem
3053 3954 3319 4010 virtutum
3369 3952 3658 4009 mandans.
3712 3952 3810 4008 Hic

2228 4058 2412 4103 autem
2469 4047 2778 4117 legislator,
2837 4062 2962 4103 cum
3024 4046 3377 4101 festivitatem
3454 4045 3810 4115 pmdicasset

2228 4148 2437 4209 septem
2469 4138 2708 4204 dierum,
2748 4138 2987 4210 primum
3019 4139 3140 4208 ejus
3173 4137 3320 4193 diem
3346 4137 3592 4207 requiem
3620 4137 3812 4206 appel-

2230 4231 2401 4287 lavit:
2431 4237 2577 4286 tacet
2613 4239 2796 4286 autem
2837 4238 3135 4300 sequentes
3179 4230 3321 4295 dies,
3353 4237 3415 4284 ut
3447 4244 3547 4299 per
3594 4228 3707 4283 hoc
3736 4228 3814 4283 si-

2228 4324 2449 4395 gniﬁcet
2492 4332 2752 4393 oportere
2795 4322 3093 4378 virtutibus
3141 4336 3364 4390 operam
3411 4322 3566 4377 dare.
3602 4321 3814 4377 Deinde

2230 4414 2298 4471 ad
2350 4423 2606 4470 octavum
2654 4413 2800 4469 diem
2852 4413 3116 4469 transfert
3160 4413 3432 4483 requiem,
3483 4398 3809 4474 osténdens,

2229 4507 2357 4577 quia
2415 4506 2603 4562 ﬁdeles
2650 4515 2707 4561 et
2745 4507 3047 4561 servientes
3097 4505 3202 4576 legi
3246 4505 3367 4568 Dei,
3416 4520 3545 4560 vera
3590 4505 3814 4575 requies

2232 4597 2419 4655 saeculi
2464 4596 2633 4653 futuri
2662 4606 2766 4652 est.
2802 4595 2942 4662 Quid
2989 4611 3121 4668 ergo
3164 4611 3267 4651 nos
3297 4597 3354 4650 in
3390 4605 3502 4651 tota
3529 4597 3644 4652 vita
3679 4612 3814 4667 ope-

2232 4690 2363 4754 rari,
2401 4700 2455 4745 et
2490 4689 2637 4746 unde
2663 4689 2923 4746 inchoare
2952 4689 3326 4759 operationem
3352 4691 3607 4758 oportet?

2304 4779 2635 4847 Sumetisque
2677 4780 2816 4833 vobis
2863 4779 2949 4832 die
2994 4779 3175 4848 primo
3214 4781 3418 4851 fruetus
3450 4780 3662 4835 arboris
3690 4781 3815 4849 pul-

2238 4872 2528 4937 cherrimae,
2588 4871 2934 4940 spatulasque
2987 4871 3316 4940 palatorum,
3360 4882 3410 4926 et
3464 4889 3644 4926 ramos
3689 4873 3818 4943 liin

2238 4963 2525 5018 densarum
2573 4963 2863 5031 frondium,
2916 4971 2966 5017 et
2988 4964 3177 5018 salices
3202 4964 3266 5018 de
3298 4973 3548 5029 torrente,
3586 4973 3636 5017 et
3664 4964 3818 5018 lata-

2238 5056 2423 5111 bimiui
2440 5070 2638 5109 coram
2680 5054 2899 5111 Domino
2924 5055 3036 5111 Deo
3066 5065 3258 5122 uestro,
3288 5057 3818 5127 relebrabitisqueso—

2237 5148 2566 5203 ieiunitatem
2610 5146 2726 5216 ejus
2772 5157 2973 5218 septem
3010 5148 3214 5204 diebus.
3244 5147 3400 5215 Quod
3435 5158 3701 5219 oporteat
3724 5166 3817 5221 per

2235 5251 2458 5293 omnem
2510 5235 2676 5292 vitam
2732 5237 3032 5293 virtutibus
3088 5252 3315 5308 operam
3377 5239 3533 5305 dare,
3583 5256 3729 5310 quas
3763 5241 3817 5296 in

2236 5326 2510 5385 fructibus
2534 5335 2594 5382 et
2625 5327 2793 5384 ramis
2820 5328 3212 5399 pmdictorum
3233 5330 3510 5399 lignorum
3539 5332 3820 5405 signiﬁes-

2238 5419 2340 5487 vit,
2385 5417 2504 5489 ipse
2550 5432 2817 5476 numerus
2869 5430 2921 5476 te
2964 5430 3177 5493 septem
3224 5423 3440 5480 dierum
3475 5425 3691 5497 absque
3718 5426 3821 5482 ulla

2317 5598 2367 5633 "'
2394 5595 2590 5656 Matth.
2625 5614 2707 5668 ut,
2741 5599 2799 5656 2.

2881 5604 2926 5639 "
2953 5600 3146 5660 Matth.
3175 5619 3249 5674 χι,
3282 5605 3372 5661 28.
3486 5605 3534 5640 ’⁵
3566 5604 3705 5662 ibid.
3735 5606 3802 5663 ιο
