4038 6182
336 296 466 380 los?

1483 284 1565 368 in
1600 303 2038 368 LEVITICUM.
2062 327 2127 337 —-
2160 278 2305 363 uti.
2344 302 2446 362 v1.

3452 298 3587 370 1098

334 419 611 486 dubietate
654 408 958 489 confirmat.
1005 422 1143 490 Quia
1196 438 1327 478 vero
1379 436 1447 476 ex
1496 421 1612 489 ipsa
1648 419 1909 472 inchoare
1939 418 1984 476 Α
2084 411 2244 467 Sume
2269 422 2314 467 et
2341 414 2547 467 salices.
2582 411 2893 467 Secundum
2924 411 3084 475 LXX,
3111 413 3359 477 κλάδους,
3386 432 3585 484 ramos,

333 523 593 579 debemus
643 516 946 579 vocatione,
1006 530 1072 571 ex
1131 530 1236 585 qua
1300 512 1560 582 praedicta
1591 518 1676 565 est
1706 507 1910 562 Christi

334 609 687 681 intelligibilis
735 609 982 678 requies,
1043 622 1165 677 qua:
1219 606 1397 675 prima
1443 612 1529 658 est
1598 600 1914 657 festivitatis

332 702 472 766 dies,
500 698 852 754 manifestum
886 705 1008 751 est:
1057 702 1221 764 quem
1253 693 1400 748 diem
1435 691 1691 762 superius
1720 688 1911 759 appel-

332 791 468 847 ‘avit
506 790 737 860 requiei.
788 788 950 842 Nunc
996 794 1178 841 autem
1238 786 1294 841 in
1352 800 1419 840 eo
1453 784 1666 838 fructus
1699 782 1913 837 arboris

331 883 715 954 pulcherrima!
739 896 956 937 sumere
984 879 1266 950 prtecepit,
1312 879 1433 932 illos
1472 877 1744 938 videlicet,
1778 882 1915 944 quos

332 978 389 1032 in
422 975 598 1045 primo
641 974 858 1029 Psalmo
896 974 1067 1028 David
1099 971 1375 1027 cantavit;
1412 968 1476 1023 Et
1511 969 1609 1023 erit
1656 976 1915 1037 tanquam

335 1066 536 1137 lignum
564 1072 701 1136 quod
737 1064 1036 1134 plantatum
1074 1072 1147 1118 est
1182 1079 1329 1117 secus
1351 1066 1599 1115 decursus
1628 1073 1913 1129 aquarum,

333 1158 471 1228 quod
507 1159 737 1228 fructum
778 1173 933 1211 suum
977 1155 1123 1209 dabit
1168 1157 1224 1208 in
1286 1163 1516 1221 tempore
1555 1151 1705 1205 suo"
1739 1169 1753 1203 :
1787 1148 1915 1203 Pul-

334 1249 529 1303 chrum
589 1247 737 1302 enim
779 1247 913 1302 dicit
965 1256 1399 1315 temporaneum,
1430 1253 1485 1298 et
1520 1251 1913 1312 Opportunum,

336 1338 388 1393 id
421 1348 504 1394 est
533 1329 626 1408 qui
691 1340 746 1392 in
798 1348 1047 1408 tempore
1103 1346 1208 1402 est,
1249 1344 1304 1391 et
1337 1335 1555 1389 virtutis
1590 1332 1917 1403 opportunis

337 1429 680 1500 temporibus
731 1429 1034 1501 peragitur,
1090 1441 1153 1482 ut
1200 1428 1518 1481 nullatenus
1558 1426 1614 1479 in
1671 1433 1918 1494 tempore

329 1521 577 1590 justitim,
610 1521 885 1590 fugientes
908 1535 1055 1581 eam.
1092 1518 1434 1574 declinemus
1471 1518 1539 1571 ad
1579 1515 1917 1585 compassio-

335 1626 484 1666 nem.
515 1612 605 1667 Ait
658 1612 845 1667 enim:
899 1610 1021 1665 Non
1056 1610 1382 1664 misereberis
1438 1608 1662 1677 pauperi
1685 1608 1740 1659 in
1768 1607 1918 1675 judi-

335 1707 500 1762 cio".
545 1706 685 1773 Quia
730 1714 788 1762 et
836 1705 1071 1776 iustitia,
1101 1712 1158 1758 et
1184 1705 1516 1774 compassio,
1549 1712 1604 1757 et
1634 1703 1918 1771 quodlibet

2013 504 2065 559 id
2095 514 2199 569 est,
2253 502 2627 567 continentiae.
2665 502 2910 572 castique
2956 503 3220 574 coniugii.
3263 503 3411 558 Salix
3439 507 3586 559 enim

2012 595 2405 650 continentiam
2457 594 2750 665 significat,
2807 594 2935 663 quia
2990 592 3227 649 fructmn
3259 611 3369 651 non
3406 595 3586 651 facit:

2013 685 2151 740 sicut
2209 701 2308 763 nec
2338 685 2706 752 continentes,
2747 688 2840 757 qui
2893 679 3157 761 suntveri
3195 690 3454 755 eunuchi,
3495 691 3590 760 qui

2014 789 2391 833 caswaverunt
2424 794 2482 834 se
2522 776 2747 849 propter
2771 774 2999 849 regnum
3030 776 3316 845 caelorum,
3348 774 3593 837 fructum

2014 868 2312 938 quemlibet
2372 864 2686 924 sensibilem
2748 868 2978 933 faciunt,
3042 869 3109 924 ad
3155 878 3294 939 quos
3323 870 3469 924 Deus
3495 866 3594 941 per

2016 960 2205 1013 Isaiam
2266 960 2592 1029 prophetam
2660 952 2832 1014 dicit:
2891 958 3012 1013 Non
3075 960 3217 1014 dicat
3270 947 3537 1032 eunuchus
3572 978 3594 1017 .'

2015 1049 2151 1115 Quia
2180 1050 2379 1121 lignum
2400 1051 2615 1104 aridum
2637 1066 2729 1120 ego
2754 1068 2872 1104 sum
2890 1067 2908 1103 :
2932 1046 3058 1122 quia
3091 1052 3228 1105 dabo
3256 1052 3328 1106 eis
3359 1054 3414 1105 in
3440 1044 3595 1107 do'mo

2017 1158 2156 1204 mea,
2185 1152 2236 1195 et
2272 1143 2327 1196 in
2358 1144 2524 1196 muris
2558 1140 2686 1196 meis
2721 1142 2889 1197 locum
2938 1143 3269 1198 nominatum
3296 1186 3309 1207 ,
3349 1145 3535 1221 melius
3561 1163 3597 1199 a

2016 1233 2143 1301 ﬁliis
2170 1243 2219 1288 et
2246 1233 2479 1303 ﬁliabus,
2525 1251 2712 1288 nomen
2742 1232 3121 1303 sempiternum
3149 1237 3284 1291 dabo
3320 1239 3393 1291 eis
3409 1238 3477 1292 ".
3502 1228 3601 1292 Di»

2015 1327 2190 1381 cimus
2249 1335 2433 1380 autem
2488 1324 2712 1381 salicem
2754 1313 2944 1397 gerere
2998 1329 3283 1394 orationis,
3331 1344 3436 1384 nec
3484 1326 3598 1385 rion

2017 1418 2353 1487 pmnitentia:
2394 1419 2643 1489 ﬁguram.
2674 1419 2766 1473 Sic
2794 1435 2924 1489 ergo
2950 1429 3007 1474 et
3030 1421 3163 1475 illud
3194 1421 3337 1490 quod
3364 1436 3393 1475 a
3424 1410 3599 1477 Da‘vid

2016 1507 2222 1560 dictum
2257 1516 2359 1570 est,
2395 1506 2767 1577 intelligamus
2798 1526 2812 1562 :
2844 1506 3016 1577 Super
3042 1511 3267 1577 ﬂumina
3285 1510 3592 1581 Babylonis,

2016 1598 2125 1650 illic
2180 1599 2406 1653 sedimus
2455 1609 2504 1654 et
2562 1602 2821 1669 ﬂeuimus,
2875 1602 3001 1654 dum
3062 1603 3464 1656 recordare'mur
3519 1594 3597 1655 tui

2014 1686 2160 1742 Sion.
2189 1687 2254 1742 In
2293 1690 2561 1754 salicibus,
2581 1692 2637 1744 in
2668 1693 2840 1746 medio
2863 1693 2979 1761 ejus
3006 1684 3368 1762 suspendimas
3393 1694 3596 1765 orgdna

334 1762 591 1863 dixeris,~
618 1813 776 1852 suum
834 1762 1049 1867 {emptis
1098 1762 1466 1866 opportunum
1535 1794 1721 1859 habet,
1772 1793 1915 1849 sicut

2020 1787 2203 1831 nostra
2226 1780 2293 1832 ἰ.
2329 1778 2608 1836 Orationis
2637 1781 2807 1850 enim,
2837 1793 2893 1837 et
2934 1774 3276 1853 paenitentiae
3322 1762 3597 1855 lacrvm'ae.

336 1886 537 1942 Paulus
569 1887 739 1942 dicit:
782 1886 1044 1958 Alligatus
1082 1894 1135 1940 es
1186 1887 1382 1939 uxori?
1416 1885 1523 1938 nali
1552 1900 1786 1955 quwrere
1826 1901 1915 1938 so-

337 1979 608 2032 lutionem.
668 1977 883 2032 Solutus
934 1994 987 2031 es
1030 1978 1095 2032 ab
1140 1978 1345 2031 uxore?
1374 1976 1481 2029 noli
1520 1977 1755 2047 qm'erere
1785 1986 1919 2030 uxo-

339 2070 525 2123 rem".
562 2067 627 2122 Et
658 2067 917 2123 Salomon
962 2069 1039 2122 ait
1066 2085 1078 2120 :
1115 2068 1299 2121 Omnis
1331 2068 1407 2120 rei
1437 2077 1640 2137 tempus
1663 2083 1681 2120 :
1714 2070 1916 2137 tempus

334 2159 567 2223 tacendi,
601 2166 651 2211 et
693 2166 896 2227 tempus
925 2157 1192 2228 loquendi,
1239 2160 1443 2227 tempus
1474 2157 1615 2223 belli,
1643 2167 1692 2209 et
1716 2160 1917 2226 tempus

339 2247 486 2315 pacis
502 2244 574 2301 ’δε
605 2252 667 2301 et
700 2247 873 2301 multa
905 2248 989 2301 his
1021 2246 1242 2303 similia.
1306 2245 1463 2302 Unde
1509 2256 1567 2301 et
1626 2246 1755 2301 Saul
1787 2263 1919 2302 con-

340 2339 632 2394 demnatus
691 2347 797 2402 est,
826 2338 953 2409 quia
991 2340 1138 2411 Agag
1185 2348 1340 2393 extra
1380 2348 1596 2408 tempus
1646 2337 1916 2409 pepercit,

342 2436 398 2482 et
420 2441 742 2498 compassus
772 2436 877 2494 est,
908 2444 1019 2498 quo
1047 2437 1293 2497 tempore
1323 2443 1450 2484 eum
1491 2430 1593 2484 hac
1617 2430 1729 2483 non
1753 2444 1918 2501 opor-

344 2518 493 2573 tebat
520 2518 701 2573 facere
719 2518 763 2551 ³⁸
796 2535 810 2573 :
852 2534 957 2574 nec
985 2520 1276 2591 oportebat
1314 2528 1440 2575 eum
1488 2521 1739 2590 parcere,
1793 2535 1921 2576 cum

345 2609 490 2663 Deus
545 2610 802 2679 iussisset
864 2619 1037 2665 totum
1080 2610 1339 2665 Amalech
1391 2610 1652 2681 disperdi.
1707 2610 1767 2664 Si
1792 2625 1924 2683 ergo

343 2698 556 2753 fructus
588 2700 801 2755 arboris
829 2701 1151 2770 sumpseris,
1191 2701 1261 2756 de
1289 2702 1491 2771 quibus
1520 2702 1597 2755 ait
1626 2701 1779 2769 Joel:
1810 2699 1923 2755 No-

340 2791 433 2845 lite
474 2791 660 2846 timere
701 2793 959 2846 animalia
1018 2793 1279 2863 regionis,
1330 2794 1457 2863 quia
1496 2794 1925 2863 germinaverunt

339 2881 572 2950 speciosa
617 2882 826 2946 deserti,
901 2884 1027 2953 quia
1090 2893 1139 2937 et
1191 2883 1393 2954 lignum
1445 2882 1629 2938 attulit
1690 2885 1923 2955 fructum

341 2970 603 3026 suum":
655 2969 764 3027 Sed
786 2979 843 3026 et
872 2971 1094 3028 Cantica
1149 2974 1541 3029 Canticorum:
1601 2971 1708 3028 Sub
1736 2974 1922 3028 umbra

320 3061 454 3155 eius
484 3079 642 3155 quam
672 3063 985 3151 desideraui,
1011 3063 1263 3120 videlicet
1284 3062 1535 3149 ‘Christi,
1554 3064 1698 3127 sedi;
1727 3074 1778 3119 et
1805 3066 1921 3135 [ηι-
1946 3097 1991 3155 c

340 3147 453 3206 ctus
488 3146 603 3222 ejus
630 3152 798 3207 dulcis
825 3150 1025 3225 gutturi
1053 3169 1167 3208 meo
1185 3153 1250 3207 “.
1277 3142 1718 3208 Pulcherrimum
1739 3168 1917 3216 sume,

337 3245 518 3300 omnia
538 3246 684 3300 enim
713 3261 836 3316 quae
874 3247 1004 3302 fecit
1033 3248 1213 3311 Deus,
1247 3255 1304 3301 et
1343 3247 1486 3303 bona
1524 3255 1655 3301 sunt
1686 3247 1740 3300 in
1774 3255 1918 3301 tetn-

341 3340 472 3408 p'ore
499 3336 619 3392 suo.
657 3335 766 3392 Sed
800 3349 857 3392 et
886 3337 1088 3394 Paulus
1116 3340 1193 3393 ait
1221 3356 1237 3396 :
1276 3337 1468 3393 Omnia
1505 3348 1680 3392 uestra
1713 3339 1923 3393 honeste

337 3428 620 3481 secundum
644 3429 874 3481 ordinem
889 3422 1173 3497 ﬂatum”:
1190 3428 1336 3498 quod
1351 3436 1599 3498 oporteat
1612 3429 1786 3498 aptari
1809 3428 1920 3482 vir-

343 3524 486 3571 tutes
515 3520 744 3588 tempori
776 3519 1109 3590 significans.
1145 3519 1286 3590 Ergo
1318 3519 1531 3573 fructus
1552 3518 1768 3574 arboris
1790 3520 1920 3589 pul-

341 3605 629 3661 cherrima:
659 3647 676 3673 ,
750 3608 1125 3677 principaliter
1169 3607 1459 3673 Christus,
1504 3607 1718 3664 fructus
1775 3610 1921 3666 illius

341 3697 472 3767 ligni
528 3707 632 3765 est,
667 3699 735 3754 de
771 3715 883 3769 quo
942 3699 994 3753 in
1030 3700 1169 3755 lsaia
1223 3699 1430 3754 dictum
1468 3709 1571 3755 est.
1607 3700 1920 3773 Egredietur

339 3789 486 3860 uirga
522 3786 586 3844 de
628 3792 804 3845 radice
849 3791 1014 3854 Jesse,
1067 3805 1116 3845 et
1157 3791 1255 3861 ﬂos
1295 3793 1562 3847 deradito
1582 3795 1695 3863 ejus
1732 3800 1919 3851 ascen-

338 3880 519 3935 det":
568 3880 664 3936 Dei
716 3883 1007 3953 genitricis
1042 3879 1298 3939 videlicet
1320 3884 1565 3956 virginis.
1604 3885 1916 3943 Secundum

338 3969 502 4025 LXI.
556 3969 677 4041 Ipse
744 3973 950 4040 fructus
1008 3966 1289 4040 speciosus.
1349 3970 1545 4029 Omnia
1607 3975 1754 4031 enim
1800 3976 1917 4049 ipse

337 4059 620 4130 dispeth
641 4068 888 4130 tempore
918 4072 1251 4130 Opportuno.
1291 4056 1346 4118 Si
1378 4066 1561 4118 autem
1589 4065 1794 4136 alitjuid
1828 4082 1917 4122 se-

337 4151 576 4205 cundum
603 4150 725 4219 e‘jus
752 4151 948 4221 legem,
980 4159 1036 4205 et
1077 4151 1254 4206 zelum
1289 4160 1393 4216 est,
1426 4152 1572 4221 quod
1601 4148 1912 4208 correctum

337 4241 503 4298 fuerit
546 4245 603 4299 in
656 4243 840 4307 verbo,
897 4241 1073 4296 autin
1105 4256 1291 4313 opere,
1344 4243 1649 4298 hoc-etiam
1705 4243 1915 4300 fructus

335 4337 615 4406 speciosus
644 4347 790 4391 recte
828 4334 1048 4390 dicitur.
1091 4336 1321 4390 Sttmere
1365 4343 1551 4390 autem
1585 4345 1639 4391 et
1665 4337 1913 4406 spatulas

2014 1868 2083 1923 de
2112 1870 2308 1938 quibus
2386 1871 2463 1925 ait
2507 1872 2712 1928 lsaias:
2760 1873 2908 1930 Sicut
2951 1870 3141 1929 salices
3171 1870 3329 1944 super
3378 1869 3599 1944 praeter-

2014 1960 2233 2027 fluentes
2287 1965 2540 2032 aquas",
2584 1965 2956 2021 continentem
3016 1958 3428 2024 commistionis
3494 1980 3596 2025 nc-

2015 2050 2306 2106 ccssariam
2366 2053 2603 2120 habent,
2659 2057 2712 2111 in
2768 2052 3016 2127 tempere
3075 2075 3184 2129 quo
3239 2053 3594 2117 oﬂ‘eru'ntur:

2017 2144 2163 2211 quod
2218 2144 2559 2201 demonstrat
2617 2142 3062 2206 PaulustNolite
3091 2154 3350 2223 fraudare
3378 2144 3601 2209 invicem

2019 2233 2227 2300 dicens,
2280 2236 2380 2289 nisi
2404 2253 2468 2290 ea:
2513 2238 2763 2292 consensu
2796 2232 2867 2292 ad
2896 2250 3120 2310 tempus,
3153 2244 3210 2297 ut
3252 2247 3446 2300 vacetis
3470 2234 3599 2301 ora-

2020 2326 2171 2389 tioni,
2225 2328 2350 2395 quia
2395 2323 2601 2383 castum
2647 2328 2849 2400 oportet
2889 2349 2996 2388 esse
3037 2335 3343 2408 conjugium
3360 2338 3428 2392 ".
3478 2326 3601 2411 Ipse

2022 2428 2212 2470 rursus
2233 2416 2331 2470 ait.
2358 2414 2722 2471 Servabantur
2746 2432 2927 2474 autem
2952 2438 3044 2490 per
3069 2422 3307 2492 ﬁliorum
3345 2412 3601 2495 praeiba-

2023 2507 2235 2571 tionem,
2258 2508 2308 2561 si
2328 2498 2719 2576 permanserint
2747 2502 2802 2564 in
2835 2512 2958 2581 ﬁde,
2984 2523 3034 2568 et
3081 2516 3362 2584 charitate,
3387 2528 3436 2573 et
3473 2510 3602 2574 san-

2023 2599 2363 2668 cti/t'catione,
2416 2610 2533 2656 cum
2583 2603 2867 2660 sobrietate
2887 2607 2952 2664 ".
2989 2606 3056 2662 Et
3085 2608 3282 2664 iterum
3313 2629 3327 2665 :
3363 2594 3602 2667 Honora-

2023 2689 2123 2744 bile
2161 2692 2500 2760 connubium,
2532 2704 2581 2748 et
2606 2680 2785 2750 tho'rus
2834 2684 3287 2758 imntaculatus".
3326 2696 3437 2759 Sed
3485 2705 3602 2761 haec

2023 2781 2094 2838 de
2150 2778 2394 2839 torrente
2449 2788 2689 2855 sumere,
2744 2789 2812 2844 de
2863 2792 3119 2859 praesenti
3187 2789 3438 2852 videlicet
3466 2797 3599 2864 vita,

2026 2877 2244 2926 torrens
2284 2872 2428 2927 enim
2452 2870 2680 2946 propter
2708 2870 3024 2942 transitum,
3058 2880 3175 2937 sive
3196 2868 3491 2939 dectirsum
3522 2885 3601 2940 si-

2024 2961 2139 3015 mul
2169 2970 2352 3018 autem
2383 2973 2440 3020 et
2464 2955 2688 3036 propter
2719 2966 2990 3038 hyemem,
3018 2976 3183 3041 quam
3224 2973 3391 3030 habet
3416 2973 3599 3031 diver-

2024 3066 2208 3136 sarum
2259 3054 2642 3120 tentationum,
2705 3066 2870 3128 atque
2931 3059 3391 3137 tribulationum,
3449 3075 3603 3121 recte

2023 3142 2360 3207 nominatur,
2414 3147 2490 3201 ita
2529 3156 2589 3202 ut
2639 3148 2806 3204 David
2847 3148 2916 3205 de
2946 3144 3170 3209 Christo
3216 3153 3443 3222 diceret,
3472 3158 3602 3228 quia

2021 3240 2078 3286 et
2132 3232 2247 3302 ipse
2273 3234 2342 3290 de
2372 3238 2577 3292 mundo
2621 3247 2677 3294 et
2705 3240 2827 3309 ejus
2884 3234 3355 3315 tribulationibus,
3409 3257 3603 3319 utpote
3640 3288 3646 3293 .

2021 3324 2215 3381 similis
2240 3328 2398 3383 nobis
2429 3329 2680 3413 eﬁ‘ectus,
2716 3332 2997 3403 guStavit:
3037 3328 3113 3392 De
3143 3347 3374 3395 torrente
3414 3342 3471 3396 in
3513 3343 3603 3398 eia

2021 3417 2166 3483 bibit,
2196 3428 2468 3487 propterea
2505 3420 2761 3476 exultavit
2790 3434 2949 3493 caput
2966 3426 3031 3479 ".
3067 3428 3337 3485 Exaltavit
3363 3432 3511 3487 enim
3543 3432 3601 3487 in

2020 3523 2182 3563 cruce
2213 3509 2483 3579 pendens.
2514 3510 2862 3584 Crucitigitur
2904 3526 3110 3583 autem,
3146 3521 3274 3589 quia
3305 3537 3372 3578 ex
3407 3533 3599 3581 nostro

2020 3608 2264 3655 torrente
2292 3601 2481 3657 bibere
2533 3604 2703 3659 semel
2748 3606 2932 3677 elegit.
2990 3607 3094 3675 Qui
3126 3625 3257 3681 ergo
3300 3611 3417 3668 haec
3461 3616 3593 3686 agit,

2019 3701 2225 3777 septem
2274 3693 2469 3777 diebus
2497 3691 2670 3750 totum
2720 3690 2975 3755 videlicet
3011 3711 3248 3772 tempus,
3293 3703 3463 3762 laetati
3494 3721 3598 3776 po-

2021 3775 2146 3835 t'est.
2179 3778 2285 3836 Sed
2330 3775 2499 3837 laetari
2528 3788 2657 3839 ante
2704 3782 2994 3843 Dominum
3034 3805 3145 3845 non
3194 3775 3514 3863 impiorum,
3538 3806 3599 3853 et

2017 3872 2369 3959 peccaturum
2405 3868 2621 3944 gaudio.
2666 3866 2785 3931 Non
2816 3888 2892 3933 est
2921 3883 3109 3936 etenim
3138 3882 3372 3956 gaudere
3394 3872 3597 3959 impiis,

2016 3962 2143 4015 dicit
2201 3952 2540 4031 Dominus”,
2594 3967 2798 4039 quippe
2850 3971 2945 4041 qui
3013 3973 3066 4027 in
3115 3952 3602 4047 voluptatibus,iet

2016 4053 2461 4123 'corruptionibus
2490 4056 2841 4115 festivitatem
2874 4062 3100 4129 habent,
3135 4064 3230 4120 sed
3267 4068 3322 4121 in
3356 4064 3598 4125 Domino

2015 4143 2292 4199 lzetaminl.
2342 4146 2486 4212 Quid
2543 4158 2727 4205 autem
2782 4162 2866 4208 est
2899 4159 3083 4211 coram
3108 4154 3340 4215 Domino
3381 4156 3601 4217 laetari?

2016 4237 2072 4293 ld
2103 4242 2205 4303 est,
2260 4240 2313 4293 in
2361 4255 2427 4295 eo
2462 4244 2709 4312 credere,
2773 4258 2829 4302 et
2873 4264 2971 4318 pro
3002 4244 3069 4305 eo
3120 4247 3253 4322 pati.
3311 4252 3425 4311 lloc
3450 4228 3602 4314 enim

2014 4325 2209 4405 Petrus
2251 4333 2509 4402 gaudium
2540 4352 2604 4390 ex
2634 4353 2745 4417 quo
2770 4349 3004 4407 constet,
3056 4344 3416 4404 demonstrat.
3449 4348 3601 4417 Scri-

336 4431 659 4496 palmarum,
697 4429 746 4481 id
786 4437 871 4482 est
902 4426 1315 4497 Iuvene’scentia
1341 4426 1571 4497 iustitiae
1593 4428 1907 4498 genimitia:
1945 4447 1988 4503 ο
2016 4421 2126 4491 psit
2147 4438 2298 4494 ergo.
2331 4423 2437 4479 Per
2463 4426 2621 4495 ﬁdem
2672 4414 2745 4482 ad
2791 4417 3038 4497 salutem.
3081 4431 3333 4503 paratum
3378 4414 3602 4501 revelari

331 4518 513 4573 Justus
536 4518 682 4573 enim
711 4519 844 4573 sicut
867 4518 1046 4591 palma
1081 4517 1366 4590 ﬂorrbit",
1400 4518 1567 4575 David
1607 4519 1761 4574 dixit.
1805 4518 1913 4576 Sed

333 4610 459 4680 quia
485 4610 554 4665 de
578 4609 757 4681 palma
785 4609 924 4665 nihil
954 4620 1058 4675 est,
1101 4611 1562 4682 quemadmodum
1597 4624 1698 4666 nec
1731 4610 1799 4666 de
1833 4612 1915 4667 eis

331 4701 426 4771 qui
444 4702 594 4774 juste
621 4702 832 4770 vivunt,
869 4702 1015 4774 quod
1043 4704 1222 4774 respui
1251 4701 1422 4773 possit
1448 4720 1460 4756 :

401 4791 562 4850 Sume
591 4802 640 4848 et
694 4810 875 4849 ramos
900 4795 1028 4865 ligni
1072 4795 1356 4848 densarum
1395 4794 1681 4864 frondium.
1712 4792 1915 4850 Omnes

329 4884 557 4955 quidem
600 4884 865 4941 virtutum
904 4876 1415 4952 fructus,'maxime
1465 4893 1649 4942 autem
1702 4886 1915 4941 miseri-

265 4994 277 5003 ο
330 4977 607 5032 cordiam:
665 4984 884 5047 Oportet
932 4976 1080 5032 enim
1131 4976 1251 5031 eam
1308 4990 1431 5032 esse
1484 4976 1823 5042 continuam,
1857 4986 1913 5033 ct

286 5076 766 5137 ~permanentem.
835 5066 993 5132 Quod
1080 5065 1439 5121 Ecclesiastes
1495 5065 1906 5121 commendans.

324 5154 535 5222 Oleum,
593 5157 789 5226 inquit,
855 5156 918 5209 de
947 5154 1119 5224 capite
1168 5163 1256 5207 tuo
1285 5170 1391 5208 non
1419 5153 1634 5222 deﬁciat
1656 5148 1723 5207 ⁸⁸.
1754 5153 1821 5208 Et
1851 5155 1905 5209 in

330 5244 676 5303 Proverbiis:
712 5246 833 5300 Non
850 5248 997 5301 dicas
1017 5260 1036 5298 :
1064 5244 1200 5298 Vade
1234 5254 1283 5298 et
1323 5255 1580 5300 revertere
1601 5253 1649 5298 et
1680 5247 1910 5300 crastino

329 5338 463 5395 dabo
488 5338 604 5403 tibi,
639 5353 757 5392 cum
781 5339 963 5393 statim
989 5336 1158 5407 possis
1180 5336 1310 5390 dare
1324 5335 1390 5390 ".

432 5494 477 5527 ⁷⁷
511 5493 653 5551 Psal.
690 5512 729 5561 ι,
763 5495 817 5547 3.
930 5494 974 5525 ⁷⁸
1003 5493 1173 5547 Exod.
1198 5507 1368 5558 xxtn,
1401 5492 1455 5547 3.

326 5564 418 5619 93.
489 5564 534 5596 ⁸³
558 5565 717 5621 fiant.
743 5581 806 5629 ιι,
844 5566 898 5620 '5.
972 5564 1090 5596 "'”
1123 5562 1291 5628 lCor,
1317 5579 1427 5628 xw,
1451 5563 1540 5618 40.

2022 4513 2076 4567 in
2099 4524 2332 4583 tempore
2375 4518 2655 4573 novissimo
2705 4521 2761 4573 in
2817 4538 2920 4591 quo
2949 4524 3276 4593 exsultabis,
3337 4517 3601 4591 modicum

2025 4618 2163 4658 nunc
2197 4606 2243 4659 si
2273 4608 2478 4677 oportet
2522 4599 2833 4666 contristari
2869 4614 2924 4667 in
2945 4606 3112 4670 variis
3143 4613 3601 4679 tentationibus".
3671 4677 3674 4680 .

2025 4695 2115 4750 Sic
2168 4699 2596 4772 notissimorum
2630 4694 2941 4774 temporum
2988 4703 3214 4779 figuram
3243 4710 3388 4780 gerit
3425 4697 3644 4789 ςεββ-ξ

2025 4801 2151 4843 mus
2183 4791 2409 4845 mensis.
2448 4787 2740 4851 Festisitas
2767 4807 2821 4852 et
2852 4798 3108 4868 gaudium
3135 4814 3235 4868 per
3264 4800 3449 4865 ﬁdem,
3479 4787 3602 4871 qua:

2023 4888 2108 4935 est
2154 4879 2209 4934 in
2239 4875 2485 4948 Christo,
2512 4893 2567 4939 et
2599 4879 2700 4956 pro
2747 4846 3097 4958 passionibus
3135 4846 3289 4958 rejus.
3329 4890 3437 4946 Sed
3465 4846 3656 4962 ditio-3

2022 4973 2185 5028 modo
2218 4973 2362 5029 hanc
2393 4974 2745 5032 festivitatem
2772 4974 3154 5035 consummare
3190 4991 3240 5035 et
3272 4981 3601 5049 concludere

2014 5058 2343 5131 debeamus,
2371 5066 2672 5123 ostendunt
2703 5068 2818 5124 haec
2852 5069 3177 5143 legislatoris
3209 5073 3396 5129 verba.

2085 5154 2544 5229 celebrabitisque
2569 5156 2905 5232 festiuitatem
2940 5160 3054 5237 ejus
3082 5170 3276 5232 septem
3305 5162 3482 5217 diebus
3509 5179 3603 5233 per

2012 5248 2558 5324 annum.Legitimum
2582 5253 2955 5320 sempiternum
2984 5245 3081 5306 erit
3107 5255 3161 5307 in
3183 5254 3603 5324 generationibus

2011 5342 2213 5398 vestris.
2249 5340 2434 5397 Mense
2455 5340 2676 5413 septimo
2717 5344 2850 5414 festa
2882 5344 3230 5412 celebrabitis,
3258 5357 3307 5401 et
3331 5347 3600 5405 habitabi-

1568 5492 1648 5546 ’Ἰ
1691 5491 1817 5547 Cor.
1840 5510 1914 5549 vit

1619 5565 1665 5595 ⁸⁸⁸
1701 5563 1804 5617 lsa.
1838 5581 1890 5618 χ.

2020 5498 2053 5550 l.
2133 5499 2178 5530 ⁸ο
2211 5496 2357 5554 Eccl.
2386 5515 2469 5560 ιιι,
2500 5498 2522 5552 1
2563 5514 2680 5567 seq.
2754 5500 2800 5531 ⁸⁸
2834 5501 2849 5553 l
2877 5499 3011 5618 Regi
3046 5517 3133 5567 xv,
3162 5502 3214 5557 8.
3286 5484 3331 5534 ’ί
3362 5499 3502 5558 Joel.
3536 5521 3597 5571 ιι,

2043 5569 2087 5601 ³⁷
2120 5568 2262 5618 Psal.
2299 5585 2406 5618 xei-
2446 5570 2532 5618 15.
2609 5569 2656 5601 ⁸⁸
2681 5569 2825 5618 Eccl.
2868 5588 2943 5618 η.
3014 5610 3029 5618 -
3129 5573 3173 5607 ⁸⁸
3211 5571 3366 5618 ΡιιΜ,
3396 5588 3475 5618 m.
3507 5575 3597 5618 9n-

1838 5581 1965 5628 x,t.

2043 5568 2262 5640 "Psal.
2299 5585 2406 5633 xei,
2446 5570 2532 5640 l5.
2609 5569 2656 5601 ⁸⁸
2676 5569 2825 5640 Eccl.
2868 5588 2943 5632 ix,
2971 5568 3029 5625 Β.
3129 5573 3173 5607 ⁸⁸
3209 5571 3370 5632 Prov,
3394 5588 3479 5640 ιιι,
3507 5568 3598 5628 28'.

328 5635 376 5709 ff
401 5632 519 5709 lsai.
554 5636 742 5709 t.vt,_4,
766 5637 831 5709 5_._
855 5703 870 5709 _
894 5633 937 5666 "
962 5632 1054 5687 Ps.
1086 5633 1474 5709 CX}_X\'I,UI,_2;
1543 5634 1588 5666 ”
1618 5634 1740 5709 lsai.
1774 5652 1863 5699 xv,
1893 5639 1917 5691 4

2058 5638 2105 5671 ’³
2138 5642 2155 5693 ι
2187 5642 2313 5694 Cor.
2349 5632 2442 5704 vn,
2467 5638 2519 5692 5.
2596 5640 2640 5671 "
2672 5639 2687 5693 I
2722 5640 2863 5697 'l'im.
2900 5657 2959 5709 tl,
2988 5642 3040 5707 9.
3120 5645 3164 5677 ⁸⁵
3184 5643 3353 5702 Hebr.
3391 5632 3598 5709 κηἰιι.

327 5705 374 5738 ’⁸
401 5705 487 5761 i‘s.
514 5721 622 5773 cxx,
653 5706 708 5759 7.
786 5704 831 5737 ’⁷
854 5703 960 5758 lsa.
989 5720 1115 5767 Lvn,
1139 5703 1230 5758 2|.
1306 5705 1353 5736 ⁸⁸
1383 5703 1400 5756 Ι
1442 5704 1586 5758 Petr.
1622 5719 1657 5767 t,
1692 5707 1744 5758 6.

614 5805 886 5860 ΡΑτιιοι..
926 5800 1043 5867 (In.
1080 5798 1292 5863 XCIII.

3201 5805 3276 5867 35
