4038 6182
487 268 642 336 51099

1707 261 2074 324 HESYCHII
2117 262 2592 324 PRESBYTER!
2898 246 2900 248 ’
3651 254 3790 320 ttoo

507 390 571 443 tis
595 385 652 440 in
683 382 1010 440 umbraculis
1037 378 1222 436 vestris
1241 385 1438 450 septem
1463 376 1660 433 diebus.
1694 377 1765 434 Ut
1796 387 1911 435 toto
1949 393 2091 450 prte-
2116 381 2166 441 Α
2197 380 2377 435 omnis
2432 379 2524 450 qui
2578 394 2644 434 ex
2693 391 2897 451 genere
2955 373 3126 431 lsrael
3175 381 3281 440 est,
3327 371 3447 427 sive
3480 373 3790 428 secundum

513 476 666 535 senti
697 477 916 540 saeculo,
944 470 1405 544 quemadmodum
1457 470 1813 525 tabernaculo
1843 481 2084 536 utamur,

428 626 430 628 .
506 569 587 625 sic
615 568 760 624 enim
791 581 916 624 eum
949 563 1211 620 Ezechias
1252 561 1572 634 appellavit,
1609 563 1840 619 dicens:
1885 561 2088 628 Quievit

471 683 474 686 -
507 656 776 729 generatio
811 672 949 715 mea,
1000 652 1187 706 ablata
1245 661 1297 706 et
1348 649 1626 705 convoluta
1650 660 1724 704 est
1747 669 1781 704 a
1811 668 1914 716 me,
1935 652 2090 722 quasi

475 793 478 798 .
507 747 906 805 tabernaculum
935 745 1288 816 pastorum".
1341 743 1465 797 Non
1497 758 1628 814 ergo
1674 742 1964 798 transitum
2001 743 2088 797 vel

505 843 797 898 decursum
851 838 970 908 ejus
1004 838 1346 908 ignoramus,
1404 833 1624 889 divitias
1671 840 2086 904 congregantes,

503 935 593 991 vel
638 932 831 988 domos
882 945 1107 1001 magnas
1165 928 1544 984 aediﬁcantes:
1604 925 1701 982 sed
1735 926 2091 995 quemadmo-

503 1027 636 1084 dum
681 1025 884 1080 Paulus
926 1023 1052 1078 .ait:
1096 1022 1460 1083 Intendamus,
1499 1020 1635 1092 'quia
1684 1028 1889 1088 tempus
1939 1018 2091 1073 breve

503 1128 600 1183 est,
657 1126 715 1172 ut
764 1123 991 1171 ementes
1029 1115 1164 1168 sicut
1196 1130 1300 1167 non
1350 1121 1577 1166 ementes
1605 1110 1806 1173 simus,
1847 1119 1894 1163 et
1923 1110 2090 1178 possi-

505 1211 706 1276 dentes,
743 1216 996 1279 tanquam
1039 1223 1144 1260 non
1180 1206 1524 1276 possidentes,
1554 1213 1603 1258 et
1633 1211 1840 1257 utentes
1897 1203 2091 1256 mundo

505 1303 621 1368 hoc,
667 1311 725 1356 ut
755 1316 860 1354 non
907 1307 1130 1354 utentes.
1168 1296 1416 1353 Prwterit
1465 1296 1605 1350 enim
1669 1295 1842 1365 ﬁgura
1908 1294 2093 1348 mundi

506 1394 725 1462 huius‘.

575 1486 756 1542 Omnis
780 1485 870 1556 qui
909 1501 973 1538 ex
1007 1498 1192 1555 genere
1225 1489 1301 1535 est
1329 1478 1525 1545 Israel,
1563 1481 1795 1535 manebit
1828 1481 1883 1533 in
1914 1479 2092 1532 taber-

507 1576 731 1638 naculis,
763 1584 816 1628 ut
846 1575 1047 1627 discant
1081 1570 1274 1640 posteri
1309 1569 1488 1633 vestri,
1525 1569 1738 1638 quodin
1761 1567 2118 1631 ‘tabernacur

510 1665 574 1718 lis
599 1664 836 1718 habitare
862 1663 1074 1734 fecerim
1125 1660 1262 1727 ﬁlios
1291 1658 1481 1724 Israel,
1532 1674 1650 1711 cum
1690 1659 1965 1712 eduxerim
2007 1673 2093 1710 eos

2194 469 2359 525 LXX.
2409 471 2679 541 indigena,
2712 469 2764 524 id
2799 476 2884 523 est
2917 482 3047 522 vere
3074 464 3314 546 inobilis,
3351 477 3519 518 verus
3544 461 3792 518 Israelita

2194 561 2429 618 Abrahae
2480 563 2680 627 haeres,
2727 561 2822 632 qui
2875 559 3107 631 patriam
3157 567 3213 612 et
3250 571 3443 628 genus,
3486 563 3542 609 et
3582 556 3791 611 domus

2196 662 2456 723 paternas
2511 651 2752 722 reliquit,
2807 659 2863 706 et
2914 651 2969 705 in
3005 648 3370 704 tabernaculis
3398 646 3702 710 cumlsaac
3729 656 3791 701 et

2195 748 2386 814 Jacob,
2463 747 2848 803 colueredibus
2914 744 3300 816 promissionis
3359 743 3593 798 habitat.
3652 742 3797 808 Quia

2195 851 2380 896 autem
2431 856 2542 896 non
2578 849 2792 910 septem
2837 848 3049 893 tantum
3079 837 3294 892 diebus
3340 835 3590 889 habitare
3619 834 3676 887 in
3704 843 3793 888 ta-

2194 933 2513 988 bernaculis
2564 948 2754 999 verum
2811 931 3116 988 Israelitam
3173 927 3458 997 legislator
3495 925 3630 988 vult,
3686 925 3787 980 sed

2193 1040 2292 1095 per
2339 1026 2488 1081 hunc
2534 1039 2825 1079 numerum
2877 1037 3100 1077 omnem
3132 1019 3302 1075 vitam
3359 1017 3652 1088 signiﬁcat,
3688 1017 3788 1070 ﬁlii

2194 1116 2302 1171 hoc
2327 1116 2594 1182 Jonadab,
2629 1116 2722 1170 ﬁlii
2757 1114 3004 1178 Rechab,
3029 1122 3085 1168 et
3117 1127 3183 1167 ea
3213 1125 3337 1182 qua
3370 1110 3439 1165 de
3467 1110 3549 1166 eis
3579 1111 3784 1181 scripta

2194 1219 2324 1264 sunt
2379 1224 2478 1279 per
2536 1208 2788 1265 Ieremia:
2843 1205 3215 1276 prophetiam,
3274 1203 3502 1257 docent.
3570 1201 3788 1257 Habent

2195 1301 2488 1356 enimsic:
2544 1301 2611 1355 Et
2663 1299 2982 1354 obedivimus
3026 1298 3140 1351 voci
3180 1295 3428 1349 Ionadab
3457 1294 3554 1362 ﬁlii
3582 1292 3787 1348 Rechab

2197 1394 2365 1462 patris
2410 1393 2597 1453 nostri,
2640 1393 2698 1445 in
2749 1391 2988 1445 omnibus
3013 1405 3132 1460 qua:
3147 1387 3394 1459 praecepit
3422 1387 3586 1449 nobis,
3619 1387 3695 1438 ita
3728 1395 3787 1438 ut

2198 1501 2301 1538 non
2325 1484 2616 1539 biberemus
2666 1483 2866 1544 vinum,
2897 1483 3096 1536 cunctis
3145 1479 3329 1534 diebus
3380 1479 3596 1541 nostris,
3623 1493 3711 1530 nos
3739 1486 3789 1530 et

2198 1575 2442 1628 mulieres
2493 1583 2705 1638 nostrae,
2779 1583 2826 1626 et
2878 1589 2981 1626 non
3053 1571 3443 1639 cediﬁcaremus
3491 1570 3666 1622 domos
3718 1569 3792 1621 ad

2197 1665 2567 1725 habitandum,
2589 1673 2639 1719 et
2683 1666 2911 1728 vineam,
2945 1672 2994 1717 et
3025 1679 3234 1733 agrum,
3278 1671 3327 1715 et
3357 1671 3636 1714 sementem
3687 1676 3792 1713 non

505 1757 573 1810 de
617 1764 758 1808 ίεννα
795 1731 1034 1825 ιΈὲΙέΙΡίίο
1083 1751 1196 1822 E90
1239 1750 1495 1806 θονηίηαδ
1537 1749 1680 1804 De“
1709 1759 1894 1803 “5183‘-
1928 1749 2092 1805 Vides
2130 1731 2169 1786 Β
2199 1757 2500 1820 habuimus,
2551 1759 2639 1810 sed
2683 1757 3037 1810 habitavimus
3064 1731 3132 1806 vin
3179 1751 3560 1818 tabernaculis,
3588 1760 3634 1805 et
3664 1750 3784 1807 obe-

495 1847 634 1918 quia
667 1846 850 1918 ﬁgurae
876 1846 959 1900 hac
988 1843 1190 1914 populo
1217 1841 1553 1906 Iudaeorum,
1586 1850 1643 1896 et
1668 1842 1938 1912 imagines
1970 1856 2089 1895 ma-

505 1935 687 2006 jorum
743 1934 1127 2006 mysteriorum
1153 1933 1294 1987 datze
1323 1941 1487 1985 sunt:
1521 1941 1579 1985 et
1605 1940 1894 2000 propterea
1930 1930 2093 1985 babi-

513 2037 629 2084 tare
664 2027 720 2080 in
752 2023 1144 2086 tabernaculis,
1202 2031 1258 2078 et
1301 2022 1778 2076 tabernaculorum
1825 2020 2095 2076 festivita-

513 2129 622 2174 tem
651 2118 927 2173 celebrare
973 2117 1111 2186 jussi
1157 2123 1307 2176 sunt,
1368 2122 1427 2168 ut
1480 2129 1590 2168 non
1645 2113 2098 2168 obliviscerentur

512 2211 853 2266 liberationis
902 2207 1203 2281 Egy'ptim:
1255 2208 1350 2262 sed
1392 2208 1498 2261 hoc
1533 2207 1756 2276 quidem
1790 2206 2096 2261 secundum

512 2302 769 2361 litteram,
822 2299 1140 2369 Spiritaliter
1167 2307 1350 2352 autem
1386 2305 1444 2351 ut
1480 2297 1897 2351 reminiscamur
1924 2338 1939 2360 ,
1969 2296 2098 2365 quia

512 2390 580 2446 de
634 2390 960 2460 intelligibili
1004 2388 1236 2460 Aigypto
1283 2387 1503 2442 liberati
1563 2383 1774 2451 sumus,
1826 2387 1878 2442 id
1909 2395 1996 2442 est
2034 2387 2102 2442 ab

513 2480 870 2552 intelligibilis
885 2480 1189 2536 Pharaonis
1219 2480 1503 2543 servitute,
1537 2495 1660 2549 quae
1684 2488 1770 2534 est
1799 2479 2099 2533 secundum

512 2573 926 2640 corruptionem
989 2571 1225 2624 laterum
1280 2570 1565 2639 praesentis
1619 2569 1826 2633 saeculi,
1891 2585 1998 2638 qua
2050 2569 2098 2622 si

513 2663 638 2731 quis
703 2662 861 2730 plene
905 2676 1093 2714 carere
1142 2661 1278 2725 vult,
1312 2661 1368 2714 in
1420 2659 1790 2715 tabernaculis
1844 2659 2096 2725 habitet,

515 2751 686 2806 Deum
721 2767 880 2807 suum
929 2751 1147 2805 imitans
1186 2751 1500 2806 dicentem:
1541 2749 1727 2819 Vulpes
1757 2750 1933 2820 foveas
1999 2751 2100 2802 ha-

515 2845 654 2911 bent,
705 2853 754 2898 et
783 2843 1018 2899 volucres
1060 2844 1174 2898 caeli
1207 2844 1430 2897 nidum:
1465 2841 1639 2898 bilius
1682 2851 1859 2897 autem
1881 2843 2103 2896 hominis

517 2953 621 2992 non
652 2936 804 2991 habet
837 2935 922 2990 ubi
956 2945 1114 3004 caput
1139 2952 1294 2990 suum
1330 2935 1607 2991 reclinet'.
1641 2933 1887 2989 Manebit
1913 2941 2100 2989 autem

2201 1849 2403 1902 dientes
2423 1847 2640 1917 fecimus
2671 1847 2832 1916 juxta
2881 1847 3058 1899 omnia
3095 1861 3212 1914 quae
3252 1843 3504 1914 praecepit
3550 1840 3792 1895 Jonadab

2201 1950 2354 2010 pater
2395 1938 2624 1993 noster'.
2664 1938 2756 1992 Sic
2795 1951 3092 2006 supernam
3136 1936 3403 2004 quietem,
3450 1941 3505 1988 et
3547 1949 3655 1986 non
3717 1931 3803 1986 ili-

2201 2031 2484 2102 Spertitam
2542 2029 2732 2095 vitam,
2787 2039 2842 2085 et
2894 2029 3017 2083 sine
3066 2028 3246 2097 aliqua
3306 2025 3590 2080 vexatione
3649 2025 3798 2093 justi

2206 2121 2560 2184 studuerunt,
2624 2119 2718 2188 qui
2775 2125 3078 2189 potuerunt
3133 2115 3433 2184 intelligere
3484 2111 3804 2181 spiritalem

2206 2210 2445 2266 fructum
2476 2219 2734 2280 tanquam
2780 2209 2997 2264 hotrum
3031 2209 3173 2262 inter
3203 2206 3327 2261 folia
3354 2203 3602 2258 caelatum
3631 2203 3806 2257 litte-

2211 2318 2309 2359 rae.
2343 2301 2454 2358 llas
2485 2301 2614 2356 ﬁliis
2646 2302 2810 2356 Israel
2849 2301 3182 2356 festivitates
3211 2297 3420 2366 Moyses
3444 2297 3662 2351 locutus
3692 2303 3799 2360 est,

2209 2392 2266 2447 in
2319 2393 2521 2462 quibus
2578 2407 2680 2447 nos
2733 2392 3004 2453 laetemur,
3043 2390 3182 2445 festa
3209 2390 3556 2445 celebrantes
3589 2386 3646 2440 in
3682 2386 3802 2456 lege

2205 2482 2323 2546 Dei,
2355 2493 2411 2538 et
2441 2489 2568 2552 qua:
2604 2485 2674 2537 ab
2706 2497 2772 2538 eo
2803 2483 3057 2538 ordinata
3091 2489 3240 2544 sunt,
3281 2480 3587 2534 secundum
3612 2478 3801 2531 inten-

2204 2576 2409 2629 tionem
2443 2575 2564 2644 ejus
2587 2585 2829 2644 agentes,
2865 2583 2922 2628 et
2949 2590 3048 2644 pro
3076 2575 3306 2628 materia
3339 2587 3464 2642 quae
3495 2579 3656 2625 vexat
3690 2570 3788 2624 ho-

2204 2667 2434 2729 minem,
2465 2676 2678 2736 partem
2706 2667 2908 2721 bonam
2941 2666 3227 2737 eligamus,
3253 2666 3580 2720 charitatem
3605 2661 3799 2725 Patris,

2211 2750 2440 2830 gratiam
2472 2758 2620 2824 Filii,
2651 2758 2967 2813 societatem
2995 2758 3172 2812 sancti
3197 2757 3458 2828 Spiritus.
3482 2754 3591 2827 Ipsi
3625 2754 3803 2825 gloria

2210 2850 2268 2904 in
2299 2851 2501 2906 saecula
2529 2849 2878 2905 saeculorum.
2906 2848 3104 2904 Amen.

1596 3280 1968 3370 LIBER
2069 3275 2698 3370 SEPTIMUS.

1040 3649 1318 3726 ,carur
1347 3646 1540 3706 XXIV.

588 3742 757 3800 Vens.
793 3743 908 3798 1-4.
947 3762 965 3795 ι
991 3742 1062 3798 Et
1087 3743 1306 3799 locutus
1340 3749 1426 3796 est
1454 3739 1720 3797 Dominus
1755 3739 1821 3795 ad
1863 3739 2105 3811 Moysen,

520 3837 739 3894 dicens:
762 3835 1000 3906 Praecipe
1049 3835 1176 3892 ﬁliis
1233 3833 1418 3897 Israel,
1453 3841 1514 3888 ut
1537 3831 1772 3888 offerant
1803 3831 1900 3887 tibi
1927 3831 2109 3886 oleum

519 3933 589 3988 de
618 3932 775 3988 olivis
803 3931 1158 4002 purissimum
1192 3943 1255 3983 ac
1298 3925 1564 3990 lucidum,
1599 3924 1668 3979 ad
1691 3921 2105 3978 concinnandas

498 4019 772 4080 'l'u'cernas
830 4021 1034 4093 jugiter
1072 4027 1224 4076 extra
1260 4017 1441 4076 velum
1477 4014 1802 4092 testimonii,
1834 4014 1888 4068 in
1926 4014 2108 4068 taber-

515 4113 778 4170 naculum
841 4110 1084 4168 fasderis.
1140 4109 1435 4186 Ponetque.
1482 4101 1814 4186 eas'Aaron
1875 4119 2108 4173 vespere

521 4222 695 4276 usque
725 4205 778 4260 ir.
816 4220 977 4259 mane
1017 4216 1200 4257 coram
1241 4182 1472 4255 Domino
1510 4181 1684 4262 cultu,
1713 4197 1933 4279 rituque
1979 4211 2105 4266 per-

519 4385 885 4440 mundissimo
919 4382 1220 4454 ponentur
1270 4395 1490 4450 semper
1548 4379 1602 4432 in
1657 4387 1954 4448 conspectu
2001 4376 2106 4430 Do-

518 4474 675 4530 mini.
711 4491 729 4524 ο
966 4477 968 4480 ’
1227 4543 1232 4547 _

583 4554 756 4617 Plena
787 4569 865 4616 ‘et
909 4576 1061 4616 nunc
1096 4545 1259 4616 bonis
1296 4558 1636 4624 multivaria,
1681 4569 1738 4614 et
1786 4545 2106 4625 multimoda

517 4655 604 4710 lex
651 4651 901 4725 spiritus,
930 4667 1034 4707 nec
1078 4651 1228 4707 enim
1279 4651 1568 4720 exquirere
1610 4665 1674 4706 ea
1719 4667 1843 4721 quae
1881 4661 2010 4707 sunt
2039 4653 2105 4707 ad

514 4743 917 4802 correctionem
970 4741 1305 4820 placentium
1353 4742 1465 4797 Deo
1514 4749 1570 4796 et
1615 4756 1737 4818 quae
1781 4752 2101 4812 perpetuam

485 4835 685 4899 nitaris
732 4833 893 4889 nobis
943 4833 1300 4904 conquirant,
1341 4843 1541 4889 cessat.
1588 4833 1757 4903 Cujus
1803 4847 1932 4905 ergo
1971 4833 2103 4906 ﬁgu-

485 4911 635 4986 'ram
676 4927 802 4992 hoc,
836 4925 981 4997 quod
1013 4939 1162 4979 nunc
1194 4925 1514 4996 expositum
1539 4934 1624 4980 est
1653 4941 1684 4980 a
1718 4907 1854 4997 lege,
1893 4927 2096 4982 cande-

2215 3667 2384 3716 mum,
2416 3653 2472 3706 in
2505 3668 2608 3723 quo
2645 3663 2796 3706 erant
2831 3652 3175 3718 candelabra,
3209 3663 3256 3707 et
3293 3669 3491 3717 mensa,
3523 3663 3574 3707 et
3611 3670 3807 3724 propo-

2213 3744 2336 3798 sitio
2363 3759 2564 3814 panum
2587 3744 2629 3799 ‘.
2664 3744 2870 3800 Deinde
2897 3746 3171 3816 quomodo
3202 3746 3320 3802 hate
3341 3762 3464 3816 qua:
3494 3747 3624 3800 talia
3653 3757 3800 3812 sunt,

2213 3835 2590 3906 intelligentur
2639 3851 2923 3906 exponens
2979 3837 3097 3906 ipse
3144 3852 3336 3892 rursus
3378 3836 3645 3906 Hebraeis,
3685 3855 3804 3891 um-

2214 3927 2366 3979 bram
2400 3925 2593 3980 habere
2625 3926 2786 3996 legem
2817 3927 2838 3959 ⁸
2874 3926 3032 3981 dixit.
3068 3925 3209 3999 Ergo
3241 3943 3339 3998 per
3367 3927 3646 3994 umbram,
3683 3945 3804 3983 eor-

2199 4031 2318 4100 pus
2355 4017 2710 4087 exquiramus
2741 4035 2753 4071 :
2793 4019 3198 4074 Candelabrum
3243 4035 3374 4089 ergo
3409 4020 3652 4075 dicimus
3684 4035 3802 4076 esse

2211 4107 2586 4190 evangelicam
2632 4109 3131 4175 conversationem,
3170 4111 3224 4164 in
3261 4124 3370 4179 qua
3414 4110 3678 4165 Christus
3719 4112 3802 4165 lu-

2211 4212 2394 4270 cerna:
2429 4199 2593 4255 modo
2629 4199 2998 4269 cxsplendere
3036 4199 3271 4255 virtutes
3303 4200 3551 4272 pracipit
3583 4219 3596 4254 :
3634 4202 3801 4257 Nemo

519 4295 689 4366 petuo
727 4294 782 4349 in
824 4290 1272 4365 generationibus
1304 4286 1526 4344 vestris.
1564 4287 1741 4358 Super
1777 4286 2107 4342 candelabro
2143 4343 2153 4372 ὅ

2213 4292 2375 4357 enim,
2400 4291 2598 4370 inquit,
2619 4293 2909 4347 accendens
2933 4292 3225 4358 lucernam,
3246 4305 3399 4362 ponet
3425 4311 3544 4350 eam
3566 4297 3664 4349 sub
3692 4313 3801 4350 mo-

2212 4384 2322 4446 dio,
2355 4385 2446 4438 sed
2488 4400 2644 4454 super
2686 4383 3088 4450 candelabrum,
3121 4395 3178 4438 ut
3223 4386 3394 4440 luceat
3434 4388 3678 4441 omnibus
3713 4389 3801 4458 qui

2208 4476 2264 4527 in
2299 4475 2454 4529 domo
2479 4485 2600 4528 sunt
2633 4474 2673 4528 ⁸.
2709 4474 2804 4528 llis
2829 4474 3071 4530 lucernis
3099 4477 3282 4530 oleum
3317 4477 3669 4548 eleemosyna
3697 4490 3797 4540 est.

2209 4567 2338 4634 quia
2370 4576 2423 4621 et
2450 4567 2748 4636 jejunium,
2783 4577 2840 4622 et
2874 4567 3179 4637 virginitas,
3202 4578 3267 4622 et
3302 4571 3503 4632 oratio.
3543 4580 3600 4625 et
3641 4571 3801 4641 justi-

2209 4657 2302 4720 tia,
2337 4665 2394 4711 et
2437 4657 2616 4713 omnis
2663 4659 2810 4714 actio
2855 4659 3001 4714 bona
3043 4675 3143 4730 per
3181 4659 3618 4716 misericordiam
3663 4663 3800 4717 dile-

2207 4745 2410 4802 ctionis
2440 4762 2744 4818 pauperum
2821 4748 3103 4820 irrigatur,
3142 4759 3200 4805 et
3259 4751 3653 4808 custodiuntur
3715 4754 3797 4808 in-

2206 4838 2644 4911 exstinguibiles.
2673 4839 2830 4907 Quod
2857 4842 3216 4900 manifestam
3236 4843 3518 4916 lampades
3551 4847 3796 4920 quinque

2207 4931 2484 4986 fatuarum
2537 4932 2812 5002 virginum
2840 4933 2860 4965 τ
2892 4951 2906 4988 :
2944 4949 3086 5006 quae,
3123 4938 3253 5006 quia
3302 4936 3618 4994 dilectionis
3666 4956 3797 5011 pau-

513 5019 751 5084 labrum,
791 5030 849 5074 et
891 5019 1168 5100 lucernze,
1218 5025 1275 5072 et
1322 5019 1504 5073 oleum
1555 5025 1769 5089 gerant,
1818 5035 1882 5090 ex
1922 5020 2103 5074 verbis
2134 4997 2179 5051 θ
2210 5038 2403 5094 perum
2439 4997 2979 5080 minus'babuerunt'
3009 4997 3216 5092 oleum,
3249 5041 3282 5081 a
3318 5043 3528 5100 sponso
3562 4997 3798 5088 exclusa

512 5108 647 5179 ipsis
671 5109 861 5182 legens
885 5097 1100 5164 discere
1129 5115 1331 5177 potest,
1363 5107 1496 5163 illud
1520 5106 1695 5174 Pauli,
1728 5102 1871 5178 quod
1887 5110 1962 5168 ad
1996 5109 2103 5164 lle-

511 5200 692 5258 braeos
719 5201 966 5271 scripsit,
991 5200 1060 5256 ad
1088 5199 1413 5254 memoriam
1440 5200 1596 5270 prius
1636 5216 1901 5258 revocans
1935 5221 1948 5256 :
1986 5188 2099 5258 Ha-

517 5291 623 5348 ἔδει
661 5293 872 5365 quidem
910 5300 960 5347 et
998 5290 1145 5361 prius
1174 5291 1584 5362 justi/icationes
1615 5293 1859 5359 culturas,
1895 5305 1945 5350 et
1975 5312 2101 5350 san-

515 5391 651 5441 ctum
681 5385 960 5440 exsulare.
1001 5383 1419 5438 Tabernaculum
1459 5384 1600 5439 enim
1641 5386 1842 5456 factum
1877 5395 1954 5440 est
1984 5388 2098 5454 pri-

574 5581 754 5650 ”,tm.
776 5590 1009 5645 xxxviii.
1223 5583 1248 5618 ‘-
1283 5582 1453 5638 lCor.
1488 5600 1586 5650 VH.
1615 5584 1806 5642 29-31-

501 5659 596 5719 τι,
627 5649 679 5715 1,
712 5651 766 5704 3.
855 5652 876 5683 ⁸
901 5653 1064 5706 Hebr.
1111 5654 1226 5717 κδ.

1325 5586 1806 5685 εὶςξήγιξλὲθῄι.
1865 5659 1885 5685 '
1908 5586 2318 5685 :l'llllattlhvut,
2481 5595 2615 5651 Luc.
2650 5614 2724 5664 ix,
2760 5597 2852 5654 58.

1379 5653 1509 5710 Luc.
1543 5671 1663 5720 vm,
1698 5657 1786 5711 l6.
1865 5659 1885 5691 "
1908 5657 2100 5713 Matth.
2129 5677 2250 5727 xxv,
2279 5653 2481 5748 loscqq.

2211 5125 2357 5172 sunt.
2385 5116 2495 5172 Sed
2518 5125 2736 5188 oportet
2759 5119 2945 5175 oleum
2971 5134 3095 5175 esse
3121 5119 3393 5177 olivarum
3413 5122 3791 5191 purissinmn,

2208 5217 2270 5262 ut
2297 5223 2410 5263 non
2444 5224 2512 5264 ex
2546 5209 2842 5282 iniustitia,
2873 5226 3056 5282 neque
3082 5226 3149 5267 ex
3181 5213 3484 5282 rapacitate
3515 5214 3792 5272 dilectioni

2206 5314 2513 5370 pauperum
2551 5301 2880 5372 serviamus,
2912 5320 3097 5375 neque
3125 5305 3194 5360 ad
3231 5307 3690 5366 ostentationem.
3721 5309 3796 5365 De

2206 5389 2365 5446 olivis
2393 5399 2578 5448 autem
2605 5404 2712 5461 est,
2741 5395 2788 5450 si
2828 5412 2894 5450 ex
2926 5396 3090 5450 bonis
3118 5396 3420 5464 laboribus,
3452 5409 3509 5454 et
3539 5415 3607 5455 ex
3635 5401 3792 5471 justi-

2927 5604 2950 5636 ³
2982 5598 3097 5654 Jcr.
3141 5616 3302 5670 xxxv,
3334 5602 3493 5660 6-l0.
3575 5606 3596 5636 ⁸
3627 5607 3790 5664 llebr.
