  <div class='ocr_page' id='page_1' title='image "/cluster/home/n/w/nwhite01/storage/ocr_20150623/93/hvd.32044054128533/564.png"; bbox 0 0 4038 6182; ppageno 0'>
   <div class='ocr_carea' id='block_1_1' title="bbox 388 422 1784 496">
    <p class='ocr_par' dir='ltr' id='par_1_1' title="bbox 388 422 1784 496">
     <span class='ocr_line' id='line_1_1' title="bbox 388 422 1784 496; baseline 0.002 -17"><span class='ocrx_word' id='word_1_1' title='bbox 388 425 476 479; x_wconf 78' lang='lat' dir='ltr'><strong>tiae</strong></span> <span class='ocrx_word' id='word_1_2' title='bbox 527 422 805 494; x_wconf 85' lang='lat' dir='ltr'><strong>pecuniis.</strong></span> <span class='ocrx_word' id='word_1_3' title='bbox 861 424 949 480; x_wconf 85' lang='lat' dir='ltr'><strong>vel</strong></span> <span class='ocrx_word' id='word_1_4' title='bbox 1002 425 1349 495; x_wconf 82' lang='lat' dir='ltr'><strong>possessione</strong></span> <span class='ocrx_word' id='word_1_5' title='bbox 1404 426 1720 496; x_wconf 78' lang='lat' dir='ltr'><strong>perﬁciatur</strong></span> <span class='ocrx_word' id='word_1_6' title='bbox 1769 449 1784 482; x_wconf 88' lang='lat'><strong>:</strong></span> 
     </span>
    </p>
   </div>
   <div class='ocr_carea' id='block_1_2' title="bbox 387 514 1955 591">
    <p class='ocr_par' dir='ltr' id='par_1_2' title="bbox 387 514 1955 591">
     <span class='ocr_line' id='line_1_2' title="bbox 387 514 1955 591; baseline 0.004 -22"><span class='ocrx_word' id='word_1_7' title='bbox 387 514 532 572; x_wconf 89' lang='lat' dir='ltr'><strong>enim</strong></span> <span class='ocrx_word' id='word_1_8' title='bbox 563 515 720 569; x_wconf 74' lang='lat' dir='ltr'><strong>oliva:</strong></span> <span class='ocrx_word' id='word_1_9' title='bbox 747 515 1038 580; x_wconf 66' lang='lat' dir='ltr'><strong>umbrosae,</strong></span> <span class='ocrx_word' id='word_1_10' title='bbox 1066 526 1123 572; x_wconf 92' lang='lat' dir='ltr'><strong>et</strong></span> <span class='ocrx_word' id='word_1_11' title='bbox 1153 516 1449 573; x_wconf 60' lang='lat' dir='ltr'><strong>fructuosae</strong></span> <span class='ocrx_word' id='word_1_12' title='bbox 1488 529 1637 575; x_wconf 90' lang='lat' dir='ltr'><strong>recte</strong></span> <span class='ocrx_word' id='word_1_13' title='bbox 1674 521 1955 591; x_wconf 87' lang='lat' dir='ltr'><strong>appellan-</strong></span> 
     </span>
    </p>
   </div>
   <div class='ocr_carea' id='block_1_3' title="bbox 389 603 1959 682">
    <p class='ocr_par' dir='ltr' id='par_1_3' title="bbox 389 603 1959 682">
     <span class='ocr_line' id='line_1_3' title="bbox 389 603 1959 682; baseline 0.003 -21"><span class='ocrx_word' id='word_1_14' title='bbox 389 615 494 661; x_wconf 90' lang='lat' dir='ltr'><strong>tur.</strong></span> <span class='ocrx_word' id='word_1_15' title='bbox 543 603 963 662; x_wconf 87' lang='lat' dir='ltr'><strong>Lucidissitnum</strong></span> <span class='ocrx_word' id='word_1_16' title='bbox 1013 616 1217 674; x_wconf 86' lang='lat' dir='ltr'><strong>autem,</strong></span> <span class='ocrx_word' id='word_1_17' title='bbox 1247 619 1308 663; x_wconf 93' lang='lat' dir='ltr'><strong>ut</strong></span> <span class='ocrx_word' id='word_1_18' title='bbox 1349 625 1460 664; x_wconf 91' lang='lat' dir='ltr'><strong>non</strong></span> <span class='ocrx_word' id='word_1_19' title='bbox 1504 626 1606 680; x_wconf 91' lang='lat' dir='ltr'><strong>pro</strong></span> <span class='ocrx_word' id='word_1_20' title='bbox 1643 613 1811 682; x_wconf 84' lang='lat' dir='ltr'><strong>gloria</strong></span> <span class='ocrx_word' id='word_1_21' title='bbox 1855 612 1959 666; x_wconf 86' lang='lat' dir='ltr'><strong>htt-</strong></span> 
     </span>
    </p>
   </div>
   <div class='ocr_carea' id='block_1_4' title="bbox 388 698 1957 773">
    <p class='ocr_par' dir='ltr' id='par_1_4' title="bbox 388 698 1957 773">
     <span class='ocr_line' id='line_1_4' title="bbox 388 698 1957 773; baseline 0.003 -21"><span class='ocrx_word' id='word_1_22' title='bbox 388 712 546 752; x_wconf 90' lang='lat' dir='ltr'><strong>mana</strong></span> <span class='ocrx_word' id='word_1_23' title='bbox 578 698 982 769; x_wconf 70' lang='lat' dir='ltr'><strong>eleemosynam</strong></span> <span class='ocrx_word' id='word_1_24' title='bbox 1027 699 1312 754; x_wconf 81' lang='lat' dir='ltr'><strong>faciamus.</strong></span> <span class='ocrx_word' id='word_1_25' title='bbox 1349 699 1580 770; x_wconf 75' lang='lat' dir='ltr'><strong>Oportet</strong></span> <span class='ocrx_word' id='word_1_26' title='bbox 1615 717 1747 773; x_wconf 86' lang='lat' dir='ltr'><strong>ergo</strong></span> <span class='ocrx_word' id='word_1_27' title='bbox 1775 703 1957 757; x_wconf 86' lang='lat' dir='ltr'><strong>lucer-</strong></span> 
     </span>
    </p>
   </div>
   <div class='ocr_carea' id='block_1_5' title="bbox 386 787 1959 859">
    <p class='ocr_par' dir='ltr' id='par_1_5' title="bbox 386 787 1959 859">
     <span class='ocr_line' id='line_1_5' title="bbox 386 787 1959 859; baseline 0.004 -19"><span class='ocrx_word' id='word_1_28' title='bbox 386 802 512 842; x_wconf 95' lang='lat' dir='ltr'><strong>nam</strong></span> <span class='ocrx_word' id='word_1_29' title='bbox 559 787 700 842; x_wconf 88' lang='lat' dir='ltr'><strong>hanc</strong></span> <span class='ocrx_word' id='word_1_30' title='bbox 743 802 962 859; x_wconf 86' lang='lat' dir='ltr'><strong>semper</strong></span> <span class='ocrx_word' id='word_1_31' title='bbox 1009 789 1261 856; x_wconf 78' lang='lat' dir='ltr'><strong>accendi,</strong></span> <span class='ocrx_word' id='word_1_32' title='bbox 1293 799 1445 844; x_wconf 79' lang='lat' dir='ltr'><strong>extra</strong></span> <span class='ocrx_word' id='word_1_33' title='bbox 1492 792 1669 844; x_wconf 93' lang='lat' dir='ltr'><strong>velum</strong></span> <span class='ocrx_word' id='word_1_34' title='bbox 1705 792 1959 846; x_wconf 71' lang='lat' dir='ltr'><strong>videlicet</strong></span> 
     </span>
    </p>
   </div>
   <div class='ocr_carea' id='block_1_6' title="bbox 385 877 1958 953">
    <p class='ocr_par' dir='ltr' id='par_1_6' title="bbox 385 877 1958 953">
     <span class='ocr_line' id='line_1_6' title="bbox 385 877 1958 953; baseline 0.003 -21"><span class='ocrx_word' id='word_1_35' title='bbox 385 879 632 948; x_wconf 83' lang='lat' dir='ltr'><strong>corporis</strong></span> <span class='ocrx_word' id='word_1_36' title='bbox 675 877 877 933; x_wconf 82' lang='lat' dir='ltr'><strong>Christi</strong></span> <span class='ocrx_word' id='word_1_37' title='bbox 911 897 924 931; x_wconf 88' lang='lat'><strong>:</strong></span> <span class='ocrx_word' id='word_1_38' title='bbox 965 879 1069 934; x_wconf 91' lang='lat' dir='ltr'><strong>hoc</strong></span> <span class='ocrx_word' id='word_1_39' title='bbox 1115 880 1261 935; x_wconf 87' lang='lat' dir='ltr'><strong>enim</strong></span> <span class='ocrx_word' id='word_1_40' title='bbox 1311 896 1434 935; x_wconf 91' lang='lat' dir='ltr'><strong>esse</strong></span> <span class='ocrx_word' id='word_1_41' title='bbox 1477 881 1818 953; x_wconf 87' lang='lat' dir='ltr'><strong>intelligibile</strong></span> <span class='ocrx_word' id='word_1_42' title='bbox 1865 897 1958 937; x_wconf 86' lang='lat' dir='ltr'><strong>ve-</strong></span> 
     </span>
    </p>
   </div>
   <div class='ocr_carea' id='block_1_7' title="bbox 385 968 1956 1040">
    <p class='ocr_par' dir='ltr' id='par_1_7' title="bbox 385 968 1956 1040">
     <span class='ocr_line' id='line_1_7' title="bbox 385 968 1956 1040; baseline 0.003 -17"><span class='ocrx_word' id='word_1_43' title='bbox 385 968 522 1032; x_wconf 89' lang='lat' dir='ltr'><strong>lum,</strong></span> <span class='ocrx_word' id='word_1_44' title='bbox 552 985 648 1039; x_wconf 89' lang='lat' dir='ltr'><strong>per</strong></span> <span class='ocrx_word' id='word_1_45' title='bbox 682 969 848 1025; x_wconf 88' lang='lat' dir='ltr'><strong>multa</strong></span> <span class='ocrx_word' id='word_1_46' title='bbox 879 970 1245 1040; x_wconf 72' lang='lat' dir='ltr'><strong>praecedentia</strong></span> <span class='ocrx_word' id='word_1_47' title='bbox 1273 972 1705 1028; x_wconf 87' lang='lat' dir='ltr'><strong>demonstratum</strong></span> <span class='ocrx_word' id='word_1_48' title='bbox 1745 983 1850 1029; x_wconf 90' lang='lat' dir='ltr'><strong>est.</strong></span> <span class='ocrx_word' id='word_1_49' title='bbox 1893 974 1956 1028; x_wconf 84' lang='lat' dir='ltr'><strong>In</strong></span> 
     </span>
    </p>
   </div>
   <div class='ocr_carea' id='block_1_8' title="bbox 386 1061 1955 1132">
    <p class='ocr_par' dir='ltr' id='par_1_8' title="bbox 386 1061 1955 1132">
     <span class='ocr_line' id='line_1_8' title="bbox 386 1061 1955 1132; baseline 0.003 -18"><span class='ocrx_word' id='word_1_50' title='bbox 386 1061 725 1115; x_wconf 86' lang='lat' dir='ltr'><strong>tabernaculo</strong></span> <span class='ocrx_word' id='word_1_51' title='bbox 760 1070 942 1119; x_wconf 89' lang='lat' dir='ltr'><strong>autem</strong></span> <span class='ocrx_word' id='word_1_52' title='bbox 977 1064 1206 1132; x_wconf 77' lang='lat' dir='ltr'><strong>foederis,</strong></span> <span class='ocrx_word' id='word_1_53' title='bbox 1239 1063 1356 1118; x_wconf 90' lang='lat' dir='ltr'><strong>sive</strong></span> <span class='ocrx_word' id='word_1_54' title='bbox 1387 1073 1447 1118; x_wconf 89' lang='lat' dir='ltr'><strong>ut</strong></span> <span class='ocrx_word' id='word_1_55' title='bbox 1479 1064 1622 1119; x_wconf 82' lang='lat' dir='ltr'><strong>LXX</strong></span> <span class='ocrx_word' id='word_1_56' title='bbox 1651 1067 1955 1131; x_wconf 87' lang='lat' dir='ltr'><strong>testimonii,</strong></span> 
     </span>
    </p>
   </div>
   <div class='ocr_carea' id='block_1_9' title="bbox 386 1151 1955 1222">
    <p class='ocr_par' dir='ltr' id='par_1_9' title="bbox 386 1151 1955 1222">
     <span class='ocr_line' id='line_1_9' title="bbox 386 1151 1955 1222; baseline 0.004 -17"><span class='ocrx_word' id='word_1_57' title='bbox 386 1151 439 1206; x_wconf 90' lang='lat' dir='ltr'><strong>id</strong></span> <span class='ocrx_word' id='word_1_58' title='bbox 480 1160 565 1206; x_wconf 89' lang='lat' dir='ltr'><strong>cst</strong></span> <span class='ocrx_word' id='word_1_59' title='bbox 597 1153 651 1205; x_wconf 92' lang='lat' dir='ltr'><strong>in</strong></span> <span class='ocrx_word' id='word_1_60' title='bbox 685 1153 841 1217; x_wconf 64' lang='lat' dir='ltr'><strong>caelo,</strong></span> <span class='ocrx_word' id='word_1_61' title='bbox 875 1153 929 1208; x_wconf 89' lang='lat' dir='ltr'><strong>in</strong></span> <span class='ocrx_word' id='word_1_62' title='bbox 964 1169 1074 1222; x_wconf 91' lang='lat' dir='ltr'><strong>quo</strong></span> <span class='ocrx_word' id='word_1_63' title='bbox 1105 1153 1352 1210; x_wconf 78' lang='lat' dir='ltr'><strong>habitare</strong></span> <span class='ocrx_word' id='word_1_64' title='bbox 1387 1153 1558 1211; x_wconf 88' lang='lat' dir='ltr'><strong>Deum</strong></span> <span class='ocrx_word' id='word_1_65' title='bbox 1603 1157 1955 1214; x_wconf 79' lang='lat' dir='ltr'><strong>manifestum</strong></span> 
     </span>
    </p>
   </div>
   <div class='ocr_carea' id='block_1_10' title="bbox 385 1247 1956 1318">
    <p class='ocr_par' dir='ltr' id='par_1_10' title="bbox 385 1247 1956 1318">
     <span class='ocr_line' id='line_1_10' title="bbox 385 1247 1956 1318; baseline 0.003 -18"><span class='ocrx_word' id='word_1_66' title='bbox 385 1255 515 1300; x_wconf 88' lang='lat' dir='ltr'><strong>est:</strong></span> <span class='ocrx_word' id='word_1_67' title='bbox 549 1255 841 1314; x_wconf 86' lang='lat' dir='ltr'><strong>utrumque</strong></span> <span class='ocrx_word' id='word_1_68' title='bbox 892 1261 1024 1317; x_wconf 82' lang='lat' dir='ltr'><strong>ergo</strong></span> <span class='ocrx_word' id='word_1_69' title='bbox 1071 1262 1101 1302; x_wconf 92' lang='lat' dir='ltr'><strong>a</strong></span> <span class='ocrx_word' id='word_1_70' title='bbox 1144 1247 1452 1318; x_wconf 81' lang='lat' dir='ltr'><strong>legislatore</strong></span> <span class='ocrx_word' id='word_1_71' title='bbox 1492 1249 1696 1304; x_wconf 87' lang='lat' dir='ltr'><strong>dictum</strong></span> <span class='ocrx_word' id='word_1_72' title='bbox 1731 1260 1816 1305; x_wconf 81' lang='lat' dir='ltr'><strong>est</strong></span> <span class='ocrx_word' id='word_1_73' title='bbox 1847 1270 1860 1305; x_wconf 89' lang='lat'><strong>:</strong></span> <span class='ocrx_word' id='word_1_74' title='bbox 1899 1251 1956 1305; x_wconf 90' lang='lat' dir='ltr'><strong>Si</strong></span> 
     </span>
    </p>
   </div>
   <div class='ocr_carea' id='block_1_11' title="bbox 385 1338 1956 1410">
    <p class='ocr_par' dir='ltr' id='par_1_11' title="bbox 385 1338 1956 1410">
     <span class='ocr_line' id='line_1_11' title="bbox 385 1338 1956 1410; baseline 0.003 -19"><span class='ocrx_word' id='word_1_75' title='bbox 385 1338 532 1391; x_wconf 87' lang='lat' dir='ltr'><strong>enim</strong></span> <span class='ocrx_word' id='word_1_76' title='bbox 577 1353 920 1407; x_wconf 42' lang='lat' dir='ltr'><strong>quaecunque</strong></span> <span class='ocrx_word' id='word_1_77' title='bbox 963 1339 1196 1394; x_wconf 80' lang='lat' dir='ltr'><strong>facimus</strong></span> <span class='ocrx_word' id='word_1_78' title='bbox 1232 1340 1564 1410; x_wconf 80' lang='lat' dir='ltr'><strong>pauperibus</strong></span> <span class='ocrx_word' id='word_1_79' title='bbox 1588 1342 1632 1407; x_wconf 83' lang='grc'><strong>⁸,</strong></span> <span class='ocrx_word' id='word_1_80' title='bbox 1676 1340 1794 1396; x_wconf 63' lang='grc' dir='ltr'><strong>ἣξεις</strong></span> <span class='ocrx_word' id='word_1_81' title='bbox 1835 1352 1956 1398; x_wconf 85' lang='lat' dir='ltr'><strong>tan-</strong></span> 
     </span>
    </p>
   </div>
   <div class='ocr_carea' id='block_1_12' title="bbox 382 1427 1957 1500">
    <p class='ocr_par' dir='ltr' id='par_1_12' title="bbox 382 1427 1957 1500">
     <span class='ocr_line' id='line_1_12' title="bbox 382 1427 1957 1500; baseline 0.004 -20"><span class='ocrx_word' id='word_1_82' title='bbox 382 1442 546 1496; x_wconf 84' lang='lat' dir='ltr'><strong>quam</strong></span> <span class='ocrx_word' id='word_1_83' title='bbox 578 1428 681 1482; x_wconf 86' lang='lat' dir='ltr'><strong>sibi</strong></span> <span class='ocrx_word' id='word_1_84' title='bbox 713 1427 875 1492; x_wconf 82' lang='lat' dir='ltr'><strong>facta,</strong></span> <span class='ocrx_word' id='word_1_85' title='bbox 909 1429 955 1483; x_wconf 90' lang='lat' dir='ltr'><strong>is</strong></span> <span class='ocrx_word' id='word_1_86' title='bbox 980 1428 1072 1498; x_wconf 89' lang='lat' dir='ltr'><strong>qui</strong></span> <span class='ocrx_word' id='word_1_87' title='bbox 1115 1438 1340 1498; x_wconf 83' lang='lat' dir='ltr'><strong>propter</strong></span> <span class='ocrx_word' id='word_1_88' title='bbox 1369 1445 1469 1484; x_wconf 85' lang='lat' dir='ltr'><strong>nos</strong></span> <span class='ocrx_word' id='word_1_89' title='bbox 1497 1429 1680 1485; x_wconf 74' lang='lat' dir='ltr'><strong>iactus</strong></span> <span class='ocrx_word' id='word_1_90' title='bbox 1707 1440 1791 1486; x_wconf 87' lang='lat' dir='ltr'><strong>est</strong></span> <span class='ocrx_word' id='word_1_91' title='bbox 1821 1447 1957 1500; x_wconf 85' lang='lat' dir='ltr'><strong>pau-</strong></span> 
     </span>
    </p>
   </div>
   <div class='ocr_carea' id='block_1_13' title="bbox 381 1518 1995 1589">
    <p class='ocr_par' dir='ltr' id='par_1_13' title="bbox 381 1518 1995 1589">
     <span class='ocr_line' id='line_1_13' title="bbox 381 1518 1995 1589; baseline 0.003 -17"><span class='ocrx_word' id='word_1_92' title='bbox 381 1531 500 1588; x_wconf 85' lang='lat' dir='ltr'><strong>per,</strong></span> <span class='ocrx_word' id='word_1_93' title='bbox 530 1518 782 1588; x_wconf 85' lang='lat' dir='ltr'><strong>imputat,</strong></span> <span class='ocrx_word' id='word_1_94' title='bbox 812 1529 959 1573; x_wconf 88' lang='lat' dir='ltr'><strong>recte</strong></span> <span class='ocrx_word' id='word_1_95' title='bbox 987 1527 1114 1572; x_wconf 89' lang='lat' dir='ltr'><strong>ante</strong></span> <span class='ocrx_word' id='word_1_96' title='bbox 1141 1534 1340 1589; x_wconf 85' lang='lat' dir='ltr'><strong>corpus</strong></span> <span class='ocrx_word' id='word_1_97' title='bbox 1366 1519 1706 1575; x_wconf 85' lang='lat' dir='ltr'><strong>Dominicum</strong></span> <span class='ocrx_word' id='word_1_98' title='bbox 1735 1522 1956 1578; x_wconf 88' lang='lat' dir='ltr'><strong>lucerna</strong></span> <span class='ocrx_word' id='word_1_99' title='bbox 1990 1558 1995 1563; x_wconf 85' lang='lat'><strong><em>-</em></strong></span> 
     </span>
    </p>
   </div>
   <div class='ocr_carea' id='block_1_14' title="bbox 382 1609 1956 1679">
    <p class='ocr_par' dir='ltr' id='par_1_14' title="bbox 382 1609 1956 1679">
     <span class='ocr_line' id='line_1_14' title="bbox 382 1609 1956 1679; baseline 0.003 -18"><span class='ocrx_word' id='word_1_100' title='bbox 382 1610 740 1679; x_wconf 80' lang='lat' dir='ltr'><strong>eleemosynae</strong></span> <span class='ocrx_word' id='word_1_101' title='bbox 780 1609 1108 1674; x_wconf 84' lang='lat' dir='ltr'><strong>incenditur,</strong></span> <span class='ocrx_word' id='word_1_102' title='bbox 1146 1611 1238 1664; x_wconf 89' lang='lat' dir='ltr'><strong>sed</strong></span> <span class='ocrx_word' id='word_1_103' title='bbox 1282 1619 1462 1668; x_wconf 81' lang='lat' dir='ltr'><strong>tamen</strong></span> <span class='ocrx_word' id='word_1_104' title='bbox 1492 1611 1628 1665; x_wconf 90' lang='lat' dir='ltr'><strong>etin</strong></span> <span class='ocrx_word' id='word_1_105' title='bbox 1657 1613 1795 1667; x_wconf 63' lang='lat' dir='ltr'><strong>caelo</strong></span> <span class='ocrx_word' id='word_1_106' title='bbox 1833 1630 1846 1665; x_wconf 89' lang='lat'><strong>:</strong></span> <span class='ocrx_word' id='word_1_107' title='bbox 1882 1613 1956 1666; x_wconf 93' lang='lat' dir='ltr'><strong>ibi</strong></span> 
     </span>
    </p>
   </div>
   <div class='ocr_carea' id='block_1_15' title="bbox 381 1699 1951 1771">
    <p class='ocr_par' dir='ltr' id='par_1_15' title="bbox 381 1699 1951 1771">
     <span class='ocr_line' id='line_1_15' title="bbox 381 1699 1951 1771; baseline 0.004 -20"><span class='ocrx_word' id='word_1_108' title='bbox 381 1699 527 1752; x_wconf 86' lang='lat' dir='ltr'><strong>enim</strong></span> <span class='ocrx_word' id='word_1_109' title='bbox 598 1713 728 1753; x_wconf 89' lang='lat' dir='ltr'><strong>suos</strong></span> <span class='ocrx_word' id='word_1_110' title='bbox 803 1700 1090 1754; x_wconf 82' lang='lat' dir='ltr'><strong>thesauros</strong></span> <span class='ocrx_word' id='word_1_111' title='bbox 1159 1700 1541 1756; x_wconf 78' lang='lat' dir='ltr'><strong>misericordes</strong></span> <span class='ocrx_word' id='word_1_112' title='bbox 1607 1704 1951 1771; x_wconf 87' lang='lat' dir='ltr'><strong>permittunt.</strong></span> 
     </span>
    </p>
   </div>
   <div class='ocr_carea' id='block_1_16' title="bbox 381 1784 2028 1866">
    <p class='ocr_par' dir='ltr' id='par_1_16' title="bbox 381 1784 2028 1866">
     <span class='ocr_line' id='line_1_16' title="bbox 381 1784 2028 1866; baseline 0.003 -27"><span class='ocrx_word' id='word_1_113' title='bbox 381 1784 610 1855; x_wconf 75' lang='lat' dir='ltr'><strong>Propter</strong></span> <span class='ocrx_word' id='word_1_114' title='bbox 652 1786 797 1854; x_wconf 89' lang='lat' dir='ltr'><strong>quod</strong></span> <span class='ocrx_word' id='word_1_115' title='bbox 847 1787 1143 1840; x_wconf 81' lang='lat' dir='ltr'><strong>succendat</strong></span> <span class='ocrx_word' id='word_1_116' title='bbox 1191 1801 1310 1841; x_wconf 82' lang='lat' dir='ltr'><strong>eam</strong></span> <span class='ocrx_word' id='word_1_117' title='bbox 1349 1789 1552 1852; x_wconf 81' lang='lat' dir='ltr'><strong>Aaron,</strong></span> <span class='ocrx_word' id='word_1_118' title='bbox 1587 1790 1704 1845; x_wconf 86' lang='lat' dir='ltr'><strong>sive</strong></span> <span class='ocrx_word' id='word_1_119' title='bbox 1759 1804 1956 1844; x_wconf 84' lang='lat' dir='ltr'><strong>secun-</strong></span> <span class='ocrx_word' id='word_1_120' title='bbox 1986 1811 2028 1866; x_wconf 74' lang='grc' dir='ltr'>Β</span> 
     </span>
    </p>
   </div>
   <div class='ocr_carea' id='block_1_17' title="bbox 379 1874 2004 1950">
    <p class='ocr_par' dir='ltr' id='par_1_17' title="bbox 379 1874 2004 1950">
     <span class='ocr_line' id='line_1_17' title="bbox 379 1874 2004 1950; baseline 0.002 -19"><span class='ocrx_word' id='word_1_121' title='bbox 379 1876 510 1932; x_wconf 92' lang='lat' dir='ltr'><strong>dum</strong></span> <span class='ocrx_word' id='word_1_122' title='bbox 563 1874 724 1940; x_wconf 80' lang='lat' dir='ltr'><strong>LXX,</strong></span> <span class='ocrx_word' id='word_1_123' title='bbox 764 1884 812 1928; x_wconf 89' lang='lat' dir='ltr'><strong>et</strong></span> <span class='ocrx_word' id='word_1_124' title='bbox 868 1876 969 1944; x_wconf 80' lang='lat' dir='ltr'><strong>ﬁlii</strong></span> <span class='ocrx_word' id='word_1_125' title='bbox 1018 1879 1152 1946; x_wconf 86' lang='lat' dir='ltr'><strong>ejus.</strong></span> <span class='ocrx_word' id='word_1_126' title='bbox 1192 1877 1445 1933; x_wconf 87' lang='lat' dir='ltr'><strong>Christus</strong></span> <span class='ocrx_word' id='word_1_127' title='bbox 1496 1879 1677 1943; x_wconf 82' lang='lat' dir='ltr'><strong>enim,</strong></span> <span class='ocrx_word' id='word_1_128' title='bbox 1731 1881 1822 1950; x_wconf 86' lang='lat' dir='ltr'><strong>qui</strong></span> <span class='ocrx_word' id='word_1_129' title='bbox 1872 1889 2004 1936; x_wconf 58' lang='lat' dir='ltr'><strong>est»</strong></span> 
     </span>
    </p>
   </div>
   <div class='ocr_carea' id='block_1_18' title="bbox 378 1969 1954 2045">
    <p class='ocr_par' dir='ltr' id='par_1_18' title="bbox 378 1969 1954 2045">
     <span class='ocr_line' id='line_1_18' title="bbox 378 1969 1954 2045; baseline 0.004 -24"><span class='ocrx_word' id='word_1_130' title='bbox 378 1985 544 2023; x_wconf 87' lang='lat' dir='ltr'><strong>verus</strong></span> <span class='ocrx_word' id='word_1_131' title='bbox 605 1969 886 2033; x_wconf 84' lang='lat' dir='ltr'><strong>sacerdos,</strong></span> <span class='ocrx_word' id='word_1_132' title='bbox 945 1985 1250 2039; x_wconf 86' lang='lat' dir='ltr'><strong>pauperum</strong></span> <span class='ocrx_word' id='word_1_133' title='bbox 1295 1973 1728 2042; x_wconf 88' lang='lat' dir='ltr'><strong>compassionem</strong></span> <span class='ocrx_word' id='word_1_134' title='bbox 1790 1976 1954 2045; x_wconf 84' lang='lat' dir='ltr'><strong>cepit.</strong></span> 
     </span>
    </p>
   </div>
   <div class='ocr_carea' id='block_1_19' title="bbox 380 2059 1956 2131">
    <p class='ocr_par' dir='ltr' id='par_1_19' title="bbox 380 2059 1956 2131">
     <span class='ocr_line' id='line_1_19' title="bbox 380 2059 1956 2131; baseline 0.004 -20"><span class='ocrx_word' id='word_1_135' title='bbox 380 2059 668 2112; x_wconf 89' lang='lat' dir='ltr'><strong>lntitantur</strong></span> <span class='ocrx_word' id='word_1_136' title='bbox 721 2068 906 2112; x_wconf 85' lang='lat' dir='ltr'><strong>autem</strong></span> <span class='ocrx_word' id='word_1_137' title='bbox 977 2076 1139 2125; x_wconf 90' lang='lat' dir='ltr'><strong>eum,</strong></span> <span class='ocrx_word' id='word_1_138' title='bbox 1197 2061 1512 2131; x_wconf 85' lang='lat' dir='ltr'><strong>quicunque</strong></span> <span class='ocrx_word' id='word_1_139' title='bbox 1570 2063 1691 2131; x_wconf 86' lang='lat' dir='ltr'><strong>ejus</strong></span> <span class='ocrx_word' id='word_1_140' title='bbox 1759 2063 1956 2118; x_wconf 86' lang='lat' dir='ltr'><strong>lucrari</strong></span> 
     </span>
    </p>
   </div>
   <div class='ocr_carea' id='block_1_20' title="bbox 381 2149 978 2218">
    <p class='ocr_par' dir='ltr' id='par_1_20' title="bbox 381 2149 978 2218">
     <span class='ocr_line' id='line_1_20' title="bbox 381 2149 978 2218; baseline 0.002 -17"><span class='ocrx_word' id='word_1_141' title='bbox 381 2149 728 2218; x_wconf 88' lang='lat' dir='ltr'><strong>adoptionem</strong></span> <span class='ocrx_word' id='word_1_142' title='bbox 765 2149 978 2203; x_wconf 86' lang='lat' dir='ltr'><strong>volunt.</strong></span> 
     </span>
    </p>
   </div>
   <div class='ocr_carea' id='block_1_21' title="bbox 455 2239 1958 2310">
    <p class='ocr_par' dir='ltr' id='par_1_21' title="bbox 455 2239 1958 2310">
     <span class='ocr_line' id='line_1_21' title="bbox 455 2239 1958 2310; baseline 0.005 -18"><span class='ocrx_word' id='word_1_143' title='bbox 455 2239 718 2310; x_wconf 86' lang='lat' dir='ltr'><strong>Ponetque</strong></span> <span class='ocrx_word' id='word_1_144' title='bbox 751 2256 841 2293; x_wconf 89' lang='lat' dir='ltr'><strong>eas</strong></span> <span class='ocrx_word' id='word_1_145' title='bbox 873 2239 1073 2306; x_wconf 81' lang='lat' dir='ltr'><strong>Aaron,</strong></span> <span class='ocrx_word' id='word_1_146' title='bbox 1103 2241 1186 2295; x_wconf 85' lang='lat' dir='ltr'><strong>vel</strong></span> <span class='ocrx_word' id='word_1_147' title='bbox 1217 2241 1360 2296; x_wconf 81' lang='lat' dir='ltr'><strong>sicut</strong></span> <span class='ocrx_word' id='word_1_148' title='bbox 1389 2241 1527 2297; x_wconf 81' lang='lat' dir='ltr'><strong>LXX</strong></span> <span class='ocrx_word' id='word_1_149' title='bbox 1567 2244 1838 2298; x_wconf 85' lang='lat' dir='ltr'><strong>incendent</strong></span> <span class='ocrx_word' id='word_1_150' title='bbox 1868 2258 1958 2299; x_wconf 89' lang='lat' dir='ltr'><strong>eas</strong></span> 
     </span>
    </p>
   </div>
   <div class='ocr_carea' id='block_1_22' title="bbox 385 2330 1958 2400">
    <p class='ocr_par' dir='ltr' id='par_1_22' title="bbox 385 2330 1958 2400">
     <span class='ocr_line' id='line_1_22' title="bbox 385 2330 1958 2400; baseline 0.003 -17"><span class='ocrx_word' id='word_1_151' title='bbox 385 2332 586 2392; x_wconf 81' lang='lat' dir='ltr'><strong>Aaron,</strong></span> <span class='ocrx_word' id='word_1_152' title='bbox 615 2339 662 2382; x_wconf 90' lang='lat' dir='ltr'><strong>et</strong></span> <span class='ocrx_word' id='word_1_153' title='bbox 683 2330 784 2399; x_wconf 82' lang='lat' dir='ltr'><strong>ﬁlii</strong></span> <span class='ocrx_word' id='word_1_154' title='bbox 813 2330 927 2399; x_wconf 85' lang='lat' dir='ltr'><strong>ejus</strong></span> <span class='ocrx_word' id='word_1_155' title='bbox 951 2348 982 2382; x_wconf 80' lang='grc' dir='ltr'><em>α</em></span> <span class='ocrx_word' id='word_1_156' title='bbox 1006 2347 1214 2400; x_wconf 82' lang='lat' dir='ltr'><strong>vespere</strong></span> <span class='ocrx_word' id='word_1_157' title='bbox 1245 2348 1404 2400; x_wconf 87' lang='lat' dir='ltr'><strong>usque</strong></span> <span class='ocrx_word' id='word_1_158' title='bbox 1433 2351 1606 2388; x_wconf 85' lang='lat' dir='ltr'><strong>mane.</strong></span> <span class='ocrx_word' id='word_1_159' title='bbox 1641 2335 1697 2389; x_wconf 83' lang='lat' dir='ltr'><strong>Id</strong></span> <span class='ocrx_word' id='word_1_160' title='bbox 1726 2345 1810 2389; x_wconf 86' lang='lat' dir='ltr'><strong>est</strong></span> <span class='ocrx_word' id='word_1_161' title='bbox 1839 2335 1958 2388; x_wconf 80' lang='lat' dir='ltr'><strong>sine</strong></span> 
     </span>
    </p>
   </div>
   <div class='ocr_carea' id='block_1_23' title="bbox 383 2413 1960 2490">
    <p class='ocr_par' dir='ltr' id='par_1_23' title="bbox 383 2413 1960 2490">
     <span class='ocr_line' id='line_1_23' title="bbox 383 2413 1960 2490; baseline 0.003 -16"><span class='ocrx_word' id='word_1_162' title='bbox 383 2419 722 2486; x_wconf 78' lang='lat' dir='ltr'><strong>cessatione,</strong></span> <span class='ocrx_word' id='word_1_163' title='bbox 765 2421 892 2490; x_wconf 88' lang='lat' dir='ltr'><strong>quia</strong></span> <span class='ocrx_word' id='word_1_164' title='bbox 937 2428 992 2474; x_wconf 92' lang='lat' dir='ltr'><strong>et</strong></span> <span class='ocrx_word' id='word_1_165' title='bbox 1032 2419 1290 2475; x_wconf 84' lang='lat' dir='ltr'><strong>Salomon</strong></span> <span class='ocrx_word' id='word_1_166' title='bbox 1338 2413 1557 2479; x_wconf 78' lang='lat' dir='ltr'><strong>dicebat</strong></span> <span class='ocrx_word' id='word_1_167' title='bbox 1604 2442 1617 2478; x_wconf 89' lang='lat'><strong>:</strong></span> <span class='ocrx_word' id='word_1_168' title='bbox 1667 2423 1846 2479; x_wconf 85' lang='lat' dir='ltr'><strong>Oleum</strong></span> <span class='ocrx_word' id='word_1_169' title='bbox 1897 2427 1960 2479; x_wconf 86' lang='lat' dir='ltr'><strong>de</strong></span> 
     </span>
    </p>
   </div>
   <div class='ocr_carea' id='block_1_24' title="bbox 383 2508 1959 2586">
    <p class='ocr_par' dir='ltr' id='par_1_24' title="bbox 383 2508 1959 2586">
     <span class='ocr_line' id='line_1_24' title="bbox 383 2508 1959 2586; baseline 0.006 -26"><span class='ocrx_word' id='word_1_170' title='bbox 383 2508 556 2577; x_wconf 80' lang='lat' dir='ltr'><strong>capite</strong></span> <span class='ocrx_word' id='word_1_171' title='bbox 593 2518 680 2562; x_wconf 86' lang='lat' dir='ltr'><strong>tuo</strong></span> <span class='ocrx_word' id='word_1_172' title='bbox 720 2526 824 2562; x_wconf 85' lang='lat' dir='ltr'><strong>non</strong></span> <span class='ocrx_word' id='word_1_173' title='bbox 860 2509 1068 2578; x_wconf 75' lang='lat' dir='ltr'><strong>deficiat</strong></span> <span class='ocrx_word' id='word_1_174' title='bbox 1099 2511 1142 2574; x_wconf 81' lang='lat'><strong>’,</strong></span> <span class='ocrx_word' id='word_1_175' title='bbox 1184 2520 1244 2564; x_wconf 91' lang='lat' dir='ltr'><strong>ut</strong></span> <span class='ocrx_word' id='word_1_176' title='bbox 1285 2523 1565 2582; x_wconf 90' lang='lat' dir='ltr'><strong>oporteret</strong></span> <span class='ocrx_word' id='word_1_177' title='bbox 1603 2515 1959 2586; x_wconf 80' lang='lat' dir='ltr'><strong>eleemosyme</strong></span> 
     </span>
    </p>
   </div>
   <div class='ocr_carea' id='block_1_25' title="bbox 339 2599 1960 2669">
    <p class='ocr_par' dir='ltr' id='par_1_25' title="bbox 339 2599 1960 2669">
     <span class='ocr_line' id='line_1_25' title="bbox 339 2599 1960 2669; baseline 0.006 -19"><span class='ocrx_word' id='word_1_178' title='bbox 339 2599 662 2656; x_wconf 83' lang='lat' dir='ltr'><strong>.lucernam</strong></span> <span class='ocrx_word' id='word_1_179' title='bbox 720 2601 1014 2656; x_wconf 89' lang='lat' dir='ltr'><strong>incendere</strong></span> <span class='ocrx_word' id='word_1_180' title='bbox 1074 2602 1334 2657; x_wconf 82' lang='lat' dir='ltr'><strong>continue</strong></span> <span class='ocrx_word' id='word_1_181' title='bbox 1389 2605 1706 2669; x_wconf 90' lang='lat' dir='ltr'><strong>ostendens,</strong></span> <span class='ocrx_word' id='word_1_182' title='bbox 1754 2615 1807 2660; x_wconf 89' lang='lat' dir='ltr'><strong>et</strong></span> <span class='ocrx_word' id='word_1_183' title='bbox 1856 2607 1960 2660; x_wconf 85' lang='lat' dir='ltr'><strong>hoc</strong></span> 
     </span>
    </p>
   </div>
   <div class='ocr_carea' id='block_1_26' title="bbox 384 2690 1957 2762">
    <p class='ocr_par' dir='ltr' id='par_1_26' title="bbox 384 2690 1957 2762">
     <span class='ocr_line' id='line_1_26' title="bbox 384 2690 1957 2762; baseline 0.006 -18"><span class='ocrx_word' id='word_1_184' title='bbox 384 2690 563 2760; x_wconf 90' lang='lat' dir='ltr'><strong>ipsum</strong></span> <span class='ocrx_word' id='word_1_185' title='bbox 617 2707 800 2745; x_wconf 88' lang='lat' dir='ltr'><strong>coram</strong></span> <span class='ocrx_word' id='word_1_186' title='bbox 849 2691 1100 2756; x_wconf 88' lang='lat' dir='ltr'><strong>Domino,</strong></span> <span class='ocrx_word' id='word_1_187' title='bbox 1133 2693 1274 2746; x_wconf 88' lang='lat' dir='ltr'><strong>sicut</strong></span> <span class='ocrx_word' id='word_1_188' title='bbox 1321 2694 1435 2762; x_wconf 87' lang='lat' dir='ltr'><strong>ipse</strong></span> <span class='ocrx_word' id='word_1_189' title='bbox 1475 2695 1737 2749; x_wconf 85' lang='lat' dir='ltr'><strong>Dominus</strong></span> <span class='ocrx_word' id='word_1_190' title='bbox 1777 2697 1957 2753; x_wconf 81' lang='lat' dir='ltr'><strong>dixiL:</strong></span> 
     </span>
    </p>
   </div>
   <div class='ocr_carea' id='block_1_27' title="bbox 382 2780 1956 2853">
    <p class='ocr_par' dir='ltr' id='par_1_27' title="bbox 382 2780 1956 2853">
     <span class='ocr_line' id='line_1_27' title="bbox 382 2780 1956 2853; baseline 0.003 -17"><span class='ocrx_word' id='word_1_191' title='bbox 382 2780 449 2836; x_wconf 80' lang='lat' dir='ltr'><strong>Te</strong></span> <span class='ocrx_word' id='word_1_192' title='bbox 483 2791 658 2836; x_wconf 90' lang='lat' dir='ltr'><strong>autem</strong></span> <span class='ocrx_word' id='word_1_193' title='bbox 685 2783 910 2852; x_wconf 81' lang='lat' dir='ltr'><strong>faciente</strong></span> <span class='ocrx_word' id='word_1_194' title='bbox 965 2783 1364 2853; x_wconf 85' lang='lat' dir='ltr'><strong>eleemosynam,</strong></span> <span class='ocrx_word' id='word_1_195' title='bbox 1405 2787 1600 2839; x_wconf 85' lang='lat' dir='ltr'><strong>nesciat</strong></span> <span class='ocrx_word' id='word_1_196' title='bbox 1618 2787 1829 2840; x_wconf 84' lang='lat' dir='ltr'><strong>sinistra</strong></span> <span class='ocrx_word' id='word_1_197' title='bbox 1864 2798 1956 2841; x_wconf 87' lang='lat' dir='ltr'><strong>tua</strong></span> 
     </span>
    </p>
   </div>
   <div class='ocr_carea' id='block_1_28' title="bbox 380 2873 1957 2944">
    <p class='ocr_par' dir='ltr' id='par_1_28' title="bbox 380 2873 1957 2944">
     <span class='ocr_line' id='line_1_28' title="bbox 380 2873 1957 2944; baseline 0.004 -20"><span class='ocrx_word' id='word_1_198' title='bbox 380 2873 507 2938; x_wconf 83' lang='lat' dir='ltr'><strong>quid</strong></span> <span class='ocrx_word' id='word_1_199' title='bbox 551 2873 717 2942; x_wconf 79' lang='lat' dir='ltr'><strong>faciat</strong></span> <span class='ocrx_word' id='word_1_200' title='bbox 762 2875 973 2927; x_wconf 74' lang='lat' dir='ltr'><strong>dextera</strong></span> <span class='ocrx_word' id='word_1_201' title='bbox 1030 2885 1142 2936; x_wconf 88' lang='lat' dir='ltr'><strong>tua,</strong></span> <span class='ocrx_word' id='word_1_202' title='bbox 1179 2887 1235 2927; x_wconf 91' lang='lat' dir='ltr'><strong>ut</strong></span> <span class='ocrx_word' id='word_1_203' title='bbox 1280 2875 1604 2944; x_wconf 79' lang='lat' dir='ltr'><strong>eleemosyna</strong></span> <span class='ocrx_word' id='word_1_204' title='bbox 1645 2887 1736 2931; x_wconf 87' lang='lat' dir='ltr'><strong>tua</strong></span> <span class='ocrx_word' id='word_1_205' title='bbox 1785 2879 1853 2930; x_wconf 83' lang='lat' dir='ltr'><strong>sit</strong></span> <span class='ocrx_word' id='word_1_206' title='bbox 1903 2880 1957 2932; x_wconf 84' lang='lat' dir='ltr'><strong>in</strong></span> 
     </span>
    </p>
   </div>
   <div class='ocr_carea' id='block_1_29' title="bbox 379 2962 1956 3036">
    <p class='ocr_par' dir='ltr' id='par_1_29' title="bbox 379 2962 1956 3036">
     <span class='ocr_line' id='line_1_29' title="bbox 379 2962 1956 3036; baseline 0.004 -21"><span class='ocrx_word' id='word_1_207' title='bbox 379 2962 701 3029; x_wconf 87' lang='lat' dir='ltr'><strong>abscondito,</strong></span> <span class='ocrx_word' id='word_1_208' title='bbox 752 2974 800 3017; x_wconf 89' lang='lat' dir='ltr'><strong>et</strong></span> <span class='ocrx_word' id='word_1_209' title='bbox 841 2964 1006 3019; x_wconf 87' lang='lat' dir='ltr'><strong>Pater</strong></span> <span class='ocrx_word' id='word_1_210' title='bbox 1048 2975 1166 3019; x_wconf 87' lang='lat' dir='ltr'><strong>tuus</strong></span> <span class='ocrx_word' id='word_1_211' title='bbox 1212 2968 1301 3036; x_wconf 85' lang='lat' dir='ltr'><strong>qui</strong></span> <span class='ocrx_word' id='word_1_212' title='bbox 1349 2968 1485 3021; x_wconf 82' lang='lat' dir='ltr'><strong>videt</strong></span> <span class='ocrx_word' id='word_1_213' title='bbox 1536 2969 1591 3020; x_wconf 87' lang='lat' dir='ltr'><strong>in</strong></span> <span class='ocrx_word' id='word_1_214' title='bbox 1638 2970 1956 3035; x_wconf 85' lang='lat' dir='ltr'><strong>abscondito,</strong></span> 
     </span>
    </p>
   </div>
   <div class='ocr_carea' id='block_1_30' title="bbox 380 3055 777 3109">
    <p class='ocr_par' dir='ltr' id='par_1_30' title="bbox 380 3055 777 3109">
     <span class='ocr_line' id='line_1_30' title="bbox 380 3055 777 3109; baseline 0.008 -3"><span class='ocrx_word' id='word_1_215' title='bbox 380 3055 557 3109; x_wconf 83' lang='lat' dir='ltr'><strong>reddet</strong></span> <span class='ocrx_word' id='word_1_216' title='bbox 589 3056 682 3109; x_wconf 88' lang='lat' dir='ltr'><strong>tibi</strong></span> <span class='ocrx_word' id='word_1_217' title='bbox 712 3057 777 3109; x_wconf 86' lang='grc'><strong>¹⁰.</strong></span> 
     </span>
    </p>
   </div>
   <div class='ocr_carea' id='block_1_31' title="bbox 1508 306 2508 391">
    <p class='ocr_par' dir='ltr' id='par_1_31' title="bbox 1508 306 2508 391">
     <span class='ocr_line' id='line_1_31' title="bbox 1508 306 2508 391; baseline 0.001 -20"><span class='ocrx_word' id='word_1_218' title='bbox 1508 306 1593 373; x_wconf 89' lang='lat' dir='ltr'><strong>IN</strong></span> <span class='ocrx_word' id='word_1_219' title='bbox 1624 312 2061 391; x_wconf 78' lang='lat' dir='ltr'><strong>LEVITICUM.</strong></span> <span class='ocrx_word' id='word_1_220' title='bbox 2096 339 2162 351; x_wconf 93' lang='lat'><strong>—</strong></span> <span class='ocrx_word' id='word_1_221' title='bbox 2201 313 2348 374; x_wconf 84' lang='lat' dir='ltr'><strong>LIB.</strong></span> <span class='ocrx_word' id='word_1_222' title='bbox 2374 313 2508 375; x_wconf 83' lang='lat' dir='ltr'><strong>vn.</strong></span> 
     </span>
    </p>
   </div>
   <div class='ocr_carea' id='block_1_32' title="bbox 1839 421 3629 499">
    <p class='ocr_par' dir='ltr' id='par_1_32' title="bbox 1839 421 3629 499">
     <span class='ocr_line' id='line_1_32' title="bbox 1839 421 3629 499; baseline 0.003 -15"><span class='ocrx_word' id='word_1_223' title='bbox 1839 421 1958 486; x_wconf 81' lang='lat' dir='ltr'><strong>haec</strong></span> <span class='ocrx_word' id='word_1_224' title='bbox 1989 445 2028 497; x_wconf 73' lang='grc' dir='ltr'><em>Α</em></span> <span class='ocrx_word' id='word_1_225' title='bbox 2062 428 2182 497; x_wconf 77' lang='lat' dir='ltr'><strong>ejus</strong></span> <span class='ocrx_word' id='word_1_226' title='bbox 2208 445 2222 481; x_wconf 90' lang='lat'><strong>:</strong></span> <span class='ocrx_word' id='word_1_227' title='bbox 2247 427 2501 482; x_wconf 87' lang='lat' dir='ltr'><strong>Christus</strong></span> <span class='ocrx_word' id='word_1_228' title='bbox 2525 425 2672 482; x_wconf 89' lang='lat' dir='ltr'><strong>enim</strong></span> <span class='ocrx_word' id='word_1_229' title='bbox 2695 425 2811 496; x_wconf 89' lang='lat' dir='ltr'><strong>ipse</strong></span> <span class='ocrx_word' id='word_1_230' title='bbox 2835 426 3030 496; x_wconf 84' lang='lat' dir='ltr'><strong>plenus</strong></span> <span class='ocrx_word' id='word_1_231' title='bbox 3055 435 3135 482; x_wconf 90' lang='lat' dir='ltr'><strong>est</strong></span> <span class='ocrx_word' id='word_1_232' title='bbox 3162 427 3376 499; x_wconf 89' lang='lat' dir='ltr'><strong>spiritu,</strong></span> <span class='ocrx_word' id='word_1_233' title='bbox 3402 430 3588 489; x_wconf 89' lang='lat' dir='ltr'><strong>dicens</strong></span> <span class='ocrx_word' id='word_1_234' title='bbox 3616 454 3629 490; x_wconf 86' lang='lat'><strong>:</strong></span> 
     </span>
    </p>
   </div>
   <div class='ocr_carea' id='block_1_33' title="bbox 3497 319 3630 386">
    <p class='ocr_par' dir='ltr' id='par_1_33' title="bbox 3497 319 3630 386">
     <span class='ocr_line' id='line_1_33' title="bbox 3497 319 3630 386; baseline 0.068 -8"><span class='ocrx_word' id='word_1_235' title='bbox 3497 319 3630 386; x_wconf 71' lang='lat'><strong>1102</strong></span> 
     </span>
    </p>
   </div>
   <div class='ocr_carea' id='block_1_34' title="bbox 2061 518 3630 590">
    <p class='ocr_par' dir='ltr' id='par_1_34' title="bbox 2061 518 3630 590">
     <span class='ocr_line' id='line_1_34' title="bbox 2061 518 3630 590; baseline 0.001 -15"><span class='ocrx_word' id='word_1_236' title='bbox 2061 519 2294 588; x_wconf 81' lang='lat' dir='ltr'><strong>Spiritus</strong></span> <span class='ocrx_word' id='word_1_237' title='bbox 2315 518 2532 574; x_wconf 87' lang='lat' dir='ltr'><strong>Domini</strong></span> <span class='ocrx_word' id='word_1_238' title='bbox 2558 534 2716 584; x_wconf 88' lang='lat' dir='ltr'><strong>super</strong></span> <span class='ocrx_word' id='word_1_239' title='bbox 2747 534 2848 575; x_wconf 89' lang='lat' dir='ltr'><strong>me.</strong></span> <span class='ocrx_word' id='word_1_240' title='bbox 2886 528 3098 587; x_wconf 81' lang='lat' dir='ltr'><strong>propter</strong></span> <span class='ocrx_word' id='word_1_241' title='bbox 3121 522 3257 590; x_wconf 83' lang='lat' dir='ltr'><strong>quod</strong></span> <span class='ocrx_word' id='word_1_242' title='bbox 3285 524 3434 577; x_wconf 76' lang='lat' dir='ltr'><strong>unxit</strong></span> <span class='ocrx_word' id='word_1_243' title='bbox 3461 542 3542 580; x_wconf 85' lang='lat' dir='ltr'><strong>me</strong></span> <span class='ocrx_word' id='word_1_244' title='bbox 3565 528 3630 582; x_wconf 75' lang='grc' dir='ltr'><strong>η,</strong></span> 
     </span>
    </p>
   </div>
   <div class='ocr_carea' id='block_1_35' title="bbox 2063 607 3636 682">
    <p class='ocr_par' dir='ltr' id='par_1_35' title="bbox 2063 607 3636 682">
     <span class='ocr_line' id='line_1_35' title="bbox 2063 607 3636 682; baseline 0.004 -17"><span class='ocrx_word' id='word_1_245' title='bbox 2063 611 2243 682; x_wconf 85' lang='lat' dir='ltr'><strong>Super</strong></span> <span class='ocrx_word' id='word_1_246' title='bbox 2270 626 2430 680; x_wconf 89' lang='lat' dir='ltr'><strong>quem</strong></span> <span class='ocrx_word' id='word_1_247' title='bbox 2461 610 2517 663; x_wconf 89' lang='lat' dir='ltr'><strong>in</strong></span> <span class='ocrx_word' id='word_1_248' title='bbox 2547 608 2727 679; x_wconf 85' lang='lat' dir='ltr'><strong>specie</strong></span> <span class='ocrx_word' id='word_1_249' title='bbox 2766 608 3034 664; x_wconf 74' lang='lat' dir='ltr'><strong>columbte</strong></span> <span class='ocrx_word' id='word_1_250' title='bbox 3062 610 3130 664; x_wconf 90' lang='lat' dir='ltr'><strong>de</strong></span> <span class='ocrx_word' id='word_1_251' title='bbox 3162 612 3301 664; x_wconf 70' lang='lat' dir='ltr'><strong>(mlo</strong></span> <span class='ocrx_word' id='word_1_252' title='bbox 3341 607 3636 672; x_wconf 82' lang='lat' dir='ltr'><strong>descende-</strong></span> 
     </span>
    </p>
   </div>
   <div class='ocr_carea' id='block_1_36' title="bbox 2061 699 3636 771">
    <p class='ocr_par' dir='ltr' id='par_1_36' title="bbox 2061 699 3636 771">
     <span class='ocr_line' id='line_1_36' title="bbox 2061 699 3636 771; baseline 0.003 -15"><span class='ocrx_word' id='word_1_253' title='bbox 2061 704 2170 756; x_wconf 89' lang='lat' dir='ltr'><strong>bat.</strong></span> <span class='ocrx_word' id='word_1_254' title='bbox 2202 701 2306 757; x_wconf 89' lang='lat' dir='ltr'><strong>Sed</strong></span> <span class='ocrx_word' id='word_1_255' title='bbox 2339 711 2388 756; x_wconf 91' lang='lat' dir='ltr'><strong>et</strong></span> <span class='ocrx_word' id='word_1_256' title='bbox 2417 703 2586 771; x_wconf 85' lang='lat' dir='ltr'><strong>ignem</strong></span> <span class='ocrx_word' id='word_1_257' title='bbox 2618 701 2735 753; x_wconf 79' lang='lat' dir='ltr'><strong>veni</strong></span> <span class='ocrx_word' id='word_1_258' title='bbox 2767 699 2976 753; x_wconf 88' lang='lat' dir='ltr'><strong>mittere</strong></span> <span class='ocrx_word' id='word_1_259' title='bbox 3002 716 3156 767; x_wconf 76' lang='lat' dir='ltr'><strong>super</strong></span> <span class='ocrx_word' id='word_1_260' title='bbox 3186 710 3403 770; x_wconf 87' lang='lat' dir='ltr'><strong>terram,</strong></span> <span class='ocrx_word' id='word_1_261' title='bbox 3434 715 3483 758; x_wconf 89' lang='lat' dir='ltr'><strong>et</strong></span> <span class='ocrx_word' id='word_1_262' title='bbox 3521 708 3636 761; x_wconf 80' lang='lat' dir='ltr'><strong>volo</strong></span> 
     </span>
    </p>
   </div>
   <div class='ocr_carea' id='block_1_37' title="bbox 2059 790 3637 866">
    <p class='ocr_par' dir='ltr' id='par_1_37' title="bbox 2059 790 3637 866">
     <span class='ocr_line' id='line_1_37' title="bbox 2059 790 3637 866; baseline 0.002 -20"><span class='ocrx_word' id='word_1_263' title='bbox 2059 804 2114 846; x_wconf 89' lang='lat' dir='ltr'><strong>ut</strong></span> <span class='ocrx_word' id='word_1_264' title='bbox 2145 793 2464 847; x_wconf 80' lang='lat' dir='ltr'><strong>accendatur</strong></span> <span class='ocrx_word' id='word_1_265' title='bbox 2491 793 2554 843; x_wconf 81' lang='grc'><strong>¹⁶.</strong></span> <span class='ocrx_word' id='word_1_266' title='bbox 2584 793 2717 846; x_wconf 80' lang='lat' dir='ltr'><strong>Cum</strong></span> <span class='ocrx_word' id='word_1_267' title='bbox 2753 791 2917 858; x_wconf 85' lang='lat' dir='ltr'><strong>hujus</strong></span> <span class='ocrx_word' id='word_1_268' title='bbox 2951 790 3186 845; x_wconf 73' lang='lat' dir='ltr'><strong>lucerna:</strong></span> <span class='ocrx_word' id='word_1_269' title='bbox 3219 791 3396 862; x_wconf 80' lang='lat' dir='ltr'><strong>ignem</strong></span> <span class='ocrx_word' id='word_1_270' title='bbox 3431 796 3637 866; x_wconf 86' lang='lat' dir='ltr'><strong>signiti-</strong></span> 
     </span>
    </p>
   </div>
   <div class='ocr_carea' id='block_1_38' title="bbox 2057 877 3632 948">
    <p class='ocr_par' dir='ltr' id='par_1_38' title="bbox 2057 877 3632 948">
     <span class='ocr_line' id='line_1_38' title="bbox 2057 877 3632 948; baseline 0.002 -11"><span class='ocrx_word' id='word_1_271' title='bbox 2057 890 2240 944; x_wconf 84' lang='lat' dir='ltr'><strong>caret,</strong></span> <span class='ocrx_word' id='word_1_272' title='bbox 2293 881 2525 935; x_wconf 87' lang='lat' dir='ltr'><strong>dicebat.</strong></span> <span class='ocrx_word' id='word_1_273' title='bbox 2580 880 2716 933; x_wconf 85' lang='lat' dir='ltr'><strong>Nam</strong></span> <span class='ocrx_word' id='word_1_274' title='bbox 2772 887 2828 932; x_wconf 90' lang='lat' dir='ltr'><strong>ct</strong></span> <span class='ocrx_word' id='word_1_275' title='bbox 2875 877 2992 947; x_wconf 90' lang='lat' dir='ltr'><strong>ipse</strong></span> <span class='ocrx_word' id='word_1_276' title='bbox 3048 878 3172 934; x_wconf 80' lang='lat' dir='ltr'><strong>filiis</strong></span> <span class='ocrx_word' id='word_1_277' title='bbox 3225 880 3340 935; x_wconf 86' lang='lat' dir='ltr'><strong>suis</strong></span> <span class='ocrx_word' id='word_1_278' title='bbox 3392 885 3632 948; x_wconf 82' lang='lat' dir='ltr'><strong>tradidit.</strong></span> 
     </span>
    </p>
   </div>
   <div class='ocr_carea' id='block_1_39' title="bbox 2058 968 3634 1044">
    <p class='ocr_par' dir='ltr' id='par_1_39' title="bbox 2058 968 3634 1044">
     <span class='ocr_line' id='line_1_39' title="bbox 2058 968 3634 1044; baseline 0.002 -19"><span class='ocrx_word' id='word_1_279' title='bbox 2058 971 2277 1042; x_wconf 91' lang='lat' dir='ltr'><strong>quando</strong></span> <span class='ocrx_word' id='word_1_280' title='bbox 2314 968 2596 1024; x_wconf 83' lang='lat' dir='ltr'><strong>insulllans</strong></span> <span class='ocrx_word' id='word_1_281' title='bbox 2634 969 2913 1038; x_wconf 87' lang='lat' dir='ltr'><strong>apostolis,</strong></span> <span class='ocrx_word' id='word_1_282' title='bbox 2950 969 3163 1024; x_wconf 88' lang='lat' dir='ltr'><strong>dicebat</strong></span> <span class='ocrx_word' id='word_1_283' title='bbox 3193 987 3206 1025; x_wconf 88' lang='lat'><strong>:</strong></span> <span class='ocrx_word' id='word_1_284' title='bbox 3241 970 3476 1042; x_wconf 81' lang='lat' dir='ltr'><strong>Accipite</strong></span> <span class='ocrx_word' id='word_1_285' title='bbox 3511 974 3634 1044; x_wconf 86' lang='lat' dir='ltr'><strong>Spi-</strong></span> 
     </span>
    </p>
   </div>
   <div class='ocr_carea' id='block_1_40' title="bbox 2057 1059 3636 1121">
    <p class='ocr_par' dir='ltr' id='par_1_40' title="bbox 2057 1059 3636 1121">
     <span class='ocr_line' id='line_1_40' title="bbox 2057 1059 3636 1121; baseline 0.003 -5"><span class='ocrx_word' id='word_1_286' title='bbox 2057 1065 2220 1116; x_wconf 84' lang='lat' dir='ltr'><strong>ritum</strong></span> <span class='ocrx_word' id='word_1_287' title='bbox 2271 1072 2511 1116; x_wconf 83' lang='lat' dir='ltr'><strong>sanetum</strong></span> <span class='ocrx_word' id='word_1_288' title='bbox 2545 1062 2607 1113; x_wconf 86' lang='grc'><strong>¹⁷.</strong></span> <span class='ocrx_word' id='word_1_289' title='bbox 2646 1059 2754 1114; x_wconf 86' lang='lat' dir='ltr'><strong>Sed</strong></span> <span class='ocrx_word' id='word_1_290' title='bbox 2800 1061 3019 1115; x_wconf 85' lang='lat' dir='ltr'><strong>lucerna</strong></span> <span class='ocrx_word' id='word_1_291' title='bbox 3055 1060 3158 1114; x_wconf 88' lang='lat' dir='ltr'><strong>ista</strong></span> <span class='ocrx_word' id='word_1_292' title='bbox 3200 1061 3358 1117; x_wconf 87' lang='lat' dir='ltr'><strong>aliter</strong></span> <span class='ocrx_word' id='word_1_293' title='bbox 3392 1078 3501 1119; x_wconf 81' lang='lat' dir='ltr'><strong>non</strong></span> <span class='ocrx_word' id='word_1_294' title='bbox 3548 1067 3636 1121; x_wconf 85' lang='lat' dir='ltr'><strong>in-</strong></span> 
     </span>
    </p>
   </div>
   <div class='ocr_carea' id='block_1_41' title="bbox 2057 1146 3636 1218">
    <p class='ocr_par' dir='ltr' id='par_1_41' title="bbox 2057 1146 3636 1218">
     <span class='ocr_line' id='line_1_41' title="bbox 2057 1146 3636 1218; baseline 0.002 -15"><span class='ocrx_word' id='word_1_295' title='bbox 2057 1150 2327 1214; x_wconf 87' lang='lat' dir='ltr'><strong>cenditur,</strong></span> <span class='ocrx_word' id='word_1_296' title='bbox 2359 1147 2463 1200; x_wconf 89' lang='lat' dir='ltr'><strong>nisi</strong></span> <span class='ocrx_word' id='word_1_297' title='bbox 2503 1161 2600 1218; x_wconf 89' lang='lat' dir='ltr'><strong>per</strong></span> <span class='ocrx_word' id='word_1_298' title='bbox 2630 1146 2794 1200; x_wconf 89' lang='lat' dir='ltr'><strong>vitam</strong></span> <span class='ocrx_word' id='word_1_299' title='bbox 2831 1147 3109 1211; x_wconf 87' lang='lat' dir='ltr'><strong>mundam,</strong></span> <span class='ocrx_word' id='word_1_300' title='bbox 3138 1156 3194 1202; x_wconf 91' lang='lat' dir='ltr'><strong>et</strong></span> <span class='ocrx_word' id='word_1_301' title='bbox 3223 1156 3320 1218; x_wconf 59' lang='lat' dir='ltr'><strong>per</strong></span> <span class='ocrx_word' id='word_1_302' title='bbox 3345 1167 3636 1207; x_wconf 76' lang='lat' dir='ltr'><strong>tenversa-</strong></span> 
     </span>
    </p>
   </div>
   <div class='ocr_carea' id='block_1_42' title="bbox 2058 1236 3633 1303">
    <p class='ocr_par' dir='ltr' id='par_1_42' title="bbox 2058 1236 3633 1303">
     <span class='ocr_line' id='line_1_42' title="bbox 2058 1236 3633 1303; baseline 0.003 -10"><span class='ocrx_word' id='word_1_303' title='bbox 2058 1239 2263 1294; x_wconf 89' lang='lat' dir='ltr'><strong>tionem</strong></span> <span class='ocrx_word' id='word_1_304' title='bbox 2293 1239 2706 1302; x_wconf 89' lang='lat' dir='ltr'><strong>lucidissimam,</strong></span> <span class='ocrx_word' id='word_1_305' title='bbox 2735 1236 2851 1290; x_wconf 86' lang='lat' dir='ltr'><strong>sive</strong></span> <span class='ocrx_word' id='word_1_306' title='bbox 2887 1237 3111 1292; x_wconf 88' lang='lat' dir='ltr'><strong>claram.</strong></span> <span class='ocrx_word' id='word_1_307' title='bbox 3147 1238 3251 1303; x_wconf 86' lang='lat' dir='ltr'><strong>Qui</strong></span> <span class='ocrx_word' id='word_1_308' title='bbox 3287 1249 3466 1295; x_wconf 88' lang='lat' dir='ltr'><strong>autem</strong></span> <span class='ocrx_word' id='word_1_309' title='bbox 3511 1245 3633 1298; x_wconf 85' lang='lat' dir='ltr'><strong>talis</strong></span> 
     </span>
    </p>
   </div>
   <div class='ocr_carea' id='block_1_43' title="bbox 2057 1328 3633 1401">
    <p class='ocr_par' dir='ltr' id='par_1_43' title="bbox 2057 1328 3633 1401">
     <span class='ocr_line' id='line_1_43' title="bbox 2057 1328 3633 1401; baseline 0.004 -17"><span class='ocrx_word' id='word_1_310' title='bbox 2057 1345 2168 1386; x_wconf 90' lang='lat' dir='ltr'><strong>non</strong></span> <span class='ocrx_word' id='word_1_311' title='bbox 2210 1339 2316 1394; x_wconf 89' lang='lat' dir='ltr'><strong>est,</strong></span> <span class='ocrx_word' id='word_1_312' title='bbox 2355 1330 2576 1399; x_wconf 87' lang='lat' dir='ltr'><strong>spiritus</strong></span> <span class='ocrx_word' id='word_1_313' title='bbox 2607 1329 2662 1382; x_wconf 93' lang='lat' dir='ltr'><strong>in</strong></span> <span class='ocrx_word' id='word_1_314' title='bbox 2701 1343 2768 1382; x_wconf 93' lang='lat' dir='ltr'><strong>eo</strong></span> <span class='ocrx_word' id='word_1_315' title='bbox 2809 1328 3208 1400; x_wconf 79' lang='lat' dir='ltr'><strong>exstinguetur.</strong></span> <span class='ocrx_word' id='word_1_316' title='bbox 3260 1330 3446 1401; x_wconf 81' lang='lat' dir='ltr'><strong>Neque</strong></span> <span class='ocrx_word' id='word_1_317' title='bbox 3489 1337 3633 1389; x_wconf 89' lang='lat' dir='ltr'><strong>enim</strong></span> 
     </span>
    </p>
   </div>
   <div class='ocr_carea' id='block_1_44' title="bbox 2055 1420 3636 1492">
    <p class='ocr_par' dir='ltr' id='par_1_44' title="bbox 2055 1420 3636 1492">
     <span class='ocr_line' id='line_1_44' title="bbox 2055 1420 3636 1492; baseline 0.003 -15"><span class='ocrx_word' id='word_1_318' title='bbox 2055 1423 2173 1477; x_wconf 84' lang='lat' dir='ltr'><strong>sine</strong></span> <span class='ocrx_word' id='word_1_319' title='bbox 2218 1437 2382 1477; x_wconf 85' lang='lat' dir='ltr'><strong>causa</strong></span> <span class='ocrx_word' id='word_1_320' title='bbox 2427 1421 2626 1475; x_wconf 82' lang='lat' dir='ltr'><strong>Paulus</strong></span> <span class='ocrx_word' id='word_1_321' title='bbox 2674 1420 3103 1482; x_wconf 87' lang='lat' dir='ltr'><strong>contestabatur,</strong></span> <span class='ocrx_word' id='word_1_322' title='bbox 3159 1420 3418 1492; x_wconf 84' lang='lat' dir='ltr'><strong>Spiritum</strong></span> <span class='ocrx_word' id='word_1_323' title='bbox 3477 1428 3636 1481; x_wconf 77' lang='lat' dir='ltr'><strong>nolite</strong></span> 
     </span>
    </p>
   </div>
   <div class='ocr_carea' id='block_1_45' title="bbox 2056 1511 3637 1584">
    <p class='ocr_par' dir='ltr' id='par_1_45' title="bbox 2056 1511 3637 1584">
     <span class='ocr_line' id='line_1_45' title="bbox 2056 1511 3637 1584; baseline 0.001 -17"><span class='ocrx_word' id='word_1_324' title='bbox 2056 1514 2381 1583; x_wconf 76' lang='lat' dir='ltr'><strong>exstinguere</strong></span> <span class='ocrx_word' id='word_1_325' title='bbox 2406 1511 2449 1543; x_wconf 76' lang='grc'>⁸⁸</span> <span class='ocrx_word' id='word_1_326' title='bbox 2482 1529 2494 1564; x_wconf 90' lang='lat'><strong>:</strong></span> <span class='ocrx_word' id='word_1_327' title='bbox 2529 1511 2582 1564; x_wconf 89' lang='lat' dir='ltr'><strong>in</strong></span> <span class='ocrx_word' id='word_1_328' title='bbox 2611 1511 2770 1565; x_wconf 89' lang='lat' dir='ltr'><strong>nobis</strong></span> <span class='ocrx_word' id='word_1_329' title='bbox 2796 1525 2939 1574; x_wconf 88' lang='lat' dir='ltr'><strong>esse,</strong></span> <span class='ocrx_word' id='word_1_330' title='bbox 2965 1511 3257 1567; x_wconf 86' lang='lat' dir='ltr'><strong>incendere</strong></span> <span class='ocrx_word' id='word_1_331' title='bbox 3289 1515 3408 1584; x_wconf 87' lang='lat' dir='ltr'><strong>ejus</strong></span> <span class='ocrx_word' id='word_1_332' title='bbox 3438 1530 3637 1584; x_wconf 86' lang='lat' dir='ltr'><strong>opera-</strong></span> 
     </span>
    </p>
   </div>
   <div class='ocr_carea' id='block_1_46' title="bbox 2057 1601 3634 1674">
    <p class='ocr_par' dir='ltr' id='par_1_46' title="bbox 2057 1601 3634 1674">
     <span class='ocr_line' id='line_1_46' title="bbox 2057 1601 3634 1674; baseline 0.003 -17"><span class='ocrx_word' id='word_1_333' title='bbox 2057 1605 2258 1664; x_wconf 90' lang='lat' dir='ltr'><strong>tionem</strong></span> <span class='ocrx_word' id='word_1_334' title='bbox 2286 1612 2343 1658; x_wconf 91' lang='lat' dir='ltr'><strong>et</strong></span> <span class='ocrx_word' id='word_1_335' title='bbox 2372 1603 2738 1673; x_wconf 80' lang='lat' dir='ltr'><strong>exstinguere,</strong></span> <span class='ocrx_word' id='word_1_336' title='bbox 2766 1610 2861 1656; x_wconf 88' lang='lat' dir='ltr'><strong>aut</strong></span> <span class='ocrx_word' id='word_1_337' title='bbox 2887 1601 3170 1656; x_wconf 89' lang='lat' dir='ltr'><strong>studentes</strong></span> <span class='ocrx_word' id='word_1_338' title='bbox 3203 1618 3287 1670; x_wconf 86' lang='lat' dir='ltr'><strong>ea,</strong></span> <span class='ocrx_word' id='word_1_339' title='bbox 3319 1606 3517 1674; x_wconf 90' lang='lat' dir='ltr'><strong>quibus</strong></span> <span class='ocrx_word' id='word_1_340' title='bbox 3547 1608 3634 1661; x_wconf 37' lang='lat' dir='ltr'><strong>ine</strong></span> 
     </span>
    </p>
   </div>
   <div class='ocr_carea' id='block_1_47' title="bbox 2057 1691 3633 1761">
    <p class='ocr_par' dir='ltr' id='par_1_47' title="bbox 2057 1691 3633 1761">
     <span class='ocr_line' id='line_1_47' title="bbox 2057 1691 3633 1761; baseline 0.003 -13"><span class='ocrx_word' id='word_1_341' title='bbox 2057 1694 2345 1759; x_wconf 72' lang='lat' dir='ltr'><strong>condatur,</strong></span> <span class='ocrx_word' id='word_1_342' title='bbox 2398 1702 2490 1746; x_wconf 89' lang='lat' dir='ltr'><strong>aut</strong></span> <span class='ocrx_word' id='word_1_343' title='bbox 2551 1692 2922 1761; x_wconf 79' lang='lat' dir='ltr'><strong>negligentes,</strong></span> <span class='ocrx_word' id='word_1_344' title='bbox 2979 1691 3263 1747; x_wconf 76' lang='lat' dir='ltr'><strong>evidenter</strong></span> <span class='ocrx_word' id='word_1_345' title='bbox 3317 1695 3633 1752; x_wconf 84' lang='lat' dir='ltr'><strong>ostendens.</strong></span> 
     </span>
    </p>
   </div>
   <div class='ocr_carea' id='block_1_48' title="bbox 2058 1781 3636 1853">
    <p class='ocr_par' dir='ltr' id='par_1_48' title="bbox 2058 1781 3636 1853">
     <span class='ocr_line' id='line_1_48' title="bbox 2058 1781 3636 1853; baseline 0.004 -16"><span class='ocrx_word' id='word_1_346' title='bbox 2058 1784 2233 1838; x_wconf 79' lang='lat' dir='ltr'><strong>Nimis</strong></span> <span class='ocrx_word' id='word_1_347' title='bbox 2268 1797 2400 1853; x_wconf 88' lang='lat' dir='ltr'><strong>ergo</strong></span> <span class='ocrx_word' id='word_1_348' title='bbox 2437 1782 2705 1846; x_wconf 87' lang='lat' dir='ltr'><strong>ordinate,</strong></span> <span class='ocrx_word' id='word_1_349' title='bbox 2738 1781 3176 1850; x_wconf 86' lang='lat' dir='ltr'><strong>quandoquidem</strong></span> <span class='ocrx_word' id='word_1_350' title='bbox 3215 1783 3452 1840; x_wconf 71' lang='lat' dir='ltr'><strong>lucerna:</strong></span> <span class='ocrx_word' id='word_1_351' title='bbox 3482 1803 3636 1843; x_wconf 79' lang='lat' dir='ltr'><strong>men-</strong></span> 
     </span>
    </p>
   </div>
   <div class='ocr_carea' id='block_1_49' title="bbox 2059 1873 3634 1950">
    <p class='ocr_par' dir='ltr' id='par_1_49' title="bbox 2059 1873 3634 1950">
     <span class='ocr_line' id='line_1_49' title="bbox 2059 1873 3634 1950; baseline 0.006 -24"><span class='ocrx_word' id='word_1_352' title='bbox 2059 1873 2265 1928; x_wconf 86' lang='lat' dir='ltr'><strong>tionem</strong></span> <span class='ocrx_word' id='word_1_353' title='bbox 2301 1873 2453 1938; x_wconf 74' lang='lat' dir='ltr'><strong>facit,</strong></span> <span class='ocrx_word' id='word_1_354' title='bbox 2482 1889 2590 1928; x_wconf 90' lang='lat' dir='ltr'><strong>non</strong></span> <span class='ocrx_word' id='word_1_355' title='bbox 2636 1883 2818 1928; x_wconf 87' lang='lat' dir='ltr'><strong>autem</strong></span> <span class='ocrx_word' id='word_1_356' title='bbox 2855 1873 3224 1940; x_wconf 90' lang='lat' dir='ltr'><strong>lucernarum,</strong></span> <span class='ocrx_word' id='word_1_357' title='bbox 3260 1876 3386 1945; x_wconf 88' lang='lat' dir='ltr'><strong>quia</strong></span> <span class='ocrx_word' id='word_1_358' title='bbox 3415 1879 3484 1934; x_wconf 91' lang='lat' dir='ltr'><strong>de</strong></span> <span class='ocrx_word' id='word_1_359' title='bbox 3517 1880 3634 1950; x_wconf 85' lang='lat' dir='ltr'><strong>ipso</strong></span> 
     </span>
    </p>
   </div>
   <div class='ocr_carea' id='block_1_50' title="bbox 2057 1962 3634 2042">
    <p class='ocr_par' dir='ltr' id='par_1_50' title="bbox 2057 1962 3634 2042">
     <span class='ocr_line' id='line_1_50' title="bbox 2057 1962 3634 2042; baseline 0.005 -24"><span class='ocrx_word' id='word_1_360' title='bbox 2057 1973 2248 2019; x_wconf 86' lang='lat' dir='ltr'><strong>sancto</strong></span> <span class='ocrx_word' id='word_1_361' title='bbox 2270 1965 2508 2034; x_wconf 88' lang='lat' dir='ltr'><strong>loquitur</strong></span> <span class='ocrx_word' id='word_1_362' title='bbox 2531 1962 2758 2035; x_wconf 88' lang='lat' dir='ltr'><strong>Spiritu,</strong></span> <span class='ocrx_word' id='word_1_363' title='bbox 2787 1964 2869 2019; x_wconf 91' lang='lat' dir='ltr'><strong>sic</strong></span> <span class='ocrx_word' id='word_1_364' title='bbox 2895 1965 3046 2030; x_wconf 86' lang='lat' dir='ltr'><strong>dicit,</strong></span> <span class='ocrx_word' id='word_1_365' title='bbox 3073 1975 3129 2020; x_wconf 92' lang='lat' dir='ltr'><strong>ut</strong></span> <span class='ocrx_word' id='word_1_366' title='bbox 3160 1965 3383 2022; x_wconf 87' lang='lat' dir='ltr'><strong>lucerna</strong></span> <span class='ocrx_word' id='word_1_367' title='bbox 3421 1985 3634 2042; x_wconf 87' lang='lat' dir='ltr'><strong>semper</strong></span> 
     </span>
    </p>
   </div>
   <div class='ocr_carea' id='block_1_51' title="bbox 2057 2056 3635 2132">
    <p class='ocr_par' dir='ltr' id='par_1_51' title="bbox 2057 2056 3635 2132">
     <span class='ocr_line' id='line_1_51' title="bbox 2057 2056 3635 2132; baseline 0.005 -23"><span class='ocrx_word' id='word_1_368' title='bbox 2057 2056 2268 2118; x_wconf 86' lang='lat' dir='ltr'><strong>ardeat,</strong></span> <span class='ocrx_word' id='word_1_369' title='bbox 2301 2065 2411 2110; x_wconf 88' lang='lat' dir='ltr'><strong>tam</strong></span> <span class='ocrx_word' id='word_1_370' title='bbox 2441 2056 2561 2126; x_wconf 85' lang='lat' dir='ltr'><strong>ejus</strong></span> <span class='ocrx_word' id='word_1_371' title='bbox 2583 2057 2942 2111; x_wconf 79' lang='lat' dir='ltr'><strong>aeternitatem</strong></span> <span class='ocrx_word' id='word_1_372' title='bbox 2982 2058 3299 2123; x_wconf 88' lang='lat' dir='ltr'><strong>ostendens,</strong></span> <span class='ocrx_word' id='word_1_373' title='bbox 3321 2061 3445 2129; x_wconf 89' lang='lat' dir='ltr'><strong>quia</strong></span> <span class='ocrx_word' id='word_1_374' title='bbox 3471 2076 3635 2132; x_wconf 67' lang='lat' dir='ltr'><strong>apono</strong></span> 
     </span>
    </p>
   </div>
   <div class='ocr_carea' id='block_1_52' title="bbox 2060 2147 3631 2216">
    <p class='ocr_par' dir='ltr' id='par_1_52' title="bbox 2060 2147 3631 2216">
     <span class='ocr_line' id='line_1_52' title="bbox 2060 2147 3631 2216; baseline 0.006 -18"><span class='ocrx_word' id='word_1_375' title='bbox 2060 2154 2135 2212; x_wconf 89' lang='lat' dir='ltr'><strong>te,</strong></span> <span class='ocrx_word' id='word_1_376' title='bbox 2164 2155 2222 2202; x_wconf 86' lang='lat' dir='ltr'><strong>et</strong></span> <span class='ocrx_word' id='word_1_377' title='bbox 2254 2163 2318 2202; x_wconf 81' lang='lat' dir='ltr'><strong>ex</strong></span> <span class='ocrx_word' id='word_1_378' title='bbox 2366 2163 2462 2202; x_wconf 88' lang='lat' dir='ltr'><strong>sua</strong></span> <span class='ocrx_word' id='word_1_379' title='bbox 2505 2148 2830 2201; x_wconf 85' lang='lat' dir='ltr'><strong>auctoritate</strong></span> <span class='ocrx_word' id='word_1_380' title='bbox 2869 2148 3240 2204; x_wconf 86' lang='lat' dir='ltr'><strong>succenditur.</strong></span> <span class='ocrx_word' id='word_1_381' title='bbox 3274 2150 3410 2216; x_wconf 86' lang='lat' dir='ltr'><strong>Quia</strong></span> <span class='ocrx_word' id='word_1_382' title='bbox 3449 2147 3631 2209; x_wconf 84' lang='lat' dir='ltr'><strong>autem</strong></span> 
     </span>
    </p>
   </div>
   <div class='ocr_carea' id='block_1_53' title="bbox 2059 2236 3636 2314">
    <p class='ocr_par' dir='ltr' id='par_1_53' title="bbox 2059 2236 3636 2314">
     <span class='ocr_line' id='line_1_53' title="bbox 2059 2236 3636 2314; baseline 0.006 -24"><span class='ocrx_word' id='word_1_383' title='bbox 2059 2236 2405 2292; x_wconf 85' lang='lat' dir='ltr'><strong>lucernarum</strong></span> <span class='ocrx_word' id='word_1_384' title='bbox 2444 2237 2758 2292; x_wconf 88' lang='lat' dir='ltr'><strong>memoriam</strong></span> <span class='ocrx_word' id='word_1_385' title='bbox 2795 2237 2943 2301; x_wconf 79' lang='lat' dir='ltr'><strong>fecit,</strong></span> <span class='ocrx_word' id='word_1_386' title='bbox 2978 2237 3473 2307; x_wconf 90' lang='lat' dir='ltr'><strong>dicitoperationes</strong></span> <span class='ocrx_word' id='word_1_387' title='bbox 3513 2244 3636 2314; x_wconf 81' lang='lat' dir='ltr'><strong>Spi-</strong></span> 
     </span>
    </p>
   </div>
   <div class='ocr_carea' id='block_1_54' title="bbox 2060 2324 3636 2387">
    <p class='ocr_par' dir='ltr' id='par_1_54' title="bbox 2060 2324 3636 2387">
     <span class='ocr_line' id='line_1_54' title="bbox 2060 2324 3636 2387; baseline 0.006 -9"><span class='ocrx_word' id='word_1_388' title='bbox 2060 2325 2220 2380; x_wconf 88' lang='lat' dir='ltr'><strong>ritus.</strong></span> <span class='ocrx_word' id='word_1_389' title='bbox 2269 2324 2442 2380; x_wconf 79' lang='lat' dir='ltr'><strong>Aiunt</strong></span> <span class='ocrx_word' id='word_1_390' title='bbox 2485 2334 2665 2380; x_wconf 87' lang='lat' dir='ltr'><strong>autem</strong></span> <span class='ocrx_word' id='word_1_391' title='bbox 2700 2325 2837 2380; x_wconf 77' lang='lat' dir='ltr'><strong>LXX</strong></span> <span class='ocrx_word' id='word_1_392' title='bbox 2873 2343 2884 2377; x_wconf 90' lang='lat'>:</span> <span class='ocrx_word' id='word_1_393' title='bbox 2914 2325 3192 2380; x_wconf 82' lang='lat' dir='ltr'><strong>Incendent</strong></span> <span class='ocrx_word' id='word_1_394' title='bbox 3235 2329 3474 2385; x_wconf 85' lang='lat' dir='ltr'><strong>lucernas</strong></span> <span class='ocrx_word' id='word_1_395' title='bbox 3511 2342 3636 2387; x_wconf 82' lang='lat' dir='ltr'><strong>ante</strong></span> 
     </span>
    </p>
   </div>
   <div class='ocr_carea' id='block_1_55' title="bbox 2060 2415 3635 2492">
    <p class='ocr_par' dir='ltr' id='par_1_55' title="bbox 2060 2415 3635 2492">
     <span class='ocr_line' id='line_1_55' title="bbox 2060 2415 3635 2492; baseline 0.005 -24"><span class='ocrx_word' id='word_1_396' title='bbox 2060 2415 2347 2471; x_wconf 84' lang='lat' dir='ltr'><strong>Dominum</strong></span> <span class='ocrx_word' id='word_1_397' title='bbox 2388 2433 2549 2487; x_wconf 80' lang='lat' dir='ltr'><strong>usque</strong></span> <span class='ocrx_word' id='word_1_398' title='bbox 2588 2432 2764 2479; x_wconf 85' lang='lat' dir='ltr'><strong>mane,</strong></span> <span class='ocrx_word' id='word_1_399' title='bbox 2807 2416 2913 2471; x_wconf 86' lang='lat' dir='ltr'><strong>hoc</strong></span> <span class='ocrx_word' id='word_1_400' title='bbox 2960 2419 3332 2486; x_wconf 89' lang='lat' dir='ltr'><strong>ostendentes,</strong></span> <span class='ocrx_word' id='word_1_401' title='bbox 3370 2423 3496 2492; x_wconf 85' lang='lat' dir='ltr'><strong>quia</strong></span> <span class='ocrx_word' id='word_1_402' title='bbox 3531 2439 3635 2478; x_wconf 69' lang='lat' dir='ltr'><strong>nos</strong></span> 
     </span>
    </p>
   </div>
   <div class='ocr_carea' id='block_1_56' title="bbox 2058 2499 3636 2581">
    <p class='ocr_par' dir='ltr' id='par_1_56' title="bbox 2058 2499 3636 2581">
     <span class='ocr_line' id='line_1_56' title="bbox 2058 2499 3636 2581; baseline 0.004 -19"><span class='ocrx_word' id='word_1_403' title='bbox 2058 2523 2197 2577; x_wconf 89' lang='lat' dir='ltr'><strong>opus</strong></span> <span class='ocrx_word' id='word_1_404' title='bbox 2268 2508 2530 2564; x_wconf 87' lang='lat' dir='ltr'><strong>habemus</strong></span> <span class='ocrx_word' id='word_1_405' title='bbox 2603 2507 2903 2561; x_wconf 88' lang='lat' dir='ltr'><strong>accendere</strong></span> <span class='ocrx_word' id='word_1_406' title='bbox 2973 2499 3318 2576; x_wconf 74' lang='lat' dir='ltr'><strong>operation&#39;es</strong></span> <span class='ocrx_word' id='word_1_407' title='bbox 3379 2513 3636 2581; x_wconf 79' lang='lat' dir='ltr'><strong>Spiritalis</strong></span> 
     </span>
    </p>
   </div>
   <div class='ocr_carea' id='block_1_57' title="bbox 2059 2596 3633 2669">
    <p class='ocr_par' dir='ltr' id='par_1_57' title="bbox 2059 2596 3633 2669">
     <span class='ocr_line' id='line_1_57' title="bbox 2059 2596 3633 2669; baseline 0.003 -17"><span class='ocrx_word' id='word_1_408' title='bbox 2059 2599 2220 2669; x_wconf 84' lang='lat' dir='ltr'><strong>ignis,</strong></span> <span class='ocrx_word' id='word_1_409' title='bbox 2251 2597 2529 2652; x_wconf 85' lang='lat' dir='ltr'><strong>materiam</strong></span> <span class='ocrx_word' id='word_1_410' title='bbox 2565 2597 2646 2652; x_wconf 90' lang='lat' dir='ltr'><strong>eis</strong></span> <span class='ocrx_word' id='word_1_411' title='bbox 2675 2596 3173 2662; x_wconf 85' lang='lat' dir='ltr'><strong>subministrantes,</strong></span> <span class='ocrx_word' id='word_1_412' title='bbox 3201 2615 3265 2653; x_wconf 84' lang='lat' dir='ltr'><strong>ex</strong></span> <span class='ocrx_word' id='word_1_413' title='bbox 3305 2601 3506 2669; x_wconf 88' lang='lat' dir='ltr'><strong>quibus</strong></span> <span class='ocrx_word' id='word_1_414' title='bbox 3541 2619 3633 2657; x_wconf 90' lang='lat' dir='ltr'><strong>ac-</strong></span> 
     </span>
    </p>
   </div>
   <div class='ocr_carea' id='block_1_58' title="bbox 2058 2689 3630 2762">
    <p class='ocr_par' dir='ltr' id='par_1_58' title="bbox 2058 2689 3630 2762">
     <span class='ocr_line' id='line_1_58' title="bbox 2058 2689 3630 2762; baseline 0.004 -18"><span class='ocrx_word' id='word_1_415' title='bbox 2058 2691 2217 2744; x_wconf 85' lang='lat' dir='ltr'><strong>cendi</strong></span> <span class='ocrx_word' id='word_1_416' title='bbox 2259 2691 2392 2744; x_wconf 88' lang='lat' dir='ltr'><strong>vult.</strong></span> <span class='ocrx_word' id='word_1_417' title='bbox 2429 2689 2583 2756; x_wconf 85' lang='lat' dir='ltr'><strong>Quod</strong></span> <span class='ocrx_word' id='word_1_418' title='bbox 2629 2699 2811 2744; x_wconf 85' lang='lat' dir='ltr'><strong>autem</strong></span> <span class='ocrx_word' id='word_1_419' title='bbox 2851 2690 3004 2756; x_wconf 82' lang='lat' dir='ltr'><strong>dixit,</strong></span> <span class='ocrx_word' id='word_1_420' title='bbox 3040 2708 3199 2762; x_wconf 85' lang='lat' dir='ltr'><strong>usque</strong></span> <span class='ocrx_word' id='word_1_421' title='bbox 3225 2709 3400 2758; x_wconf 87' lang='lat' dir='ltr'><strong>mane,</strong></span> <span class='ocrx_word' id='word_1_422' title='bbox 3443 2695 3495 2749; x_wconf 91' lang='lat' dir='ltr'><strong>id</strong></span> <span class='ocrx_word' id='word_1_423' title='bbox 3525 2705 3630 2761; x_wconf 89' lang='lat' dir='ltr'><strong>est,</strong></span> 
     </span>
    </p>
   </div>
   <div class='ocr_carea' id='block_1_59' title="bbox 2060 2779 3634 2853">
    <p class='ocr_par' dir='ltr' id='par_1_59' title="bbox 2060 2779 3634 2853">
     <span class='ocr_line' id='line_1_59' title="bbox 2060 2779 3634 2853; baseline 0.004 -19"><span class='ocrx_word' id='word_1_424' title='bbox 2060 2795 2233 2848; x_wconf 90' lang='lat' dir='ltr'><strong>usque</strong></span> <span class='ocrx_word' id='word_1_425' title='bbox 2280 2780 2348 2834; x_wconf 87' lang='lat' dir='ltr'><strong>ad</strong></span> <span class='ocrx_word' id='word_1_426' title='bbox 2396 2779 2654 2833; x_wconf 64' lang='lat' dir='ltr'><strong>saeculum</strong></span> <span class='ocrx_word' id='word_1_427' title='bbox 2699 2788 3014 2844; x_wconf 88' lang='lat' dir='ltr'><strong>venturum,</strong></span> <span class='ocrx_word' id='word_1_428' title='bbox 3053 2787 3181 2836; x_wconf 90' lang='lat' dir='ltr'><strong>tunc</strong></span> <span class='ocrx_word' id='word_1_429' title='bbox 3226 2797 3336 2836; x_wconf 89' lang='lat' dir='ltr'><strong>non</strong></span> <span class='ocrx_word' id='word_1_430' title='bbox 3378 2784 3488 2853; x_wconf 88' lang='lat' dir='ltr'><strong>jam</strong></span> <span class='ocrx_word' id='word_1_431' title='bbox 3534 2800 3634 2841; x_wconf 84' lang='lat' dir='ltr'><strong>nos</strong></span> 
     </span>
    </p>
   </div>
   <div class='ocr_carea' id='block_1_60' title="bbox 2060 2871 3633 2940">
    <p class='ocr_par' dir='ltr' id='par_1_60' title="bbox 2060 2871 3633 2940">
     <span class='ocr_line' id='line_1_60' title="bbox 2060 2871 3633 2940; baseline 0.004 -16"><span class='ocrx_word' id='word_1_432' title='bbox 2060 2871 2373 2935; x_wconf 87' lang='lat' dir='ltr'><strong>incendere,</strong></span> <span class='ocrx_word' id='word_1_433' title='bbox 2408 2885 2586 2940; x_wconf 91' lang='lat' dir='ltr'><strong>neque</strong></span> <span class='ocrx_word' id='word_1_434' title='bbox 2615 2871 2914 2925; x_wconf 88' lang='lat' dir='ltr'><strong>accendere</strong></span> <span class='ocrx_word' id='word_1_435' title='bbox 2944 2885 3083 2940; x_wconf 91' lang='lat' dir='ltr'><strong>opus</strong></span> <span class='ocrx_word' id='word_1_436' title='bbox 3108 2871 3391 2929; x_wconf 87' lang='lat' dir='ltr'><strong>habemus.</strong></span> <span class='ocrx_word' id='word_1_437' title='bbox 3429 2876 3633 2930; x_wconf 84' lang='lat' dir='ltr'><strong>Omnes</strong></span> 
     </span>
    </p>
   </div>
   <div class='ocr_carea' id='block_1_61' title="bbox 2058 2960 3633 3034">
    <p class='ocr_par' dir='ltr' id='par_1_61' title="bbox 2058 2960 3633 3034">
     <span class='ocr_line' id='line_1_61' title="bbox 2058 2960 3633 3034; baseline 0.003 -18"><span class='ocrx_word' id='word_1_438' title='bbox 2058 2962 2205 3016; x_wconf 89' lang='lat' dir='ltr'><strong>enim</strong></span> <span class='ocrx_word' id='word_1_439' title='bbox 2251 2961 2456 3016; x_wconf 88' lang='lat' dir='ltr'><strong>erimus</strong></span> <span class='ocrx_word' id='word_1_440' title='bbox 2495 2961 2787 3031; x_wconf 89' lang='lat' dir='ltr'><strong>spiritales,</strong></span> <span class='ocrx_word' id='word_1_441' title='bbox 2825 2960 2916 3030; x_wconf 89' lang='lat' dir='ltr'><strong>qui</strong></span> <span class='ocrx_word' id='word_1_442' title='bbox 2952 2961 3110 3017; x_wconf 87' lang='lat' dir='ltr'><strong>nobis</strong></span> <span class='ocrx_word' id='word_1_443' title='bbox 3140 2962 3458 3034; x_wconf 86' lang='lat' dir='ltr'><strong>dignitatem</strong></span> <span class='ocrx_word' id='word_1_444' title='bbox 3491 2967 3633 3022; x_wconf 90' lang='lat' dir='ltr'><strong>hanc</strong></span> 
     </span>
    </p>
   </div>
   <div class='ocr_carea' id='block_1_62' title="bbox 2059 3053 3018 3124">
    <p class='ocr_par' dir='ltr' id='par_1_62' title="bbox 2059 3053 3018 3124">
     <span class='ocr_line' id='line_1_62' title="bbox 2059 3053 3018 3124; baseline -0.002 -16"><span class='ocrx_word' id='word_1_445' title='bbox 2059 3053 2115 3108; x_wconf 89' lang='lat' dir='ltr'><strong>in</strong></span> <span class='ocrx_word' id='word_1_446' title='bbox 2147 3054 2252 3123; x_wconf 89' lang='lat' dir='ltr'><strong>hoc</strong></span> <span class='ocrx_word' id='word_1_447' title='bbox 2277 3053 2474 3109; x_wconf 60' lang='lat' dir='ltr'><strong>saeculo</strong></span> <span class='ocrx_word' id='word_1_448' title='bbox 2501 3053 3018 3124; x_wconf 82' lang='lat' dir='ltr'><strong>comparaverimus.</strong></span> 
     </span>
    </p>
   </div>
   <div class='ocr_carea' id='block_1_63' title="bbox 455 3143 3629 3221">
    <p class='ocr_par' dir='ltr' id='par_1_63' title="bbox 455 3143 3629 3221">
     <span class='ocr_line' id='line_1_63' title="bbox 455 3143 3629 3221; baseline 0.004 -24"><span class='ocrx_word' id='word_1_449' title='bbox 455 3144 611 3198; x_wconf 80' lang='lat' dir='ltr'><strong>Hanc</strong></span> <span class='ocrx_word' id='word_1_450' title='bbox 649 3147 812 3216; x_wconf 89' lang='lat' dir='ltr'><strong>legem</strong></span> <span class='ocrx_word' id='word_1_451' title='bbox 858 3148 1141 3207; x_wconf 83' lang='lat' dir='ltr'><strong>habeamus</strong></span> <span class='ocrx_word' id='word_1_452' title='bbox 1181 3149 1324 3202; x_wconf 87' lang='lat' dir='ltr'><strong>cultu</strong></span> <span class='ocrx_word' id='word_1_453' title='bbox 1374 3151 1581 3220; x_wconf 87' lang='lat' dir='ltr'><strong>rituque</strong></span> <span class='ocrx_word' id='word_1_454' title='bbox 1612 3161 1860 3220; x_wconf 86' lang='lat' dir='ltr'><strong>perpetuo</strong></span> <span class='ocrx_word' id='word_1_455' title='bbox 1899 3153 1956 3206; x_wconf 86' lang='lat' dir='ltr'><strong>in</strong></span> <span class='ocrx_word' id='word_1_456' title='bbox 1982 3148 2025 3206; x_wconf 91' lang='lat' dir='ltr'><strong>C</strong></span> <span class='ocrx_word' id='word_1_457' title='bbox 2127 3143 2288 3199; x_wconf 66' lang='lat' dir='ltr'><strong>VEBSo</strong></span> <span class='ocrx_word' id='word_1_458' title='bbox 2323 3145 2440 3200; x_wconf 81' lang='lat'><strong>5-9-</strong></span> <span class='ocrx_word' id='word_1_459' title='bbox 2479 3163 2499 3196; x_wconf 71' lang='grc' dir='ltr'><strong><em>ι</em></strong></span> <span class='ocrx_word' id='word_1_460' title='bbox 2541 3145 2792 3216; x_wconf 76' lang='grc' dir='ltr'><strong>Λεοίρίθε</strong></span> <span class='ocrx_word' id='word_1_461' title='bbox 2825 3161 3040 3216; x_wconf 84' lang='lat' dir='ltr'><strong>quoque</strong></span> <span class='ocrx_word' id='word_1_462' title='bbox 3069 3146 3324 3214; x_wconf 70' lang='lat' dir='ltr'><strong>Similam,</strong></span> <span class='ocrx_word' id='word_1_463' title='bbox 3353 3158 3410 3204; x_wconf 73' lang='grc' dir='ltr'><strong>ει</strong></span> <span class='ocrx_word' id='word_1_464' title='bbox 3430 3163 3629 3221; x_wconf 72' lang='lat' dir='ltr'><strong>coque:</strong></span> 
     </span>
    </p>
   </div>
   <div class='ocr_carea' id='block_1_64' title="bbox 377 3239 1951 3311">
    <p class='ocr_par' dir='ltr' id='par_1_64' title="bbox 377 3239 1951 3311">
     <span class='ocr_line' id='line_1_64' title="bbox 377 3239 1951 3311; baseline 0.005 -20"><span class='ocrx_word' id='word_1_465' title='bbox 377 3239 800 3308; x_wconf 81' lang='lat' dir='ltr'><strong>generationibus</strong></span> <span class='ocrx_word' id='word_1_466' title='bbox 833 3241 1022 3293; x_wconf 79' lang='lat' dir='ltr'><strong>nostris</strong></span> <span class='ocrx_word' id='word_1_467' title='bbox 1055 3257 1212 3311; x_wconf 84' lang='lat' dir='ltr'><strong>super</strong></span> <span class='ocrx_word' id='word_1_468' title='bbox 1241 3242 1554 3296; x_wconf 85' lang='lat' dir='ltr'><strong>candelabro</strong></span> <span class='ocrx_word' id='word_1_469' title='bbox 1588 3246 1951 3300; x_wconf 86' lang='lat' dir='ltr'><strong>mundissimo.</strong></span> 
     </span>
    </p>
   </div>
   <div class='ocr_carea' id='block_1_65' title="bbox 379 3327 1953 3400">
    <p class='ocr_par' dir='ltr' id='par_1_65' title="bbox 379 3327 1953 3400">
     <span class='ocr_line' id='line_1_65' title="bbox 379 3327 1953 3400; baseline 0.004 -18"><span class='ocrx_word' id='word_1_470' title='bbox 379 3327 438 3383; x_wconf 89' lang='lat' dir='ltr'><strong>ld</strong></span> <span class='ocrx_word' id='word_1_471' title='bbox 497 3338 581 3382; x_wconf 83' lang='lat' dir='ltr'><strong>est</strong></span> <span class='ocrx_word' id='word_1_472' title='bbox 646 3331 1010 3400; x_wconf 80' lang='lat' dir='ltr'><strong>evangelicum</strong></span> <span class='ocrx_word' id='word_1_473' title='bbox 1080 3333 1584 3395; x_wconf 85' lang='lat' dir='ltr'><strong>conversationem,</strong></span> <span class='ocrx_word' id='word_1_474' title='bbox 1655 3336 1953 3390; x_wconf 85' lang='lat' dir='ltr'><strong>secundum</strong></span> 
     </span>
    </p>
   </div>
   <div class='ocr_carea' id='block_1_66' title="bbox 379 3419 1956 3487">
    <p class='ocr_par' dir='ltr' id='par_1_66' title="bbox 379 3419 1956 3487">
     <span class='ocr_line' id='line_1_66' title="bbox 379 3419 1956 3487; baseline 0.004 -16"><span class='ocrx_word' id='word_1_475' title='bbox 379 3419 521 3487; x_wconf 87' lang='lat' dir='ltr'><strong>quod</strong></span> <span class='ocrx_word' id='word_1_476' title='bbox 559 3419 669 3484; x_wconf 81' lang='lat' dir='ltr'><strong>jam</strong></span> <span class='ocrx_word' id='word_1_477' title='bbox 718 3420 973 3473; x_wconf 84' lang='lat' dir='ltr'><strong>diximus.</strong></span> <span class='ocrx_word' id='word_1_478' title='bbox 1026 3419 1108 3472; x_wconf 85' lang='lat' dir='ltr'><strong>Ab</strong></span> <span class='ocrx_word' id='word_1_479' title='bbox 1149 3421 1297 3474; x_wconf 89' lang='lat' dir='ltr'><strong>omni</strong></span> <span class='ocrx_word' id='word_1_480' title='bbox 1338 3421 1480 3474; x_wconf 91' lang='lat' dir='ltr'><strong>enim</strong></span> <span class='ocrx_word' id='word_1_481' title='bbox 1523 3421 1641 3476; x_wconf 65' lang='lat' dir='ltr'><strong>haec</strong></span> <span class='ocrx_word' id='word_1_482' title='bbox 1673 3423 1866 3486; x_wconf 89' lang='lat' dir='ltr'><strong>ironia,</strong></span> <span class='ocrx_word' id='word_1_483' title='bbox 1899 3432 1956 3478; x_wconf 91' lang='lat' dir='ltr'><strong>et</strong></span> 
     </span>
    </p>
   </div>
   <div class='ocr_carea' id='block_1_67' title="bbox 382 3508 1954 3584">
    <p class='ocr_par' dir='ltr' id='par_1_67' title="bbox 382 3508 1954 3584">
     <span class='ocr_line' id='line_1_67' title="bbox 382 3508 1954 3584; baseline 0.006 -24"><span class='ocrx_word' id='word_1_484' title='bbox 382 3508 648 3575; x_wconf 75' lang='lat' dir='ltr'><strong>hypocrisi</strong></span> <span class='ocrx_word' id='word_1_485' title='bbox 696 3509 895 3562; x_wconf 83' lang='lat' dir='ltr'><strong>munda</strong></span> <span class='ocrx_word' id='word_1_486' title='bbox 943 3518 1045 3570; x_wconf 90' lang='lat' dir='ltr'><strong>est,</strong></span> <span class='ocrx_word' id='word_1_487' title='bbox 1079 3517 1266 3577; x_wconf 90' lang='lat' dir='ltr'><strong>utpote</strong></span> <span class='ocrx_word' id='word_1_488' title='bbox 1306 3511 1556 3566; x_wconf 86' lang='lat' dir='ltr'><strong>lucernas</strong></span> <span class='ocrx_word' id='word_1_489' title='bbox 1595 3512 1954 3584; x_wconf 72' lang='lat' dir='ltr'><strong>eleemosynte</strong></span> 
     </span>
    </p>
   </div>
   <div class='ocr_carea' id='block_1_68' title="bbox 379 3597 1950 3670">
    <p class='ocr_par' dir='ltr' id='par_1_68' title="bbox 379 3597 1950 3670">
     <span class='ocr_line' id='line_1_68' title="bbox 379 3597 1950 3670; baseline 0.007 -23"><span class='ocrx_word' id='word_1_490' title='bbox 379 3603 506 3650; x_wconf 89' lang='lat' dir='ltr'><strong>ante</strong></span> <span class='ocrx_word' id='word_1_491' title='bbox 538 3597 848 3661; x_wconf 89' lang='lat' dir='ltr'><strong>Dominum,</strong></span> <span class='ocrx_word' id='word_1_492' title='bbox 877 3609 930 3653; x_wconf 90' lang='lat' dir='ltr'><strong>et</strong></span> <span class='ocrx_word' id='word_1_493' title='bbox 964 3615 1072 3653; x_wconf 89' lang='lat' dir='ltr'><strong>non</strong></span> <span class='ocrx_word' id='word_1_494' title='bbox 1121 3610 1247 3654; x_wconf 84' lang='lat' dir='ltr'><strong>ante</strong></span> <span class='ocrx_word' id='word_1_495' title='bbox 1288 3601 1540 3656; x_wconf 86' lang='lat' dir='ltr'><strong>homines</strong></span> <span class='ocrx_word' id='word_1_496' title='bbox 1576 3602 1950 3670; x_wconf 83' lang='lat' dir='ltr'><strong>incendentes.</strong></span> 
     </span>
    </p>
   </div>
   <div class='ocr_carea' id='block_1_69' title="bbox 381 3686 1952 3763">
    <p class='ocr_par' dir='ltr' id='par_1_69' title="bbox 381 3686 1952 3763">
     <span class='ocr_line' id='line_1_69' title="bbox 381 3686 1952 3763; baseline 0.005 -21"><span class='ocrx_word' id='word_1_497' title='bbox 381 3686 563 3755; x_wconf 87' lang='lat' dir='ltr'><strong>Usque</strong></span> <span class='ocrx_word' id='word_1_498' title='bbox 604 3705 762 3743; x_wconf 87' lang='lat' dir='ltr'><strong>mane</strong></span> <span class='ocrx_word' id='word_1_499' title='bbox 792 3699 972 3746; x_wconf 86' lang='lat' dir='ltr'><strong>autem</strong></span> <span class='ocrx_word' id='word_1_500' title='bbox 1015 3692 1390 3757; x_wconf 87' lang='lat' dir='ltr'><strong>incendamus,</strong></span> <span class='ocrx_word' id='word_1_501' title='bbox 1428 3694 1480 3747; x_wconf 91' lang='lat' dir='ltr'><strong>in</strong></span> <span class='ocrx_word' id='word_1_502' title='bbox 1516 3697 1769 3763; x_wconf 68' lang='lat' dir='ltr'><strong>prazsenti</strong></span> <span class='ocrx_word' id='word_1_503' title='bbox 1800 3697 1952 3752; x_wconf 87' lang='lat' dir='ltr'><strong>vide-</strong></span> 
     </span>
    </p>
   </div>
   <div class='ocr_carea' id='block_1_70' title="bbox 379 3778 1949 3846">
    <p class='ocr_par' dir='ltr' id='par_1_70' title="bbox 379 3778 1949 3846">
     <span class='ocr_line' id='line_1_70' title="bbox 379 3778 1949 3846; baseline 0.007 -14"><span class='ocrx_word' id='word_1_504' title='bbox 379 3778 504 3833; x_wconf 88' lang='lat' dir='ltr'><strong>licet</strong></span> <span class='ocrx_word' id='word_1_505' title='bbox 553 3780 771 3835; x_wconf 63' lang='lat' dir='ltr'><strong>smculo.</strong></span> <span class='ocrx_word' id='word_1_506' title='bbox 815 3780 1045 3846; x_wconf 87' lang='lat' dir='ltr'><strong>Quando</strong></span> <span class='ocrx_word' id='word_1_507' title='bbox 1092 3783 1237 3836; x_wconf 87' lang='lat' dir='ltr'><strong>enim</strong></span> <span class='ocrx_word' id='word_1_508' title='bbox 1289 3799 1448 3837; x_wconf 85' lang='lat' dir='ltr'><strong>mane</strong></span> <span class='ocrx_word' id='word_1_509' title='bbox 1500 3785 1734 3840; x_wconf 84' lang='lat' dir='ltr'><strong>illuxcrit</strong></span> <span class='ocrx_word' id='word_1_510' title='bbox 1785 3787 1949 3844; x_wconf 81' lang='lat' dir='ltr'><strong>futuri</strong></span> 
     </span>
    </p>
   </div>
   <div class='ocr_carea' id='block_1_71' title="bbox 379 3871 1952 3943">
    <p class='ocr_par' dir='ltr' id='par_1_71' title="bbox 379 3871 1952 3943">
     <span class='ocr_line' id='line_1_71' title="bbox 379 3871 1952 3943; baseline 0.005 -19"><span class='ocrx_word' id='word_1_511' title='bbox 379 3871 582 3935; x_wconf 71' lang='lat' dir='ltr'><strong>szeculi,</strong></span> <span class='ocrx_word' id='word_1_512' title='bbox 607 3871 716 3939; x_wconf 83' lang='lat' dir='ltr'><strong>jam</strong></span> <span class='ocrx_word' id='word_1_513' title='bbox 757 3887 867 3924; x_wconf 88' lang='lat' dir='ltr'><strong>non</strong></span> <span class='ocrx_word' id='word_1_514' title='bbox 897 3880 979 3926; x_wconf 89' lang='lat' dir='ltr'><strong>est</strong></span> <span class='ocrx_word' id='word_1_515' title='bbox 1003 3887 1169 3942; x_wconf 90' lang='lat' dir='ltr'><strong>super</strong></span> <span class='ocrx_word' id='word_1_516' title='bbox 1201 3882 1417 3942; x_wconf 87' lang='lat' dir='ltr'><strong>tempus</strong></span> <span class='ocrx_word' id='word_1_517' title='bbox 1445 3874 1778 3943; x_wconf 78' lang='lat' dir='ltr'><strong>operationis</strong></span> <span class='ocrx_word' id='word_1_518' title='bbox 1804 3877 1952 3941; x_wconf 85' lang='lat' dir='ltr'><strong>elee-</strong></span> 
     </span>
    </p>
   </div>
   <div class='ocr_carea' id='block_1_72' title="bbox 380 3962 1946 4038">
    <p class='ocr_par' dir='ltr' id='par_1_72' title="bbox 380 3962 1946 4038">
     <span class='ocr_line' id='line_1_72' title="bbox 380 3962 1946 4038; baseline 0.004 -23"><span class='ocrx_word' id='word_1_519' title='bbox 380 3976 642 4031; x_wconf 69' lang='lat' dir='ltr'><strong>mosynm,</strong></span> <span class='ocrx_word' id='word_1_520' title='bbox 691 3962 836 4031; x_wconf 88' lang='lat' dir='ltr'><strong>quod</strong></span> <span class='ocrx_word' id='word_1_521' title='bbox 884 3971 1072 4031; x_wconf 85' lang='lat' dir='ltr'><strong>aperte</strong></span> <span class='ocrx_word' id='word_1_522' title='bbox 1119 3963 1388 4038; x_wconf 78' lang='lat' dir='ltr'><strong>signiﬁcat</strong></span> <span class='ocrx_word' id='word_1_523' title='bbox 1437 3964 1689 4020; x_wconf 87' lang='lat' dir='ltr'><strong>Salomon</strong></span> <span class='ocrx_word' id='word_1_524' title='bbox 1717 3967 1946 4023; x_wconf 89' lang='lat' dir='ltr'><strong>dicens:</strong></span> 
     </span>
    </p>
   </div>
   <div class='ocr_carea' id='block_1_73' title="bbox 374 4048 1950 4116">
    <p class='ocr_par' dir='ltr' id='par_1_73' title="bbox 374 4048 1950 4116">
     <span class='ocr_line' id='line_1_73' title="bbox 374 4048 1950 4116; baseline 0.004 -12"><span class='ocrx_word' id='word_1_525' title='bbox 374 4048 456 4104; x_wconf 82' lang='lat' dir='ltr'><strong>Ne</strong></span> <span class='ocrx_word' id='word_1_526' title='bbox 484 4052 629 4104; x_wconf 82' lang='lat' dir='ltr'><strong>dicas</strong></span> <span class='ocrx_word' id='word_1_527' title='bbox 663 4051 834 4104; x_wconf 87' lang='lat' dir='ltr'><strong>amico</strong></span> <span class='ocrx_word' id='word_1_528' title='bbox 864 4061 953 4104; x_wconf 90' lang='lat' dir='ltr'><strong>tuo</strong></span> <span class='ocrx_word' id='word_1_529' title='bbox 984 4068 1002 4103; x_wconf 92' lang='lat'><strong><em>:</em></strong></span> <span class='ocrx_word' id='word_1_530' title='bbox 1037 4051 1193 4115; x_wconf 84' lang='lat' dir='ltr'><strong>Vade,</strong></span> <span class='ocrx_word' id='word_1_531' title='bbox 1228 4061 1282 4106; x_wconf 85' lang='lat' dir='ltr'><strong>et</strong></span> <span class='ocrx_word' id='word_1_532' title='bbox 1323 4065 1598 4114; x_wconf 77' lang='lat' dir='ltr'><strong>revertere.</strong></span> <span class='ocrx_word' id='word_1_533' title='bbox 1635 4064 1682 4108; x_wconf 85' lang='lat' dir='ltr'><strong>et</strong></span> <span class='ocrx_word' id='word_1_534' title='bbox 1722 4057 1950 4116; x_wconf 79' lang='lat' dir='ltr'><strong>crastino</strong></span> 
     </span>
    </p>
   </div>
   <div class='ocr_carea' id='block_1_74' title="bbox 373 4135 1951 4215">
    <p class='ocr_par' dir='ltr' id='par_1_74' title="bbox 373 4135 1951 4215">
     <span class='ocr_line' id='line_1_74' title="bbox 373 4135 1951 4215; baseline 0.007 -26"><span class='ocrx_word' id='word_1_535' title='bbox 373 4135 509 4190; x_wconf 80' lang='lat' dir='ltr'><strong>dabo</strong></span> <span class='ocrx_word' id='word_1_536' title='bbox 539 4137 654 4197; x_wconf 86' lang='lat' dir='ltr'><strong>tibi,</strong></span> <span class='ocrx_word' id='word_1_537' title='bbox 684 4154 801 4190; x_wconf 89' lang='lat' dir='ltr'><strong>cum</strong></span> <span class='ocrx_word' id='word_1_538' title='bbox 844 4139 1024 4190; x_wconf 88' lang='lat' dir='ltr'><strong>statim</strong></span> <span class='ocrx_word' id='word_1_539' title='bbox 1057 4140 1224 4207; x_wconf 85' lang='lat' dir='ltr'><strong>possis</strong></span> <span class='ocrx_word' id='word_1_540' title='bbox 1264 4141 1410 4201; x_wconf 81' lang='lat' dir='ltr'><strong>dare.</strong></span> <span class='ocrx_word' id='word_1_541' title='bbox 1447 4145 1607 4195; x_wconf 85' lang='lat' dir='ltr'><strong>nescis</strong></span> <span class='ocrx_word' id='word_1_542' title='bbox 1648 4145 1786 4200; x_wconf 87' lang='lat' dir='ltr'><strong>enim</strong></span> <span class='ocrx_word' id='word_1_543' title='bbox 1825 4148 1951 4215; x_wconf 84' lang='lat' dir='ltr'><strong>quid</strong></span> 
     </span>
    </p>
   </div>
   <div class='ocr_carea' id='block_1_75' title="bbox 372 4227 1947 4298">
    <p class='ocr_par' dir='ltr' id='par_1_75' title="bbox 372 4227 1947 4298">
     <span class='ocr_line' id='line_1_75' title="bbox 372 4227 1947 4298; baseline 0.006 -20"><span class='ocrx_word' id='word_1_544' title='bbox 372 4227 552 4296; x_wconf 88' lang='lat' dir='ltr'><strong>pariat</strong></span> <span class='ocrx_word' id='word_1_545' title='bbox 603 4237 979 4296; x_wconf 83' lang='lat' dir='ltr'><strong>superuentura</strong></span> <span class='ocrx_word' id='word_1_546' title='bbox 1029 4229 1138 4281; x_wconf 88' lang='lat' dir='ltr'><strong>dies</strong></span> <span class='ocrx_word' id='word_1_547' title='bbox 1175 4229 1238 4281; x_wconf 84' lang='lat'><strong>“.</strong></span> <span class='ocrx_word' id='word_1_548' title='bbox 1275 4228 1329 4282; x_wconf 89' lang='lat' dir='ltr'><strong>ld</strong></span> <span class='ocrx_word' id='word_1_549' title='bbox 1363 4239 1464 4294; x_wconf 85' lang='lat' dir='ltr'><strong>est,</strong></span> <span class='ocrx_word' id='word_1_550' title='bbox 1497 4231 1714 4296; x_wconf 84' lang='lat' dir='ltr'><strong>festina,</strong></span> <span class='ocrx_word' id='word_1_551' title='bbox 1749 4243 1802 4288; x_wconf 92' lang='lat' dir='ltr'><strong>et</strong></span> <span class='ocrx_word' id='word_1_552' title='bbox 1838 4250 1947 4298; x_wconf 80' lang='lat' dir='ltr'><strong>non</strong></span> 
     </span>
    </p>
   </div>
   <div class='ocr_carea' id='block_1_76' title="bbox 373 4317 1948 4395">
    <p class='ocr_par' dir='ltr' id='par_1_76' title="bbox 373 4317 1948 4395">
     <span class='ocr_line' id='line_1_76' title="bbox 373 4317 1948 4395; baseline 0.006 -24"><span class='ocrx_word' id='word_1_553' title='bbox 373 4317 612 4384; x_wconf 70' lang='lat' dir='ltr'><strong>differas,</strong></span> <span class='ocrx_word' id='word_1_554' title='bbox 646 4334 714 4373; x_wconf 88' lang='lat' dir='ltr'><strong>ne</strong></span> <span class='ocrx_word' id='word_1_555' title='bbox 745 4319 884 4374; x_wconf 83' lang='lat' dir='ltr'><strong>forte</strong></span> <span class='ocrx_word' id='word_1_556' title='bbox 919 4319 1206 4374; x_wconf 89' lang='lat' dir='ltr'><strong>deducaris</strong></span> <span class='ocrx_word' id='word_1_557' title='bbox 1237 4319 1290 4373; x_wconf 92' lang='lat' dir='ltr'><strong>in</strong></span> <span class='ocrx_word' id='word_1_558' title='bbox 1323 4320 1475 4386; x_wconf 89' lang='lat' dir='ltr'><strong>locis,</strong></span> <span class='ocrx_word' id='word_1_559' title='bbox 1507 4322 1562 4375; x_wconf 92' lang='lat' dir='ltr'><strong>in</strong></span> <span class='ocrx_word' id='word_1_560' title='bbox 1593 4324 1792 4394; x_wconf 90' lang='lat' dir='ltr'><strong>quibus</strong></span> <span class='ocrx_word' id='word_1_561' title='bbox 1818 4341 1948 4395; x_wconf 80' lang='lat' dir='ltr'><strong>ope-</strong></span> 
     </span>
    </p>
   </div>
   <div class='ocr_carea' id='block_1_77' title="bbox 374 4408 1945 4479">
    <p class='ocr_par' dir='ltr' id='par_1_77' title="bbox 374 4408 1945 4479">
     <span class='ocr_line' id='line_1_77' title="bbox 374 4408 1945 4479; baseline 0.007 -18"><span class='ocrx_word' id='word_1_562' title='bbox 374 4409 484 4462; x_wconf 90' lang='lat' dir='ltr'><strong>rari</strong></span> <span class='ocrx_word' id='word_1_563' title='bbox 518 4421 733 4479; x_wconf 87' lang='lat' dir='ltr'><strong>tempus</strong></span> <span class='ocrx_word' id='word_1_564' title='bbox 765 4426 872 4462; x_wconf 92' lang='lat' dir='ltr'><strong>non</strong></span> <span class='ocrx_word' id='word_1_565' title='bbox 923 4408 1110 4473; x_wconf 79' lang='lat' dir='ltr'><strong>habes,</strong></span> <span class='ocrx_word' id='word_1_566' title='bbox 1147 4412 1241 4466; x_wconf 90' lang='lat' dir='ltr'><strong>sed</strong></span> <span class='ocrx_word' id='word_1_567' title='bbox 1293 4411 1535 4467; x_wconf 89' lang='lat' dir='ltr'><strong>rationes</strong></span> <span class='ocrx_word' id='word_1_568' title='bbox 1575 4413 1683 4467; x_wconf 90' lang='lat' dir='ltr'><strong>illic</strong></span> <span class='ocrx_word' id='word_1_569' title='bbox 1721 4430 1945 4472; x_wconf 88' lang='lat' dir='ltr'><strong>necesse</strong></span> 
     </span>
    </p>
   </div>
   <div class='ocr_carea' id='block_1_78' title="bbox 373 4498 1943 4570">
    <p class='ocr_par' dir='ltr' id='par_1_78' title="bbox 373 4498 1943 4570">
     <span class='ocr_line' id='line_1_78' title="bbox 373 4498 1943 4570; baseline 0.006 -18"><span class='ocrx_word' id='word_1_570' title='bbox 373 4498 442 4552; x_wconf 90' lang='lat' dir='ltr'><strong>sit</strong></span> <span class='ocrx_word' id='word_1_571' title='bbox 471 4499 622 4552; x_wconf 84' lang='lat' dir='ltr'><strong>reddi</strong></span> <span class='ocrx_word' id='word_1_572' title='bbox 649 4499 716 4552; x_wconf 90' lang='lat' dir='ltr'><strong>de</strong></span> <span class='ocrx_word' id='word_1_573' title='bbox 746 4500 831 4554; x_wconf 90' lang='lat' dir='ltr'><strong>his</strong></span> <span class='ocrx_word' id='word_1_574' title='bbox 854 4516 974 4569; x_wconf 74' lang='lat' dir='ltr'><strong>qua:</strong></span> <span class='ocrx_word' id='word_1_575' title='bbox 1004 4500 1092 4554; x_wconf 89' lang='lat' dir='ltr'><strong>hic</strong></span> <span class='ocrx_word' id='word_1_576' title='bbox 1120 4503 1326 4570; x_wconf 89' lang='lat' dir='ltr'><strong>operati</strong></span> <span class='ocrx_word' id='word_1_577' title='bbox 1358 4502 1642 4558; x_wconf 83' lang='lat' dir='ltr'><strong>fuerimus.</strong></span> <span class='ocrx_word' id='word_1_578' title='bbox 1675 4503 1943 4561; x_wconf 70' lang='lat' dir='ltr'><strong>Praaterca</strong></span> 
     </span>
    </p>
   </div>
   <div class='ocr_carea' id='block_1_79' title="bbox 373 4587 1943 4662">
    <p class='ocr_par' dir='ltr' id='par_1_79' title="bbox 373 4587 1943 4662">
     <span class='ocr_line' id='line_1_79' title="bbox 373 4587 1943 4662; baseline 0.006 -22"><span class='ocrx_word' id='word_1_579' title='bbox 373 4587 458 4642; x_wconf 85' lang='lat' dir='ltr'><strong>his</strong></span> <span class='ocrx_word' id='word_1_580' title='bbox 478 4589 714 4642; x_wconf 87' lang='lat' dir='ltr'><strong>salutare</strong></span> <span class='ocrx_word' id='word_1_581' title='bbox 742 4598 957 4659; x_wconf 83' lang='lat' dir='ltr'><strong>tempus</strong></span> <span class='ocrx_word' id='word_1_582' title='bbox 983 4599 1067 4644; x_wconf 89' lang='lat' dir='ltr'><strong>est</strong></span> <span class='ocrx_word' id='word_1_583' title='bbox 1087 4591 1411 4662; x_wconf 82' lang='lat' dir='ltr'><strong>legislatoris</strong></span> <span class='ocrx_word' id='word_1_584' title='bbox 1433 4595 1790 4661; x_wconf 88' lang='lat' dir='ltr'><strong>intellectum,</strong></span> <span class='ocrx_word' id='word_1_585' title='bbox 1811 4613 1943 4652; x_wconf 89' lang='lat' dir='ltr'><strong>can-</strong></span> 
     </span>
    </p>
   </div>
   <div class='ocr_carea' id='block_1_80' title="bbox 368 4678 1944 4752">
    <p class='ocr_par' dir='ltr' id='par_1_80' title="bbox 368 4678 1944 4752">
     <span class='ocr_line' id='line_1_80' title="bbox 368 4678 1944 4752; baseline 0.004 -19"><span class='ocrx_word' id='word_1_586' title='bbox 368 4678 647 4734; x_wconf 81' lang='lat' dir='ltr'><strong>delabrum</strong></span> <span class='ocrx_word' id='word_1_587' title='bbox 667 4681 927 4734; x_wconf 75' lang='lat' dir='ltr'><strong>mundum</strong></span> <span class='ocrx_word' id='word_1_588' title='bbox 940 4682 1308 4752; x_wconf 84' lang='lat' dir='ltr'><strong>quidem,quia</strong></span> <span class='ocrx_word' id='word_1_589' title='bbox 1327 4694 1594 4752; x_wconf 84' lang='lat' dir='ltr'><strong>peccatum</strong></span> <span class='ocrx_word' id='word_1_590' title='bbox 1617 4701 1720 4738; x_wconf 87' lang='lat' dir='ltr'><strong>non</strong></span> <span class='ocrx_word' id='word_1_591' title='bbox 1738 4687 1944 4751; x_wconf 83' lang='lat' dir='ltr'><strong>habuit,</strong></span> 
     </span>
    </p>
   </div>
   <div class='ocr_carea' id='block_1_81' title="bbox 369 4769 1944 4842">
    <p class='ocr_par' dir='ltr' id='par_1_81' title="bbox 369 4769 1944 4842">
     <span class='ocr_line' id='line_1_81' title="bbox 369 4769 1944 4842; baseline 0.004 -20"><span class='ocrx_word' id='word_1_592' title='bbox 369 4784 462 4822; x_wconf 85' lang='lat' dir='ltr'><strong>nec</strong></span> <span class='ocrx_word' id='word_1_593' title='bbox 486 4769 636 4823; x_wconf 85' lang='lat' dir='ltr'><strong>dolus</strong></span> <span class='ocrx_word' id='word_1_594' title='bbox 663 4771 898 4825; x_wconf 60' lang='lat' dir='ltr'><strong>iuvet-“us</strong></span> <span class='ocrx_word' id='word_1_595' title='bbox 921 4787 992 4826; x_wconf 90' lang='lat' dir='ltr'><strong>est</strong></span> <span class='ocrx_word' id='word_1_596' title='bbox 1017 4773 1071 4825; x_wconf 87' lang='lat' dir='ltr'><strong>in</strong></span> <span class='ocrx_word' id='word_1_597' title='bbox 1094 4789 1182 4826; x_wconf 90' lang='lat' dir='ltr'><strong>ore</strong></span> <span class='ocrx_word' id='word_1_598' title='bbox 1202 4775 1315 4842; x_wconf 88' lang='lat' dir='ltr'><strong>ejus</strong></span> <span class='ocrx_word' id='word_1_599' title='bbox 1332 4777 1396 4826; x_wconf 76' lang='grc'><strong>¹¹.</strong></span> <span class='ocrx_word' id='word_1_600' title='bbox 1423 4775 1818 4830; x_wconf 84' lang='lat' dir='ltr'><strong>Candelabrum</strong></span> <span class='ocrx_word' id='word_1_601' title='bbox 1849 4793 1944 4830; x_wconf 86' lang='lat' dir='ltr'><strong>att-</strong></span> 
     </span>
    </p>
   </div>
   <div class='ocr_carea' id='block_1_82' title="bbox 369 4861 1946 4932">
    <p class='ocr_par' dir='ltr' id='par_1_82' title="bbox 369 4861 1946 4932">
     <span class='ocr_line' id='line_1_82' title="bbox 369 4861 1946 4932; baseline 0.004 -18"><span class='ocrx_word' id='word_1_602' title='bbox 369 4867 500 4923; x_wconf 86' lang='lat' dir='ltr'><strong>tem,</strong></span> <span class='ocrx_word' id='word_1_603' title='bbox 516 4861 639 4928; x_wconf 87' lang='lat' dir='ltr'><strong>quia</strong></span> <span class='ocrx_word' id='word_1_604' title='bbox 663 4861 774 4928; x_wconf 82' lang='lat' dir='ltr'><strong>ipse</strong></span> <span class='ocrx_word' id='word_1_605' title='bbox 793 4871 866 4914; x_wconf 77' lang='lat' dir='ltr'><strong>est</strong></span> <span class='ocrx_word' id='word_1_606' title='bbox 888 4861 1057 4916; x_wconf 85' lang='lat' dir='ltr'><strong>lumen</strong></span> <span class='ocrx_word' id='word_1_607' title='bbox 1081 4880 1256 4917; x_wconf 79' lang='lat' dir='ltr'><strong>verum</strong></span> <span class='ocrx_word' id='word_1_608' title='bbox 1279 4865 1436 4932; x_wconf 88' lang='lat' dir='ltr'><strong>,quod</strong></span> <span class='ocrx_word' id='word_1_609' title='bbox 1457 4865 1720 4918; x_wconf 86' lang='lat' dir='ltr'><strong>illuminat</strong></span> <span class='ocrx_word' id='word_1_610' title='bbox 1743 4881 1946 4920; x_wconf 86' lang='lat' dir='ltr'><strong>onmem</strong></span> 
     </span>
    </p>
   </div>
   <div class='ocr_carea' id='block_1_83' title="bbox 367 4952 1943 5024">
    <p class='ocr_par' dir='ltr' id='par_1_83' title="bbox 367 4952 1943 5024">
     <span class='ocr_line' id='line_1_83' title="bbox 367 4952 1943 5024; baseline 0.004 -22"><span class='ocrx_word' id='word_1_611' title='bbox 367 4952 628 5005; x_wconf 84' lang='lat' dir='ltr'><strong>hominem</strong></span> <span class='ocrx_word' id='word_1_612' title='bbox 657 4952 944 5005; x_wconf 83' lang='lat' dir='ltr'><strong>venientem</strong></span> <span class='ocrx_word' id='word_1_613' title='bbox 981 4957 1035 5005; x_wconf 86' lang='lat' dir='ltr'><strong>in</strong></span> <span class='ocrx_word' id='word_1_614' title='bbox 1073 4954 1210 5006; x_wconf 81' lang='lat' dir='ltr'><strong>hunc</strong></span> <span class='ocrx_word' id='word_1_615' title='bbox 1248 4955 1502 5008; x_wconf 85' lang='lat' dir='ltr'><strong>mundum</strong></span> <span class='ocrx_word' id='word_1_616' title='bbox 1536 4955 1598 5008; x_wconf 73' lang='lat'><strong>“.</strong></span> <span class='ocrx_word' id='word_1_617' title='bbox 1637 4955 1812 5024; x_wconf 85' lang='lat' dir='ltr'><strong>Super</strong></span> <span class='ocrx_word' id='word_1_618' title='bbox 1838 4957 1943 5009; x_wconf 92' lang='lat' dir='ltr'><strong>hoc</strong></span> 
     </span>
    </p>
   </div>
   <div class='ocr_carea' id='block_1_84' title="bbox 337 5033 1939 5114">
    <p class='ocr_par' dir='ltr' id='par_1_84' title="bbox 337 5033 1939 5114">
     <span class='ocr_line' id='line_1_84' title="bbox 337 5033 1939 5114; baseline 0.004 -20"><span class='ocrx_word' id='word_1_619' title='bbox 337 5033 677 5097; x_wconf 78' lang='lat' dir='ltr'><strong>incenditur</strong></span> <span class='ocrx_word' id='word_1_620' title='bbox 721 5041 965 5107; x_wconf 89' lang='lat' dir='ltr'><strong>lucerna,</strong></span> <span class='ocrx_word' id='word_1_621' title='bbox 1007 5043 1241 5113; x_wconf 88' lang='lat' dir='ltr'><strong>Spiritus</strong></span> <span class='ocrx_word' id='word_1_622' title='bbox 1289 5054 1532 5108; x_wconf 89' lang='lat' dir='ltr'><strong>sanctus,</strong></span> <span class='ocrx_word' id='word_1_623' title='bbox 1564 5045 1754 5114; x_wconf 86' lang='lat' dir='ltr'><strong>igneus</strong></span> <span class='ocrx_word' id='word_1_624' title='bbox 1795 5046 1939 5101; x_wconf 89' lang='lat' dir='ltr'><strong>enim</strong></span> 
     </span>
    </p>
   </div>
   <div class='ocr_carea' id='block_1_85' title="bbox 366 5130 1942 5202">
    <p class='ocr_par' dir='ltr' id='par_1_85' title="bbox 366 5130 1942 5202">
     <span class='ocr_line' id='line_1_85' title="bbox 366 5130 1942 5202; baseline 0 -18"><span class='ocrx_word' id='word_1_625' title='bbox 366 5138 451 5185; x_wconf 87' lang='lat' dir='ltr'><strong>est</strong></span> <span class='ocrx_word' id='word_1_626' title='bbox 478 5130 800 5193; x_wconf 84' lang='lat' dir='ltr'><strong>substantia,</strong></span> <span class='ocrx_word' id='word_1_627' title='bbox 828 5140 882 5186; x_wconf 89' lang='lat' dir='ltr'><strong>et</strong></span> <span class='ocrx_word' id='word_1_628' title='bbox 911 5132 1250 5200; x_wconf 83' lang='lat' dir='ltr'><strong>Operatione,</strong></span> <span class='ocrx_word' id='word_1_629' title='bbox 1282 5133 1427 5185; x_wconf 90' lang='lat' dir='ltr'><strong>unde</strong></span> <span class='ocrx_word' id='word_1_630' title='bbox 1459 5132 1512 5184; x_wconf 93' lang='lat' dir='ltr'><strong>in</strong></span> <span class='ocrx_word' id='word_1_631' title='bbox 1544 5132 1726 5200; x_wconf 89' lang='lat' dir='ltr'><strong>specie</strong></span> <span class='ocrx_word' id='word_1_632' title='bbox 1754 5131 1942 5202; x_wconf 82' lang='lat' dir='ltr'><strong>ignea-</strong></span> 
     </span>
    </p>
   </div>
   <div class='ocr_carea' id='block_1_86' title="bbox 367 5221 1941 5294">
    <p class='ocr_par' dir='ltr' id='par_1_86' title="bbox 367 5221 1941 5294">
     <span class='ocr_line' id='line_1_86' title="bbox 367 5221 1941 5294; baseline 0.003 -20"><span class='ocrx_word' id='word_1_633' title='bbox 367 5237 488 5276; x_wconf 89' lang='lat' dir='ltr'><strong>rum</strong></span> <span class='ocrx_word' id='word_1_634' title='bbox 521 5221 829 5294; x_wconf 84' lang='lat' dir='ltr'><strong>linguarum</strong></span> <span class='ocrx_word' id='word_1_635' title='bbox 870 5238 1032 5292; x_wconf 91' lang='lat' dir='ltr'><strong>super</strong></span> <span class='ocrx_word' id='word_1_636' title='bbox 1063 5223 1357 5292; x_wconf 81' lang='lat' dir='ltr'><strong>discipulos</strong></span> <span class='ocrx_word' id='word_1_637' title='bbox 1384 5223 1666 5276; x_wconf 88' lang='lat' dir='ltr'><strong>descendit</strong></span> <span class='ocrx_word' id='word_1_638' title='bbox 1697 5222 1756 5277; x_wconf 70' lang='lat'><strong>“.</strong></span> <span class='ocrx_word' id='word_1_639' title='bbox 1803 5223 1941 5278; x_wconf 85' lang='lat' dir='ltr'><strong>Hinc</strong></span> 
     </span>
    </p>
   </div>
   <div class='ocr_carea' id='block_1_87' title="bbox 365 5312 1938 5382">
    <p class='ocr_par' dir='ltr' id='par_1_87' title="bbox 365 5312 1938 5382">
     <span class='ocr_line' id='line_1_87' title="bbox 365 5312 1938 5382; baseline -0.001 -14"><span class='ocrx_word' id='word_1_640' title='bbox 365 5313 720 5382; x_wconf 83' lang='lat' dir='ltr'><strong>purissimum</strong></span> <span class='ocrx_word' id='word_1_641' title='bbox 763 5315 940 5368; x_wconf 90' lang='lat' dir='ltr'><strong>oleum</strong></span> <span class='ocrx_word' id='word_1_642' title='bbox 993 5314 1213 5376; x_wconf 77' lang='lat' dir='ltr'><strong>oll‘t-rre,</strong></span> <span class='ocrx_word' id='word_1_643' title='bbox 1249 5314 1298 5366; x_wconf 92' lang='lat' dir='ltr'><strong>id</strong></span> <span class='ocrx_word' id='word_1_644' title='bbox 1343 5322 1425 5366; x_wconf 85' lang='lat' dir='ltr'><strong>est</strong></span> <span class='ocrx_word' id='word_1_645' title='bbox 1468 5313 1630 5367; x_wconf 84' lang='lat' dir='ltr'><strong>vitam</strong></span> <span class='ocrx_word' id='word_1_646' title='bbox 1683 5312 1938 5367; x_wconf 88' lang='lat' dir='ltr'><strong>mundam</strong></span> 
     </span>
    </p>
   </div>
   <div class='ocr_carea' id='block_1_88' title="bbox 366 5404 1939 5476">
    <p class='ocr_par' dir='ltr' id='par_1_88' title="bbox 366 5404 1939 5476">
     <span class='ocr_line' id='line_1_88' title="bbox 366 5404 1939 5476; baseline -0.002 -17"><span class='ocrx_word' id='word_1_647' title='bbox 366 5405 629 5460; x_wconf 81' lang='lat' dir='ltr'><strong>debemus</strong></span> <span class='ocrx_word' id='word_1_648' title='bbox 663 5422 676 5458; x_wconf 92' lang='lat'><strong>:</strong></span> <span class='ocrx_word' id='word_1_649' title='bbox 712 5406 968 5471; x_wconf 64' lang='lat' dir='ltr'><strong>scientes,</strong></span> <span class='ocrx_word' id='word_1_650' title='bbox 1000 5406 1123 5476; x_wconf 82' lang='lat' dir='ltr'><strong>quia</strong></span> <span class='ocrx_word' id='word_1_651' title='bbox 1172 5421 1280 5458; x_wconf 89' lang='lat' dir='ltr'><strong>non</strong></span> <span class='ocrx_word' id='word_1_652' title='bbox 1330 5404 1571 5459; x_wconf 89' lang='lat' dir='ltr'><strong>omnium</strong></span> <span class='ocrx_word' id='word_1_653' title='bbox 1621 5413 1702 5459; x_wconf 89' lang='lat' dir='ltr'><strong>est</strong></span> <span class='ocrx_word' id='word_1_654' title='bbox 1751 5404 1939 5458; x_wconf 82' lang='lat' dir='ltr'><strong>incen-</strong></span> 
     </span>
    </p>
   </div>
   <div class='ocr_carea' id='block_1_89' title="bbox 366 5495 1936 5567">
    <p class='ocr_par' dir='ltr' id='par_1_89' title="bbox 366 5495 1936 5567">
     <span class='ocr_line' id='line_1_89' title="bbox 366 5495 1936 5567; baseline 0.001 -19"><span class='ocrx_word' id='word_1_655' title='bbox 366 5495 495 5548; x_wconf 83' lang='lat' dir='ltr'><strong>dere</strong></span> <span class='ocrx_word' id='word_1_656' title='bbox 527 5495 678 5559; x_wconf 91' lang='lat' dir='ltr'><strong>illud,</strong></span> <span class='ocrx_word' id='word_1_657' title='bbox 700 5496 794 5549; x_wconf 88' lang='lat' dir='ltr'><strong>sed</strong></span> <span class='ocrx_word' id='word_1_658' title='bbox 824 5497 994 5550; x_wconf 91' lang='lat' dir='ltr'><strong>solius</strong></span> <span class='ocrx_word' id='word_1_659' title='bbox 1023 5496 1372 5567; x_wconf 79' lang='lat' dir='ltr'><strong>intelligibilis</strong></span> <span class='ocrx_word' id='word_1_660' title='bbox 1397 5497 1596 5558; x_wconf 81' lang='lat' dir='ltr'><strong>Aaron,</strong></span> <span class='ocrx_word' id='word_1_661' title='bbox 1621 5503 1675 5549; x_wconf 91' lang='lat' dir='ltr'><strong>et</strong></span> <span class='ocrx_word' id='word_1_662' title='bbox 1706 5496 1936 5549; x_wconf 79' lang='lat' dir='ltr'><strong>ﬁliorum</strong></span> 
     </span>
    </p>
   </div>
   <div class='ocr_carea' id='block_1_90' title="bbox 438 5649 952 5718">
    <p class='ocr_par' dir='ltr' id='par_1_90' title="bbox 438 5649 952 5718">
     <span class='ocr_line' id='line_1_90' title="bbox 438 5649 952 5718; baseline 0.002 -16"><span class='ocrx_word' id='word_1_663' title='bbox 438 5650 458 5680; x_wconf 80' lang='grc'><strong>⁸</strong></span> <span class='ocrx_word' id='word_1_664' title='bbox 494 5649 681 5704; x_wconf 72' lang='lat' dir='ltr'><strong>Matth.</strong></span> <span class='ocrx_word' id='word_1_665' title='bbox 715 5667 838 5718; x_wconf 74' lang='lat' dir='ltr'><strong>xxv,</strong></span> <span class='ocrx_word' id='word_1_666' title='bbox 866 5652 952 5706; x_wconf 70' lang='grc' dir='ltr'><strong>ιο.</strong></span> 
     </span>
    </p>
   </div>
   <div class='ocr_carea' id='block_1_91' title="bbox 369 5715 1252 5784">
    <p class='ocr_par' dir='ltr' id='par_1_91' title="bbox 369 5715 1252 5784">
     <span class='ocr_line' id='line_1_91' title="bbox 369 5715 1252 5784; baseline -0.001 -11"><span class='ocrx_word' id='word_1_667' title='bbox 369 5715 412 5748; x_wconf 69' lang='grc'>⁸⁸</span> <span class='ocrx_word' id='word_1_668' title='bbox 443 5719 565 5773; x_wconf 80' lang='lat' dir='ltr'><strong>Act.</strong></span> <span class='ocrx_word' id='word_1_669' title='bbox 600 5737 659 5784; x_wconf 86' lang='lat' dir='ltr'><strong>tt,</strong></span> <span class='ocrx_word' id='word_1_670' title='bbox 690 5722 742 5773; x_wconf 81' lang='grc'><strong>5.</strong></span> <span class='ocrx_word' id='word_1_671' title='bbox 824 5715 899 5754; x_wconf 54' lang='grc'><strong>⁷⁸⁵</strong></span> <span class='ocrx_word' id='word_1_672' title='bbox 933 5723 1029 5775; x_wconf 80' lang='lat' dir='ltr'><strong>lsa.</strong></span> <span class='ocrx_word' id='word_1_673' title='bbox 1060 5737 1169 5784; x_wconf 71' lang='lat' dir='ltr'><strong>ut,</strong></span> <span class='ocrx_word' id='word_1_674' title='bbox 1203 5723 1252 5774; x_wconf 80' lang='lat' dir='ltr'><strong>i.</strong></span> 
     </span>
    </p>
   </div>
   <div class='ocr_carea' id='block_1_92' title="bbox 1066 5650 1444 5708">
    <p class='ocr_par' dir='ltr' id='par_1_92' title="bbox 1066 5650 1444 5708">
     <span class='ocr_line' id='line_1_92' title="bbox 1066 5650 1444 5708; baseline 0.005 -8"><span class='ocrx_word' id='word_1_675' title='bbox 1066 5653 1087 5682; x_wconf 69' lang='grc' dir='ltr'><strong>θ</strong></span> <span class='ocrx_word' id='word_1_676' title='bbox 1116 5650 1259 5705; x_wconf 72' lang='lat' dir='ltr'><strong>l&#39;lccl.</strong></span> <span class='ocrx_word' id='word_1_677' title='bbox 1291 5669 1363 5708; x_wconf 71' lang='grc' dir='ltr'><strong>ηπ.</strong></span> <span class='ocrx_word' id='word_1_678' title='bbox 1392 5651 1444 5704; x_wconf 89' lang='grc'><strong>8.</strong></span> 
     </span>
    </p>
   </div>
   <div class='ocr_carea' id='block_1_93' title="bbox 1366 5719 1801 5786">
    <p class='ocr_par' dir='ltr' id='par_1_93' title="bbox 1366 5719 1801 5786">
     <span class='ocr_line' id='line_1_93' title="bbox 1366 5719 1801 5786; baseline 0.005 -14"><span class='ocrx_word' id='word_1_679' title='bbox 1366 5722 1406 5751; x_wconf 79' lang='grc'><strong>’⁸</strong></span> <span class='ocrx_word' id='word_1_680' title='bbox 1431 5719 1561 5775; x_wconf 88' lang='lat' dir='ltr'><strong>Luc.</strong></span> <span class='ocrx_word' id='word_1_681' title='bbox 1594 5735 1696 5786; x_wconf 84' lang='lat' dir='ltr'><strong>xu,</strong></span> <span class='ocrx_word' id='word_1_682' title='bbox 1713 5722 1801 5774; x_wconf 70' lang='grc'><strong>49.</strong></span> 
     </span>
    </p>
   </div>
   <div class='ocr_carea' id='block_1_94' title="bbox 1525 5647 2343 5770">
    <p class='ocr_par' dir='ltr' id='par_1_94' title="bbox 1525 5647 2343 5770">
     <span class='ocr_line' id='line_1_94' title="bbox 1525 5647 2340 5706; baseline -0.005 -4"><span class='ocrx_word' id='word_1_683' title='bbox 1525 5650 1567 5680; x_wconf 82' lang='grc'><strong>¹⁰</strong></span> <span class='ocrx_word' id='word_1_684' title='bbox 1601 5649 1793 5704; x_wconf 83' lang='lat' dir='ltr'><strong>Matth.</strong></span> <span class='ocrx_word' id='word_1_685' title='bbox 1836 5648 1985 5706; x_wconf 73' lang='lat' dir='ltr'><strong>vt.5.</strong></span> <span class='ocrx_word' id='word_1_686' title='bbox 2023 5647 2076 5700; x_wconf 70' lang='grc'><strong>4.</strong></span> <span class='ocrx_word' id='word_1_687' title='bbox 2169 5647 2340 5699; x_wconf 82' lang='lat' dir='ltr'><strong>“Pro</strong></span> 
     </span>
     <span class='ocr_line' id='line_1_95' title="bbox 1525 5717 2343 5770; baseline 0 0"><span class='ocrx_word' id='word_1_688' title='bbox 1525 5734 1561 5770; x_wconf 69' lang='grc' dir='ltr'><strong>ε.</strong></span> <span class='ocrx_word' id='word_1_689' title='bbox 1594 5722 1801 5770; x_wconf 65' lang='lat'><strong>1:11.49.</strong></span> <span class='ocrx_word' id='word_1_690' title='bbox 1915 5717 2132 5770; x_wconf 81' lang='lat' dir='ltr'><strong>&quot;Joan.</strong></span> <span class='ocrx_word' id='word_1_691' title='bbox 2154 5733 2244 5770; x_wconf 74' lang='lat' dir='ltr'><strong>xx.</strong></span> <span class='ocrx_word' id='word_1_692' title='bbox 2275 5717 2343 5770; x_wconf 62' lang='lat'><strong>2‘2</strong></span> 
     </span>
    </p>
   </div>
   <div class='ocr_carea' id='block_1_95' title="bbox 2057 3229 3632 3305">
    <p class='ocr_par' dir='ltr' id='par_1_95' title="bbox 2057 3229 3632 3305">
     <span class='ocr_line' id='line_1_96' title="bbox 2057 3229 3632 3305; baseline 0.007 -22"><span class='ocrx_word' id='word_1_693' title='bbox 2057 3244 2122 3284; x_wconf 78' lang='lat' dir='ltr'><strong>ex</strong></span> <span class='ocrx_word' id='word_1_694' title='bbox 2167 3244 2229 3284; x_wconf 87' lang='lat' dir='ltr'><strong>ea</strong></span> <span class='ocrx_word' id='word_1_695' title='bbox 2259 3229 2542 3286; x_wconf 91' lang='lat' dir='ltr'><strong>duodecim</strong></span> <span class='ocrx_word' id='word_1_696' title='bbox 2577 3246 2764 3300; x_wconf 85' lang='lat' dir='ltr'><strong>panes.</strong></span> <span class='ocrx_word' id='word_1_697' title='bbox 2799 3234 2891 3301; x_wconf 92' lang='lat' dir='ltr'><strong>qui</strong></span> <span class='ocrx_word' id='word_1_698' title='bbox 2937 3235 3136 3305; x_wconf 78' lang='lat' dir='ltr'><strong>singuli</strong></span> <span class='ocrx_word' id='word_1_699' title='bbox 3171 3237 3448 3292; x_wconf 88' lang='lat' dir='ltr'><strong>habebunt</strong></span> <span class='ocrx_word' id='word_1_700' title='bbox 3492 3239 3632 3294; x_wconf 90' lang='lat' dir='ltr'><strong>duas</strong></span> 
     </span>
    </p>
   </div>
   <div class='ocr_carea' id='block_1_96' title="bbox 2057 3315 3628 3395">
    <p class='ocr_par' dir='ltr' id='par_1_96' title="bbox 2057 3315 3628 3395">
     <span class='ocr_line' id='line_1_97' title="bbox 2057 3315 3628 3395; baseline 0.01 -26"><span class='ocrx_word' id='word_1_701' title='bbox 2057 3315 2310 3370; x_wconf 88' lang='lat' dir='ltr'><strong>decimas.</strong></span> <span class='ocrx_word' id='word_1_702' title='bbox 2353 3316 2594 3384; x_wconf 91' lang='lat' dir='ltr'><strong>Quorum</strong></span> <span class='ocrx_word' id='word_1_703' title='bbox 2625 3335 2786 3374; x_wconf 90' lang='lat' dir='ltr'><strong>senos</strong></span> <span class='ocrx_word' id='word_1_704' title='bbox 2835 3321 3153 3378; x_wconf 71' lang='lat' dir='ltr'><strong>altrinsecus</strong></span> <span class='ocrx_word' id='word_1_705' title='bbox 3192 3340 3357 3395; x_wconf 90' lang='lat' dir='ltr'><strong>super</strong></span> <span class='ocrx_word' id='word_1_706' title='bbox 3384 3342 3628 3384; x_wconf 87' lang='lat' dir='ltr'><strong>mensam</strong></span> 
     </span>
    </p>
   </div>
   <div class='ocr_carea' id='block_1_97' title="bbox 2055 3407 3632 3489">
    <p class='ocr_par' dir='ltr' id='par_1_97' title="bbox 2055 3407 3632 3489">
     <span class='ocr_line' id='line_1_98' title="bbox 2055 3407 3632 3489; baseline 0.009 -28"><span class='ocrx_word' id='word_1_707' title='bbox 2055 3407 2401 3475; x_wconf 88' lang='lat' dir='ltr'><strong>purissimam</strong></span> <span class='ocrx_word' id='word_1_708' title='bbox 2443 3425 2623 3464; x_wconf 88' lang='lat' dir='ltr'><strong>coram</strong></span> <span class='ocrx_word' id='word_1_709' title='bbox 2653 3409 2882 3466; x_wconf 90' lang='lat' dir='ltr'><strong>Domino</strong></span> <span class='ocrx_word' id='word_1_710' title='bbox 2913 3421 3134 3479; x_wconf 89' lang='lat' dir='ltr'><strong>statues,</strong></span> <span class='ocrx_word' id='word_1_711' title='bbox 3169 3424 3225 3470; x_wconf 91' lang='lat' dir='ltr'><strong>et</strong></span> <span class='ocrx_word' id='word_1_712' title='bbox 3254 3432 3426 3486; x_wconf 86' lang='lat' dir='ltr'><strong>pones</strong></span> <span class='ocrx_word' id='word_1_713' title='bbox 3467 3435 3632 3489; x_wconf 89' lang='lat' dir='ltr'><strong>super</strong></span> 
     </span>
    </p>
   </div>
   <div class='ocr_carea' id='block_1_98' title="bbox 2055 3499 3626 3572">
    <p class='ocr_par' dir='ltr' id='par_1_98' title="bbox 2055 3499 3626 3572">
     <span class='ocr_line' id='line_1_99' title="bbox 2055 3499 3626 3572; baseline 0.01 -23"><span class='ocrx_word' id='word_1_714' title='bbox 2055 3510 2148 3550; x_wconf 91' lang='lat' dir='ltr'><strong>eos</strong></span> <span class='ocrx_word' id='word_1_715' title='bbox 2176 3499 2303 3560; x_wconf 86' lang='lat' dir='ltr'><strong>thus</strong></span> <span class='ocrx_word' id='word_1_716' title='bbox 2332 3500 2748 3566; x_wconf 79' lang='lat' dir='ltr'><strong>lucidissimam,</strong></span> <span class='ocrx_word' id='word_1_717' title='bbox 2783 3509 2840 3556; x_wconf 91' lang='lat' dir='ltr'><strong>ut</strong></span> <span class='ocrx_word' id='word_1_718' title='bbox 2867 3503 2934 3556; x_wconf 93' lang='lat' dir='ltr'><strong>sit</strong></span> <span class='ocrx_word' id='word_1_719' title='bbox 2969 3505 3123 3572; x_wconf 89' lang='lat' dir='ltr'><strong>panis</strong></span> <span class='ocrx_word' id='word_1_720' title='bbox 3146 3506 3201 3559; x_wconf 89' lang='lat' dir='ltr'><strong>in</strong></span> <span class='ocrx_word' id='word_1_721' title='bbox 3231 3510 3626 3565; x_wconf 90' lang='lat' dir='ltr'><strong>monimentum</strong></span> 
     </span>
    </p>
   </div>
   <div class='ocr_carea' id='block_1_99' title="bbox 2054 3586 3628 3660">
    <p class='ocr_par' dir='ltr' id='par_1_99' title="bbox 2054 3586 3628 3660">
     <span class='ocr_line' id='line_1_100' title="bbox 2054 3586 3628 3660; baseline 0.009 -22"><span class='ocrx_word' id='word_1_722' title='bbox 2054 3586 2339 3647; x_wconf 87' lang='lat' dir='ltr'><strong>oblationis</strong></span> <span class='ocrx_word' id='word_1_723' title='bbox 2371 3589 2600 3644; x_wconf 90' lang='lat' dir='ltr'><strong>Domini.</strong></span> <span class='ocrx_word' id='word_1_724' title='bbox 2630 3589 2732 3644; x_wconf 82' lang='lat' dir='ltr'><strong>Per</strong></span> <span class='ocrx_word' id='word_1_725' title='bbox 2768 3591 2976 3660; x_wconf 80' lang='lat' dir='ltr'><strong>singula</strong></span> <span class='ocrx_word' id='word_1_726' title='bbox 3007 3591 3240 3648; x_wconf 86' lang='lat' dir='ltr'><strong>Sabbata</strong></span> <span class='ocrx_word' id='word_1_727' title='bbox 3272 3600 3628 3655; x_wconf 87' lang='lat' dir='ltr'><strong>mutabuntur</strong></span> 
     </span>
    </p>
   </div>
   <div class='ocr_carea' id='block_1_100' title="bbox 2054 3678 3629 3762">
    <p class='ocr_par' dir='ltr' id='par_1_100' title="bbox 2054 3678 3629 3762">
     <span class='ocr_line' id='line_1_101' title="bbox 2054 3678 3629 3762; baseline 0.01 -32"><span class='ocrx_word' id='word_1_728' title='bbox 2054 3692 2235 3732; x_wconf 88' lang='lat' dir='ltr'><strong>coram</strong></span> <span class='ocrx_word' id='word_1_729' title='bbox 2262 3678 2508 3744; x_wconf 89' lang='lat' dir='ltr'><strong>Domino,</strong></span> <span class='ocrx_word' id='word_1_730' title='bbox 2535 3682 2767 3750; x_wconf 88' lang='lat' dir='ltr'><strong>suscepti</strong></span> <span class='ocrx_word' id='word_1_731' title='bbox 2792 3699 2820 3735; x_wconf 88' lang='lat' dir='ltr'><strong>a</strong></span> <span class='ocrx_word' id='word_1_732' title='bbox 2852 3683 2972 3738; x_wconf 78' lang='lat' dir='ltr'><strong>filiis</strong></span> <span class='ocrx_word' id='word_1_733' title='bbox 2999 3683 3162 3739; x_wconf 88' lang='lat' dir='ltr'><strong>Israel</strong></span> <span class='ocrx_word' id='word_1_734' title='bbox 3194 3685 3397 3748; x_wconf 63' lang='lat' dir='ltr'><strong>foedere</strong></span> <span class='ocrx_word' id='word_1_735' title='bbox 3423 3691 3629 3762; x_wconf 84' lang='lat' dir='ltr'><strong>sempi-</strong></span> 
     </span>
    </p>
   </div>
   <div class='ocr_carea' id='block_1_101' title="bbox 2055 3772 3628 3843">
    <p class='ocr_par' dir='ltr' id='par_1_101' title="bbox 2055 3772 3628 3843">
     <span class='ocr_line' id='line_1_102' title="bbox 2055 3772 3628 3843; baseline 0.011 -26"><span class='ocrx_word' id='word_1_736' title='bbox 2055 3772 2231 3831; x_wconf 87' lang='lat' dir='ltr'><strong>terno,</strong></span> <span class='ocrx_word' id='word_1_737' title='bbox 2280 3777 2547 3838; x_wconf 88' lang='lat' dir='ltr'><strong>eruntque</strong></span> <span class='ocrx_word' id='word_1_738' title='bbox 2589 3772 2770 3835; x_wconf 69' lang='lat' dir='ltr'><strong>Aaron</strong></span> <span class='ocrx_word' id='word_1_739' title='bbox 2810 3778 2864 3825; x_wconf 90' lang='lat' dir='ltr'><strong>et</strong></span> <span class='ocrx_word' id='word_1_740' title='bbox 2912 3773 3147 3838; x_wconf 78' lang='lat' dir='ltr'><strong>ﬁliorum</strong></span> <span class='ocrx_word' id='word_1_741' title='bbox 3177 3775 3316 3843; x_wconf 81' lang='lat' dir='ltr'><strong>ejus,</strong></span> <span class='ocrx_word' id='word_1_742' title='bbox 3354 3785 3412 3832; x_wconf 87' lang='lat' dir='ltr'><strong>ut</strong></span> <span class='ocrx_word' id='word_1_743' title='bbox 3443 3795 3628 3835; x_wconf 86' lang='lat' dir='ltr'><strong>come-</strong></span> 
     </span>
    </p>
   </div>
   <div class='ocr_carea' id='block_1_102' title="bbox 2053 3858 3625 3934">
    <p class='ocr_par' dir='ltr' id='par_1_102' title="bbox 2053 3858 3625 3934">
     <span class='ocr_line' id='line_1_103' title="bbox 2053 3858 3625 3934; baseline 0.007 -22"><span class='ocrx_word' id='word_1_744' title='bbox 2053 3858 2184 3912; x_wconf 87' lang='lat' dir='ltr'><strong>dant</strong></span> <span class='ocrx_word' id='word_1_745' title='bbox 2213 3874 2306 3920; x_wconf 87' lang='lat' dir='ltr'><strong>eos</strong></span> <span class='ocrx_word' id='word_1_746' title='bbox 2337 3858 2392 3912; x_wconf 89' lang='lat' dir='ltr'><strong>in</strong></span> <span class='ocrx_word' id='word_1_747' title='bbox 2439 3870 2625 3915; x_wconf 86' lang='lat' dir='ltr'><strong>sancto</strong></span> <span class='ocrx_word' id='word_1_748' title='bbox 2667 3861 2806 3933; x_wconf 87' lang='lat' dir='ltr'><strong>loco,</strong></span> <span class='ocrx_word' id='word_1_749' title='bbox 2860 3865 2986 3934; x_wconf 79' lang='lat' dir='ltr'><strong>quia</strong></span> <span class='ocrx_word' id='word_1_750' title='bbox 3027 3876 3272 3932; x_wconf 82' lang='lat' dir='ltr'><strong>sanctum</strong></span> <span class='ocrx_word' id='word_1_751' title='bbox 3313 3876 3625 3928; x_wconf 80' lang='lat' dir='ltr'><strong>sanctorum</strong></span> 
     </span>
    </p>
   </div>
   <div class='ocr_carea' id='block_1_103' title="bbox 2056 3950 3267 4024">
    <p class='ocr_par' dir='ltr' id='par_1_103' title="bbox 2056 3950 3267 4024">
     <span class='ocr_line' id='line_1_104' title="bbox 2056 3950 3267 4024; baseline 0.005 -22"><span class='ocrx_word' id='word_1_752' title='bbox 2056 3958 2137 4003; x_wconf 90' lang='lat' dir='ltr'><strong>cst</strong></span> <span class='ocrx_word' id='word_1_753' title='bbox 2167 3950 2232 4005; x_wconf 91' lang='lat' dir='ltr'><strong>de</strong></span> <span class='ocrx_word' id='word_1_754' title='bbox 2271 3951 2536 4010; x_wconf 80' lang='lat' dir='ltr'><strong>sacriﬁcio</strong></span> <span class='ocrx_word' id='word_1_755' title='bbox 2562 3952 2773 4007; x_wconf 88' lang='lat' dir='ltr'><strong>Domini</strong></span> <span class='ocrx_word' id='word_1_756' title='bbox 2801 3954 2922 4022; x_wconf 89' lang='lat' dir='ltr'><strong>jure</strong></span> <span class='ocrx_word' id='word_1_757' title='bbox 2949 3966 3267 4024; x_wconf 57' lang='lat' dir='ltr'><strong>perpetuo.)</strong></span> 
     </span>
    </p>
   </div>
   <div class='ocr_carea' id='block_1_104' title="bbox 2127 4039 3623 4122">
    <p class='ocr_par' dir='ltr' id='par_1_104' title="bbox 2127 4039 3623 4122">
     <span class='ocr_line' id='line_1_105' title="bbox 2127 4039 3623 4122; baseline 0.013 -32"><span class='ocrx_word' id='word_1_758' title='bbox 2127 4039 2290 4106; x_wconf 70' lang='lat' dir='ltr'><strong>vocat</strong></span> <span class='ocrx_word' id='word_1_759' title='bbox 2311 4042 2378 4110; x_wconf 77' lang='lat' dir='ltr'><strong>ad</strong></span> <span class='ocrx_word' id='word_1_760' title='bbox 2408 4043 2915 4113; x_wconf 86' lang='lat' dir='ltr'><strong>contemplationem</strong></span> <span class='ocrx_word' id='word_1_761' title='bbox 2944 4047 3181 4112; x_wconf 79' lang='lat' dir='ltr'><strong>mandati</strong></span> <span class='ocrx_word' id='word_1_762' title='bbox 3229 4063 3332 4105; x_wconf 84' lang='lat' dir='ltr'><strong>nos</strong></span> <span class='ocrx_word' id='word_1_763' title='bbox 3375 4049 3494 4119; x_wconf 77' lang='lat' dir='ltr'><strong>ipse</strong></span> <span class='ocrx_word' id='word_1_764' title='bbox 3525 4068 3623 4122; x_wconf 79' lang='lat' dir='ltr'><strong>ps-</strong></span> 
     </span>
    </p>
   </div>
   <div class='ocr_carea' id='block_1_105' title="bbox 2050 4135 3625 4210">
    <p class='ocr_par' dir='ltr' id='par_1_105' title="bbox 2050 4135 3625 4210">
     <span class='ocr_line' id='line_1_106' title="bbox 2050 4135 3625 4210; baseline 0.008 -25"><span class='ocrx_word' id='word_1_765' title='bbox 2050 4147 2181 4186; x_wconf 90' lang='lat' dir='ltr'><strong>num</strong></span> <span class='ocrx_word' id='word_1_766' title='bbox 2227 4149 2505 4197; x_wconf 84' lang='lat' dir='ltr'><strong>numerus,</strong></span> <span class='ocrx_word' id='word_1_767' title='bbox 2539 4135 2630 4189; x_wconf 88' lang='lat' dir='ltr'><strong>sed</strong></span> <span class='ocrx_word' id='word_1_768' title='bbox 2670 4142 2724 4188; x_wconf 87' lang='lat' dir='ltr'><strong>et</strong></span> <span class='ocrx_word' id='word_1_769' title='bbox 2775 4137 3112 4206; x_wconf 90' lang='lat' dir='ltr'><strong>propositio:</strong></span> <span class='ocrx_word' id='word_1_770' title='bbox 3141 4148 3194 4193; x_wconf 90' lang='lat' dir='ltr'><strong>et</strong></span> <span class='ocrx_word' id='word_1_771' title='bbox 3237 4141 3363 4210; x_wconf 89' lang='lat' dir='ltr'><strong>quia</strong></span> <span class='ocrx_word' id='word_1_772' title='bbox 3407 4157 3518 4198; x_wconf 91' lang='lat' dir='ltr'><strong>non</strong></span> <span class='ocrx_word' id='word_1_773' title='bbox 3567 4153 3625 4201; x_wconf 88' lang='lat' dir='ltr'><strong>et</strong></span> 
     </span>
    </p>
   </div>
   <div class='ocr_carea' id='block_1_106' title="bbox 2051 4223 3626 4300">
    <p class='ocr_par' dir='ltr' id='par_1_106' title="bbox 2051 4223 3626 4300">
     <span class='ocr_line' id='line_1_107' title="bbox 2051 4223 3626 4300; baseline 0.009 -25"><span class='ocrx_word' id='word_1_774' title='bbox 2051 4223 2214 4292; x_wconf 85' lang='lat' dir='ltr'><strong>ipsos,</strong></span> <span class='ocrx_word' id='word_1_775' title='bbox 2250 4225 2703 4292; x_wconf 88' lang='lat' dir='ltr'><strong>quemadmodum</strong></span> <span class='ocrx_word' id='word_1_776' title='bbox 2742 4240 2802 4278; x_wconf 88' lang='lat' dir='ltr'><strong>ea</strong></span> <span class='ocrx_word' id='word_1_777' title='bbox 2835 4241 2954 4294; x_wconf 62' lang='lat' dir='ltr'><strong>quae</strong></span> <span class='ocrx_word' id='word_1_778' title='bbox 2997 4237 3124 4281; x_wconf 89' lang='lat' dir='ltr'><strong>sunt</strong></span> <span class='ocrx_word' id='word_1_779' title='bbox 3151 4229 3220 4283; x_wconf 89' lang='lat' dir='ltr'><strong>de</strong></span> <span class='ocrx_word' id='word_1_780' title='bbox 3247 4232 3538 4300; x_wconf 79' lang='lat' dir='ltr'><strong>sartagine.</strong></span> <span class='ocrx_word' id='word_1_781' title='bbox 3566 4243 3626 4289; x_wconf 88' lang='lat' dir='ltr'><strong>et</strong></span> 
     </span>
    </p>
   </div>
   <div class='ocr_carea' id='block_1_107' title="bbox 2039 4312 3620 4394">
    <p class='ocr_par' dir='ltr' id='par_1_107' title="bbox 2039 4312 3620 4394">
     <span class='ocr_line' id='line_1_108' title="bbox 2039 4312 3620 4394; baseline 0.009 -29"><span class='ocrx_word' id='word_1_782' title='bbox 2039 4312 2324 4380; x_wconf 87' lang='lat' dir='ltr'><strong>craticula,</strong></span> <span class='ocrx_word' id='word_1_783' title='bbox 2371 4322 2426 4369; x_wconf 90' lang='lat' dir='ltr'><strong>et</strong></span> <span class='ocrx_word' id='word_1_784' title='bbox 2479 4314 2713 4376; x_wconf 87' lang='lat' dir='ltr'><strong>clibano,</strong></span> <span class='ocrx_word' id='word_1_785' title='bbox 2761 4316 3133 4386; x_wconf 85' lang='lat' dir='ltr'><strong>holocaustum</strong></span> <span class='ocrx_word' id='word_1_786' title='bbox 3193 4318 3310 4389; x_wconf 69' lang='lat' dir='ltr'><strong>ﬁeri</strong></span> <span class='ocrx_word' id='word_1_787' title='bbox 3357 4323 3620 4394; x_wconf 78' lang='lat' dir='ltr'><strong>praecipit,</strong></span> 
     </span>
    </p>
   </div>
   <div class='ocr_carea' id='block_1_108' title="bbox 2049 4405 3623 4475">
    <p class='ocr_par' dir='ltr' id='par_1_108' title="bbox 2049 4405 3623 4475">
     <span class='ocr_line' id='line_1_109' title="bbox 2049 4405 3623 4475; baseline 0.008 -19"><span class='ocrx_word' id='word_1_788' title='bbox 2049 4405 2143 4458; x_wconf 86' lang='lat' dir='ltr'><strong>sed</strong></span> <span class='ocrx_word' id='word_1_789' title='bbox 2182 4405 2304 4472; x_wconf 90' lang='lat' dir='ltr'><strong>poni</strong></span> <span class='ocrx_word' id='word_1_790' title='bbox 2332 4405 2557 4475; x_wconf 85' lang='lat' dir='ltr'><strong>quidem</strong></span> <span class='ocrx_word' id='word_1_791' title='bbox 2597 4407 2651 4459; x_wconf 90' lang='lat' dir='ltr'><strong>in</strong></span> <span class='ocrx_word' id='word_1_792' title='bbox 2687 4421 2870 4466; x_wconf 89' lang='lat' dir='ltr'><strong>mensa</strong></span> <span class='ocrx_word' id='word_1_793' title='bbox 2908 4409 3252 4474; x_wconf 85' lang='lat' dir='ltr'><strong>altrinsecus.</strong></span> <span class='ocrx_word' id='word_1_794' title='bbox 3286 4421 3342 4466; x_wconf 90' lang='lat' dir='ltr'><strong>et</strong></span> <span class='ocrx_word' id='word_1_795' title='bbox 3371 4413 3500 4468; x_wconf 85' lang='lat' dir='ltr'><strong>solis</strong></span> <span class='ocrx_word' id='word_1_796' title='bbox 3527 4431 3623 4470; x_wconf 89' lang='lat' dir='ltr'><strong>eos</strong></span> 
     </span>
    </p>
   </div>
   <div class='ocr_carea' id='block_1_109' title="bbox 1977 4473 3619 4568">
    <p class='ocr_par' dir='ltr' id='par_1_109' title="bbox 1977 4473 3619 4568">
     <span class='ocr_line' id='line_1_110' title="bbox 1977 4473 3619 4568; baseline 0.009 -22"><span class='ocrx_word' id='word_1_797' title='bbox 1977 4473 2020 4530; x_wconf 74' lang='grc' dir='ltr'><strong>ί)</strong></span> <span class='ocrx_word' id='word_1_798' title='bbox 2050 4495 2209 4550; x_wconf 88' lang='lat' dir='ltr'><strong>licere</strong></span> <span class='ocrx_word' id='word_1_799' title='bbox 2253 4473 2642 4560; x_wconf 86' lang='lat' dir='ltr'><strong>sacerdotibus,</strong></span> <span class='ocrx_word' id='word_1_800' title='bbox 2671 4513 2781 4552; x_wconf 86' lang='lat' dir='ltr'><strong>non</strong></span> <span class='ocrx_word' id='word_1_801' title='bbox 2814 4507 2870 4553; x_wconf 92' lang='lat' dir='ltr'><strong>et</strong></span> <span class='ocrx_word' id='word_1_802' title='bbox 2903 4497 3102 4556; x_wconf 77' lang='lat' dir='ltr'><strong>Levitis</strong></span> <span class='ocrx_word' id='word_1_803' title='bbox 3129 4503 3312 4568; x_wconf 85' lang='lat' dir='ltr'><strong>edere,</strong></span> <span class='ocrx_word' id='word_1_804' title='bbox 3347 4511 3406 4558; x_wconf 93' lang='lat' dir='ltr'><strong>ut</strong></span> <span class='ocrx_word' id='word_1_805' title='bbox 3440 4511 3619 4568; x_wconf 82' lang='lat' dir='ltr'><strong>tamen</strong></span> 
     </span>
    </p>
   </div>
   <div class='ocr_carea' id='block_1_110' title="bbox 2050 4587 3620 4666">
    <p class='ocr_par' dir='ltr' id='par_1_110' title="bbox 2050 4587 3620 4666">
     <span class='ocr_line' id='line_1_111' title="bbox 2050 4587 3620 4666; baseline 0.008 -26"><span class='ocrx_word' id='word_1_806' title='bbox 2050 4595 2103 4640; x_wconf 90' lang='lat' dir='ltr'><strong>et</strong></span> <span class='ocrx_word' id='word_1_807' title='bbox 2133 4587 2199 4641; x_wconf 88' lang='lat' dir='ltr'><strong>ab</strong></span> <span class='ocrx_word' id='word_1_808' title='bbox 2231 4587 2362 4658; x_wconf 89' lang='lat' dir='ltr'><strong>ipsis</strong></span> <span class='ocrx_word' id='word_1_809' title='bbox 2400 4589 2454 4642; x_wconf 91' lang='lat' dir='ltr'><strong>in</strong></span> <span class='ocrx_word' id='word_1_810' title='bbox 2486 4589 2603 4644; x_wconf 81' lang='lat' dir='ltr'><strong>loco</strong></span> <span class='ocrx_word' id='word_1_811' title='bbox 2631 4598 2818 4646; x_wconf 87' lang='lat' dir='ltr'><strong>sancto</strong></span> <span class='ocrx_word' id='word_1_812' title='bbox 2845 4593 3218 4648; x_wconf 90' lang='lat' dir='ltr'><strong>comedantur.</strong></span> <span class='ocrx_word' id='word_1_813' title='bbox 3251 4594 3357 4650; x_wconf 92' lang='lat' dir='ltr'><strong>Sed</strong></span> <span class='ocrx_word' id='word_1_814' title='bbox 3397 4604 3454 4650; x_wconf 89' lang='lat' dir='ltr'><strong>et</strong></span> <span class='ocrx_word' id='word_1_815' title='bbox 3493 4599 3620 4666; x_wconf 88' lang='lat' dir='ltr'><strong>quia</strong></span> 
     </span>
    </p>
   </div>
   <div class='ocr_carea' id='block_1_111' title="bbox 2052 4681 3706 4755">
    <p class='ocr_par' dir='ltr' id='par_1_111' title="bbox 2052 4681 3706 4755">
     <span class='ocr_line' id='line_1_112' title="bbox 2052 4681 3706 4755; baseline 0.007 -25"><span class='ocrx_word' id='word_1_816' title='bbox 2052 4687 2298 4732; x_wconf 87' lang='lat' dir='ltr'><strong>sanctum</strong></span> <span class='ocrx_word' id='word_1_817' title='bbox 2341 4687 2652 4734; x_wconf 89' lang='lat' dir='ltr'><strong>sanctorum</strong></span> <span class='ocrx_word' id='word_1_818' title='bbox 2703 4681 2956 4751; x_wconf 86' lang='lat' dir='ltr'><strong>appellati</strong></span> <span class='ocrx_word' id='word_1_819' title='bbox 3007 4691 3150 4749; x_wconf 89' lang='lat' dir='ltr'><strong>sunt,</strong></span> <span class='ocrx_word' id='word_1_820' title='bbox 3213 4685 3454 4754; x_wconf 87' lang='lat' dir='ltr'><strong>intellige</strong></span> <span class='ocrx_word' id='word_1_821' title='bbox 3498 4701 3619 4755; x_wconf 75' lang='lat' dir='ltr'><strong>quae</strong></span> <span class='ocrx_word' id='word_1_822' title='bbox 3702 4725 3706 4730; x_wconf 80' lang='lat'><strong>-</strong></span> 
     </span>
    </p>
   </div>
   <div class='ocr_carea' id='block_1_112' title="bbox 2051 4769 3668 4830">
    <p class='ocr_par' dir='ltr' id='par_1_112' title="bbox 2051 4769 3668 4830">
     <span class='ocr_line' id='line_1_113' title="bbox 2051 4769 3668 4830; baseline 0.005 -7"><span class='ocrx_word' id='word_1_823' title='bbox 2051 4769 2325 4824; x_wconf 88' lang='lat' dir='ltr'><strong>dicuntur.</strong></span> <span class='ocrx_word' id='word_1_824' title='bbox 2354 4772 2511 4825; x_wconf 86' lang='lat' dir='ltr'><strong>Dabit</strong></span> <span class='ocrx_word' id='word_1_825' title='bbox 2542 4771 2684 4826; x_wconf 89' lang='lat' dir='ltr'><strong>enim</strong></span> <span class='ocrx_word' id='word_1_826' title='bbox 2713 4773 2808 4827; x_wconf 90' lang='lat' dir='ltr'><strong>tibi</strong></span> <span class='ocrx_word' id='word_1_827' title='bbox 2839 4774 3098 4830; x_wconf 88' lang='lat' dir='ltr'><strong>Dominus</strong></span> <span class='ocrx_word' id='word_1_828' title='bbox 3121 4776 3471 4830; x_wconf 82' lang='lat' dir='ltr'><strong>intellecmm.</strong></span> <span class='ocrx_word' id='word_1_829' title='bbox 3503 4775 3616 4830; x_wconf 85' lang='lat' dir='ltr'><strong>Me-</strong></span> <span class='ocrx_word' id='word_1_830' title='bbox 3665 4789 3668 4798; x_wconf 95' lang='lat'>&#39;</span> 
     </span>
    </p>
   </div>
   <div class='ocr_carea' id='block_1_113' title="bbox 2053 4862 3618 4933">
    <p class='ocr_par' dir='ltr' id='par_1_113' title="bbox 2053 4862 3618 4933">
     <span class='ocr_line' id='line_1_114' title="bbox 2053 4862 3618 4933; baseline 0.004 -21"><span class='ocrx_word' id='word_1_831' title='bbox 2053 4869 2240 4914; x_wconf 87' lang='lat' dir='ltr'><strong>mento</strong></span> <span class='ocrx_word' id='word_1_832' title='bbox 2279 4862 2517 4932; x_wconf 81' lang='lat' dir='ltr'><strong>mysticae</strong></span> <span class='ocrx_word' id='word_1_833' title='bbox 2568 4877 2791 4923; x_wconf 62' lang='lat' dir='ltr'><strong>mensae.</strong></span> <span class='ocrx_word' id='word_1_834' title='bbox 2847 4864 2913 4917; x_wconf 87' lang='lat' dir='ltr'><strong>de</strong></span> <span class='ocrx_word' id='word_1_835' title='bbox 2952 4879 3055 4932; x_wconf 87' lang='lat' dir='ltr'><strong>qua</strong></span> <span class='ocrx_word' id='word_1_836' title='bbox 3102 4866 3236 4918; x_wconf 90' lang='lat' dir='ltr'><strong>nulli</strong></span> <span class='ocrx_word' id='word_1_837' title='bbox 3290 4879 3618 4933; x_wconf 69' lang='lat' dir='ltr'><strong>praesumere</strong></span> 
     </span>
    </p>
   </div>
   <div class='ocr_carea' id='block_1_114' title="bbox 2053 4954 3670 5024">
    <p class='ocr_par' dir='ltr' id='par_1_114' title="bbox 2053 4954 3670 5024">
     <span class='ocr_line' id='line_1_115' title="bbox 2053 4954 3670 5024; baseline 0.004 -22"><span class='ocrx_word' id='word_1_838' title='bbox 2053 4959 2384 5019; x_wconf 82' lang='lat' dir='ltr'><strong>praeceptum</strong></span> <span class='ocrx_word' id='word_1_839' title='bbox 2415 4962 2519 5014; x_wconf 87' lang='lat' dir='ltr'><strong>est,</strong></span> <span class='ocrx_word' id='word_1_840' title='bbox 2565 4961 2788 5024; x_wconf 78' lang='lat' dir='ltr'><strong>excepto</strong></span> <span class='ocrx_word' id='word_1_841' title='bbox 2834 4954 3153 5024; x_wconf 80' lang='lat' dir='ltr'><strong>iutelligibili</strong></span> <span class='ocrx_word' id='word_1_842' title='bbox 3202 4954 3403 5013; x_wconf 81' lang='lat' dir='ltr'><strong>Aaron,</strong></span> <span class='ocrx_word' id='word_1_843' title='bbox 3445 4954 3494 5007; x_wconf 92' lang='lat' dir='ltr'><strong>id</strong></span> <span class='ocrx_word' id='word_1_844' title='bbox 3537 4964 3620 5008; x_wconf 89' lang='lat' dir='ltr'><strong>est</strong></span> <span class='ocrx_word' id='word_1_845' title='bbox 3666 4997 3670 5000; x_wconf 90' lang='lat'><strong>.</strong></span> 
     </span>
    </p>
   </div>
   <div class='ocr_carea' id='block_1_115' title="bbox 2048 5039 3618 5111">
    <p class='ocr_par' dir='ltr' id='par_1_115' title="bbox 2048 5039 3618 5111">
     <span class='ocr_line' id='line_1_116' title="bbox 2048 5039 3618 5111; baseline 0.004 -19"><span class='ocrx_word' id='word_1_846' title='bbox 2048 5039 2311 5094; x_wconf 91' lang='lat' dir='ltr'><strong>Christo:</strong></span> <span class='ocrx_word' id='word_1_847' title='bbox 2345 5043 2464 5110; x_wconf 89' lang='lat' dir='ltr'><strong>ipse</strong></span> <span class='ocrx_word' id='word_1_848' title='bbox 2508 5044 2650 5098; x_wconf 87' lang='lat' dir='ltr'><strong>enim</strong></span> <span class='ocrx_word' id='word_1_849' title='bbox 2698 5059 2816 5098; x_wconf 84' lang='lat' dir='ltr'><strong>eam</strong></span> <span class='ocrx_word' id='word_1_850' title='bbox 2865 5044 3072 5111; x_wconf 86' lang='lat' dir='ltr'><strong>primus</strong></span> <span class='ocrx_word' id='word_1_851' title='bbox 3126 5043 3358 5096; x_wconf 87' lang='lat' dir='ltr'><strong>initiavit</strong></span> <span class='ocrx_word' id='word_1_852' title='bbox 3401 5045 3535 5098; x_wconf 88' lang='lat' dir='ltr'><strong>:sed</strong></span> <span class='ocrx_word' id='word_1_853' title='bbox 3562 5052 3618 5104; x_wconf 83' lang='lat' dir='ltr'><strong>et</strong></span> 
     </span>
    </p>
   </div>
   <div class='ocr_carea' id='block_1_116' title="bbox 2049 5131 3611 5202">
    <p class='ocr_par' dir='ltr' id='par_1_116' title="bbox 2049 5131 3611 5202">
     <span class='ocr_line' id='line_1_117' title="bbox 2049 5131 3611 5202; baseline 0.004 -18"><span class='ocrx_word' id='word_1_854' title='bbox 2049 5131 2172 5185; x_wconf 85' lang='lat' dir='ltr'><strong>[iliis</strong></span> <span class='ocrx_word' id='word_1_855' title='bbox 2213 5133 2352 5201; x_wconf 86' lang='lat' dir='ltr'><strong>ejus,</strong></span> <span class='ocrx_word' id='word_1_856' title='bbox 2392 5133 2481 5202; x_wconf 90' lang='lat' dir='ltr'><strong>qui</strong></span> <span class='ocrx_word' id='word_1_857' title='bbox 2524 5135 2593 5189; x_wconf 89' lang='lat' dir='ltr'><strong>ab</strong></span> <span class='ocrx_word' id='word_1_858' title='bbox 2635 5151 2700 5190; x_wconf 89' lang='lat' dir='ltr'><strong>eo</strong></span> <span class='ocrx_word' id='word_1_859' title='bbox 2743 5135 2868 5190; x_wconf 81' lang='lat' dir='ltr'><strong>facti</strong></span> <span class='ocrx_word' id='word_1_860' title='bbox 2899 5143 3025 5189; x_wconf 87' lang='lat' dir='ltr'><strong>sunt</strong></span> <span class='ocrx_word' id='word_1_861' title='bbox 3067 5134 3294 5196; x_wconf 87' lang='lat' dir='ltr'><strong>Christi,</strong></span> <span class='ocrx_word' id='word_1_862' title='bbox 3341 5143 3394 5189; x_wconf 87' lang='lat' dir='ltr'><strong>et</strong></span> <span class='ocrx_word' id='word_1_863' title='bbox 3438 5135 3611 5191; x_wconf 86' lang='lat' dir='ltr'><strong>induti</strong></span> 
     </span>
    </p>
   </div>
   <div class='ocr_carea' id='block_1_117' title="bbox 2048 5225 3611 5295">
    <p class='ocr_par' dir='ltr' id='par_1_117' title="bbox 2048 5225 3611 5295">
     <span class='ocr_line' id='line_1_118' title="bbox 2048 5225 3611 5295; baseline 0.003 -18"><span class='ocrx_word' id='word_1_864' title='bbox 2048 5232 2176 5278; x_wconf 91' lang='lat' dir='ltr'><strong>sunt</strong></span> <span class='ocrx_word' id='word_1_865' title='bbox 2199 5239 2265 5278; x_wconf 89' lang='lat' dir='ltr'><strong>eo</strong></span> <span class='ocrx_word' id='word_1_866' title='bbox 2293 5241 2304 5276; x_wconf 93' lang='lat'><strong>:</strong></span> <span class='ocrx_word' id='word_1_867' title='bbox 2328 5240 2488 5292; x_wconf 88' lang='lat' dir='ltr'><strong>quam</strong></span> <span class='ocrx_word' id='word_1_868' title='bbox 2520 5233 2698 5279; x_wconf 89' lang='lat' dir='ltr'><strong>tamen</strong></span> <span class='ocrx_word' id='word_1_869' title='bbox 2725 5225 3010 5280; x_wconf 87' lang='lat' dir='ltr'><strong>comedere</strong></span> <span class='ocrx_word' id='word_1_870' title='bbox 3039 5225 3092 5280; x_wconf 92' lang='lat' dir='ltr'><strong>in</strong></span> <span class='ocrx_word' id='word_1_871' title='bbox 3122 5226 3242 5279; x_wconf 74' lang='lat' dir='ltr'><strong>loco</strong></span> <span class='ocrx_word' id='word_1_872' title='bbox 3267 5234 3455 5281; x_wconf 85' lang='lat' dir='ltr'><strong>sancto</strong></span> <span class='ocrx_word' id='word_1_873' title='bbox 3475 5226 3611 5295; x_wconf 74' lang='lat' dir='ltr'><strong>jus&#39;si</strong></span> 
     </span>
    </p>
   </div>
   <div class='ocr_carea' id='block_1_118' title="bbox 2047 5314 3614 5379">
    <p class='ocr_par' dir='ltr' id='par_1_118' title="bbox 2047 5314 3614 5379">
     <span class='ocr_line' id='line_1_119' title="bbox 2047 5314 3614 5379; baseline 0.004 -12"><span class='ocrx_word' id='word_1_874' title='bbox 2047 5323 2193 5370; x_wconf 90' lang='lat' dir='ltr'><strong>sunt.</strong></span> <span class='ocrx_word' id='word_1_875' title='bbox 2242 5314 2336 5369; x_wconf 85' lang='lat' dir='ltr'><strong>Est</strong></span> <span class='ocrx_word' id='word_1_876' title='bbox 2381 5331 2509 5369; x_wconf 86' lang='lat' dir='ltr'><strong>vero</strong></span> <span class='ocrx_word' id='word_1_877' title='bbox 2535 5324 2591 5370; x_wconf 93' lang='lat' dir='ltr'><strong>et</strong></span> <span class='ocrx_word' id='word_1_878' title='bbox 2617 5324 2863 5371; x_wconf 89' lang='lat' dir='ltr'><strong>sanctum</strong></span> <span class='ocrx_word' id='word_1_879' title='bbox 2908 5326 3242 5379; x_wconf 81' lang='lat' dir='ltr'><strong>sanctorum,</strong></span> <span class='ocrx_word' id='word_1_880' title='bbox 3286 5326 3344 5372; x_wconf 92' lang='lat' dir='ltr'><strong>ut</strong></span> <span class='ocrx_word' id='word_1_881' title='bbox 3371 5319 3614 5374; x_wconf 80' lang='lat' dir='ltr'><strong>sanctiﬁ-</strong></span> 
     </span>
    </p>
   </div>
   <div class='ocr_carea' id='block_1_119' title="bbox 2047 5403 3611 5478">
    <p class='ocr_par' dir='ltr' id='par_1_119' title="bbox 2047 5403 3611 5478">
     <span class='ocr_line' id='line_1_120' title="bbox 2047 5403 3611 5478; baseline 0.003 -20"><span class='ocrx_word' id='word_1_882' title='bbox 2047 5403 2316 5458; x_wconf 89' lang='lat' dir='ltr'><strong>cationem</strong></span> <span class='ocrx_word' id='word_1_883' title='bbox 2364 5405 2601 5458; x_wconf 86' lang='lat' dir='ltr'><strong>habeant</strong></span> <span class='ocrx_word' id='word_1_884' title='bbox 2648 5403 2999 5472; x_wconf 71' lang='lat' dir='ltr'><strong>prtecipuam,</strong></span> <span class='ocrx_word' id='word_1_885' title='bbox 3044 5414 3098 5458; x_wconf 89' lang='lat' dir='ltr'><strong>et</strong></span> <span class='ocrx_word' id='word_1_886' title='bbox 3148 5404 3611 5478; x_wconf 81' lang='lat' dir='ltr'><strong>indespicabilem.</strong></span> 
     </span>
    </p>
   </div>
   <div class='ocr_carea' id='block_1_120' title="bbox 2047 5493 3611 5563">
    <p class='ocr_par' dir='ltr' id='par_1_120' title="bbox 2047 5493 3611 5563">
     <span class='ocr_line' id='line_1_121' title="bbox 2047 5493 3611 5563; baseline 0.001 -15"><span class='ocrx_word' id='word_1_887' title='bbox 2047 5493 2126 5548; x_wconf 88' lang='lat' dir='ltr'><strong>llli</strong></span> <span class='ocrx_word' id='word_1_888' title='bbox 2157 5509 2325 5563; x_wconf 89' lang='lat' dir='ltr'><strong>panes</strong></span> <span class='ocrx_word' id='word_1_889' title='bbox 2353 5510 2420 5548; x_wconf 83' lang='lat' dir='ltr'><strong>ex</strong></span> <span class='ocrx_word' id='word_1_890' title='bbox 2456 5493 2666 5548; x_wconf 84' lang='lat' dir='ltr'><strong>duabus</strong></span> <span class='ocrx_word' id='word_1_891' title='bbox 2692 5493 2936 5557; x_wconf 85' lang='lat' dir='ltr'><strong>decimis,</strong></span> <span class='ocrx_word' id='word_1_892' title='bbox 2969 5495 3059 5549; x_wconf 90' lang='lat' dir='ltr'><strong>Dei</strong></span> <span class='ocrx_word' id='word_1_893' title='bbox 3085 5495 3228 5551; x_wconf 86' lang='lat' dir='ltr'><strong>enim</strong></span> <span class='ocrx_word' id='word_1_894' title='bbox 3268 5507 3323 5551; x_wconf 89' lang='lat' dir='ltr'><strong>et</strong></span> <span class='ocrx_word' id='word_1_895' title='bbox 3356 5497 3611 5559; x_wconf 84' lang='lat' dir='ltr'><strong>hominis,</strong></span> 
     </span>
    </p>
   </div>
   <div class='ocr_carea' id='block_1_121' title="bbox 2169 5645 3112 5708">
    <p class='ocr_par' dir='ltr' id='par_1_121' title="bbox 2169 5645 3112 5708">
     <span class='ocr_line' id='line_1_122' title="bbox 2169 5645 3112 5708; baseline 0.004 -10"><span class='ocrx_word' id='word_1_896' title='bbox 2169 5649 2208 5678; x_wconf 81' lang='lat'>“</span> <span class='ocrx_word' id='word_1_897' title='bbox 2237 5645 2396 5699; x_wconf 88' lang='lat' dir='ltr'><strong>Prov.</strong></span> <span class='ocrx_word' id='word_1_898' title='bbox 2424 5661 2504 5702; x_wconf 86' lang='grc' dir='ltr'><strong>ιιι.</strong></span> <span class='ocrx_word' id='word_1_899' title='bbox 2537 5645 2627 5699; x_wconf 69' lang='lat'><strong>‘28.</strong></span> <span class='ocrx_word' id='word_1_900' title='bbox 2705 5647 2750 5676; x_wconf 82' lang='grc'>¹²</span> <span class='ocrx_word' id='word_1_901' title='bbox 2773 5646 2915 5700; x_wconf 85' lang='lat' dir='ltr'><strong>Petr.</strong></span> <span class='ocrx_word' id='word_1_902' title='bbox 2953 5664 2993 5707; x_wconf 75' lang='grc' dir='ltr'><strong>ι.</strong></span> <span class='ocrx_word' id='word_1_903' title='bbox 3023 5647 3112 5708; x_wconf 71' lang='lat'><strong>22.</strong></span> 
     </span>
    </p>
   </div>
   <div class='ocr_carea' id='block_1_122' title="bbox 2482 5715 2990 5779">
    <p class='ocr_par' dir='ltr' id='par_1_122' title="bbox 2482 5715 2990 5779">
     <span class='ocr_line' id='line_1_123' title="bbox 2482 5715 2990 5779; baseline 0.004 -12"><span class='ocrx_word' id='word_1_904' title='bbox 2482 5715 2562 5767; x_wconf 80' lang='lat' dir='ltr'><strong>&quot;l</strong></span> <span class='ocrx_word' id='word_1_905' title='bbox 2593 5715 2788 5770; x_wconf 82' lang='lat' dir='ltr'><strong>Thess.</strong></span> <span class='ocrx_word' id='word_1_906' title='bbox 2818 5733 2870 5779; x_wconf 92' lang='lat' dir='ltr'><strong>v,</strong></span> <span class='ocrx_word' id='word_1_907' title='bbox 2909 5716 2990 5772; x_wconf 79' lang='lat' dir='ltr'><strong>l9.</strong></span> 
     </span>
    </p>
   </div>
   <div class='ocr_carea' id='block_1_123' title="bbox 3227 5647 3610 5715">
    <p class='ocr_par' dir='ltr' id='par_1_123' title="bbox 3227 5647 3610 5715">
     <span class='ocr_line' id='line_1_124' title="bbox 3227 5647 3610 5715; baseline 0.003 -13"><span class='ocrx_word' id='word_1_908' title='bbox 3227 5649 3268 5681; x_wconf 84' lang='grc'><strong>¹³</strong></span> <span class='ocrx_word' id='word_1_909' title='bbox 3288 5647 3443 5704; x_wconf 85' lang='lat' dir='ltr'><strong>Joau.</strong></span> <span class='ocrx_word' id='word_1_910' title='bbox 3488 5665 3523 5715; x_wconf 83' lang='grc' dir='ltr'><strong>ι,</strong></span> <span class='ocrx_word' id='word_1_911' title='bbox 3557 5651 3610 5704; x_wconf 83' lang='grc'><strong>9.</strong></span> 
     </span>
    </p>
   </div>
  </div>
