4038 6182
515 241 548 305 1
561 243 660 307 103

1701 238 2061 297 HESYCHII
2106 234 2577 298 passerum
3623 209 3738 286 fmt

517 366 647 414 sunt
668 354 910 426 ejusdem
941 355 995 408 in
1023 361 1250 421 utroque
1290 349 1536 420 perfecti,
1567 361 1846 422 ponuntur
1874 353 1991 407 seni
2021 353 2092 406 al-
2121 364 2166 418 Α
2195 365 2348 405 suam
2374 363 2494 404 esse
2523 359 2784 409 mensam,
2811 352 2867 398 et
2908 347 3290 397 testamentum
3317 351 3473 391 suum
3503 347 3738 392 :rternum

520 447 804 500 trinsecus.
835 441 1054 513 Mystica
1081 454 1265 493 mensa
1294 439 1515 509 ponitur
1539 441 1756 510 quidem
1783 440 1894 504 hic,
1928 441 2089 511 poni-

516 546 606 589 tur
621 535 781 590 etiam
811 533 865 585 in
897 531 1078 584 futuro
1109 529 1325 583 saeculo.
1355 527 1458 584 Sex
1485 539 1664 584 autem
1685 546 1874 600 panes,
1895 531 2092 600 positio

519 639 642 687 uua,
685 620 811 692 quia
851 618 1129 689 perfectus
1171 632 1450 684 numerus,
1506 619 1648 672 sicut
1673 627 1729 673 et
1773 620 2090 690 mysterium

519 713 692 781 ipsum
733 708 1053 778 perfectum,
1093 716 1148 762 et
1195 707 1464 778 perfectos
1512 709 1640 763 facit
1693 724 1806 773 ros,
1849 709 1940 778 qui
1990 710 2092 763 hoc

516 801 788 858 fruuntur.
827 799 892 854 in
920 813 1012 854 sex
1041 809 1221 854 autem
1267 800 1462 854 diebus
1507 800 1624 855 lucc
1665 800 1898 855 visibilis
1953 800 2092 854 facta

516 902 601 948 est
637 898 906 956 creatura,
952 901 1210 961 scxtaque
1253 892 1340 946 die
1386 892 1550 946 homo
1598 893 1892 961 productus
1915 900 1997 946 est
2026 891 2090 957 ¹⁹,

517 993 738 1055 propter
761 998 925 1054 quem
960 984 1214 1038 Christus
1257 984 1540 1054 mysticam
1581 986 1902 1055 prmparavit
1936 1000 2092 1038 men-

517 1091 654 1132 sam.
687 1074 1075 1131 Verumtamen
1110 1083 1165 1128 et
1189 1090 1381 1130 omnes
1427 1076 1588 1129 simul
1632 1084 1776 1129 recte
1803 1074 2092 1129 duodecim

519 1183 686 1238 panes
708 1179 857 1233 sunt,
877 1182 1002 1238 quia
1029 1167 1186 1237 primi
1216 1167 1548 1222 Dominicam
1579 1176 1932 1222 etenaverunt
1960 1182 2095 1238 apo-

517 1259 665 1324 stoli,
697 1259 789 1328 qui
835 1267 989 1312 erant
1023 1257 1308 1312 duodecim
1337 1273 1586 1313 numero.
1619 1259 1796 1329 Super
1840 1260 1938 1314 bos
1965 1260 2096 1315 thus

519 1351 913 1407 lucidissimum
944 1351 1181 1421 ponitur,
1225 1351 1338 1405 sive
1368 1358 1426 1404 ut
1452 1349 1614 1417 LXX,
1643 1351 1805 1405 etiam
1839 1351 1935 1406 sal.
1989 1350 2094 1406 Sed

522 1440 650 1496 thus
675 1439 846 1509 prius,
887 1439 1180 1509 gratiarum
1210 1440 1502 1502 actionem,
1535 1438 1587 1492 id
1615 1446 1696 1492 est
1741 1439 2094 1502 oblationem,

518 1545 642 1600 qua
667 1528 1032 1600 principatum
1064 1537 1214 1584 tenet
1239 1529 1295 1584 in
1319 1529 1656 1584 Dominicam
1682 1544 1914 1597 cauam,
1938 1530 2098 1600 signi-

521 1619 646 1673 licet
672 1609 958 1682 thus,‘non
986 1617 1160 1671 solum
1189 1617 1315 1686 quia
1341 1617 1651 1672 immolatur
1682 1619 1811 1682 Deo,
1839 1618 1933 1673 sed
1968 1618 2097 1689 quia

521 1719 578 1766 et
626 1711 846 1775 multas,
907 1711 1048 1765 sicut
1101 1712 1290 1766 dicunt
1344 1711 1562 1776 medici,
1603 1720 1758 1766 sanat
1814 1713 2095 1767 oculorum
2131 1690 2174 1745 Β

518 1805 890 1877 aegritudines.
921 1804 1012 1860 Sal
1035 1805 1178 1860 enim
1198 1805 1562 1874 apostolorum
1599 1804 1899 1860 doctrinam
1932 1805 2099 1876 signi-

523 1895 666 1962 ﬁcat,
699 1896 764 1950 ad
806 1909 942 1965 quos
974 1894 1214 1949 dicitur:
1247 1893 1344 1948 Vos
1376 1896 1499 1949 estis
1543 1894 1626 1948 sal
1661 1904 1814 1950 terra:
1836 1896 1902 1950 '°.
1931 1895 2100 1950 Recte

521 1995 702 2042 autem
731 1986 787 2041 in
823 1985 1008 2040 multis
1041 1985 1171 2041 locis
1197 1985 1435 2057 mysticae
1464 1999 1688 2051 mensae,
1721 1986 1820 2056 ipsi
1868 1984 2099 2055 apostoli

521 2087 577 2133 et
601 2077 848 2135 doctrina
876 2092 1065 2132 eorum
1096 2085 1395 2148 ponuntur,
1453 2077 1580 2147 quia
1631 2077 2093 2147 quemadmodum

521 2169 657 2240 ipsis
715 2168 1001 2235 Dominus,
1041 2169 1120 2224 sic
1156 2168 1262 2240 ipsi
1313 2169 1472 2224 nobis
1499 2169 1699 2223 divinae
1745 2183 1914 2224 coenae
1944 2183 2100 2224 com-

521 2262 837 2316 munionem
871 2261 1232 2326 tradiderunt,
1263 2277 1496 2330 quorum
1535 2273 1722 2317 mensa
1753 2262 1980 2325 munda,
2015 2262 2099 2315 vi-

515 2354 716 2410 delicet
757 2354 949 2422 altare,
986 2353 1184 2424 dequo
1231 2353 1398 2408 David
1445 2353 1742 2424 psallebat:
1787 2351 1997 2408 Parasti
2043 2355 2100 2407 in

519 2455 792 2517 conspectu
831 2462 944 2500 meo
985 2463 1239 2511 mensam,
1291 2447 1539 2502 adversus
1579 2465 1664 2502 eos
1712 2449 1801 2518 qui
1846 2447 2097 2501 tribulam

521 2553 604 2592 me
631 2539 697 2594 “.
725 2537 850 2593 Haec
885 2537 1086 2593 munda
1117 2546 1202 2593 est
1243 2540 1478 2609 primum
1509 2540 1729 2610 quidem
1765 2542 1903 2598 sicut
1936 2557 2099 2596 mun-

521 2630 677 2696 dans,
715 2629 912 2685 deinde
938 2630 1079 2684 sicut
1114 2630 1249 2684 nihil
1288 2632 1578 2696 mendacii,
1626 2649 1729 2688 nec
1769 2634 2095 2702 infectionis,

519 2721 699 2790 qualia
721 2729 848 2776 sunt
869 2721 922 2775 in
953 2722 1222 2793 mysteriis
1244 2739 1601 2795 paganorum,
1629 2727 1834 2782 habens
1857 2728 2096 2798 insuper,

518 2812 646 2882 quia
675 2827 788 2867 non
812 2813 938 2868 licet
967 2815 1282 2885 participem
1316 2816 1458 2871 illius
1488 2817 1604 2872 ﬁeri
1650 2835 1797 2882 eum,
1846 2820 1938 2889 qui
1990 2835 2096 2874 non

520 2905 726 2959 mundo
758 2905 966 2960 accedit
993 2921 1174 2972 sensu,
1200 2923 1377 2978 neque
1423 2909 1642 2964 indutus
1671 2920 1754 2965 est
1773 2919 1922 2966 veste
1953 2911 2096 2974 alba,

520 2994 737 3063 qualem
765 2995 856 3065 qui
890 2996 1112 3052 indutus
1138 3014 1245 3051 non
1287 2999 1447 3054 fuerit
1478 3001 1760 3071 projicitur
1786 3017 1854 3056 ex
1879 3002 1976 3066 eis,
2003 3002 2095 3072 qui

502 3085 696 3140 .vocati
725 3094 854 3141 sunt
877 3087 944 3141 ad
973 3103 1184 3143 orenam
1211 3089 1352 3144 hanc
1379 3106 1595 3162 semper
1634 3094 1699 3147 ".
1749 3092 1856 3148 Sed
1897 3100 1952 3148 et
2004 3093 2094 3148 die

507 3177 884 3232 ‘Sabbatorum
912 3179 1160 3248 praecipit
1184 3181 1331 3249 poni,
1358 3183 1590 3251 primum
1618 3183 1858 3252 quidem,
1891 3184 2014 3253 quia
2040 3192 2096 3238 ct

501 3268 578 3320 .in
605 3267 927 3339 intelligibili
967 3270 1154 3339 requie
1185 3287 1304 3340 qua:
1331 3285 1415 3328 est
1449 3289 1637 3328 verum
1670 3272 1985 3340 Sabbatum,
2013 3275 2095 3329 Io-

501 3376 645 3415 ιωιω
670 3361 853 3426 habet,
879 3369 936 3416 et
959 3362 1062 3417 hoc
1086 3373 1168 3420 est
1194 3379 1379 3421 mensa
1407 3366 1642 3432 Domini,
1672 3367 1773 3422 etsi
1800 3383 1954 3423 caena
1979 3368 2096 3438 ejus

514 3462 816 3519 ast-nova,
855 3454 1313 3523 quemadmodum
1364 3457 1494 3512 licet
1519 3458 1571 3512 in
1623 3458 1728 3528 his,
1779 3474 1901 3528 qua:
1952 3460 2096 3515 dicta

511 3553 652 3601 sunt
694 3561 725 3600 α
767 3545 997 3601 Domino
1033 3547 1101 3602 de
1149 3548 1318 3604 calice
1363 3550 1486 3604 vitae
1516 3559 1754 3613 aeternas,
1800 3551 2094 3621 conjicere.

520 3636 657 3704 Quia
704 3646 885 3692 autem
931 3653 1042 3692 non
1085 3637 1284 3693 frustra
1330 3640 1466 3707 haec,
1497 3657 1617 3710 qure
1646 3657 1794 3697 nunc
1822 3643 2098 3714 Iegislator

520 3727 791 3797 exposuit,
824 3727 880 3781 in
918 3727 1200 3798 Unigeniti
1229 3729 1529 3799 accipimus
1554 3746 1761 3797 mensa,
1798 3746 1899 3787 nec
1925 3733 2100 3802 loqui-

509 3832 646 3872 mur
693 3827 1026 3889 arroganter,
1071 3829 1165 3874 aut
1204 3820 1505 3876 scurriliter
1551 3822 1907 3892 exquirimus,
1952 3823 2099 3894 quod

521 3921 630 3962 non
659 3907 727 3962 ad
754 3906 1114 3963 intentionem
1139 3906 1274 3980 iegis
1301 3911 1560 3980 pertinet,
1593 3913 1690 3968 sed
1722 3913 1832 3968 imo
1856 3913 2013 3968 valde
2045 3920 2100 3969 et

521 4009 650 4052 vere
699 3997 1047 4069 conjieimus,
1106 4000 1223 4071 ipsa
1287 4001 1527 4057 auditori
1579 4005 1742 4059 verba
1786 4005 2100 4062 satisfacere

521 4098 768 4157 possunt,
821 4088 876 4143 in
911 4089 1110 4159 quibus
1158 4091 1247 4146 hic
1318 4093 1538 4162 proprie
1596 4093 1813 4150 locutus
1860 4096 2096 4161 videtur,

521 4181 597 4235 ait
623 4181 771 4237 enim
799 4199 813 4235 :
1657 4171 1662 4176 “

596 4271 661 4327 Ut
710 4275 778 4328 sit
837 4275 990 4343 panis
1042 4275 1098 4328 in
1131 4277 1505 4331 monimentum
1537 4277 1813 4333 oblationis
1863 4279 2097 4334 Domini.

2195 441 2480 509 solumque
2512 438 2714 499 Aaron,
2739 443 2793 489 et
2829 432 2966 486 ﬁlios
3000 431 3120 499 ejus
3167 428 3328 496 hujus
3367 427 3471 481 cibi
3503 441 3617 482 esse
3634 443 3743 497 par—

2196 531 2407 601 ticipes,
2451 528 2696 600 praecipit
2722 525 3008 581 comedere
3038 537 3145 577 non
3177 521 3400 588 ubique,
3431 519 3526 573 sed
3559 518 3611 572 in
3640 519 3742 576 loco

2194 631 2403 676 sancto.
2432 619 2511 674 Sit
2542 628 2724 672 autem
2759 615 2918 670 nobis
2941 623 3161 668 sanctus
3186 613 3340 666 locus
3370 610 3521 680 prius
3552 611 3742 678 quidem

2194 712 2316 765 aula
2342 711 2461 774 Dei,
2489 709 2686 764 deinde
2711 715 2896 762 nostra
2923 719 3150 774 corpora
3180 702 3398 772 quando
3449 709 3575 755 sunt
3598 716 3624 754 a
3648 703 3745 771 pol.

2197 801 2498 856 lotionibus
2558 799 2781 862 munda,
2825 799 2898 852 ita
2933 805 2992 850 ut
3019 805 3074 850 et
3115 795 3272 849 nobis
3302 793 3626 847 conveniant
3651 794 3745 848 lia-.c

2195 892 2348 947 Pauli
2397 892 2600 947 verba:
2632 889 2900 959 Templum
2934 889 3066 941 enim
3109 886 3202 940 Dei
3250 894 3488 939 sanctum
3519 893 3608 945 est,
3633 887 3746 954 quod

2197 985 2317 1038 estis
2338 1001 2424 1040 vos
2447 984 2512 1037 ".
2540 981 2764 1050 Insuper
2786 981 3004 1036 elevans
3033 979 3153 1049 ejus
3179 978 3430 1049 gloriam,
3463 986 3521 1030 et
3538 978 3744 1047 mysterii

2197 1075 2515 1146 dignitatem
2546 1074 2782 1129 eﬁ'erens
2819 1075 2872 1127 in
2901 1072 3132 1128 sublime
3158 1071 3308 1126 addit
3340 1088 3353 1123 :

2267 1165 2519 1222 Sanctum
2536 1176 2837 1221 sanctorum
2856 1173 2930 1220 est
2947 1165 3010 1218 de
3023 1163 3282 1233 sacriﬁcio
3298 1162 3508 1215 Domini
3516 1160 3634 1229 jure
3653 1177 3748 1230 per-

2198 1269 2375 1327 petuo.
2396 1259 2537 1329 Ergo
2553 1265 2739 1312 sancta
2756 1265 2841 1311 est
2859 1256 3055 1320 oratio,
3071 1262 3257 1310 sancta
3271 1253 3470 1308 divinae
3488 1251 3748 1322 Scriptum

2199 1350 2363 1404 lectio
2378 1360 2434 1404 et
2456 1348 2920 1420 interpretationis
2939 1348 3165 1412 auditio,
3189 1355 3371 1401 sancta
3393 1354 3545 1410 sunt,
3568 1354 3620 1399 ut
3645 1347 3745 1400 bre-

2198 1443 2340 1498 viter
2369 1442 2566 1503 dicam,
2607 1441 2790 1496 omnia
2815 1455 2937 1510 quae
2967 1440 3022 1493 in
3063 1439 3319 1494 Ecclesiis
3347 1439 3443 1493 Dei
3479 1438 3743 1493 secundum

2199 1535 2372 1605 legem
2397 1535 2516 1603 ejus
2536 1533 2793 1589 dicuntur
2821 1541 2876 1588 et
2897 1540 3154 1604 aguntur.
3187 1532 3387 1585 Sancta
3430 1540 3606 1585 autem
3641 1547 3742 1585 san-

2200 1636 2414 1681 ctorum
2447 1625 2514 1680 de
2563 1624 2830 1680 sacriﬁcio
2859 1623 3093 1684 Domini,
3127 1623 3195 1678 de
3226 1623 3484 1676 omnibus
3533 1622 3746 1678 videlicet

2200 1733 2321 1787 quae
2360 1716 2672 1771 offeruntur
2704 1724 2760 1770 et
2786 1722 3039 1787 aguntur,
3074 1714 3139 1767 ad
3170 1715 3290 1782 ejus
3323 1713 3547 1783 gloriam
3588 1727 3743 1767 mensa

2206 1817 2314 1875 est,
2339 1821 2505 1877 quam
2535 1807 2604 1862 de
2631 1805 2896 1862 sacriﬁcio
2917 1821 3018 1860 suo
3062 1804 3314 1859 Christus
3338 1805 3601 1874 proponit.
3634 1805 3744 1858 Nam

2202 1914 2311 1954 non
2343 1898 2660 1968 simpliciter
2680 1897 2837 1960 dixit,
2870 1896 2994 1966 quia
3022 1905 3271 1949 sanctum
3316 1903 3613 1948 sanctorum
3641 1904 3743 1949 est:

2201 1990 2298 2045 sed
2334 1990 2540 2046 addidit
2572 1989 2871 2045 secundum
2906 1985 3069 2052 LXX,
3103 1987 3205 2056 ipsi
3246 2002 3353 2040 non
3390 1988 3555 2041 solum
3583 1987 3746 2057 quiah

2201 2098 2268 2138 eo
2317 2080 2748 2137 satisfactionem
2797 2079 2963 2133 habet
3003 2078 3098 2132 sed
3123 2085 3180 2131 et
3224 2077 3606 2132 subsistentiam
3645 2093 3740 2132 non

2201 2172 2535 2244 negligenter
2561 2185 2680 2225 eam
2713 2170 2805 2224 sed
2833 2168 3056 2239 pr0prio
3090 2169 3355 2238 sanguine
3385 2187 3396 2220 :
3421 2170 3506 2238 qui
3544 2183 3633 2239 pro
3659 2184 3745 2222 no-

2200 2263 2284 2319 bis
2315 2263 2520 2317 eﬁ‘usus
2548 2270 2632 2316 est
2653 2261 2975 2316 ostendente
3005 2268 3059 2313 et
3081 2261 3472 2313 constituente.

2270 2354 2433 2409 Vens.
2452 2354 2636 2408 10-14.
2657 2371 2674 2404 ε
2706 2353 2846 2408 Ecce
2872 2361 3051 2407 autem
3086 2367 3340 2423 egressus
3368 2351 3510 2404 ﬁlius
3538 2350 3749 2405 mulieris

2201 2445 2538 2511 Israelitidis,
2567 2460 2728 2515 quem
2759 2451 3046 2514 pepererat
3073 2443 3140 2498 de
3171 2443 3287 2497 viro
3337 2442 3588 2514 Egyptio
3631 2443 3748 2496 inter

2200 2540 2337 2595 ﬁlios
2365 2540 2553 2602 Israel,
2573 2539 2818 2609 jurgatus
2838 2546 2920 2591 est
2940 2537 2993 2591 in
3013 2537 3203 2590 castris
3228 2551 3351 2590 cum
3378 2538 3498 2591 viro
3520 2536 3746 2591 Israelita.

2199 2631 2443 2700 Cumque
2465 2630 3108 2699 blasphemassetnomcn
3128 2626 3360 2692 Domini,
3390 2635 3446 2681 et
3475 2625 3747 2680 maledixi;-

2199 2733 2282 2778 set
2297 2724 2367 2784 ei,
2395 2721 2659 2777 adductus
2687 2727 2768 2775 est
2786 2719 2851 2773 ad
2873 2718 3108 2790 Moysen.
3127 2718 3437 2774 Vocabatur
3460 2729 3634 2772 autem
3654 2732 3748 2771 ma-

2200 2825 2282 2869 ter
2299 2813 2416 2883 ejus
2431 2812 2745 2873 Salomiteh,
2764 2810 2867 2864 ﬁlia
2885 2811 3064 2873 Dabri,
3081 2810 3150 2865 de
3171 2811 3314 2864 tribu
3332 2809 3472 2864 Dan.
3500 2809 3751 2865 Miserum-

2199 2923 2304 2977 que
2336 2923 2460 2960 eum
2491 2907 2545 2960 in
2575 2920 2866 2968 carcerem,
2893 2904 3067 2958 donec
3090 2913 3331 2968 nossent,
3361 2904 3514 2972 quod
3537 2903 3752 2972 jussisset

2204 2998 2485 3054 Dominus.
2515 2995 2617 3062 Qui
2649 2997 2863 3050 locutus
2891 3003 2974 3048 est
3003 2995 3070 3048 ad
3105 2994 3345 3065 Moysen,
3378 2995 3572 3049 dicens
3598 2993 3750 3048 :Educ

2149 3095 2166 3114 ‘
2198 3090 2576 3160 blasphemum
2623 3087 2785 3142 istum
2822 3095 2971 3141 extra
3005 3096 3204 3149 castra,
3238 3094 3294 3140 et
3338 3095 3554 3155 ponant
3592 3101 3751 3140 omnes

2197 3181 2290 3252 qui
2321 3181 2632 3244 audierunt,
2669 3195 2864 3234 manus
2905 3194 3031 3233 suas
3061 3194 3225 3249 super
3255 3188 3419 3249 caput
3456 3179 3582 3248 ejus
3607 3186 3656 3234 et
3690 3177 3754 3231 Ia-

2197 3273 2348 3344 pidet
2373 3288 2496 3326 eum
2525 3272 2758 3342 populus
2782 3271 3087 3326 universus.
3142 3289 3161 3322 ι

2260 3363 2611 3418 Admirabilia
2641 3371 2696 3418 et
2723 3377 2869 3417 nunc
2893 3363 3054 3417 nobis
3081 3362 3354 3434 legislator
3372 3364 3564 3429 tradit,
3587 3361 3636 3416 in
3656 3360 3752 3431 qui-

2196 3453 2300 3508 bus
2331 3452 2552 3523 dignum
2583 3460 2667 3506 est
2697 3451 2880 3506 dicere
2915 3469 2928 3504 :
2967 3449 3140 3515 Quam
3171 3451 3350 3504 dulcia
3380 3452 3622 3523 faucibus
3650 3449 3750 3504 nteit

2200 3544 2406 3614 eloquia
2437 3553 2549 3609 tua,
2581 3542 2824 3607 Domine,
2857 3559 3014 3614 super
3043 3543 3147 3596 mel
3172 3553 3220 3596 et
3253 3545 3432 3615 [auum
3472 3547 3553 3599 ori
3583 3558 3682 3597 meo
3699 3543 3752 3592 “.

2198 3633 2512 3688 Necessaria
2543 3634 2710 3698 enim,
2745 3643 2798 3687 et
2826 3633 2992 3688 nimis
3013 3633 3164 3686 utilia
3191 3632 3245 3686 in
3267 3633 3596 3703 imaginibus
3623 3631 3751 3694 vivis,

2200 3735 2254 3780 et
2274 3724 2441 3797 signis
2463 3725 2737 3790 animatis,
2762 3735 2818 3779 et
2837 3725 3192 3795 operantibus
3212 3725 3372 3778 modo
3396 3726 3633 3795 quodam
3655 3737 3751 3778 s:se
3785 3709 3802 3724 ί

2199 3817 2545 3871 moventibus
2576 3817 2760 3872 tradit.
2795 3815 3045 3871 Exterior
3076 3816 3224 3870 enim
3265 3815 3538 3886 sapientia
3572 3825 3666 3881 est,
3704 3814 3755 3866 de

2199 3922 2304 3977 qua
2349 3907 2424 3960 ait
2455 3906 2651 3960 Paulus
2676 3924 2690 3960 :
2722 3905 2860 3971 Quia
2889 3905 3103 3960 stultam
3148 3906 3275 3977 fecit
3305 3905 3448 3960 Deus
3475 3907 3756 3977 sapientiam

2201 3999 2358 4068 hujus
2388 3999 2572 4052 mundi
2599 4000 2664 4052 ".
2703 3998 2771 4052 Et
2806 4011 3035 4053 rursus:
3073 3995 3350 4067 Sapientia
3390 3999 3558 4068 hujus
3586 3995 3754 4058 mundi,

2199 4091 2425 4145 stultitia
2452 4099 2526 4144 est
2559 4091 2701 4158 apud
2729 4089 2894 4144 Deum
2917 4091 2982 4142 “.
3016 4088 3156 4142 Dicit
3189 4089 3337 4143 enim
3379 4104 3530 4153 eam,
3562 4095 3758 4160 quaeest

2199 4198 2325 4254 erga
2353 4198 2544 4238 cursus
2576 4183 2840 4246 siderum,
2871 4189 2927 4236 et
2957 4197 3238 4237 mensuras
3271 4181 3416 4247 caeli,
3450 4191 3508 4236 et
3562 4181 3755 4236 aliorum

2201 4275 2360 4331 nobis
2422 4275 3056 4345 incomprehensibilium
3100 4275 3621 4344 perscrutationcm,
3664 4284 3756 4340 qua:

521 4361 678 4455 quis,
705 4373 804 4455 aut
829 4363 886 4418 in
909 4366 1066 4434 cujus
1088 4369 1653 4424 commemoratione?
1681 4368 1788 4424 Sed
1814 4371 1941 4426 illud
1969 4388 2098 4442 pro-
2131 4396 2177 4455 ο
2203 4367 2346 4438 apud
2395 4365 2675 4438 Egyptios
2723 4367 3101 4430 studebantur,
3136 4375 3190 4420 et
3230 4367 3337 4422 illic
3383 4362 3756 4455 quodammodo

521 4453 610 4508 cui
627 4453 795 4510 dubio
820 4464 924 4520 est,
945 4457 1093 4525 quod
1119 4472 1178 4511 se
1203 4458 1407 4514 dixisse
1429 4459 1632 4514 Paulus
1659 4461 1953 4516 Dominum
1986 4472 2094 4517 tra-

521 4545 743 4600 dentem
774 4547 1086 4617 mysterium
1137 4549 1371 4619 scripsit.
1402 4550 1844 4623 Quotiescunque
1870 4553 1987 4608 haec
2012 4554 2096 4609 fe-

520 4636 731 4701 ceritis,
791 4636 845 4690 in
901 4637 1214 4692 memoriam
1263 4640 1367 4694 mei
1424 4639 1606 4705 facite,
1661 4640 1858 4697 deinde
1908 4635 2097 4697 rursus

502 4726 764 4782 additum
794 4738 896 4783 est.

594 4817 703 4872 Per
747 4819 958 4890 singula
990 4817 1222 4874 Sabbata
1255 4824 1599 4877 mutabuntur
1640 4841 1818 4879 coram
1851 4825 2091 4891 Domino,

519 4901 746 4989 suscepti
761 4931 793 4966 a
809 4912 936 4982 ﬁliis
953 4913 1120 4966 Israel
1141 4915 1330 4985 findere
1343 4919 1674 4987 sempiterno.
1703 4919 1829 4974 Sive
1855 4928 1913 4974 ut
1930 4917 2092 4986 LXX,

523 5011 888 5057 testamentum
913 5003 1286 5072 sempiternum
1320 5022 1334 5057 :
1365 5006 1492 5060 illud
1527 5006 1712 5076 procul
1745 5007 2100 5062 dubiotesta-

520 5102 766 5147 mentum
801 5092 1007 5159 dicens,
1040 5095 1195 5165 cujus
1219 5094 1480 5152 Dominus
1510 5101 1728 5153 tradens
1755 5100 2094 5170 mysterium,

520 5184 854 5239 mentionem
879 5184 1025 5240 facit.
1054 5186 1159 5241 Sed
1194 5195 1248 5240 et
1282 5202 1380 5241 nos
1421 5187 1684 5255 dicentes,
1718 5200 1979 5260 quantum
2010 5208 2101 5247 vc-

520 5277 716 5344 rltatis,
746 5288 1120 5350 quantumque
1153 5281 1429 5351 dignitatis
1453 5282 1672 5344 habeat,
1704 5301 1829 5338 cum
1862 5284 2100 5339 maximo

523 5367 716 5425 timore
759 5380 814 5426 ct
857 5387 1040 5428 amore
1076 5374 1414 5428 accedamus.
1480 5373 1613 5440 Quia
1659 5375 1913 5429 mundam
1969 5377 2100 5430 dicit

632 5563 674 5592 "
702 5563 840 5633 Gen.
873 5582 912 5628 I,
937 5566 1024 5620 27.
1105 5569 1150 5599 ὀ
1173 5567 1364 5622 Matth.
1393 5587 1446 5633 v,
1483 5570 1572 5623 i3.

529 5640 712 5692 cxvru,
740 5629 862 5682 £03.
975 5635 1019 5664 "
1068 5633 1238 5688 ICor.
1279 5653 1314 5701 ι,
1340 5629 1444 5692 ΞΟ.⁷
1543 5641 1589 5669 ’⁸
1618 5639 1636 5694 Ι
1667 5641 1791 5695 Cor.
1841 5660 1922 5711 III,
1954 5645 2035 5702 l9.

1683 5573 1726 5648 _“
1765 5571 1904 5626 Psal.
1932 5591 2060 5636 xxxi,
2090 5577 2140 5631 5.
2259 5579 2301 5608 "
2330 5578 2528 5631 Matth.
2558 5593 2642 5632 3m

1683 5641 1791 5695 lor.
1841 5660 1922 5702 III,
1954 5645 2035 5702 l9.
2149 5649 2192 5678 ’⁷
2219 5647 2279 5702 Ill
2317 5648 2448 5702 (lea.
2475 5667 2548 5702 tv.
2573 5651 2642 5702 50

2179 5667 2185 5678 ι
2219 5665 2279 5702 til
2317 5665 2448 5718 ueg.
2475 5667 2548 5712 iv,
2573 5665 2660 5703 au.

2203 4457 2439 4523 initium,
2476 4466 2530 4512 et
2567 4457 2848 4528 praemium
2876 4457 3128 4526 sumpsit,
3165 4473 3326 4528 quam
3360 4475 3468 4512 nec
3497 4457 3694 4526 Moyses
3718 4453 3756 4503 in

2199 4549 2500 4605 Pharaonis
2547 4549 2818 4620 regalibus
2868 4549 3123 4612 nutritus,
3172 4549 3461 4620 ignoravit.
3514 4549 3616 4603 Sed
3655 4545 3760 4598 liber

2201 4640 2408 4713 Regum
2439 4641 2612 4696 dicit:
2641 4642 2974 4696 Pra'cedebat
3027 4643 3292 4711 sapientia
3341 4640 3645 4694 Salomonis
3690 4654 3758 4689 sa-

2202 4741 2455 4809 pientiam
2513 4742 2746 4793 omnium
2791 4739 3170 4801 Orientalium,
3216 4747 3265 4796 et
3294 4737 3671 4807 zEgyptiorum
3708 4731 3755 4778 ⁸⁷.

2203 4831 2460 4886 Israelitis
2493 4841 2673 4886 autem
2709 4832 2922 4896 mulier,
2961 4832 3142 4886 divina
3184 4829 3466 4899 Scriptura
3517 4825 3758 4882 videlicet.

2203 4924 2272 4979 de
2299 4941 2402 4994 qua
2433 4925 2489 4978 in
2526 4923 2832 4979 Proverbiis
2861 4925 3061 4977 dictum
3101 4932 3183 4977 est
3213 4941 3224 4976 :
3263 4922 3460 4976 Mulier
3497 4918 3759 4986 intelligent

2207 5018 2546 5081 benedicitur,
2605 5020 2844 5071 timorem
2901 5026 3078 5070 autem
3141 5015 3350 5069 Domini
3409 5016 3530 5084 ipsa
3591 5009 3758 5068 laudet,

2210 5110 2336 5180 quia
2372 5111 2668 5178 superﬂuas
2695 5109 2999 5179 quaestiones
3030 5108 3343 5177 relinquens,
3366 5106 3593 5158 adlucsit
3616 5097 3760 5154 timori

2207 5195 2384 5251 divino
2415 5199 2481 5252 ’⁸.
2535 5197 2651 5251 Non
2694 5209 2907 5268 oportet
2952 5213 3080 5268 ergo
3114 5197 3476 5251 Israelitidem
3509 5193 3757 5247 mulierem

2205 5299 2262 5343 et
2279 5289 2596 5359 sapientiam
2621 5289 2878 5359 spiritalis
2900 5288 3211 5358 Scripturze,
3233 5287 3492 5342 exteriori
3515 5282 3759 5354 sapienti:

2206 5381 2369 5445 (mire,
2402 5381 2473 5435 ita
2501 5392 2558 5436 ut
2584 5382 3000 5450 ctsubjiciatur,
3034 5391 3083 5435 et
3111 5397 3235 5436 cum
3265 5380 3352 5449 qui
3384 5395 3456 5433 cx
3492 5379 3574 5433 eis
3612 5370 3760 5430 nasci.

2259 5579 2301 5608 "
2330 5578 2528 5631 Matth.
2558 5580 2723 5642 1'an
2768 5593 2883 5646 seq.
2998 5577 3044 5607 ’³
3077 5577 3115 5629 II
3149 5578 3272 5630 Cor.
3305 5592 3374 5640 vt,
3415 5575 3510 5630 16.
3621 5568 3755 5625 "PS-

2267 5649 2279 5702 Ι
2317 5648 2448 5704 (lea.
2475 5667 2548 5704 iv.
2573 5651 2660 5703 50.
2775 5649 2817 5678 "
2840 5647 2998 5702 I’rov.
3025 5663 3175 5704 mn.
3207 5650 3258 5704 l.

2863 5657 2998 5702 'rov.
3025 5663 3175 5710 mn,
3207 5657 3258 5704 1.

3942 1255 3943 1348 ψ

3942 1573 3944 1705 Ι
