  <div class='ocr_page' id='page_1' title='image "/cluster/home/n/w/nwhite01/storage/ocr_20150623/93/hvd.32044054128533/566.png"; bbox 0 0 4038 6182; ppageno 0'>
   <div class='ocr_carea' id='block_1_1' title="bbox 337 303 472 372">
    <p class='ocr_par' dir='ltr' id='par_1_1' title="bbox 337 303 472 372">
     <span class='ocr_line' id='line_1_1' title="bbox 337 303 472 372; baseline 0.052 -6"><span class='ocrx_word' id='word_1_1' title='bbox 337 303 472 372; x_wconf 75' lang='lat'><strong>1105</strong></span> 
     </span>
    </p>
   </div>
   <div class='ocr_carea' id='block_1_2' title="bbox 1478 281 2460 384">
    <p class='ocr_par' dir='ltr' id='par_1_2' title="bbox 1478 281 2460 384">
     <span class='ocr_line' id='line_1_2' title="bbox 1478 281 2460 384; baseline 0.002 -6"><span class='ocrx_word' id='word_1_2' title='bbox 1478 320 1558 382; x_wconf 85' lang='lat' dir='ltr'><strong>IN</strong></span> <span class='ocrx_word' id='word_1_3' title='bbox 1590 281 2117 384; x_wconf 69' lang='lat' dir='ltr'><strong>LEVlTICUM.-</strong></span> <span class='ocrx_word' id='word_1_4' title='bbox 2149 319 2299 379; x_wconf 87' lang='lat' dir='ltr'><strong>LIB.</strong></span> <span class='ocrx_word' id='word_1_5' title='bbox 2329 319 2460 381; x_wconf 85' lang='lat' dir='ltr'><strong>vn.</strong></span> 
     </span>
    </p>
   </div>
   <div class='ocr_carea' id='block_1_3' title="bbox 2743 249 3466 318">
    <p class='ocr_par' dir='ltr' id='par_1_3' title="bbox 2743 249 3248 305">
     <span class='ocr_line' id='line_1_3' title="bbox 2743 249 3248 305; baseline 0.002 -40"><span class='ocrx_word' id='word_1_6' title='bbox 2743 249 2821 289; x_wconf 56' lang='grc' dir='ltr'><strong>τη,</strong></span> <span class='ocrx_word' id='word_1_7' title='bbox 2920 251 3248 305; x_wconf 29' lang='grc' dir='ltr'><strong>,Ιημημ</strong></span> 
     </span>
    </p>
   </div>
   <div class='ocr_carea' id='block_1_4' title="bbox 3462 319 3596 387">
    <p class='ocr_par' dir='ltr' id='par_1_4' title="bbox 3462 319 3596 387">
     <span class='ocr_line' id='line_1_4' title="bbox 3462 319 3596 387; baseline 0.015 -2"><span class='ocrx_word' id='word_1_8' title='bbox 3462 319 3596 387; x_wconf 74' lang='grc' dir='ltr'><strong>Ποδ</strong></span> 
     </span>
    </p>
   </div>
   <div class='ocr_carea' id='block_1_5' title="bbox 333 421 3595 504">
    <p class='ocr_par' dir='ltr' id='par_1_5' title="bbox 333 421 3595 504">
     <span class='ocr_line' id='line_1_5' title="bbox 333 421 3595 504; baseline 0.004 -26"><span class='ocrx_word' id='word_1_9' title='bbox 333 421 865 493; x_wconf 86' lang='lat' dir='ltr'><strong>tur,videliceteum,</strong></span> <span class='ocrx_word' id='word_1_10' title='bbox 887 427 978 498; x_wconf 86' lang='lat' dir='ltr'><strong>qui</strong></span> <span class='ocrx_word' id='word_1_11' title='bbox 1002 444 1067 484; x_wconf 85' lang='lat' dir='ltr'><strong>ex</strong></span> <span class='ocrx_word' id='word_1_12' title='bbox 1091 439 1319 500; x_wconf 86' lang='lat' dir='ltr'><strong>utraque</strong></span> <span class='ocrx_word' id='word_1_13' title='bbox 1335 432 1584 500; x_wconf 84' lang='lat' dir='ltr'><strong>docetur,</strong></span> <span class='ocrx_word' id='word_1_14' title='bbox 1604 450 1717 491; x_wconf 89' lang='lat' dir='ltr'><strong>non</strong></span> <span class='ocrx_word' id='word_1_15' title='bbox 1741 434 1916 491; x_wconf 85' lang='lat' dir='ltr'><strong>solum</strong></span> <span class='ocrx_word' id='word_1_16' title='bbox 1946 433 1994 490; x_wconf 77' lang='grc' dir='ltr'><strong>Α</strong></span> <span class='ocrx_word' id='word_1_17' title='bbox 2019 431 2112 502; x_wconf 86' lang='lat' dir='ltr'><strong>qui</strong></span> <span class='ocrx_word' id='word_1_18' title='bbox 2152 432 2491 489; x_wconf 90' lang='lat' dir='ltr'><strong>maledixerit</strong></span> <span class='ocrx_word' id='word_1_19' title='bbox 2516 432 2629 489; x_wconf 92' lang='lat' dir='ltr'><strong>Deo</strong></span> <span class='ocrx_word' id='word_1_20' title='bbox 2666 446 2784 498; x_wconf 87' lang='lat' dir='ltr'><strong>suo,</strong></span> <span class='ocrx_word' id='word_1_21' title='bbox 2826 433 3063 503; x_wconf 86' lang='lat' dir='ltr'><strong>portabit</strong></span> <span class='ocrx_word' id='word_1_22' title='bbox 3091 441 3377 504; x_wconf 86' lang='lat' dir='ltr'><strong>peccatum</strong></span> <span class='ocrx_word' id='word_1_23' title='bbox 3411 449 3595 504; x_wconf 86' lang='lat' dir='ltr'><strong>suum,</strong></span> 
     </span>
    </p>
   </div>
   <div class='ocr_carea' id='block_1_6' title="bbox 339 515 1910 599">
    <p class='ocr_par' dir='ltr' id='par_1_6' title="bbox 339 515 1910 599">
     <span class='ocr_line' id='line_1_6' title="bbox 339 515 1910 599; baseline 0.01 -29"><span class='ocrx_word' id='word_1_24' title='bbox 339 515 507 572; x_wconf 92' lang='lat' dir='ltr'><strong>ﬁlium</strong></span> <span class='ocrx_word' id='word_1_25' title='bbox 561 519 896 588; x_wconf 84' lang='lat' dir='ltr'><strong>Israeli-tidis,</strong></span> <span class='ocrx_word' id='word_1_26' title='bbox 933 524 1029 580; x_wconf 90' lang='lat' dir='ltr'><strong>sed</strong></span> <span class='ocrx_word' id='word_1_27' title='bbox 1068 535 1123 579; x_wconf 90' lang='lat' dir='ltr'><strong>et</strong></span> <span class='ocrx_word' id='word_1_28' title='bbox 1148 526 1318 580; x_wconf 90' lang='lat' dir='ltr'><strong>ﬁlium</strong></span> <span class='ocrx_word' id='word_1_29' title='bbox 1351 527 1588 599; x_wconf 67' lang='lat' dir='ltr'><strong>Egyptii</strong></span> <span class='ocrx_word' id='word_1_30' title='bbox 1619 545 1764 595; x_wconf 87' lang='lat' dir='ltr'><strong>esse,</strong></span> <span class='ocrx_word' id='word_1_31' title='bbox 1785 545 1910 585; x_wconf 90' lang='lat' dir='ltr'><strong>cum</strong></span> 
     </span>
    </p>
   </div>
   <div class='ocr_carea' id='block_1_7' title="bbox 336 607 1912 688">
    <p class='ocr_par' dir='ltr' id='par_1_7' title="bbox 336 607 1912 688">
     <span class='ocr_line' id='line_1_7' title="bbox 336 607 1912 688; baseline 0.01 -27"><span class='ocrx_word' id='word_1_32' title='bbox 336 607 511 678; x_wconf 86' lang='lat' dir='ltr'><strong>sapiat</strong></span> <span class='ocrx_word' id='word_1_33' title='bbox 536 609 787 667; x_wconf 75' lang='lat' dir='ltr'><strong>videlicet</strong></span> <span class='ocrx_word' id='word_1_34' title='bbox 811 630 932 682; x_wconf 61' lang='lat' dir='ltr'><strong>quae</strong></span> <span class='ocrx_word' id='word_1_35' title='bbox 960 616 1192 688; x_wconf 66' lang='lat' dir='ltr'><strong>Egyptii</strong></span> <span class='ocrx_word' id='word_1_36' title='bbox 1239 629 1386 682; x_wconf 89' lang='lat' dir='ltr'><strong>sunt,</strong></span> <span class='ocrx_word' id='word_1_37' title='bbox 1419 629 1475 675; x_wconf 93' lang='lat' dir='ltr'><strong>et</strong></span> <span class='ocrx_word' id='word_1_38' title='bbox 1523 623 1778 677; x_wconf 75' lang='lat' dir='ltr'><strong>exteriori</strong></span> <span class='ocrx_word' id='word_1_39' title='bbox 1827 638 1912 678; x_wconf 87' lang='lat' dir='ltr'><strong>sa-</strong></span> 
     </span>
    </p>
   </div>
   <div class='ocr_carea' id='block_1_8' title="bbox 335 699 1912 784">
    <p class='ocr_par' dir='ltr' id='par_1_8' title="bbox 335 699 1912 784">
     <span class='ocr_line' id='line_1_8' title="bbox 335 699 1912 784; baseline 0.01 -31"><span class='ocrx_word' id='word_1_40' title='bbox 335 699 555 770; x_wconf 77' lang='lat' dir='ltr'><strong>pientiae</strong></span> <span class='ocrx_word' id='word_1_41' title='bbox 584 718 643 757; x_wconf 91' lang='lat' dir='ltr'><strong>se</strong></span> <span class='ocrx_word' id='word_1_42' title='bbox 665 705 978 776; x_wconf 75' lang='lat' dir='ltr'><strong>coniungat,</strong></span> <span class='ocrx_word' id='word_1_43' title='bbox 1032 717 1086 762; x_wconf 91' lang='lat' dir='ltr'><strong>et</strong></span> <span class='ocrx_word' id='word_1_44' title='bbox 1110 725 1174 763; x_wconf 90' lang='lat' dir='ltr'><strong>ea</strong></span> <span class='ocrx_word' id='word_1_45' title='bbox 1201 726 1320 780; x_wconf 66' lang='lat' dir='ltr'><strong>qum</strong></span> <span class='ocrx_word' id='word_1_46' title='bbox 1347 711 1455 768; x_wconf 90' lang='lat' dir='ltr'><strong>illic</strong></span> <span class='ocrx_word' id='word_1_47' title='bbox 1506 721 1634 768; x_wconf 92' lang='lat' dir='ltr'><strong>sunt</strong></span> <span class='ocrx_word' id='word_1_48' title='bbox 1663 714 1912 784; x_wconf 80' lang='lat' dir='ltr'><strong>dogmata</strong></span> 
     </span>
    </p>
   </div>
   <div class='ocr_carea' id='block_1_9' title="bbox 335 788 1913 873">
    <p class='ocr_par' dir='ltr' id='par_1_9' title="bbox 335 788 1913 873">
     <span class='ocr_line' id='line_1_9' title="bbox 335 788 1913 873; baseline 0.011 -32"><span class='ocrx_word' id='word_1_49' title='bbox 335 788 584 844; x_wconf 89' lang='lat' dir='ltr'><strong>obtinere</strong></span> <span class='ocrx_word' id='word_1_50' title='bbox 629 792 778 846; x_wconf 88' lang='lat' dir='ltr'><strong>velit.</strong></span> <span class='ocrx_word' id='word_1_51' title='bbox 823 793 880 848; x_wconf 93' lang='lat' dir='ltr'><strong>Si</strong></span> <span class='ocrx_word' id='word_1_52' title='bbox 927 796 1218 865; x_wconf 84' lang='lat' dir='ltr'><strong>aliquando</strong></span> <span class='ocrx_word' id='word_1_53' title='bbox 1265 801 1368 854; x_wconf 87' lang='lat' dir='ltr'><strong>hoc</strong></span> <span class='ocrx_word' id='word_1_54' title='bbox 1409 802 1499 856; x_wconf 92' lang='lat' dir='ltr'><strong>ﬁet</strong></span> <span class='ocrx_word' id='word_1_55' title='bbox 1544 812 1599 857; x_wconf 91' lang='lat' dir='ltr'><strong>et</strong></span> <span class='ocrx_word' id='word_1_56' title='bbox 1645 804 1913 873; x_wconf 78' lang='lat' dir='ltr'><strong>quispiam</strong></span> 
     </span>
    </p>
   </div>
   <div class='ocr_carea' id='block_1_10' title="bbox 340 879 1918 961">
    <p class='ocr_par' dir='ltr' id='par_1_10' title="bbox 340 879 1918 961">
     <span class='ocr_line' id='line_1_10' title="bbox 340 879 1918 961; baseline 0.013 -29"><span class='ocrx_word' id='word_1_57' title='bbox 340 879 464 933; x_wconf 90' lang='lat' dir='ltr'><strong>talis</strong></span> <span class='ocrx_word' id='word_1_58' title='bbox 493 879 660 935; x_wconf 84' lang='lat' dir='ltr'><strong>fuerit</strong></span> <span class='ocrx_word' id='word_1_59' title='bbox 699 881 843 938; x_wconf 89' lang='lat' dir='ltr'><strong>inter</strong></span> <span class='ocrx_word' id='word_1_60' title='bbox 873 884 1011 940; x_wconf 89' lang='lat' dir='ltr'><strong>ﬁlios</strong></span> <span class='ocrx_word' id='word_1_61' title='bbox 1048 888 1396 960; x_wconf 80' lang='lat' dir='ltr'><strong>intelligibilis</strong></span> <span class='ocrx_word' id='word_1_62' title='bbox 1426 893 1596 949; x_wconf 91' lang='lat' dir='ltr'><strong>ﬁdelis</strong></span> <span class='ocrx_word' id='word_1_63' title='bbox 1637 893 1820 961; x_wconf 90' lang='lat' dir='ltr'><strong>Israel,</strong></span> <span class='ocrx_word' id='word_1_64' title='bbox 1860 906 1918 952; x_wconf 89' lang='lat' dir='ltr'><strong>et</strong></span> 
     </span>
    </p>
   </div>
   <div class='ocr_carea' id='block_1_11' title="bbox 338 969 1914 1058">
    <p class='ocr_par' dir='ltr' id='par_1_11' title="bbox 338 969 1914 1058">
     <span class='ocr_line' id='line_1_11' title="bbox 338 969 1914 1058; baseline 0.013 -37"><span class='ocrx_word' id='word_1_65' title='bbox 338 969 391 1022; x_wconf 92' lang='lat' dir='ltr'><strong>in</strong></span> <span class='ocrx_word' id='word_1_66' title='bbox 420 971 634 1034; x_wconf 90' lang='lat' dir='ltr'><strong>castris,</strong></span> <span class='ocrx_word' id='word_1_67' title='bbox 674 974 818 1042; x_wconf 85' lang='lat' dir='ltr'><strong>quod</strong></span> <span class='ocrx_word' id='word_1_68' title='bbox 843 983 926 1030; x_wconf 93' lang='lat' dir='ltr'><strong>est</strong></span> <span class='ocrx_word' id='word_1_69' title='bbox 958 976 1214 1042; x_wconf 87' lang='lat' dir='ltr'><strong>Ecclesia,</strong></span> <span class='ocrx_word' id='word_1_70' title='bbox 1250 997 1411 1050; x_wconf 90' lang='lat' dir='ltr'><strong>quam</strong></span> <span class='ocrx_word' id='word_1_71' title='bbox 1442 982 1610 1040; x_wconf 85' lang='lat' dir='ltr'><strong>lacob</strong></span> <span class='ocrx_word' id='word_1_72' title='bbox 1647 986 1702 1039; x_wconf 92' lang='lat' dir='ltr'><strong>in</strong></span> <span class='ocrx_word' id='word_1_73' title='bbox 1742 986 1914 1058; x_wconf 79' lang='lat' dir='ltr'><strong>ﬁgura</strong></span> 
     </span>
    </p>
   </div>
   <div class='ocr_carea' id='block_1_12' title="bbox 338 1063 1915 1133">
    <p class='ocr_par' dir='ltr' id='par_1_12' title="bbox 338 1063 1915 1133">
     <span class='ocr_line' id='line_1_12' title="bbox 338 1063 1915 1133; baseline 0.013 -20"><span class='ocrx_word' id='word_1_74' title='bbox 338 1076 441 1130; x_wconf 90' lang='lat' dir='ltr'><strong>per</strong></span> <span class='ocrx_word' id='word_1_75' title='bbox 489 1063 764 1119; x_wconf 89' lang='lat' dir='ltr'><strong>somnium</strong></span> <span class='ocrx_word' id='word_1_76' title='bbox 817 1067 1030 1133; x_wconf 89' lang='lat' dir='ltr'><strong>videns,</strong></span> <span class='ocrx_word' id='word_1_77' title='bbox 1069 1070 1329 1128; x_wconf 88' lang='lat' dir='ltr'><strong>dicebat:</strong></span> <span class='ocrx_word' id='word_1_78' title='bbox 1381 1074 1570 1130; x_wconf 78' lang='lat' dir='ltr'><strong>Castra</strong></span> <span class='ocrx_word' id='word_1_79' title='bbox 1635 1077 1732 1132; x_wconf 87' lang='lat' dir='ltr'><strong>Dei</strong></span> <span class='ocrx_word' id='word_1_80' title='bbox 1792 1089 1915 1133; x_wconf 87' lang='lat' dir='ltr'><strong>sunt</strong></span> 
     </span>
    </p>
   </div>
   <div class='ocr_carea' id='block_1_13' title="bbox 336 1153 1906 1238">
    <p class='ocr_par' dir='ltr' id='par_1_13' title="bbox 336 1153 1906 1238">
     <span class='ocr_line' id='line_1_13' title="bbox 336 1153 1906 1238; baseline 0.014 -33"><span class='ocrx_word' id='word_1_81' title='bbox 336 1153 445 1208; x_wconf 76' lang='lat' dir='ltr'><strong>nam</strong></span> <span class='ocrx_word' id='word_1_82' title='bbox 476 1157 539 1221; x_wconf 68' lang='lat'><strong>&#39;9,</strong></span> <span class='ocrx_word' id='word_1_83' title='bbox 568 1164 624 1210; x_wconf 87' lang='lat' dir='ltr'><strong>et</strong></span> <span class='ocrx_word' id='word_1_84' title='bbox 657 1167 742 1212; x_wconf 89' lang='lat' dir='ltr'><strong>est</strong></span> <span class='ocrx_word' id='word_1_85' title='bbox 770 1174 834 1216; x_wconf 79' lang='lat' dir='ltr'><strong>ex</strong></span> <span class='ocrx_word' id='word_1_86' title='bbox 872 1158 1192 1230; x_wconf 89' lang='lat' dir='ltr'><strong>Israelitide,</strong></span> <span class='ocrx_word' id='word_1_87' title='bbox 1219 1175 1274 1220; x_wconf 89' lang='lat' dir='ltr'><strong>et</strong></span> <span class='ocrx_word' id='word_1_88' title='bbox 1314 1165 1576 1234; x_wconf 89' lang='lat' dir='ltr'><strong>Israelita,</strong></span> <span class='ocrx_word' id='word_1_89' title='bbox 1638 1170 1906 1238; x_wconf 79' lang='lat' dir='ltr'><strong>rixentur,</strong></span> 
     </span>
    </p>
   </div>
   <div class='ocr_carea' id='block_1_14' title="bbox 338 1247 1910 1331">
    <p class='ocr_par' dir='ltr' id='par_1_14' title="bbox 338 1247 1910 1331">
     <span class='ocr_line' id='line_1_14' title="bbox 338 1247 1910 1331; baseline 0.011 -31"><span class='ocrx_word' id='word_1_90' title='bbox 338 1247 430 1316; x_wconf 90' lang='lat' dir='ltr'><strong>qui</strong></span> <span class='ocrx_word' id='word_1_91' title='bbox 462 1263 690 1320; x_wconf 78' lang='lat' dir='ltr'><strong>magnus</strong></span> <span class='ocrx_word' id='word_1_92' title='bbox 711 1260 813 1316; x_wconf 90' lang='lat' dir='ltr'><strong>est,</strong></span> <span class='ocrx_word' id='word_1_93' title='bbox 845 1262 900 1307; x_wconf 91' lang='lat' dir='ltr'><strong>et</strong></span> <span class='ocrx_word' id='word_1_94' title='bbox 939 1255 1178 1310; x_wconf 91' lang='lat' dir='ltr'><strong>mundus</strong></span> <span class='ocrx_word' id='word_1_95' title='bbox 1207 1265 1261 1312; x_wconf 92' lang='lat' dir='ltr'><strong>et</strong></span> <span class='ocrx_word' id='word_1_96' title='bbox 1289 1260 1380 1328; x_wconf 89' lang='lat' dir='ltr'><strong>qui</strong></span> <span class='ocrx_word' id='word_1_97' title='bbox 1404 1275 1463 1314; x_wconf 90' lang='lat' dir='ltr'><strong>se</strong></span> <span class='ocrx_word' id='word_1_98' title='bbox 1493 1262 1772 1331; x_wconf 54' lang='lat' dir='ltr'><strong>sapientiai.</strong></span> <span class='ocrx_word' id='word_1_99' title='bbox 1815 1263 1910 1318; x_wconf 91' lang='lat' dir='ltr'><strong>Dei</strong></span> 
     </span>
    </p>
   </div>
   <div class='ocr_carea' id='block_1_15' title="bbox 341 1338 1918 1422">
    <p class='ocr_par' dir='ltr' id='par_1_15' title="bbox 341 1338 1918 1422">
     <span class='ocr_line' id='line_1_15' title="bbox 341 1338 1918 1422; baseline 0.011 -32"><span class='ocrx_word' id='word_1_100' title='bbox 341 1345 512 1392; x_wconf 93' lang='lat' dir='ltr'><strong>totum</strong></span> <span class='ocrx_word' id='word_1_101' title='bbox 545 1338 716 1406; x_wconf 89' lang='lat' dir='ltr'><strong>dedit,</strong></span> <span class='ocrx_word' id='word_1_102' title='bbox 743 1349 798 1396; x_wconf 91' lang='lat' dir='ltr'><strong>et</strong></span> <span class='ocrx_word' id='word_1_103' title='bbox 839 1343 930 1413; x_wconf 91' lang='lat' dir='ltr'><strong>qui</strong></span> <span class='ocrx_word' id='word_1_104' title='bbox 961 1344 1094 1399; x_wconf 89' lang='lat' dir='ltr'><strong>dicit</strong></span> <span class='ocrx_word' id='word_1_105' title='bbox 1131 1346 1271 1402; x_wconf 88' lang='lat' dir='ltr'><strong>sicut</strong></span> <span class='ocrx_word' id='word_1_106' title='bbox 1310 1348 1540 1405; x_wconf 87' lang='lat' dir='ltr'><strong>Paulus:</strong></span> <span class='ocrx_word' id='word_1_107' title='bbox 1589 1350 1918 1422; x_wconf 77' lang='lat' dir='ltr'><strong>Sapientiam</strong></span> 
     </span>
    </p>
   </div>
   <div class='ocr_carea' id='block_1_16' title="bbox 339 1426 1914 1507">
    <p class='ocr_par' dir='ltr' id='par_1_16' title="bbox 339 1426 1914 1507">
     <span class='ocr_line' id='line_1_16' title="bbox 339 1426 1914 1507; baseline 0.015 -28"><span class='ocrx_word' id='word_1_108' title='bbox 339 1426 604 1497; x_wconf 81' lang='lat' dir='ltr'><strong>loquimur</strong></span> <span class='ocrx_word' id='word_1_109' title='bbox 630 1433 770 1486; x_wconf 88' lang='lat' dir='ltr'><strong>inter</strong></span> <span class='ocrx_word' id='word_1_110' title='bbox 805 1437 1081 1506; x_wconf 80' lang='lat' dir='ltr'><strong>perfectos,</strong></span> <span class='ocrx_word' id='word_1_111' title='bbox 1111 1441 1425 1507; x_wconf 78' lang='lat' dir='ltr'><strong>sapientiam</strong></span> <span class='ocrx_word' id='word_1_112' title='bbox 1469 1454 1646 1500; x_wconf 87' lang='lat' dir='ltr'><strong>autent</strong></span> <span class='ocrx_word' id='word_1_113' title='bbox 1678 1462 1782 1501; x_wconf 88' lang='lat' dir='ltr'><strong>non</strong></span> <span class='ocrx_word' id='word_1_114' title='bbox 1814 1447 1914 1502; x_wconf 83' lang='lat' dir='ltr'><strong>Itu-</strong></span> 
     </span>
    </p>
   </div>
   <div class='ocr_carea' id='block_1_17' title="bbox 339 1517 1920 1608">
    <p class='ocr_par' dir='ltr' id='par_1_17' title="bbox 339 1517 1920 1608">
     <span class='ocr_line' id='line_1_17' title="bbox 339 1517 1920 1608; baseline 0.015 -37"><span class='ocrx_word' id='word_1_115' title='bbox 339 1517 423 1586; x_wconf 78' lang='lat' dir='ltr'><strong>ius</strong></span> <span class='ocrx_word' id='word_1_116' title='bbox 453 1522 652 1586; x_wconf 88' lang='lat' dir='ltr'><strong>mundi,</strong></span> <span class='ocrx_word' id='word_1_117' title='bbox 684 1533 734 1577; x_wconf 89' lang='lat' dir='ltr'><strong>et</strong></span> <span class='ocrx_word' id='word_1_118' title='bbox 770 1527 1064 1596; x_wconf 83' lang='lat' dir='ltr'><strong>principum</strong></span> <span class='ocrx_word' id='word_1_119' title='bbox 1099 1532 1277 1586; x_wconf 75' lang='lat' dir='ltr'><strong>swcnli</strong></span> <span class='ocrx_word' id='word_1_120' title='bbox 1306 1534 1485 1604; x_wconf 79' lang='lat' dir='ltr'><strong>hujus,</strong></span> <span class='ocrx_word' id='word_1_121' title='bbox 1527 1539 1618 1608; x_wconf 88' lang='lat' dir='ltr'><strong>qui</strong></span> <span class='ocrx_word' id='word_1_122' title='bbox 1647 1540 1920 1595; x_wconf 86' lang='lat' dir='ltr'><strong>destruen-</strong></span> 
     </span>
    </p>
   </div>
   <div class='ocr_carea' id='block_1_18' title="bbox 341 1612 1918 1700">
    <p class='ocr_par' dir='ltr' id='par_1_18' title="bbox 341 1612 1918 1700">
     <span class='ocr_line' id='line_1_18' title="bbox 341 1612 1918 1700; baseline 0.016 -36"><span class='ocrx_word' id='word_1_123' title='bbox 341 1621 428 1666; x_wconf 87' lang='lat' dir='ltr'><strong>tur</strong></span> <span class='ocrx_word' id='word_1_124' title='bbox 442 1612 506 1666; x_wconf 80' lang='lat'><strong>&#39;°.</strong></span> <span class='ocrx_word' id='word_1_125' title='bbox 526 1613 791 1670; x_wconf 81' lang='lat' dir='ltr'><strong>Rixentur</strong></span> <span class='ocrx_word' id='word_1_126' title='bbox 805 1626 987 1672; x_wconf 88' lang='lat' dir='ltr'><strong>autem</strong></span> <span class='ocrx_word' id='word_1_127' title='bbox 1004 1621 1072 1676; x_wconf 91' lang='lat' dir='ltr'><strong>de</strong></span> <span class='ocrx_word' id='word_1_128' title='bbox 1098 1623 1296 1690; x_wconf 85' lang='lat' dir='ltr'><strong>verbis,</strong></span> <span class='ocrx_word' id='word_1_129' title='bbox 1317 1635 1411 1680; x_wconf 91' lang='lat' dir='ltr'><strong>aut</strong></span> <span class='ocrx_word' id='word_1_130' title='bbox 1435 1628 1774 1700; x_wconf 77' lang='lat' dir='ltr'><strong>dagmatibus</strong></span> <span class='ocrx_word' id='word_1_131' title='bbox 1787 1648 1918 1688; x_wconf 89' lang='lat' dir='ltr'><strong>eon-</strong></span> 
     </span>
    </p>
   </div>
   <div class='ocr_carea' id='block_1_19' title="bbox 347 1704 1920 1779">
    <p class='ocr_par' dir='ltr' id='par_1_19' title="bbox 347 1704 1920 1779">
     <span class='ocr_line' id='line_1_19' title="bbox 347 1704 1920 1779; baseline 0.015 -23"><span class='ocrx_word' id='word_1_132' title='bbox 347 1704 654 1772; x_wconf 85' lang='lat' dir='ltr'><strong>tendentes,</strong></span> <span class='ocrx_word' id='word_1_133' title='bbox 677 1716 733 1762; x_wconf 91' lang='lat' dir='ltr'><strong>et</strong></span> <span class='ocrx_word' id='word_1_134' title='bbox 747 1708 1208 1778; x_wconf 82' lang='lat' dir='ltr'><strong>blasphemaverit</strong></span> <span class='ocrx_word' id='word_1_135' title='bbox 1241 1714 1384 1772; x_wconf 90' lang='lat' dir='ltr'><strong>ﬁlius</strong></span> <span class='ocrx_word' id='word_1_136' title='bbox 1398 1719 1639 1776; x_wconf 89' lang='lat' dir='ltr'><strong>mulieris</strong></span> <span class='ocrx_word' id='word_1_137' title='bbox 1661 1722 1920 1779; x_wconf 86' lang='lat' dir='ltr'><strong>Israeliti-</strong></span> 
     </span>
    </p>
   </div>
   <div class='ocr_carea' id='block_1_20' title="bbox 341 1795 1920 1885">
    <p class='ocr_par' dir='ltr' id='par_1_20' title="bbox 341 1795 1920 1885">
     <span class='ocr_line' id='line_1_20' title="bbox 341 1795 1920 1885; baseline 0.015 -37"><span class='ocrx_word' id='word_1_138' title='bbox 341 1795 425 1850; x_wconf 89' lang='lat' dir='ltr'><strong>dis</strong></span> <span class='ocrx_word' id='word_1_139' title='bbox 464 1812 706 1852; x_wconf 88' lang='lat' dir='ltr'><strong>nomen:</strong></span> <span class='ocrx_word' id='word_1_140' title='bbox 736 1799 807 1854; x_wconf 90' lang='lat' dir='ltr'><strong>sit</strong></span> <span class='ocrx_word' id='word_1_141' title='bbox 842 1801 989 1856; x_wconf 88' lang='lat' dir='ltr'><strong>enim</strong></span> <span class='ocrx_word' id='word_1_142' title='bbox 1031 1803 1135 1859; x_wconf 91' lang='lat' dir='ltr'><strong>hoc</strong></span> <span class='ocrx_word' id='word_1_143' title='bbox 1180 1809 1398 1875; x_wconf 90' lang='lat' dir='ltr'><strong>quando</strong></span> <span class='ocrx_word' id='word_1_144' title='bbox 1438 1810 1482 1865; x_wconf 88' lang='lat' dir='ltr'><strong>is</strong></span> <span class='ocrx_word' id='word_1_145' title='bbox 1514 1813 1608 1881; x_wconf 90' lang='lat' dir='ltr'><strong>qui</strong></span> <span class='ocrx_word' id='word_1_146' title='bbox 1653 1815 1920 1885; x_wconf 85' lang='lat' dir='ltr'><strong>sapientia</strong></span> 
     </span>
    </p>
   </div>
   <div class='ocr_carea' id='block_1_21' title="bbox 339 1889 1921 1964">
    <p class='ocr_par' dir='ltr' id='par_1_21' title="bbox 339 1889 1921 1964">
     <span class='ocr_line' id='line_1_21' title="bbox 339 1889 1921 1964; baseline 0.014 -22"><span class='ocrx_word' id='word_1_147' title='bbox 339 1889 596 1944; x_wconf 87' lang='lat' dir='ltr'><strong>exteriori</strong></span> <span class='ocrx_word' id='word_1_148' title='bbox 622 1890 782 1946; x_wconf 74' lang='lat' dir='ltr'><strong>laesus</strong></span> <span class='ocrx_word' id='word_1_149' title='bbox 821 1900 926 1958; x_wconf 89' lang='lat' dir='ltr'><strong>est,</strong></span> <span class='ocrx_word' id='word_1_150' title='bbox 972 1897 1308 1954; x_wconf 89' lang='lat' dir='ltr'><strong>mentionem</strong></span> <span class='ocrx_word' id='word_1_151' title='bbox 1347 1901 1476 1958; x_wconf 78' lang='lat' dir='ltr'><strong>facit</strong></span> <span class='ocrx_word' id='word_1_152' title='bbox 1515 1903 1744 1962; x_wconf 86' lang='lat' dir='ltr'><strong>Christi.</strong></span> <span class='ocrx_word' id='word_1_153' title='bbox 1798 1908 1921 1964; x_wconf 86' lang='lat' dir='ltr'><strong>Vidi</strong></span> 
     </span>
    </p>
   </div>
   <div class='ocr_carea' id='block_1_22' title="bbox 241 1979 1924 2068">
    <p class='ocr_par' dir='ltr' id='par_1_22' title="bbox 241 1979 1924 2068">
     <span class='ocr_line' id='line_1_22' title="bbox 241 1979 1924 2068; baseline 0.014 -37"><span class='ocrx_word' id='word_1_154' title='bbox 241 2025 250 2031; x_wconf 80' lang='lat'><strong>.</strong></span> <span class='ocrx_word' id='word_1_155' title='bbox 342 1979 512 2046; x_wconf 88' lang='lat' dir='ltr'><strong>enim,</strong></span> <span class='ocrx_word' id='word_1_156' title='bbox 560 1981 689 2050; x_wconf 89' lang='lat' dir='ltr'><strong>quia</strong></span> <span class='ocrx_word' id='word_1_157' title='bbox 713 1981 874 2038; x_wconf 90' lang='lat' dir='ltr'><strong>nimis</strong></span> <span class='ocrx_word' id='word_1_158' title='bbox 928 1986 1283 2044; x_wconf 85' lang='lat' dir='ltr'><strong>subtilitatem</strong></span> <span class='ocrx_word' id='word_1_159' title='bbox 1347 2008 1587 2064; x_wconf 90' lang='lat' dir='ltr'><strong>sequens</strong></span> <span class='ocrx_word' id='word_1_160' title='bbox 1648 1997 1924 2068; x_wconf 80' lang='lat' dir='ltr'><strong>legislator</strong></span> 
     </span>
    </p>
   </div>
   <div class='ocr_carea' id='block_1_23' title="bbox 343 2073 458 2128">
    <p class='ocr_par' dir='ltr' id='par_1_23' title="bbox 343 2073 458 2128">
     <span class='ocr_line' id='line_1_23' title="bbox 343 2073 458 2128; baseline 0.009 -1"><span class='ocrx_word' id='word_1_161' title='bbox 343 2073 458 2128; x_wconf 87' lang='lat' dir='ltr'><strong>ait:</strong></span> 
     </span>
    </p>
   </div>
   <div class='ocr_carea' id='block_1_24' title="bbox 415 2168 1922 2248">
    <p class='ocr_par' dir='ltr' id='par_1_24' title="bbox 415 2168 1922 2248">
     <span class='ocr_line' id='line_1_24' title="bbox 415 2168 1922 2248; baseline 0.01 -27"><span class='ocrx_word' id='word_1_162' title='bbox 415 2168 650 2240; x_wconf 82' lang='lat' dir='ltr'><strong>Cumque</strong></span> <span class='ocrx_word' id='word_1_163' title='bbox 683 2172 1086 2241; x_wconf 83' lang='lat' dir='ltr'><strong>blasphemasset</strong></span> <span class='ocrx_word' id='word_1_164' title='bbox 1119 2192 1324 2233; x_wconf 87' lang='lat' dir='ltr'><strong>nomen.</strong></span> <span class='ocrx_word' id='word_1_165' title='bbox 1363 2176 1519 2244; x_wconf 86' lang='lat' dir='ltr'><strong>Quod</strong></span> <span class='ocrx_word' id='word_1_166' title='bbox 1553 2191 1734 2236; x_wconf 88' lang='lat' dir='ltr'><strong>autem</strong></span> <span class='ocrx_word' id='word_1_167' title='bbox 1761 2191 1922 2248; x_wconf 86' lang='lat' dir='ltr'><strong>tacet,</strong></span> 
     </span>
    </p>
   </div>
   <div class='ocr_carea' id='block_1_25' title="bbox 347 2258 1923 2337">
    <p class='ocr_par' dir='ltr' id='par_1_25' title="bbox 347 2258 1923 2337">
     <span class='ocr_line' id='line_1_25' title="bbox 347 2258 1923 2337; baseline 0.01 -27"><span class='ocrx_word' id='word_1_168' title='bbox 347 2258 579 2313; x_wconf 87' lang='lat' dir='ltr'><strong>necdum</strong></span> <span class='ocrx_word' id='word_1_169' title='bbox 610 2261 754 2316; x_wconf 89' lang='lat' dir='ltr'><strong>enim</strong></span> <span class='ocrx_word' id='word_1_170' title='bbox 787 2265 1004 2332; x_wconf 89' lang='lat' dir='ltr'><strong>quando</strong></span> <span class='ocrx_word' id='word_1_171' title='bbox 1033 2267 1138 2320; x_wconf 90' lang='lat' dir='ltr'><strong>hoc</strong></span> <span class='ocrx_word' id='word_1_172' title='bbox 1178 2269 1528 2324; x_wconf 82' lang='lat' dir='ltr'><strong>sanciebatur</strong></span> <span class='ocrx_word' id='word_1_173' title='bbox 1561 2281 1679 2326; x_wconf 90' lang='lat' dir='ltr'><strong>erat</strong></span> <span class='ocrx_word' id='word_1_174' title='bbox 1713 2283 1923 2337; x_wconf 88' lang='lat' dir='ltr'><strong>notum,</strong></span> 
     </span>
    </p>
   </div>
   <div class='ocr_carea' id='block_1_26' title="bbox 347 2349 1923 2432">
    <p class='ocr_par' dir='ltr' id='par_1_26' title="bbox 347 2349 1923 2432">
     <span class='ocr_line' id='line_1_26' title="bbox 347 2349 1923 2432; baseline 0.011 -31"><span class='ocrx_word' id='word_1_175' title='bbox 347 2349 472 2417; x_wconf 88' lang='lat' dir='ltr'><strong>quia</strong></span> <span class='ocrx_word' id='word_1_176' title='bbox 491 2351 722 2405; x_wconf 86' lang='lat' dir='ltr'><strong>necdum</strong></span> <span class='ocrx_word' id='word_1_177' title='bbox 749 2362 910 2408; x_wconf 89' lang='lat' dir='ltr'><strong>natus</strong></span> <span class='ocrx_word' id='word_1_178' title='bbox 927 2365 1044 2409; x_wconf 89' lang='lat' dir='ltr'><strong>erat</strong></span> <span class='ocrx_word' id='word_1_179' title='bbox 1067 2356 1133 2421; x_wconf 91' lang='lat' dir='ltr'><strong>is,</strong></span> <span class='ocrx_word' id='word_1_180' title='bbox 1161 2358 1249 2426; x_wconf 90' lang='lat' dir='ltr'><strong>qui</strong></span> <span class='ocrx_word' id='word_1_181' title='bbox 1279 2374 1343 2413; x_wconf 82' lang='lat' dir='ltr'><strong>ex</strong></span> <span class='ocrx_word' id='word_1_182' title='bbox 1384 2360 1612 2430; x_wconf 79' lang='lat' dir='ltr'><strong>virgine,</strong></span> <span class='ocrx_word' id='word_1_183' title='bbox 1643 2371 1696 2416; x_wconf 87' lang='lat' dir='ltr'><strong>ct</strong></span> <span class='ocrx_word' id='word_1_184' title='bbox 1722 2363 1923 2432; x_wconf 87' lang='lat' dir='ltr'><strong>Spiritu</strong></span> 
     </span>
    </p>
   </div>
   <div class='ocr_carea' id='block_1_27' title="bbox 349 2442 1927 2517">
    <p class='ocr_par' dir='ltr' id='par_1_27' title="bbox 349 2442 1927 2517">
     <span class='ocr_line' id='line_1_27' title="bbox 349 2442 1927 2517; baseline 0.01 -24"><span class='ocrx_word' id='word_1_185' title='bbox 349 2450 536 2495; x_wconf 69' lang='lat' dir='ltr'><strong>sancto</strong></span> <span class='ocrx_word' id='word_1_186' title='bbox 561 2442 876 2500; x_wconf 88' lang='lat' dir='ltr'><strong>incarnatus</strong></span> <span class='ocrx_word' id='word_1_187' title='bbox 905 2455 1009 2511; x_wconf 90' lang='lat' dir='ltr'><strong>est,</strong></span> <span class='ocrx_word' id='word_1_188' title='bbox 1047 2448 1115 2503; x_wconf 91' lang='lat' dir='ltr'><strong>de</strong></span> <span class='ocrx_word' id='word_1_189' title='bbox 1146 2465 1254 2517; x_wconf 88' lang='lat' dir='ltr'><strong>quo</strong></span> <span class='ocrx_word' id='word_1_190' title='bbox 1282 2451 1418 2506; x_wconf 90' lang='lat' dir='ltr'><strong>dixit</strong></span> <span class='ocrx_word' id='word_1_191' title='bbox 1450 2453 1661 2508; x_wconf 86' lang='lat' dir='ltr'><strong>Gabriel</strong></span> <span class='ocrx_word' id='word_1_192' title='bbox 1689 2471 1702 2508; x_wconf 93' lang='lat'><strong>:</strong></span> <span class='ocrx_word' id='word_1_193' title='bbox 1735 2456 1797 2509; x_wconf 80' lang='lat' dir='ltr'><strong>Et</strong></span> <span class='ocrx_word' id='word_1_194' title='bbox 1839 2474 1927 2510; x_wconf 85' lang='lat' dir='ltr'><strong>vo—</strong></span> 
     </span>
    </p>
   </div>
   <div class='ocr_carea' id='block_1_28' title="bbox 349 2536 1924 2617">
    <p class='ocr_par' dir='ltr' id='par_1_28' title="bbox 349 2536 1924 2617">
     <span class='ocr_line' id='line_1_28' title="bbox 349 2536 1924 2617; baseline 0.01 -33"><span class='ocrx_word' id='word_1_195' title='bbox 349 2536 537 2587; x_wconf 87' lang='lat' dir='ltr'><strong>cabunt</strong></span> <span class='ocrx_word' id='word_1_196' title='bbox 587 2552 772 2590; x_wconf 85' lang='lat' dir='ltr'><strong>nomen</strong></span> <span class='ocrx_word' id='word_1_197' title='bbox 825 2539 937 2606; x_wconf 89' lang='lat' dir='ltr'><strong>ejus</strong></span> <span class='ocrx_word' id='word_1_198' title='bbox 967 2539 1164 2605; x_wconf 84' lang='lat' dir='ltr'><strong>Jesum,</strong></span> <span class='ocrx_word' id='word_1_199' title='bbox 1191 2543 1300 2611; x_wconf 88' lang='lat' dir='ltr'><strong>ipse</strong></span> <span class='ocrx_word' id='word_1_200' title='bbox 1329 2544 1466 2596; x_wconf 90' lang='lat' dir='ltr'><strong>enim</strong></span> <span class='ocrx_word' id='word_1_201' title='bbox 1529 2546 1732 2598; x_wconf 86' lang='lat' dir='ltr'><strong>salvum</strong></span> <span class='ocrx_word' id='word_1_202' title='bbox 1771 2549 1924 2617; x_wconf 81' lang='lat' dir='ltr'><strong>faciet</strong></span> 
     </span>
    </p>
   </div>
   <div class='ocr_carea' id='block_1_29' title="bbox 351 2627 1920 2697">
    <p class='ocr_par' dir='ltr' id='par_1_29' title="bbox 351 2627 1920 2697">
     <span class='ocr_line' id='line_1_29' title="bbox 351 2627 1920 2697; baseline 0.009 -20"><span class='ocrx_word' id='word_1_203' title='bbox 351 2627 600 2692; x_wconf 82' lang='lat' dir='ltr'><strong>populum</strong></span> <span class='ocrx_word' id='word_1_204' title='bbox 639 2645 792 2682; x_wconf 88' lang='lat' dir='ltr'><strong>suum</strong></span> <span class='ocrx_word' id='word_1_205' title='bbox 821 2646 851 2682; x_wconf 91' lang='lat' dir='ltr'><strong>a</strong></span> <span class='ocrx_word' id='word_1_206' title='bbox 890 2633 1116 2697; x_wconf 77' lang='lat' dir='ltr'><strong>peccatis</strong></span> <span class='ocrx_word' id='word_1_207' title='bbox 1161 2649 1341 2686; x_wconf 89' lang='lat' dir='ltr'><strong>eorum</strong></span> <span class='ocrx_word' id='word_1_208' title='bbox 1382 2635 1448 2687; x_wconf 78' lang='lat'><strong>&quot;.</strong></span> <span class='ocrx_word' id='word_1_209' title='bbox 1499 2634 1700 2689; x_wconf 84' lang='lat' dir='ltr'><strong>Paulus</strong></span> <span class='ocrx_word' id='word_1_210' title='bbox 1737 2646 1920 2692; x_wconf 89' lang='lat' dir='ltr'><strong>autem</strong></span> 
     </span>
    </p>
   </div>
   <div class='ocr_carea' id='block_1_30' title="bbox 349 2721 1928 2787">
    <p class='ocr_par' dir='ltr' id='par_1_30' title="bbox 349 2721 1928 2787">
     <span class='ocr_line' id='line_1_30' title="bbox 349 2721 1928 2787; baseline 0.008 -17"><span class='ocrx_word' id='word_1_211' title='bbox 349 2727 612 2787; x_wconf 81' lang='lat' dir='ltr'><strong>quantum</strong></span> <span class='ocrx_word' id='word_1_212' title='bbox 641 2721 710 2775; x_wconf 89' lang='lat' dir='ltr'><strong>sit</strong></span> <span class='ocrx_word' id='word_1_213' title='bbox 750 2723 852 2776; x_wconf 90' lang='lat' dir='ltr'><strong>hoc</strong></span> <span class='ocrx_word' id='word_1_214' title='bbox 889 2739 1085 2777; x_wconf 85' lang='lat' dir='ltr'><strong>nomen</strong></span> <span class='ocrx_word' id='word_1_215' title='bbox 1113 2727 1409 2780; x_wconf 83' lang='lat' dir='ltr'><strong>ostendens</strong></span> <span class='ocrx_word' id='word_1_216' title='bbox 1434 2727 1509 2780; x_wconf 74' lang='lat' dir='ltr'><strong>ait</strong></span> <span class='ocrx_word' id='word_1_217' title='bbox 1541 2747 1552 2780; x_wconf 94' lang='lat'><strong>:</strong></span> <span class='ocrx_word' id='word_1_218' title='bbox 1605 2727 1666 2780; x_wconf 81' lang='lat' dir='ltr'><strong>Et</strong></span> <span class='ocrx_word' id='word_1_219' title='bbox 1710 2730 1851 2782; x_wconf 84' lang='lat' dir='ltr'><strong>dedit</strong></span> <span class='ocrx_word' id='word_1_220' title='bbox 1880 2732 1928 2783; x_wconf 89' lang='lat' dir='ltr'><strong>ei</strong></span> 
     </span>
    </p>
   </div>
   <div class='ocr_carea' id='block_1_31' title="bbox 357 2807 1928 2878">
    <p class='ocr_par' dir='ltr' id='par_1_31' title="bbox 357 2807 1928 2878">
     <span class='ocr_line' id='line_1_31' title="bbox 357 2807 1928 2878; baseline 0.007 -17"><span class='ocrx_word' id='word_1_221' title='bbox 357 2807 491 2862; x_wconf 82' lang='lat' dir='ltr'><strong>Deus</strong></span> <span class='ocrx_word' id='word_1_222' title='bbox 529 2825 715 2863; x_wconf 81' lang='lat' dir='ltr'><strong>nomen</strong></span> <span class='ocrx_word' id='word_1_223' title='bbox 752 2825 906 2878; x_wconf 81' lang='lat' dir='ltr'><strong>super</strong></span> <span class='ocrx_word' id='word_1_224' title='bbox 950 2829 1100 2866; x_wconf 88' lang='lat' dir='ltr'><strong>omne</strong></span> <span class='ocrx_word' id='word_1_225' title='bbox 1148 2831 1354 2878; x_wconf 88' lang='lat' dir='ltr'><strong>nomen,</strong></span> <span class='ocrx_word' id='word_1_226' title='bbox 1397 2825 1452 2868; x_wconf 90' lang='lat' dir='ltr'><strong>ut</strong></span> <span class='ocrx_word' id='word_1_227' title='bbox 1486 2818 1542 2869; x_wconf 87' lang='lat' dir='ltr'><strong>in</strong></span> <span class='ocrx_word' id='word_1_228' title='bbox 1573 2819 1778 2870; x_wconf 86' lang='lat' dir='ltr'><strong>nomine</strong></span> <span class='ocrx_word' id='word_1_229' title='bbox 1803 2818 1928 2872; x_wconf 86' lang='lat' dir='ltr'><strong>Jesu</strong></span> 
     </span>
    </p>
   </div>
   <div class='ocr_carea' id='block_1_32' title="bbox 349 2902 1928 2978">
    <p class='ocr_par' dir='ltr' id='par_1_32' title="bbox 349 2902 1928 2978">
     <span class='ocr_line' id='line_1_32' title="bbox 349 2902 1928 2978; baseline 0.008 -28"><span class='ocrx_word' id='word_1_230' title='bbox 349 2913 500 2951; x_wconf 86' lang='lat' dir='ltr'><strong>omne</strong></span> <span class='ocrx_word' id='word_1_231' title='bbox 511 2915 643 2968; x_wconf 88' lang='lat' dir='ltr'><strong>genu</strong></span> <span class='ocrx_word' id='word_1_232' title='bbox 659 2902 924 2968; x_wconf 83' lang='lat' dir='ltr'><strong>ﬂectatur,</strong></span> <span class='ocrx_word' id='word_1_233' title='bbox 940 2904 1246 2969; x_wconf 72' lang='lat' dir='ltr'><strong>cwlestium,</strong></span> <span class='ocrx_word' id='word_1_234' title='bbox 1265 2909 1607 2971; x_wconf 81' lang='lat' dir='ltr'><strong>terrestrium,</strong></span> <span class='ocrx_word' id='word_1_235' title='bbox 1628 2917 1676 2961; x_wconf 88' lang='lat' dir='ltr'><strong>et</strong></span> <span class='ocrx_word' id='word_1_236' title='bbox 1694 2909 1928 2978; x_wconf 74' lang='lat' dir='ltr'><strong>inferno-</strong></span> 
     </span>
    </p>
   </div>
   <div class='ocr_carea' id='block_1_33' title="bbox 350 2990 1928 3068">
    <p class='ocr_par' dir='ltr' id='par_1_33' title="bbox 350 2990 1928 3068">
     <span class='ocr_line' id='line_1_33' title="bbox 350 2990 1928 3068; baseline 0.009 -26"><span class='ocrx_word' id='word_1_237' title='bbox 350 3005 468 3043; x_wconf 89' lang='lat' dir='ltr'><strong>rum</strong></span> <span class='ocrx_word' id='word_1_238' title='bbox 500 2990 813 3056; x_wconf 74' lang='lat' dir='ltr'><strong>“.Quando</strong></span> <span class='ocrx_word' id='word_1_239' title='bbox 838 3010 966 3066; x_wconf 83' lang='lat' dir='ltr'><strong>ergo</strong></span> <span class='ocrx_word' id='word_1_240' title='bbox 991 2995 1054 3060; x_wconf 91' lang='lat' dir='ltr'><strong>is,</strong></span> <span class='ocrx_word' id='word_1_241' title='bbox 1084 2997 1176 3066; x_wconf 92' lang='lat' dir='ltr'><strong>qui</strong></span> <span class='ocrx_word' id='word_1_242' title='bbox 1207 2997 1257 3050; x_wconf 91' lang='lat' dir='ltr'><strong>in</strong></span> <span class='ocrx_word' id='word_1_243' title='bbox 1295 2999 1560 3068; x_wconf 88' lang='lat' dir='ltr'><strong>sapientia</strong></span> <span class='ocrx_word' id='word_1_244' title='bbox 1592 3001 1837 3065; x_wconf 89' lang='lat' dir='ltr'><strong>conﬁdit,</strong></span> <span class='ocrx_word' id='word_1_245' title='bbox 1874 3011 1928 3057; x_wconf 93' lang='lat' dir='ltr'><strong>et</strong></span> 
     </span>
    </p>
   </div>
   <div class='ocr_carea' id='block_1_34' title="bbox 351 3081 1927 3163">
    <p class='ocr_par' dir='ltr' id='par_1_34' title="bbox 351 3081 1927 3163">
     <span class='ocr_line' id='line_1_34' title="bbox 351 3081 1927 3163; baseline 0.006 -27"><span class='ocrx_word' id='word_1_246' title='bbox 351 3081 588 3136; x_wconf 85' lang='lat' dir='ltr'><strong>intendit</strong></span> <span class='ocrx_word' id='word_1_247' title='bbox 637 3084 920 3150; x_wconf 79' lang='lat' dir='ltr'><strong>exteriori,</strong></span> <span class='ocrx_word' id='word_1_248' title='bbox 977 3102 1097 3156; x_wconf 76' lang='lat' dir='ltr'><strong>quae</strong></span> <span class='ocrx_word' id='word_1_249' title='bbox 1146 3087 1279 3142; x_wconf 90' lang='lat' dir='ltr'><strong>dicit</strong></span> <span class='ocrx_word' id='word_1_250' title='bbox 1336 3106 1588 3159; x_wconf 81' lang='lat' dir='ltr'><strong>parvum,</strong></span> <span class='ocrx_word' id='word_1_251' title='bbox 1647 3107 1927 3163; x_wconf 78' lang='lat' dir='ltr'><strong>magnum,</strong></span> 
     </span>
    </p>
   </div>
   <div class='ocr_carea' id='block_1_35' title="bbox 357 3175 1932 3252">
    <p class='ocr_par' dir='ltr' id='par_1_35' title="bbox 357 3175 1932 3252">
     <span class='ocr_line' id='line_1_35' title="bbox 357 3175 1932 3252; baseline 0.006 -25"><span class='ocrx_word' id='word_1_252' title='bbox 357 3175 656 3230; x_wconf 85' lang='lat' dir='ltr'><strong>maximum</strong></span> <span class='ocrx_word' id='word_1_253' title='bbox 678 3192 692 3241; x_wconf 91' lang='lat'><strong>;</strong></span> <span class='ocrx_word' id='word_1_254' title='bbox 720 3186 775 3232; x_wconf 86' lang='lat' dir='ltr'><strong>et.</strong></span> <span class='ocrx_word' id='word_1_255' title='bbox 799 3179 1015 3248; x_wconf 81' lang='lat' dir='ltr'><strong>gradus,</strong></span> <span class='ocrx_word' id='word_1_256' title='bbox 1035 3179 1179 3248; x_wconf 85' lang='lat' dir='ltr'><strong>quod</strong></span> <span class='ocrx_word' id='word_1_257' title='bbox 1206 3181 1542 3250; x_wconf 81' lang='lat' dir='ltr'><strong>impossibile</strong></span> <span class='ocrx_word' id='word_1_258' title='bbox 1563 3191 1664 3248; x_wconf 90' lang='lat' dir='ltr'><strong>est,</strong></span> <span class='ocrx_word' id='word_1_259' title='bbox 1683 3183 1932 3252; x_wconf 81' lang='lat' dir='ltr'><strong>exquiret</strong></span> 
     </span>
    </p>
   </div>
   <div class='ocr_carea' id='block_1_36' title="bbox 351 3263 1930 3338">
    <p class='ocr_par' dir='ltr' id='par_1_36' title="bbox 351 3263 1930 3338">
     <span class='ocr_line' id='line_1_36' title="bbox 351 3263 1930 3338; baseline 0.007 -21"><span class='ocrx_word' id='word_1_260' title='bbox 351 3263 407 3318; x_wconf 91' lang='lat' dir='ltr'><strong>in</strong></span> <span class='ocrx_word' id='word_1_261' title='bbox 439 3265 743 3331; x_wconf 84' lang='lat' dir='ltr'><strong>divinitate,</strong></span> <span class='ocrx_word' id='word_1_262' title='bbox 781 3268 1239 3338; x_wconf 89' lang='lat' dir='ltr'><strong>blasphemaverit</strong></span> <span class='ocrx_word' id='word_1_263' title='bbox 1265 3285 1466 3326; x_wconf 90' lang='lat' dir='ltr'><strong>nomen</strong></span> <span class='ocrx_word' id='word_1_264' title='bbox 1502 3273 1702 3328; x_wconf 86' lang='lat' dir='ltr'><strong>Christi</strong></span> <span class='ocrx_word' id='word_1_265' title='bbox 1743 3292 1756 3327; x_wconf 94' lang='lat'>:</span> <span class='ocrx_word' id='word_1_266' title='bbox 1789 3274 1930 3328; x_wconf 90' lang='lat' dir='ltr'><strong>blas-</strong></span> 
     </span>
    </p>
   </div>
   <div class='ocr_carea' id='block_1_37' title="bbox 349 3355 1928 3428">
    <p class='ocr_par' dir='ltr' id='par_1_37' title="bbox 349 3355 1928 3428">
     <span class='ocr_line' id='line_1_37' title="bbox 349 3355 1928 3428; baseline 0.004 -19"><span class='ocrx_word' id='word_1_267' title='bbox 349 3355 570 3425; x_wconf 87' lang='lat' dir='ltr'><strong>phemat</strong></span> <span class='ocrx_word' id='word_1_268' title='bbox 596 3357 742 3411; x_wconf 90' lang='lat' dir='ltr'><strong>enim</strong></span> <span class='ocrx_word' id='word_1_269' title='bbox 764 3355 984 3424; x_wconf 82' lang='lat' dir='ltr'><strong>Filium,</strong></span> <span class='ocrx_word' id='word_1_270' title='bbox 1007 3359 1096 3428; x_wconf 90' lang='lat' dir='ltr'><strong>qui</strong></span> <span class='ocrx_word' id='word_1_271' title='bbox 1131 3375 1254 3414; x_wconf 91' lang='lat' dir='ltr'><strong>eum</strong></span> <span class='ocrx_word' id='word_1_272' title='bbox 1280 3359 1424 3414; x_wconf 87' lang='lat' dir='ltr'><strong>Patri</strong></span> <span class='ocrx_word' id='word_1_273' title='bbox 1454 3360 1587 3416; x_wconf 88' lang='lat' dir='ltr'><strong>dicit</strong></span> <span class='ocrx_word' id='word_1_274' title='bbox 1618 3362 1883 3418; x_wconf 88' lang='lat' dir='ltr'><strong>minorem</strong></span> <span class='ocrx_word' id='word_1_275' title='bbox 1915 3381 1928 3416; x_wconf 90' lang='lat'><strong>:</strong></span> 
     </span>
    </p>
   </div>
   <div class='ocr_carea' id='block_1_38' title="bbox 355 3451 1932 3524">
    <p class='ocr_par' dir='ltr' id='par_1_38' title="bbox 355 3451 1932 3524">
     <span class='ocr_line' id='line_1_38' title="bbox 355 3451 1932 3524; baseline 0.008 -24"><span class='ocrx_word' id='word_1_276' title='bbox 355 3453 512 3500; x_wconf 83' lang='lat' dir='ltr'><strong>extra</strong></span> <span class='ocrx_word' id='word_1_277' title='bbox 563 3457 737 3502; x_wconf 81' lang='lat' dir='ltr'><strong>castra</strong></span> <span class='ocrx_word' id='word_1_278' title='bbox 781 3451 1092 3504; x_wconf 84' lang='lat' dir='ltr'><strong>necessarie</strong></span> <span class='ocrx_word' id='word_1_279' title='bbox 1137 3452 1445 3520; x_wconf 84' lang='lat' dir='ltr'><strong>expellitur,</strong></span> <span class='ocrx_word' id='word_1_280' title='bbox 1477 3461 1533 3507; x_wconf 88' lang='lat' dir='ltr'><strong>et</strong></span> <span class='ocrx_word' id='word_1_281' title='bbox 1559 3467 1589 3506; x_wconf 89' lang='lat' dir='ltr'><strong>a</strong></span> <span class='ocrx_word' id='word_1_282' title='bbox 1619 3455 1932 3524; x_wconf 90' lang='lat' dir='ltr'><strong>spectaculo</strong></span> 
     </span>
    </p>
   </div>
   <div class='ocr_carea' id='block_1_39' title="bbox 352 3535 1935 3616">
    <p class='ocr_par' dir='ltr' id='par_1_39' title="bbox 352 3535 1935 3616">
     <span class='ocr_line' id='line_1_39' title="bbox 352 3535 1935 3616; baseline 0.009 -28"><span class='ocrx_word' id='word_1_283' title='bbox 352 3535 610 3592; x_wconf 69' lang='lat' dir='ltr'><strong>Ecclesiae</strong></span> <span class='ocrx_word' id='word_1_284' title='bbox 657 3536 928 3594; x_wconf 89' lang='lat' dir='ltr'><strong>educitur.</strong></span> <span class='ocrx_word' id='word_1_285' title='bbox 981 3539 1083 3606; x_wconf 85' lang='lat' dir='ltr'><strong>Qui</strong></span> <span class='ocrx_word' id='word_1_286' title='bbox 1124 3550 1308 3597; x_wconf 90' lang='lat' dir='ltr'><strong>autem</strong></span> <span class='ocrx_word' id='word_1_287' title='bbox 1351 3543 1662 3610; x_wconf 90' lang='lat' dir='ltr'><strong>audierunt,</strong></span> <span class='ocrx_word' id='word_1_288' title='bbox 1728 3559 1935 3616; x_wconf 86' lang='lat' dir='ltr'><strong>ponent</strong></span> 
     </span>
    </p>
   </div>
   <div class='ocr_carea' id='block_1_40' title="bbox 351 3633 1932 3708">
    <p class='ocr_par' dir='ltr' id='par_1_40' title="bbox 351 3633 1932 3708">
     <span class='ocr_line' id='line_1_40' title="bbox 351 3633 1932 3708; baseline 0.011 -30"><span class='ocrx_word' id='word_1_289' title='bbox 351 3639 548 3680; x_wconf 88' lang='lat' dir='ltr'><strong>manus</strong></span> <span class='ocrx_word' id='word_1_290' title='bbox 566 3641 694 3682; x_wconf 90' lang='lat' dir='ltr'><strong>suas</strong></span> <span class='ocrx_word' id='word_1_291' title='bbox 718 3643 882 3698; x_wconf 89' lang='lat' dir='ltr'><strong>super</strong></span> <span class='ocrx_word' id='word_1_292' title='bbox 922 3641 1085 3700; x_wconf 92' lang='lat' dir='ltr'><strong>caput</strong></span> <span class='ocrx_word' id='word_1_293' title='bbox 1111 3633 1232 3701; x_wconf 91' lang='lat' dir='ltr'><strong>ejus</strong></span> <span class='ocrx_word' id='word_1_294' title='bbox 1272 3651 1286 3688; x_wconf 88' lang='lat'><strong>:</strong></span> <span class='ocrx_word' id='word_1_295' title='bbox 1320 3635 1670 3693; x_wconf 90' lang='lat' dir='ltr'><strong>ostendentes</strong></span> <span class='ocrx_word' id='word_1_296' title='bbox 1709 3653 1808 3708; x_wconf 90' lang='lat' dir='ltr'><strong>per</strong></span> <span class='ocrx_word' id='word_1_297' title='bbox 1841 3654 1932 3694; x_wconf 91' lang='lat' dir='ltr'><strong>ca-</strong></span> 
     </span>
    </p>
   </div>
   <div class='ocr_carea' id='block_1_41' title="bbox 352 3717 1930 3796">
    <p class='ocr_par' dir='ltr' id='par_1_41' title="bbox 352 3717 1930 3796">
     <span class='ocr_line' id='line_1_41' title="bbox 352 3717 1930 3796; baseline 0.01 -27"><span class='ocrx_word' id='word_1_298' title='bbox 352 3725 468 3784; x_wconf 86' lang='lat' dir='ltr'><strong>put,</strong></span> <span class='ocrx_word' id='word_1_299' title='bbox 497 3717 622 3786; x_wconf 88' lang='lat' dir='ltr'><strong>quia</strong></span> <span class='ocrx_word' id='word_1_300' title='bbox 652 3729 814 3788; x_wconf 91' lang='lat' dir='ltr'><strong>caput</strong></span> <span class='ocrx_word' id='word_1_301' title='bbox 841 3736 964 3776; x_wconf 81' lang='lat' dir='ltr'><strong>vere</strong></span> <span class='ocrx_word' id='word_1_302' title='bbox 1008 3722 1278 3791; x_wconf 85' lang='lat' dir='ltr'><strong>Christus,</strong></span> <span class='ocrx_word' id='word_1_303' title='bbox 1323 3734 1486 3796; x_wconf 91' lang='lat' dir='ltr'><strong>caput</strong></span> <span class='ocrx_word' id='word_1_304' title='bbox 1523 3735 1700 3782; x_wconf 88' lang='lat' dir='ltr'><strong>autem</strong></span> <span class='ocrx_word' id='word_1_305' title='bbox 1731 3728 1930 3786; x_wconf 89' lang='lat' dir='ltr'><strong>Christi</strong></span> 
     </span>
    </p>
   </div>
   <div class='ocr_carea' id='block_1_42' title="bbox 355 3811 1928 3890">
    <p class='ocr_par' dir='ltr' id='par_1_42' title="bbox 355 3811 1928 3890">
     <span class='ocr_line' id='line_1_42' title="bbox 355 3811 1928 3890; baseline 0.01 -24"><span class='ocrx_word' id='word_1_306' title='bbox 355 3811 497 3867; x_wconf 86' lang='lat' dir='ltr'><strong>Deus</strong></span> <span class='ocrx_word' id='word_1_307' title='bbox 532 3832 544 3866; x_wconf 94' lang='lat'><strong>:</strong></span> <span class='ocrx_word' id='word_1_308' title='bbox 581 3815 705 3883; x_wconf 87' lang='lat' dir='ltr'><strong>quia</strong></span> <span class='ocrx_word' id='word_1_309' title='bbox 732 3817 821 3885; x_wconf 91' lang='lat' dir='ltr'><strong>qui</strong></span> <span class='ocrx_word' id='word_1_310' title='bbox 870 3818 1066 3874; x_wconf 89' lang='lat' dir='ltr'><strong>Filium</strong></span> <span class='ocrx_word' id='word_1_311' title='bbox 1101 3819 1514 3890; x_wconf 82' lang='lat' dir='ltr'><strong>blasphemavit,</strong></span> <span class='ocrx_word' id='word_1_312' title='bbox 1549 3832 1604 3879; x_wconf 91' lang='lat' dir='ltr'><strong>et</strong></span> <span class='ocrx_word' id='word_1_313' title='bbox 1628 3823 1846 3880; x_wconf 86' lang='lat' dir='ltr'><strong>Patrem</strong></span> <span class='ocrx_word' id='word_1_314' title='bbox 1873 3827 1928 3881; x_wconf 91' lang='lat' dir='ltr'><strong>in</strong></span> 
     </span>
    </p>
   </div>
   <div class='ocr_carea' id='block_1_43' title="bbox 349 3905 889 3976">
    <p class='ocr_par' dir='ltr' id='par_1_43' title="bbox 349 3905 889 3976">
     <span class='ocr_line' id='line_1_43' title="bbox 349 3905 889 3976; baseline 0.011 -18"><span class='ocrx_word' id='word_1_315' title='bbox 349 3905 444 3960; x_wconf 85' lang='lat' dir='ltr'><strong>illo</strong></span> <span class='ocrx_word' id='word_1_316' title='bbox 472 3905 889 3976; x_wconf 90' lang='lat' dir='ltr'><strong>blasphemavit.</strong></span> 
     </span>
    </p>
   </div>
   <div class='ocr_carea' id='block_1_44' title="bbox 408 3990 1927 4086">
    <p class='ocr_par' dir='ltr' id='par_1_44' title="bbox 408 3990 1927 4086">
     <span class='ocr_line' id='line_1_44' title="bbox 408 3990 1927 4086; baseline 0.011 -34"><span class='ocrx_word' id='word_1_317' title='bbox 408 3998 477 4052; x_wconf 80' lang='lat' dir='ltr'><strong>Et</strong></span> <span class='ocrx_word' id='word_1_318' title='bbox 506 3999 702 4071; x_wconf 87' lang='lat' dir='ltr'><strong>lapidet</strong></span> <span class='ocrx_word' id='word_1_319' title='bbox 729 4019 846 4056; x_wconf 90' lang='lat' dir='ltr'><strong>eum</strong></span> <span class='ocrx_word' id='word_1_320' title='bbox 871 3990 1094 4074; x_wconf 85' lang='lat' dir='ltr'><strong>populus</strong></span> <span class='ocrx_word' id='word_1_321' title='bbox 1125 4008 1538 4086; x_wconf 23' lang='lat' dir='ltr'><strong>universusuQui</strong></span> <span class='ocrx_word' id='word_1_322' title='bbox 1569 4011 1831 4067; x_wconf 88' lang='lat' dir='ltr'><strong>occidunt</strong></span> <span class='ocrx_word' id='word_1_323' title='bbox 1871 4023 1927 4068; x_wconf 86' lang='lat' dir='ltr'><strong>et</strong></span> 
     </span>
    </p>
   </div>
   <div class='ocr_carea' id='block_1_45' title="bbox 350 4091 1928 4168">
    <p class='ocr_par' dir='ltr' id='par_1_45' title="bbox 350 4091 1928 4168">
     <span class='ocr_line' id='line_1_45' title="bbox 350 4091 1928 4168; baseline 0.009 -24"><span class='ocrx_word' id='word_1_324' title='bbox 350 4091 668 4161; x_wconf 87' lang='lat' dir='ltr'><strong>disperdunt</strong></span> <span class='ocrx_word' id='word_1_325' title='bbox 696 4110 819 4148; x_wconf 90' lang='lat' dir='ltr'><strong>eum</strong></span> <span class='ocrx_word' id='word_1_326' title='bbox 841 4097 934 4165; x_wconf 91' lang='lat' dir='ltr'><strong>qui</strong></span> <span class='ocrx_word' id='word_1_327' title='bbox 964 4097 1378 4168; x_wconf 81' lang='lat' dir='ltr'><strong>blaSphemavit.</strong></span> <span class='ocrx_word' id='word_1_328' title='bbox 1411 4100 1518 4156; x_wconf 87' lang='lat' dir='ltr'><strong>Sed</strong></span> <span class='ocrx_word' id='word_1_329' title='bbox 1548 4110 1603 4158; x_wconf 90' lang='lat' dir='ltr'><strong>et</strong></span> <span class='ocrx_word' id='word_1_330' title='bbox 1623 4103 1741 4158; x_wconf 65' lang='lat' dir='ltr'><strong>haec</strong></span> <span class='ocrx_word' id='word_1_331' title='bbox 1764 4104 1928 4158; x_wconf 85' lang='lat' dir='ltr'><strong>verba</strong></span> 
     </span>
    </p>
   </div>
   <div class='ocr_carea' id='block_1_46' title="bbox 350 4185 1930 4263">
    <p class='ocr_par' dir='ltr' id='par_1_46' title="bbox 350 4185 1930 4263">
     <span class='ocr_line' id='line_1_46' title="bbox 350 4185 1930 4263; baseline 0.008 -25"><span class='ocrx_word' id='word_1_332' title='bbox 350 4185 513 4254; x_wconf 85' lang='lat' dir='ltr'><strong>hujus</strong></span> <span class='ocrx_word' id='word_1_333' title='bbox 540 4185 839 4240; x_wconf 88' lang='lat' dir='ltr'><strong>sanctionis</strong></span> <span class='ocrx_word' id='word_1_334' title='bbox 859 4198 1162 4257; x_wconf 81' lang='lat' dir='ltr'><strong>Opportune</strong></span> <span class='ocrx_word' id='word_1_335' title='bbox 1187 4199 1338 4255; x_wconf 91' lang='lat' dir='ltr'><strong>nota,</strong></span> <span class='ocrx_word' id='word_1_336' title='bbox 1358 4209 1468 4263; x_wconf 93' lang='lat' dir='ltr'><strong>quo</strong></span> <span class='ocrx_word' id='word_1_337' title='bbox 1493 4195 1655 4249; x_wconf 91' lang='lat' dir='ltr'><strong>modo</strong></span> <span class='ocrx_word' id='word_1_338' title='bbox 1679 4195 1930 4251; x_wconf 84' lang='lat' dir='ltr'><strong>adduxe-</strong></span> 
     </span>
    </p>
   </div>
   <div class='ocr_carea' id='block_1_47' title="bbox 351 4277 1930 4350">
    <p class='ocr_par' dir='ltr' id='par_1_47' title="bbox 351 4277 1930 4350">
     <span class='ocr_line' id='line_1_47' title="bbox 351 4277 1930 4350; baseline 0.007 -21"><span class='ocrx_word' id='word_1_339' title='bbox 351 4287 479 4331; x_wconf 88' lang='lat' dir='ltr'><strong>runt</strong></span> <span class='ocrx_word' id='word_1_340' title='bbox 504 4294 628 4332; x_wconf 88' lang='lat' dir='ltr'><strong>eum</strong></span> <span class='ocrx_word' id='word_1_341' title='bbox 655 4279 722 4333; x_wconf 91' lang='lat' dir='ltr'><strong>ad</strong></span> <span class='ocrx_word' id='word_1_342' title='bbox 758 4277 999 4350; x_wconf 83' lang='lat' dir='ltr'><strong>Moysen.</strong></span> <span class='ocrx_word' id='word_1_343' title='bbox 1046 4279 1168 4350; x_wconf 91' lang='lat' dir='ltr'><strong>Ipse</strong></span> <span class='ocrx_word' id='word_1_344' title='bbox 1215 4292 1402 4338; x_wconf 89' lang='lat' dir='ltr'><strong>autem</strong></span> <span class='ocrx_word' id='word_1_345' title='bbox 1434 4297 1544 4338; x_wconf 91' lang='lat' dir='ltr'><strong>non</strong></span> <span class='ocrx_word' id='word_1_346' title='bbox 1591 4299 1656 4339; x_wconf 86' lang='lat' dir='ltr'><strong>ex</strong></span> <span class='ocrx_word' id='word_1_347' title='bbox 1690 4288 1930 4341; x_wconf 87' lang='lat' dir='ltr'><strong>auctori-</strong></span> 
     </span>
    </p>
   </div>
   <div class='ocr_carea' id='block_1_48' title="bbox 351 4369 1926 4441">
    <p class='ocr_par' dir='ltr' id='par_1_48' title="bbox 351 4369 1926 4441">
     <span class='ocr_line' id='line_1_48' title="bbox 351 4369 1926 4441; baseline 0.01 -23"><span class='ocrx_word' id='word_1_348' title='bbox 351 4375 460 4422; x_wconf 88' lang='lat' dir='ltr'><strong>tate</strong></span> <span class='ocrx_word' id='word_1_349' title='bbox 489 4369 748 4439; x_wconf 78' lang='lat' dir='ltr'><strong>agit,nec</strong></span> <span class='ocrx_word' id='word_1_350' title='bbox 779 4370 989 4439; x_wconf 83' lang='lat' dir='ltr'><strong>profert</strong></span> <span class='ocrx_word' id='word_1_351' title='bbox 1031 4380 1220 4426; x_wconf 89' lang='lat' dir='ltr'><strong>contra</strong></span> <span class='ocrx_word' id='word_1_352' title='bbox 1269 4389 1394 4429; x_wconf 91' lang='lat' dir='ltr'><strong>eum</strong></span> <span class='ocrx_word' id='word_1_353' title='bbox 1437 4379 1787 4441; x_wconf 88' lang='lat' dir='ltr'><strong>sententiam,</strong></span> <span class='ocrx_word' id='word_1_354' title='bbox 1831 4379 1926 4433; x_wconf 89' lang='lat' dir='ltr'><strong>sed</strong></span> 
     </span>
    </p>
   </div>
   <div class='ocr_carea' id='block_1_49' title="bbox 2019 524 3594 596">
    <p class='ocr_par' dir='ltr' id='par_1_49' title="bbox 2019 524 3594 596">
     <span class='ocr_line' id='line_1_49' title="bbox 2019 524 3594 596; baseline 0.003 -17"><span class='ocrx_word' id='word_1_355' title='bbox 2019 533 2074 579; x_wconf 91' lang='lat' dir='ltr'><strong>et</strong></span> <span class='ocrx_word' id='word_1_356' title='bbox 2087 524 2178 595; x_wconf 91' lang='lat' dir='ltr'><strong>qui</strong></span> <span class='ocrx_word' id='word_1_357' title='bbox 2194 525 2857 596; x_wconf 88' lang='lat' dir='ltr'><strong>blasphemaveritnomen</strong></span> <span class='ocrx_word' id='word_1_358' title='bbox 2871 527 3105 593; x_wconf 91' lang='lat' dir='ltr'><strong>Domini,</strong></span> <span class='ocrx_word' id='word_1_359' title='bbox 3125 536 3300 583; x_wconf 91' lang='lat' dir='ltr'><strong>morte</strong></span> <span class='ocrx_word' id='word_1_360' title='bbox 3312 527 3594 583; x_wconf 83' lang='lat' dir='ltr'><strong>moriatur.</strong></span> 
     </span>
    </p>
   </div>
   <div class='ocr_carea' id='block_1_50' title="bbox 2021 614 3599 688">
    <p class='ocr_par' dir='ltr' id='par_1_50' title="bbox 2021 614 3599 688">
     <span class='ocr_line' id='line_1_50' title="bbox 2021 614 3599 688; baseline 0.002 -19"><span class='ocrx_word' id='word_1_361' title='bbox 2021 614 2319 686; x_wconf 88' lang='lat' dir='ltr'><strong>Lapidibus</strong></span> <span class='ocrx_word' id='word_1_362' title='bbox 2351 619 2630 688; x_wconf 90' lang='lat' dir='ltr'><strong>opprimet</strong></span> <span class='ocrx_word' id='word_1_363' title='bbox 2653 633 2778 673; x_wconf 91' lang='lat' dir='ltr'><strong>eum</strong></span> <span class='ocrx_word' id='word_1_364' title='bbox 2810 618 2989 673; x_wconf 90' lang='lat' dir='ltr'><strong>omnis</strong></span> <span class='ocrx_word' id='word_1_365' title='bbox 3021 618 3334 685; x_wconf 90' lang='lat' dir='ltr'><strong>multitudo,</strong></span> <span class='ocrx_word' id='word_1_366' title='bbox 3370 619 3484 675; x_wconf 86' lang='lat' dir='ltr'><strong>sive</strong></span> <span class='ocrx_word' id='word_1_367' title='bbox 3509 619 3599 673; x_wconf 89' lang='lat' dir='ltr'><strong>ille</strong></span> 
     </span>
    </p>
   </div>
   <div class='ocr_carea' id='block_1_51' title="bbox 2021 707 3600 780">
    <p class='ocr_par' dir='ltr' id='par_1_51' title="bbox 2021 707 3600 780">
     <span class='ocr_line' id='line_1_51' title="bbox 2021 707 3600 780; baseline 0.002 -19"><span class='ocrx_word' id='word_1_368' title='bbox 2021 707 2158 761; x_wconf 81' lang='lat' dir='ltr'><strong>civis</strong></span> <span class='ocrx_word' id='word_1_369' title='bbox 2207 707 2322 763; x_wconf 85' lang='lat' dir='ltr'><strong>sive</strong></span> <span class='ocrx_word' id='word_1_370' title='bbox 2371 710 2690 779; x_wconf 70' lang='lat' dir='ltr'><strong>peregrinus</strong></span> <span class='ocrx_word' id='word_1_371' title='bbox 2741 709 2928 764; x_wconf 83' lang='lat' dir='ltr'><strong>fuerit.</strong></span> <span class='ocrx_word' id='word_1_372' title='bbox 2980 709 3084 774; x_wconf 86' lang='lat' dir='ltr'><strong>Qui</strong></span> <span class='ocrx_word' id='word_1_373' title='bbox 3140 710 3600 780; x_wconf 82' lang='lat' dir='ltr'><strong>blasphemaverit</strong></span> 
     </span>
    </p>
   </div>
   <div class='ocr_carea' id='block_1_52' title="bbox 2020 801 3073 866">
    <p class='ocr_par' dir='ltr' id='par_1_52' title="bbox 2020 801 3073 866">
     <span class='ocr_line' id='line_1_52' title="bbox 2020 801 3073 866; baseline -0.002 -12"><span class='ocrx_word' id='word_1_374' title='bbox 2020 817 2218 856; x_wconf 91' lang='lat' dir='ltr'><strong>nomen</strong></span> <span class='ocrx_word' id='word_1_375' title='bbox 2258 801 2496 866; x_wconf 90' lang='lat' dir='ltr'><strong>Domini,</strong></span> <span class='ocrx_word' id='word_1_376' title='bbox 2523 810 2699 857; x_wconf 91' lang='lat' dir='ltr'><strong>morte</strong></span> <span class='ocrx_word' id='word_1_377' title='bbox 2725 801 3007 856; x_wconf 86' lang='lat' dir='ltr'><strong>moriatur.</strong></span> <span class='ocrx_word' id='word_1_378' title='bbox 3053 820 3073 852; x_wconf 70' lang='grc' dir='ltr'><strong><em>ι</em></strong></span> 
     </span>
    </p>
   </div>
   <div class='ocr_carea' id='block_1_53' title="bbox 2090 893 3598 965">
    <p class='ocr_par' dir='ltr' id='par_1_53' title="bbox 2090 893 3598 965">
     <span class='ocr_line' id='line_1_53' title="bbox 2090 893 3598 965; baseline 0.003 -17"><span class='ocrx_word' id='word_1_379' title='bbox 2090 893 2302 949; x_wconf 89' lang='lat' dir='ltr'><strong>Novum</strong></span> <span class='ocrx_word' id='word_1_380' title='bbox 2332 894 2444 957; x_wconf 91' lang='lat' dir='ltr'><strong>hic,</strong></span> <span class='ocrx_word' id='word_1_381' title='bbox 2506 895 2730 965; x_wconf 90' lang='lat' dir='ltr'><strong>etquod</strong></span> <span class='ocrx_word' id='word_1_382' title='bbox 2764 896 3056 951; x_wconf 88' lang='lat' dir='ltr'><strong>conturbet</strong></span> <span class='ocrx_word' id='word_1_383' title='bbox 3091 910 3253 950; x_wconf 91' lang='lat' dir='ltr'><strong>aures</strong></span> <span class='ocrx_word' id='word_1_384' title='bbox 3305 897 3598 952; x_wconf 91' lang='lat' dir='ltr'><strong>multorum</strong></span> 
     </span>
    </p>
   </div>
   <div class='ocr_carea' id='block_1_54' title="bbox 2023 983 3601 1054">
    <p class='ocr_par' dir='ltr' id='par_1_54' title="bbox 2023 983 3601 1054">
     <span class='ocr_line' id='line_1_54' title="bbox 2023 983 3601 1054; baseline 0.003 -16"><span class='ocrx_word' id='word_1_385' title='bbox 2023 984 2322 1038; x_wconf 84' lang='lat' dir='ltr'><strong>secundum</strong></span> <span class='ocrx_word' id='word_1_386' title='bbox 2379 983 2676 1038; x_wconf 86' lang='lat' dir='ltr'><strong>editionem</strong></span> <span class='ocrx_word' id='word_1_387' title='bbox 2727 985 2870 1038; x_wconf 79' lang='lat' dir='ltr'><strong>LXX</strong></span> <span class='ocrx_word' id='word_1_388' title='bbox 2906 985 3155 1054; x_wconf 67' lang='lat' dir='ltr'><strong>praecipit</strong></span> <span class='ocrx_word' id='word_1_389' title='bbox 3188 1004 3200 1040; x_wconf 93' lang='lat'>:</span> <span class='ocrx_word' id='word_1_390' title='bbox 3231 985 3423 1052; x_wconf 84' lang='lat' dir='ltr'><strong>Homo,</strong></span> <span class='ocrx_word' id='word_1_391' title='bbox 3448 988 3601 1042; x_wconf 78' lang='lat' dir='ltr'><strong>homo</strong></span> 
     </span>
    </p>
   </div>
   <div class='ocr_carea' id='block_1_55' title="bbox 2021 1075 3602 1149">
    <p class='ocr_par' dir='ltr' id='par_1_55' title="bbox 2021 1075 3602 1149">
     <span class='ocr_line' id='line_1_55' title="bbox 2021 1075 3602 1149; baseline 0.003 -21"><span class='ocrx_word' id='word_1_392' title='bbox 2021 1077 2317 1146; x_wconf 86' lang='lat' dir='ltr'><strong>quicunque</strong></span> <span class='ocrx_word' id='word_1_393' title='bbox 2358 1075 2690 1128; x_wconf 73' lang='lat' dir='ltr'><strong>ntaledixerit</strong></span> <span class='ocrx_word' id='word_1_394' title='bbox 2744 1075 2874 1141; x_wconf 87' lang='lat' dir='ltr'><strong>Dea,</strong></span> <span class='ocrx_word' id='word_1_395' title='bbox 2924 1086 3194 1145; x_wconf 66' lang='lat' dir='ltr'><strong>peceatum</strong></span> <span class='ocrx_word' id='word_1_396' title='bbox 3217 1078 3459 1147; x_wconf 85' lang='lat' dir='ltr'><strong>accipiet,</strong></span> <span class='ocrx_word' id='word_1_397' title='bbox 3513 1081 3602 1149; x_wconf 86' lang='lat' dir='ltr'><strong>qui</strong></span> 
     </span>
    </p>
   </div>
   <div class='ocr_carea' id='block_1_56' title="bbox 2021 1167 3604 1234">
    <p class='ocr_par' dir='ltr' id='par_1_56' title="bbox 2021 1167 3604 1234">
     <span class='ocr_line' id='line_1_56' title="bbox 2021 1167 3604 1234; baseline 0.002 -13"><span class='ocrx_word' id='word_1_398' title='bbox 2021 1177 2197 1222; x_wconf 88' lang='lat' dir='ltr'><strong>autem</strong></span> <span class='ocrx_word' id='word_1_399' title='bbox 2238 1168 2474 1220; x_wconf 89' lang='lat' dir='ltr'><strong>nominat</strong></span> <span class='ocrx_word' id='word_1_400' title='bbox 2519 1183 2704 1221; x_wconf 85' lang='lat' dir='ltr'><strong>nomen</strong></span> <span class='ocrx_word' id='word_1_401' title='bbox 2750 1167 2986 1234; x_wconf 87' lang='lat' dir='ltr'><strong>Domini,</strong></span> <span class='ocrx_word' id='word_1_402' title='bbox 3037 1180 3201 1224; x_wconf 89' lang='lat' dir='ltr'><strong>morte</strong></span> <span class='ocrx_word' id='word_1_403' title='bbox 3229 1171 3510 1224; x_wconf 85' lang='lat' dir='ltr'><strong>moriatur.</strong></span> <span class='ocrx_word' id='word_1_404' title='bbox 3536 1169 3604 1226; x_wconf 83' lang='lat' dir='ltr'><strong>Et</strong></span> 
     </span>
    </p>
   </div>
   <div class='ocr_carea' id='block_1_57' title="bbox 2020 1257 3603 1334">
    <p class='ocr_par' dir='ltr' id='par_1_57' title="bbox 2020 1257 3603 1334">
     <span class='ocr_line' id='line_1_57' title="bbox 2020 1257 3603 1334; baseline 0.002 -21"><span class='ocrx_word' id='word_1_405' title='bbox 2020 1258 2450 1328; x_wconf 88' lang='lat' dir='ltr'><strong>blasphemando</strong></span> <span class='ocrx_word' id='word_1_406' title='bbox 2480 1257 2669 1322; x_wconf 93' lang='lat' dir='ltr'><strong>Deum,</strong></span> <span class='ocrx_word' id='word_1_407' title='bbox 2692 1258 2975 1314; x_wconf 90' lang='lat' dir='ltr'><strong>nominare</strong></span> <span class='ocrx_word' id='word_1_408' title='bbox 2997 1275 3194 1316; x_wconf 91' lang='lat' dir='ltr'><strong>nomen</strong></span> <span class='ocrx_word' id='word_1_409' title='bbox 3229 1260 3444 1316; x_wconf 90' lang='lat' dir='ltr'><strong>Domini</strong></span> <span class='ocrx_word' id='word_1_410' title='bbox 3482 1278 3603 1334; x_wconf 56' lang='lat' dir='ltr'><strong>grav</strong></span> 
     </span>
    </p>
   </div>
   <div class='ocr_carea' id='block_1_58' title="bbox 2023 1349 3601 1423">
    <p class='ocr_par' dir='ltr' id='par_1_58' title="bbox 2023 1349 3601 1423">
     <span class='ocr_line' id='line_1_58' title="bbox 2023 1349 3601 1423; baseline 0.002 -18"><span class='ocrx_word' id='word_1_411' title='bbox 2023 1351 2142 1405; x_wconf 85' lang='lat' dir='ltr'><strong>vius</strong></span> <span class='ocrx_word' id='word_1_412' title='bbox 2167 1359 2252 1406; x_wconf 90' lang='lat' dir='ltr'><strong>est</strong></span> <span class='ocrx_word' id='word_1_413' title='bbox 2281 1370 2292 1404; x_wconf 92' lang='lat'><strong>:</strong></span> <span class='ocrx_word' id='word_1_414' title='bbox 2324 1365 2446 1404; x_wconf 89' lang='lat' dir='ltr'><strong>nam</strong></span> <span class='ocrx_word' id='word_1_415' title='bbox 2480 1349 2570 1404; x_wconf 92' lang='lat' dir='ltr'><strong>ille</strong></span> <span class='ocrx_word' id='word_1_416' title='bbox 2599 1350 2816 1420; x_wconf 92' lang='lat' dir='ltr'><strong>quidem</strong></span> <span class='ocrx_word' id='word_1_417' title='bbox 2849 1359 3133 1421; x_wconf 88' lang='lat' dir='ltr'><strong>peceatum</strong></span> <span class='ocrx_word' id='word_1_418' title='bbox 3167 1352 3364 1423; x_wconf 89' lang='lat' dir='ltr'><strong>accipit</strong></span> <span class='ocrx_word' id='word_1_419' title='bbox 3394 1353 3601 1414; x_wconf 88' lang='lat' dir='ltr'><strong>solum-</strong></span> 
     </span>
    </p>
   </div>
   <div class='ocr_carea' id='block_1_59' title="bbox 2023 1441 3598 1510">
    <p class='ocr_par' dir='ltr' id='par_1_59' title="bbox 2023 1441 3598 1510">
     <span class='ocr_line' id='line_1_59' title="bbox 2023 1441 3598 1510; baseline 0.001 -13"><span class='ocrx_word' id='word_1_420' title='bbox 2023 1442 2206 1505; x_wconf 90' lang='lat' dir='ltr'><strong>modo,</strong></span> <span class='ocrx_word' id='word_1_421' title='bbox 2243 1441 2334 1496; x_wconf 92' lang='lat' dir='ltr'><strong>ille</strong></span> <span class='ocrx_word' id='word_1_422' title='bbox 2367 1450 2419 1494; x_wconf 80' lang='lat' dir='ltr'><strong>et</strong></span> <span class='ocrx_word' id='word_1_423' title='bbox 2469 1456 2685 1510; x_wconf 68' lang='lat' dir='ltr'><strong>pinnam</strong></span> <span class='ocrx_word' id='word_1_424' title='bbox 2738 1443 2972 1497; x_wconf 90' lang='lat' dir='ltr'><strong>sustinet</strong></span> <span class='ocrx_word' id='word_1_425' title='bbox 3014 1443 3222 1498; x_wconf 88' lang='lat' dir='ltr'><strong>mortis.</strong></span> <span class='ocrx_word' id='word_1_426' title='bbox 3269 1441 3405 1510; x_wconf 73' lang='lat' dir='ltr'><strong>Quae</strong></span> <span class='ocrx_word' id='word_1_427' title='bbox 3452 1445 3598 1499; x_wconf 88' lang='lat' dir='ltr'><strong>enim</strong></span> 
     </span>
    </p>
   </div>
   <div class='ocr_carea' id='block_1_60' title="bbox 2023 1530 3601 1591">
    <p class='ocr_par' dir='ltr' id='par_1_60' title="bbox 2023 1530 3601 1591">
     <span class='ocr_line' id='line_1_60' title="bbox 2023 1530 3601 1591; baseline 0.002 -5"><span class='ocrx_word' id='word_1_428' title='bbox 2023 1530 2333 1586; x_wconf 73' lang='lat' dir='ltr'><strong>differentia</strong></span> <span class='ocrx_word' id='word_1_429' title='bbox 2367 1532 2508 1586; x_wconf 91' lang='lat' dir='ltr'><strong>inter</strong></span> <span class='ocrx_word' id='word_1_430' title='bbox 2522 1531 2809 1586; x_wconf 89' lang='lat' dir='ltr'><strong>Dominum</strong></span> <span class='ocrx_word' id='word_1_431' title='bbox 2836 1543 2891 1586; x_wconf 92' lang='lat' dir='ltr'><strong>et</strong></span> <span class='ocrx_word' id='word_1_432' title='bbox 2919 1533 3090 1588; x_wconf 87' lang='lat' dir='ltr'><strong>Deum</strong></span> <span class='ocrx_word' id='word_1_433' title='bbox 3120 1534 3360 1589; x_wconf 87' lang='lat' dir='ltr'><strong>?Nonnc</strong></span> <span class='ocrx_word' id='word_1_434' title='bbox 3381 1535 3469 1590; x_wconf 91' lang='lat' dir='ltr'><strong>hic</strong></span> <span class='ocrx_word' id='word_1_435' title='bbox 3501 1536 3601 1591; x_wconf 89' lang='lat' dir='ltr'><strong>iste</strong></span> 
     </span>
    </p>
   </div>
   <div class='ocr_carea' id='block_1_61' title="bbox 2024 1623 3599 1695">
    <p class='ocr_par' dir='ltr' id='par_1_61' title="bbox 2024 1623 3599 1695">
     <span class='ocr_line' id='line_1_61' title="bbox 2024 1623 3599 1695; baseline 0.001 -15"><span class='ocrx_word' id='word_1_436' title='bbox 2024 1623 2138 1695; x_wconf 86' lang='lat' dir='ltr'><strong>ipse</strong></span> <span class='ocrx_word' id='word_1_437' title='bbox 2169 1623 2364 1693; x_wconf 78' lang='lat' dir='ltr'><strong>estqui</strong></span> <span class='ocrx_word' id='word_1_438' title='bbox 2391 1623 2527 1679; x_wconf 83' lang='lat' dir='ltr'><strong>dixit</strong></span> <span class='ocrx_word' id='word_1_439' title='bbox 2552 1641 2564 1678; x_wconf 87' lang='lat'>:</span> <span class='ocrx_word' id='word_1_440' title='bbox 2588 1624 2746 1688; x_wconf 81' lang='lat' dir='ltr'><strong>Audi,</strong></span> <span class='ocrx_word' id='word_1_441' title='bbox 2789 1623 2982 1689; x_wconf 79' lang='lat' dir='ltr'><strong>Israel,</strong></span> <span class='ocrx_word' id='word_1_442' title='bbox 3014 1625 3266 1678; x_wconf 84' lang='lat' dir='ltr'><strong>Dominus</strong></span> <span class='ocrx_word' id='word_1_443' title='bbox 3296 1624 3432 1679; x_wconf 86' lang='lat' dir='ltr'><strong>Deus</strong></span> <span class='ocrx_word' id='word_1_444' title='bbox 3459 1636 3599 1692; x_wconf 83' lang='lat' dir='ltr'><strong>tuus,</strong></span> 
     </span>
    </p>
   </div>
   <div class='ocr_carea' id='block_1_62' title="bbox 2023 1715 3600 1786">
    <p class='ocr_par' dir='ltr' id='par_1_62' title="bbox 2023 1715 3600 1786">
     <span class='ocr_line' id='line_1_62' title="bbox 2023 1715 3600 1786; baseline -0.002 -15"><span class='ocrx_word' id='word_1_445' title='bbox 2023 1715 2164 1771; x_wconf 88' lang='lat' dir='ltr'><strong>Deus</strong></span> <span class='ocrx_word' id='word_1_446' title='bbox 2193 1733 2326 1770; x_wconf 89' lang='lat' dir='ltr'><strong>unus</strong></span> <span class='ocrx_word' id='word_1_447' title='bbox 2353 1725 2428 1770; x_wconf 86' lang='lat' dir='ltr'><strong>est</strong></span> <span class='ocrx_word' id='word_1_448' title='bbox 2460 1716 2526 1772; x_wconf 80' lang='grc'><strong>³⁸.</strong></span> <span class='ocrx_word' id='word_1_449' title='bbox 2557 1717 2624 1772; x_wconf 85' lang='lat' dir='ltr'><strong>Et</strong></span> <span class='ocrx_word' id='word_1_450' title='bbox 2650 1730 2838 1770; x_wconf 85' lang='lat' dir='ltr'><strong>rursus</strong></span> <span class='ocrx_word' id='word_1_451' title='bbox 2863 1735 2873 1769; x_wconf 91' lang='lat'><strong>:</strong></span> <span class='ocrx_word' id='word_1_452' title='bbox 2903 1715 3101 1786; x_wconf 86' lang='lat' dir='ltr'><strong>Diliges</strong></span> <span class='ocrx_word' id='word_1_453' title='bbox 3127 1715 3408 1770; x_wconf 88' lang='lat' dir='ltr'><strong>Dominum</strong></span> <span class='ocrx_word' id='word_1_454' title='bbox 3435 1717 3600 1771; x_wconf 87' lang='lat' dir='ltr'><strong>Deum</strong></span> 
     </span>
    </p>
   </div>
   <div class='ocr_carea' id='block_1_63' title="bbox 2023 1807 3602 1878">
    <p class='ocr_par' dir='ltr' id='par_1_63' title="bbox 2023 1807 3602 1878">
     <span class='ocr_line' id='line_1_63' title="bbox 2023 1807 3602 1878; baseline -0.001 -15"><span class='ocrx_word' id='word_1_455' title='bbox 2023 1821 2172 1863; x_wconf 89' lang='lat' dir='ltr'><strong>tuum</strong></span> <span class='ocrx_word' id='word_1_456' title='bbox 2193 1826 2255 1864; x_wconf 76' lang='lat' dir='ltr'><strong>ex</strong></span> <span class='ocrx_word' id='word_1_457' title='bbox 2271 1819 2377 1863; x_wconf 88' lang='lat' dir='ltr'><strong>toto</strong></span> <span class='ocrx_word' id='word_1_458' title='bbox 2395 1811 2548 1864; x_wconf 89' lang='lat' dir='ltr'><strong>corde</strong></span> <span class='ocrx_word' id='word_1_459' title='bbox 2575 1807 3026 1872; x_wconf 79' lang='lat' dir='ltr'><strong>tuo&quot;.Quomodo</strong></span> <span class='ocrx_word' id='word_1_460' title='bbox 3051 1822 3182 1878; x_wconf 77' lang='lat' dir='ltr'><strong>ergo</strong></span> <span class='ocrx_word' id='word_1_461' title='bbox 3203 1807 3296 1878; x_wconf 89' lang='lat' dir='ltr'><strong>qui</strong></span> <span class='ocrx_word' id='word_1_462' title='bbox 3323 1808 3602 1863; x_wconf 85' lang='lat' dir='ltr'><strong>maledixit</strong></span> 
     </span>
    </p>
   </div>
   <div class='ocr_carea' id='block_1_64' title="bbox 2022 1898 3599 1970">
    <p class='ocr_par' dir='ltr' id='par_1_64' title="bbox 2022 1898 3599 1970">
     <span class='ocr_line' id='line_1_64' title="bbox 2022 1898 3599 1970; baseline -0.003 -14"><span class='ocrx_word' id='word_1_463' title='bbox 2022 1902 2156 1966; x_wconf 90' lang='lat' dir='ltr'><strong>Deo,</strong></span> <span class='ocrx_word' id='word_1_464' title='bbox 2189 1909 2474 1970; x_wconf 85' lang='lat' dir='ltr'><strong>peceatum</strong></span> <span class='ocrx_word' id='word_1_465' title='bbox 2511 1901 2727 1970; x_wconf 88' lang='lat' dir='ltr'><strong>accipit,</strong></span> <span class='ocrx_word' id='word_1_466' title='bbox 2759 1900 2852 1970; x_wconf 93' lang='lat' dir='ltr'><strong>qui</strong></span> <span class='ocrx_word' id='word_1_467' title='bbox 2886 1907 3068 1953; x_wconf 91' lang='lat' dir='ltr'><strong>autem</strong></span> <span class='ocrx_word' id='word_1_468' title='bbox 3111 1898 3470 1954; x_wconf 84' lang='lat' dir='ltr'><strong>nominaverit</strong></span> <span class='ocrx_word' id='word_1_469' title='bbox 3497 1911 3599 1952; x_wconf 81' lang='grc' dir='ltr'><strong>ηο-</strong></span> 
     </span>
    </p>
   </div>
   <div class='ocr_carea' id='block_1_65' title="bbox 2023 1991 3599 2063">
    <p class='ocr_par' dir='ltr' id='par_1_65' title="bbox 2023 1991 3599 2063">
     <span class='ocr_line' id='line_1_65' title="bbox 2023 1991 3599 2063; baseline 0 -17"><span class='ocrx_word' id='word_1_470' title='bbox 2023 2007 2149 2047; x_wconf 89' lang='lat' dir='ltr'><strong>men</strong></span> <span class='ocrx_word' id='word_1_471' title='bbox 2178 1991 2398 2047; x_wconf 90' lang='lat' dir='ltr'><strong>Domini</strong></span> <span class='ocrx_word' id='word_1_472' title='bbox 2431 2001 2607 2047; x_wconf 92' lang='lat' dir='ltr'><strong>morte</strong></span> <span class='ocrx_word' id='word_1_473' title='bbox 2642 1992 2905 2047; x_wconf 89' lang='lat' dir='ltr'><strong>morietur</strong></span> <span class='ocrx_word' id='word_1_474' title='bbox 2933 1992 2956 2046; x_wconf 90' lang='lat'><strong>?</strong></span> <span class='ocrx_word' id='word_1_475' title='bbox 2988 1992 3096 2048; x_wconf 82' lang='lat' dir='ltr'><strong>Aut</strong></span> <span class='ocrx_word' id='word_1_476' title='bbox 3122 1991 3279 2062; x_wconf 86' lang='lat' dir='ltr'><strong>cujus</strong></span> <span class='ocrx_word' id='word_1_477' title='bbox 3323 1991 3399 2047; x_wconf 89' lang='lat' dir='ltr'><strong>rei</strong></span> <span class='ocrx_word' id='word_1_478' title='bbox 3432 1992 3599 2063; x_wconf 76' lang='lat' dir='ltr'><strong>gratia</strong></span> 
     </span>
    </p>
   </div>
   <div class='ocr_carea' id='block_1_66' title="bbox 2031 2083 3598 2154">
    <p class='ocr_par' dir='ltr' id='par_1_66' title="bbox 2031 2083 3598 2154">
     <span class='ocr_line' id='line_1_66' title="bbox 2031 2083 3598 2154; baseline -0.001 -16"><span class='ocrx_word' id='word_1_479' title='bbox 2031 2084 2257 2138; x_wconf 90' lang='lat' dir='ltr'><strong>omnino</strong></span> <span class='ocrx_word' id='word_1_480' title='bbox 2306 2099 2484 2153; x_wconf 66' lang='lat' dir='ltr'><strong>poenae</strong></span> <span class='ocrx_word' id='word_1_481' title='bbox 2533 2084 2892 2149; x_wconf 88' lang='lat' dir='ltr'><strong>submittitur,</strong></span> <span class='ocrx_word' id='word_1_482' title='bbox 2941 2083 3033 2154; x_wconf 90' lang='lat' dir='ltr'><strong>qui</strong></span> <span class='ocrx_word' id='word_1_483' title='bbox 3091 2084 3342 2140; x_wconf 88' lang='lat' dir='ltr'><strong>nominat</strong></span> <span class='ocrx_word' id='word_1_484' title='bbox 3402 2099 3598 2140; x_wconf 87' lang='lat' dir='ltr'><strong>nomen</strong></span> 
     </span>
    </p>
   </div>
   <div class='ocr_carea' id='block_1_67' title="bbox 2024 2174 3597 2238">
    <p class='ocr_par' dir='ltr' id='par_1_67' title="bbox 2024 2174 3597 2238">
     <span class='ocr_line' id='line_1_67' title="bbox 2024 2174 3597 2238; baseline 0.001 -11"><span class='ocrx_word' id='word_1_485' title='bbox 2024 2174 2280 2230; x_wconf 85' lang='lat' dir='ltr'><strong>Domini?</strong></span> <span class='ocrx_word' id='word_1_486' title='bbox 2309 2174 2562 2230; x_wconf 87' lang='lat' dir='ltr'><strong>Invenies</strong></span> <span class='ocrx_word' id='word_1_487' title='bbox 2586 2176 2732 2229; x_wconf 91' lang='lat' dir='ltr'><strong>enim</strong></span> <span class='ocrx_word' id='word_1_488' title='bbox 2767 2174 2959 2230; x_wconf 90' lang='lat' dir='ltr'><strong>Isaiam</strong></span> <span class='ocrx_word' id='word_1_489' title='bbox 2985 2177 3350 2232; x_wconf 89' lang='lat' dir='ltr'><strong>exsultantem</strong></span> <span class='ocrx_word' id='word_1_490' title='bbox 3381 2177 3437 2231; x_wconf 92' lang='lat' dir='ltr'><strong>in</strong></span> <span class='ocrx_word' id='word_1_491' title='bbox 3471 2175 3597 2238; x_wconf 87' lang='lat' dir='ltr'><strong>hoc,</strong></span> 
     </span>
    </p>
   </div>
   <div class='ocr_carea' id='block_1_68' title="bbox 2025 2265 3606 2333">
    <p class='ocr_par' dir='ltr' id='par_1_68' title="bbox 2025 2265 3606 2333">
     <span class='ocr_line' id='line_1_68' title="bbox 2025 2265 3606 2333; baseline -0.001 -11"><span class='ocrx_word' id='word_1_492' title='bbox 2025 2278 2081 2322; x_wconf 91' lang='lat' dir='ltr'><strong>et</strong></span> <span class='ocrx_word' id='word_1_493' title='bbox 2109 2267 2381 2322; x_wconf 90' lang='lat' dir='ltr'><strong>dicentem</strong></span> <span class='ocrx_word' id='word_1_494' title='bbox 2416 2285 2428 2320; x_wconf 90' lang='lat'>:</span> <span class='ocrx_word' id='word_1_495' title='bbox 2462 2265 2702 2333; x_wconf 89' lang='lat' dir='ltr'><strong>Domine,</strong></span> <span class='ocrx_word' id='word_1_496' title='bbox 2733 2275 2884 2320; x_wconf 75' lang='lat' dir='ltr'><strong>extra</strong></span> <span class='ocrx_word' id='word_1_497' title='bbox 2929 2276 2979 2322; x_wconf 80' lang='lat' dir='ltr'><strong>te</strong></span> <span class='ocrx_word' id='word_1_498' title='bbox 3010 2268 3177 2321; x_wconf 88' lang='lat' dir='ltr'><strong>alium</strong></span> <span class='ocrx_word' id='word_1_499' title='bbox 3203 2270 3483 2331; x_wconf 88' lang='lat' dir='ltr'><strong>nescimus,</strong></span> <span class='ocrx_word' id='word_1_500' title='bbox 3517 2283 3606 2321; x_wconf 90' lang='lat' dir='ltr'><strong>no-</strong></span> 
     </span>
    </p>
   </div>
   <div class='ocr_carea' id='block_1_69' title="bbox 2027 2357 3601 2428">
    <p class='ocr_par' dir='ltr' id='par_1_69' title="bbox 2027 2357 3601 2428">
     <span class='ocr_line' id='line_1_69' title="bbox 2027 2357 3601 2428; baseline 0.001 -18"><span class='ocrx_word' id='word_1_501' title='bbox 2027 2373 2144 2410; x_wconf 87' lang='lat' dir='ltr'><strong>men</strong></span> <span class='ocrx_word' id='word_1_502' title='bbox 2188 2366 2335 2410; x_wconf 89' lang='lat' dir='ltr'><strong>tuum</strong></span> <span class='ocrx_word' id='word_1_503' title='bbox 2375 2358 2706 2410; x_wconf 87' lang='lat' dir='ltr'><strong>nominamus</strong></span> <span class='ocrx_word' id='word_1_504' title='bbox 2725 2357 2787 2410; x_wconf 84' lang='grc'><strong>³⁷.</strong></span> <span class='ocrx_word' id='word_1_505' title='bbox 2810 2357 2964 2422; x_wconf 86' lang='lat' dir='ltr'><strong>Quod</strong></span> <span class='ocrx_word' id='word_1_506' title='bbox 3005 2372 3133 2428; x_wconf 71' lang='lat' dir='ltr'><strong>ergo</strong></span> <span class='ocrx_word' id='word_1_507' title='bbox 3156 2372 3358 2412; x_wconf 84' lang='lat' dir='ltr'><strong>nomen</strong></span> <span class='ocrx_word' id='word_1_508' title='bbox 3389 2357 3601 2413; x_wconf 87' lang='lat' dir='ltr'><strong>Domini</strong></span> 
     </span>
    </p>
   </div>
   <div class='ocr_carea' id='block_1_70' title="bbox 2027 2451 3605 2522">
    <p class='ocr_par' dir='ltr' id='par_1_70' title="bbox 2027 2451 3605 2522">
     <span class='ocr_line' id='line_1_70' title="bbox 2027 2451 3605 2522; baseline 0.001 -17"><span class='ocrx_word' id='word_1_509' title='bbox 2027 2451 2148 2522; x_wconf 90' lang='lat' dir='ltr'><strong>quis</strong></span> <span class='ocrx_word' id='word_1_510' title='bbox 2181 2452 2491 2518; x_wconf 87' lang='lat' dir='ltr'><strong>nominans,</strong></span> <span class='ocrx_word' id='word_1_511' title='bbox 2528 2452 2630 2507; x_wconf 90' lang='lat' dir='ltr'><strong>sub</strong></span> <span class='ocrx_word' id='word_1_512' title='bbox 2657 2452 2948 2507; x_wconf 91' lang='lat' dir='ltr'><strong>maledicto</strong></span> <span class='ocrx_word' id='word_1_513' title='bbox 2985 2459 3040 2506; x_wconf 88' lang='lat' dir='ltr'><strong>et</strong></span> <span class='ocrx_word' id='word_1_514' title='bbox 3071 2453 3175 2507; x_wconf 90' lang='lat' dir='ltr'><strong>sub</strong></span> <span class='ocrx_word' id='word_1_515' title='bbox 3218 2467 3378 2522; x_wconf 67' lang='lat' dir='ltr'><strong>pinna</strong></span> <span class='ocrx_word' id='word_1_516' title='bbox 3414 2452 3605 2507; x_wconf 84' lang='lat' dir='ltr'><strong>mortis</strong></span> 
     </span>
    </p>
   </div>
   <div class='ocr_carea' id='block_1_71' title="bbox 2028 2541 3603 2612">
    <p class='ocr_par' dir='ltr' id='par_1_71' title="bbox 2028 2541 3603 2612">
     <span class='ocr_line' id='line_1_71' title="bbox 2028 2541 3603 2612; baseline -0.002 -14"><span class='ocrx_word' id='word_1_517' title='bbox 2028 2541 2261 2598; x_wconf 71' lang='lat' dir='ltr'><strong>edicitur</strong></span> <span class='ocrx_word' id='word_1_518' title='bbox 2284 2544 2309 2595; x_wconf 80' lang='lat'><strong><em>?</em></strong></span> <span class='ocrx_word' id='word_1_519' title='bbox 2343 2541 2623 2612; x_wconf 88' lang='lat' dir='ltr'><strong>Siquidem</strong></span> <span class='ocrx_word' id='word_1_520' title='bbox 2657 2541 2874 2612; x_wconf 91' lang='lat' dir='ltr'><strong>aliquod</strong></span> <span class='ocrx_word' id='word_1_521' title='bbox 2910 2543 3086 2596; x_wconf 89' lang='lat' dir='ltr'><strong>latens</strong></span> <span class='ocrx_word' id='word_1_522' title='bbox 3123 2556 3346 2607; x_wconf 91' lang='lat' dir='ltr'><strong>nomen,</strong></span> <span class='ocrx_word' id='word_1_523' title='bbox 3371 2548 3428 2595; x_wconf 89' lang='lat' dir='ltr'><strong>et</strong></span> <span class='ocrx_word' id='word_1_524' title='bbox 3458 2542 3603 2610; x_wconf 90' lang='lat' dir='ltr'><strong>quod</strong></span> 
     </span>
    </p>
   </div>
   <div class='ocr_carea' id='block_1_72' title="bbox 2028 2629 3607 2704">
    <p class='ocr_par' dir='ltr' id='par_1_72' title="bbox 2028 2629 3607 2704">
     <span class='ocr_line' id='line_1_72' title="bbox 2028 2629 3607 2704; baseline -0.001 -17"><span class='ocrx_word' id='word_1_525' title='bbox 2028 2649 2129 2688; x_wconf 90' lang='lat' dir='ltr'><strong>nos</strong></span> <span class='ocrx_word' id='word_1_526' title='bbox 2150 2634 2487 2704; x_wconf 79' lang='lat' dir='ltr'><strong>ignoramus,</strong></span> <span class='ocrx_word' id='word_1_527' title='bbox 2520 2629 2800 2704; x_wconf 76' lang='lat' dir='ltr'><strong>legislator</strong></span> <span class='ocrx_word' id='word_1_528' title='bbox 2817 2647 2964 2686; x_wconf 86' lang='lat' dir='ltr'><strong>nunc</strong></span> <span class='ocrx_word' id='word_1_529' title='bbox 2993 2632 3142 2694; x_wconf 88' lang='lat' dir='ltr'><strong>dicit,</strong></span> <span class='ocrx_word' id='word_1_530' title='bbox 3169 2632 3315 2702; x_wconf 92' lang='lat' dir='ltr'><strong>quod</strong></span> <span class='ocrx_word' id='word_1_531' title='bbox 3359 2631 3412 2684; x_wconf 92' lang='lat' dir='ltr'><strong>in</strong></span> <span class='ocrx_word' id='word_1_532' title='bbox 3457 2630 3607 2686; x_wconf 64' lang='lat' dir='ltr'><strong>Serio</strong></span> 
     </span>
    </p>
   </div>
   <div class='ocr_carea' id='block_1_73' title="bbox 2030 2721 3607 2794">
    <p class='ocr_par' dir='ltr' id='par_1_73' title="bbox 2030 2721 3607 2794">
     <span class='ocr_line' id='line_1_73' title="bbox 2030 2721 3607 2794; baseline -0.003 -15"><span class='ocrx_word' id='word_1_533' title='bbox 2030 2734 2188 2794; x_wconf 90' lang='lat' dir='ltr'><strong>ptura</strong></span> <span class='ocrx_word' id='word_1_534' title='bbox 2241 2738 2394 2777; x_wconf 92' lang='lat' dir='ltr'><strong>sacra</strong></span> <span class='ocrx_word' id='word_1_535' title='bbox 2436 2737 2546 2776; x_wconf 91' lang='lat' dir='ltr'><strong>non</strong></span> <span class='ocrx_word' id='word_1_536' title='bbox 2571 2729 2656 2777; x_wconf 86' lang='lat' dir='ltr'><strong>est</strong></span> <span class='ocrx_word' id='word_1_537' title='bbox 2677 2721 3084 2776; x_wconf 81' lang='lat' dir='ltr'><strong>manifestatum</strong></span> <span class='ocrx_word' id='word_1_538' title='bbox 3113 2739 3126 2774; x_wconf 89' lang='lat'><strong>:</strong></span> <span class='ocrx_word' id='word_1_539' title='bbox 3158 2721 3430 2790; x_wconf 89' lang='lat' dir='ltr'><strong>quomodo</strong></span> <span class='ocrx_word' id='word_1_540' title='bbox 3456 2721 3607 2791; x_wconf 87' lang='lat' dir='ltr'><strong>quis-</strong></span> 
     </span>
    </p>
   </div>
   <div class='ocr_carea' id='block_1_74' title="bbox 2029 2812 3608 2887">
    <p class='ocr_par' dir='ltr' id='par_1_74' title="bbox 2029 2812 3608 2887">
     <span class='ocr_line' id='line_1_74' title="bbox 2029 2812 3608 2887; baseline -0.002 -16"><span class='ocrx_word' id='word_1_541' title='bbox 2029 2819 2174 2887; x_wconf 90' lang='lat' dir='ltr'><strong>piam</strong></span> <span class='ocrx_word' id='word_1_542' title='bbox 2204 2817 2305 2870; x_wconf 91' lang='lat' dir='ltr'><strong>hoc</strong></span> <span class='ocrx_word' id='word_1_543' title='bbox 2339 2815 2603 2876; x_wconf 86' lang='lat' dir='ltr'><strong>nominet,</strong></span> <span class='ocrx_word' id='word_1_544' title='bbox 2639 2812 2781 2882; x_wconf 93' lang='lat' dir='ltr'><strong>quod</strong></span> <span class='ocrx_word' id='word_1_545' title='bbox 2810 2828 2918 2866; x_wconf 89' lang='lat' dir='ltr'><strong>non</strong></span> <span class='ocrx_word' id='word_1_546' title='bbox 2951 2812 3177 2874; x_wconf 89' lang='lat' dir='ltr'><strong>didicit,</strong></span> <span class='ocrx_word' id='word_1_547' title='bbox 3213 2827 3315 2868; x_wconf 88' lang='lat' dir='ltr'><strong>nec</strong></span> <span class='ocrx_word' id='word_1_548' title='bbox 3363 2814 3429 2867; x_wconf 88' lang='lat' dir='ltr'><strong>ad</strong></span> <span class='ocrx_word' id='word_1_549' title='bbox 3493 2828 3608 2868; x_wconf 84' lang='lat' dir='ltr'><strong>me-</strong></span> 
     </span>
    </p>
   </div>
   <div class='ocr_carea' id='block_1_75' title="bbox 2031 2903 3610 2978">
    <p class='ocr_par' dir='ltr' id='par_1_75' title="bbox 2031 2903 3610 2978">
     <span class='ocr_line' id='line_1_75' title="bbox 2031 2903 3610 2978; baseline -0.001 -16"><span class='ocrx_word' id='word_1_550' title='bbox 2031 2909 2178 2964; x_wconf 90' lang='lat' dir='ltr'><strong>dium</strong></span> <span class='ocrx_word' id='word_1_551' title='bbox 2217 2907 2462 2978; x_wconf 83' lang='lat' dir='ltr'><strong>proferre</strong></span> <span class='ocrx_word' id='word_1_552' title='bbox 2484 2905 2708 2976; x_wconf 87' lang='lat' dir='ltr'><strong>potest?</strong></span> <span class='ocrx_word' id='word_1_553' title='bbox 2743 2903 2876 2959; x_wconf 81' lang='lat' dir='ltr'><strong>Vide</strong></span> <span class='ocrx_word' id='word_1_554' title='bbox 2905 2913 3083 2958; x_wconf 89' lang='lat' dir='ltr'><strong>autem</strong></span> <span class='ocrx_word' id='word_1_555' title='bbox 3114 2903 3243 2973; x_wconf 91' lang='lat' dir='ltr'><strong>quid</strong></span> <span class='ocrx_word' id='word_1_556' title='bbox 3281 2904 3438 2959; x_wconf 90' lang='lat' dir='ltr'><strong>nobis</strong></span> <span class='ocrx_word' id='word_1_557' title='bbox 3466 2905 3610 2960; x_wconf 90' lang='lat' dir='ltr'><strong>Deus</strong></span> 
     </span>
    </p>
   </div>
   <div class='ocr_carea' id='block_1_76' title="bbox 2030 2994 3608 3070">
    <p class='ocr_par' dir='ltr' id='par_1_76' title="bbox 2030 2994 3608 3070">
     <span class='ocr_line' id='line_1_76' title="bbox 2030 2994 3608 3070; baseline -0.003 -17"><span class='ocrx_word' id='word_1_558' title='bbox 2030 3015 2129 3070; x_wconf 90' lang='lat' dir='ltr'><strong>per</strong></span> <span class='ocrx_word' id='word_1_559' title='bbox 2176 2998 2396 3069; x_wconf 79' lang='lat' dir='ltr'><strong>Moysen</strong></span> <span class='ocrx_word' id='word_1_560' title='bbox 2462 2995 2896 3052; x_wconf 80' lang='lat' dir='ltr'><strong>manifestaverit</strong></span> <span class='ocrx_word' id='word_1_561' title='bbox 2933 2994 3221 3064; x_wconf 40' lang='lat' dir='ltr'><strong>:‘Cumque</strong></span> <span class='ocrx_word' id='word_1_562' title='bbox 3265 2995 3608 3050; x_wconf 81' lang='lat' dir='ltr'><strong>descendisset</strong></span> 
     </span>
    </p>
   </div>
   <div class='ocr_carea' id='block_1_77' title="bbox 2042 3085 3610 3156">
    <p class='ocr_par' dir='ltr' id='par_1_77' title="bbox 2042 3085 3610 3156">
     <span class='ocr_line' id='line_1_77' title="bbox 2042 3085 3610 3156; baseline -0.003 -12"><span class='ocrx_word' id='word_1_563' title='bbox 2042 3091 2298 3144; x_wconf 87' lang='lat' dir='ltr'><strong>Dominus</strong></span> <span class='ocrx_word' id='word_1_564' title='bbox 2340 3105 2434 3156; x_wconf 89' lang='lat' dir='ltr'><strong>per</strong></span> <span class='ocrx_word' id='word_1_565' title='bbox 2469 3088 2676 3152; x_wconf 82' lang='lat' dir='ltr'><strong>nubent,</strong></span> <span class='ocrx_word' id='word_1_566' title='bbox 2709 3087 2850 3140; x_wconf 83' lang='lat' dir='ltr'><strong>stetit</strong></span> <span class='ocrx_word' id='word_1_567' title='bbox 2882 3103 2998 3140; x_wconf 77' lang='lat' dir='ltr'><strong>cum</strong></span> <span class='ocrx_word' id='word_1_568' title='bbox 3025 3103 3083 3140; x_wconf 92' lang='lat' dir='ltr'><strong>eo</strong></span> <span class='ocrx_word' id='word_1_569' title='bbox 3109 3085 3326 3156; x_wconf 76' lang='lat' dir='ltr'><strong>Moyses,</strong></span> <span class='ocrx_word' id='word_1_570' title='bbox 3363 3087 3610 3141; x_wconf 84' lang='lat' dir='ltr'><strong>invocans</strong></span> 
     </span>
    </p>
   </div>
   <div class='ocr_carea' id='block_1_78' title="bbox 2038 3176 3610 3250">
    <p class='ocr_par' dir='ltr' id='par_1_78' title="bbox 2038 3176 3610 3250">
     <span class='ocr_line' id='line_1_78' title="bbox 2038 3176 3610 3250; baseline -0.001 -18"><span class='ocrx_word' id='word_1_571' title='bbox 2038 3195 2223 3232; x_wconf 85' lang='lat' dir='ltr'><strong>nomen</strong></span> <span class='ocrx_word' id='word_1_572' title='bbox 2271 3178 2502 3242; x_wconf 86' lang='lat' dir='ltr'><strong>Domini,</strong></span> <span class='ocrx_word' id='word_1_573' title='bbox 2529 3193 2635 3250; x_wconf 82' lang='lat' dir='ltr'><strong>quo</strong></span> <span class='ocrx_word' id='word_1_574' title='bbox 2661 3185 2962 3235; x_wconf 84' lang='lat' dir='ltr'><strong>transeunte</strong></span> <span class='ocrx_word' id='word_1_575' title='bbox 2983 3193 3160 3230; x_wconf 87' lang='lat' dir='ltr'><strong>coram</strong></span> <span class='ocrx_word' id='word_1_576' title='bbox 3193 3193 3252 3231; x_wconf 89' lang='lat' dir='ltr'><strong>eo</strong></span> <span class='ocrx_word' id='word_1_577' title='bbox 3281 3177 3398 3230; x_wconf 86' lang='lat' dir='ltr'><strong>ait:</strong></span> <span class='ocrx_word' id='word_1_578' title='bbox 3425 3176 3610 3231; x_wconf 88' lang='lat' dir='ltr'><strong>Domi-</strong></span> 
     </span>
    </p>
   </div>
   <div class='ocr_carea' id='block_1_79' title="bbox 2035 3266 3607 3323">
    <p class='ocr_par' dir='ltr' id='par_1_79' title="bbox 2035 3266 3607 3323">
     <span class='ocr_line' id='line_1_79' title="bbox 2035 3266 3607 3323; baseline -0.001 0"><span class='ocrx_word' id='word_1_579' title='bbox 2035 3279 2189 3323; x_wconf 90' lang='lat' dir='ltr'><strong>nator</strong></span> <span class='ocrx_word' id='word_1_580' title='bbox 2202 3268 2420 3322; x_wconf 86' lang='lat' dir='ltr'><strong>Domine</strong></span> <span class='ocrx_word' id='word_1_581' title='bbox 2432 3267 2570 3321; x_wconf 89' lang='lat' dir='ltr'><strong>Deus</strong></span> <span class='ocrx_word' id='word_1_582' title='bbox 2589 3267 2881 3321; x_wconf 86' lang='lat' dir='ltr'><strong>misericors</strong></span> <span class='ocrx_word' id='word_1_583' title='bbox 2899 3275 2946 3319; x_wconf 91' lang='lat' dir='ltr'><strong>et</strong></span> <span class='ocrx_word' id='word_1_584' title='bbox 2964 3266 3184 3321; x_wconf 88' lang='lat' dir='ltr'><strong>clemens</strong></span> <span class='ocrx_word' id='word_1_585' title='bbox 3199 3266 3262 3321; x_wconf 78' lang='grc'><strong>³⁸.</strong></span> <span class='ocrx_word' id='word_1_586' title='bbox 3281 3266 3398 3321; x_wconf 85' lang='lat' dir='ltr'><strong>Non</strong></span> <span class='ocrx_word' id='word_1_587' title='bbox 3427 3275 3607 3322; x_wconf 84' lang='lat' dir='ltr'><strong>autem</strong></span> 
     </span>
    </p>
   </div>
   <div class='ocr_carea' id='block_1_80' title="bbox 2034 3358 3610 3423">
    <p class='ocr_par' dir='ltr' id='par_1_80' title="bbox 2034 3358 3610 3423">
     <span class='ocr_line' id='line_1_80' title="bbox 2034 3358 3610 3423; baseline -0.003 -6"><span class='ocrx_word' id='word_1_588' title='bbox 2034 3362 2140 3417; x_wconf 90' lang='lat' dir='ltr'><strong>hoc</strong></span> <span class='ocrx_word' id='word_1_589' title='bbox 2185 3361 2347 3415; x_wconf 89' lang='lat' dir='ltr'><strong>nobis</strong></span> <span class='ocrx_word' id='word_1_590' title='bbox 2393 3359 2786 3423; x_wconf 82' lang='lat' dir='ltr'><strong>manifestaret,</strong></span> <span class='ocrx_word' id='word_1_591' title='bbox 2837 3359 2881 3412; x_wconf 91' lang='lat' dir='ltr'><strong>si</strong></span> <span class='ocrx_word' id='word_1_592' title='bbox 2914 3374 3013 3414; x_wconf 90' lang='lat' dir='ltr'><strong>nos</strong></span> <span class='ocrx_word' id='word_1_593' title='bbox 3039 3359 3141 3413; x_wconf 86' lang='lat' dir='ltr'><strong>hoc</strong></span> <span class='ocrx_word' id='word_1_594' title='bbox 3170 3374 3281 3414; x_wconf 89' lang='lat' dir='ltr'><strong>non</strong></span> <span class='ocrx_word' id='word_1_595' title='bbox 3325 3358 3610 3414; x_wconf 84' lang='lat' dir='ltr'><strong>nominare</strong></span> 
     </span>
    </p>
   </div>
   <div class='ocr_carea' id='block_1_81' title="bbox 2033 3450 3612 3521">
    <p class='ocr_par' dir='ltr' id='par_1_81' title="bbox 2033 3450 3612 3521">
     <span class='ocr_line' id='line_1_81' title="bbox 2033 3450 3612 3521; baseline -0.004 -12"><span class='ocrx_word' id='word_1_596' title='bbox 2033 3453 2313 3512; x_wconf 89' lang='lat' dir='ltr'><strong>voluisset.</strong></span> <span class='ocrx_word' id='word_1_597' title='bbox 2340 3451 2447 3508; x_wconf 90' lang='lat' dir='ltr'><strong>Sed</strong></span> <span class='ocrx_word' id='word_1_598' title='bbox 2476 3452 2621 3506; x_wconf 89' lang='lat' dir='ltr'><strong>aliud</strong></span> <span class='ocrx_word' id='word_1_599' title='bbox 2652 3466 2796 3505; x_wconf 91' lang='lat' dir='ltr'><strong>nunc</strong></span> <span class='ocrx_word' id='word_1_600' title='bbox 2826 3466 2925 3519; x_wconf 91' lang='lat' dir='ltr'><strong>per</strong></span> <span class='ocrx_word' id='word_1_601' title='bbox 2954 3451 3294 3517; x_wconf 69' lang='lat' dir='ltr'><strong>prtesentiam</strong></span> <span class='ocrx_word' id='word_1_602' title='bbox 3341 3450 3612 3521; x_wconf 77' lang='lat' dir='ltr'><strong>legislator</strong></span> 
     </span>
    </p>
   </div>
   <div class='ocr_carea' id='block_1_82' title="bbox 2034 3539 3608 3609">
    <p class='ocr_par' dir='ltr' id='par_1_82' title="bbox 2034 3539 3608 3609">
     <span class='ocr_line' id='line_1_82' title="bbox 2034 3539 3608 3609; baseline -0.006 -7"><span class='ocrx_word' id='word_1_603' title='bbox 2034 3546 2372 3602; x_wconf 88' lang='lat' dir='ltr'><strong>demonstrat</strong></span> <span class='ocrx_word' id='word_1_604' title='bbox 2401 3560 2412 3594; x_wconf 94' lang='lat'>:</span> <span class='ocrx_word' id='word_1_605' title='bbox 2451 3542 2595 3596; x_wconf 87' lang='lat' dir='ltr'><strong>illam</strong></span> <span class='ocrx_word' id='word_1_606' title='bbox 2615 3540 2759 3595; x_wconf 87' lang='lat' dir='ltr'><strong>enim</strong></span> <span class='ocrx_word' id='word_1_607' title='bbox 2785 3539 3201 3609; x_wconf 86' lang='lat' dir='ltr'><strong>blasphemiam,</strong></span> <span class='ocrx_word' id='word_1_608' title='bbox 3233 3555 3398 3608; x_wconf 89' lang='lat' dir='ltr'><strong>quam</strong></span> <span class='ocrx_word' id='word_1_609' title='bbox 3426 3541 3608 3594; x_wconf 64' lang='lat' dir='ltr'><strong>scieno</strong></span> 
     </span>
    </p>
   </div>
   <div class='ocr_carea' id='block_1_83' title="bbox 2034 3633 3612 3711">
    <p class='ocr_par' dir='ltr' id='par_1_83' title="bbox 2034 3633 3612 3711">
     <span class='ocr_line' id='line_1_83' title="bbox 2034 3633 3612 3711; baseline -0.006 -14"><span class='ocrx_word' id='word_1_610' title='bbox 2034 3641 2105 3697; x_wconf 93' lang='lat' dir='ltr'><strong>do</strong></span> <span class='ocrx_word' id='word_1_611' title='bbox 2125 3640 2246 3711; x_wconf 88' lang='lat' dir='ltr'><strong>quis</strong></span> <span class='ocrx_word' id='word_1_612' title='bbox 2276 3637 2586 3702; x_wconf 89' lang='lat' dir='ltr'><strong>committit,</strong></span> <span class='ocrx_word' id='word_1_613' title='bbox 2620 3637 2762 3690; x_wconf 90' lang='lat' dir='ltr'><strong>hanc</strong></span> <span class='ocrx_word' id='word_1_614' title='bbox 2791 3636 2892 3690; x_wconf 90' lang='lat' dir='ltr'><strong>sub</strong></span> <span class='ocrx_word' id='word_1_615' title='bbox 2928 3649 3088 3704; x_wconf 76' lang='lat' dir='ltr'><strong>pcena</strong></span> <span class='ocrx_word' id='word_1_616' title='bbox 3121 3633 3355 3688; x_wconf 85' lang='lat' dir='ltr'><strong>maxima</strong></span> <span class='ocrx_word' id='word_1_617' title='bbox 3386 3648 3530 3698; x_wconf 87' lang='lat' dir='ltr'><strong>esse,</strong></span> <span class='ocrx_word' id='word_1_618' title='bbox 3556 3641 3612 3688; x_wconf 91' lang='lat' dir='ltr'><strong>et</strong></span> 
     </span>
    </p>
   </div>
   <div class='ocr_carea' id='block_1_84' title="bbox 2033 3725 3611 3796">
    <p class='ocr_par' dir='ltr' id='par_1_84' title="bbox 2033 3725 3611 3796">
     <span class='ocr_line' id='line_1_84' title="bbox 2033 3725 3611 3796; baseline -0.005 -8"><span class='ocrx_word' id='word_1_619' title='bbox 2033 3749 2143 3788; x_wconf 92' lang='lat' dir='ltr'><strong>non</strong></span> <span class='ocrx_word' id='word_1_620' title='bbox 2162 3732 2428 3788; x_wconf 90' lang='lat' dir='ltr'><strong>venialem</strong></span> <span class='ocrx_word' id='word_1_621' title='bbox 2453 3730 2587 3784; x_wconf 89' lang='lat' dir='ltr'><strong>vult.</strong></span> <span class='ocrx_word' id='word_1_622' title='bbox 2614 3728 2679 3782; x_wconf 81' lang='lat' dir='ltr'><strong>Et</strong></span> <span class='ocrx_word' id='word_1_623' title='bbox 2692 3728 2794 3782; x_wconf 91' lang='lat' dir='ltr'><strong>hoc</strong></span> <span class='ocrx_word' id='word_1_624' title='bbox 2810 3726 2942 3782; x_wconf 89' lang='lat' dir='ltr'><strong>dicit</strong></span> <span class='ocrx_word' id='word_1_625' title='bbox 2963 3737 3168 3796; x_wconf 89' lang='lat' dir='ltr'><strong>aperte,</strong></span> <span class='ocrx_word' id='word_1_626' title='bbox 3183 3725 3328 3796; x_wconf 91' lang='lat' dir='ltr'><strong>quod</strong></span> <span class='ocrx_word' id='word_1_627' title='bbox 3356 3725 3412 3780; x_wconf 89' lang='lat' dir='ltr'><strong>in</strong></span> <span class='ocrx_word' id='word_1_628' title='bbox 3430 3725 3611 3780; x_wconf 83' lang='lat' dir='ltr'><strong>Evan-</strong></span> 
     </span>
    </p>
   </div>
   <div class='ocr_carea' id='block_1_85' title="bbox 2033 3813 3609 3896">
    <p class='ocr_par' dir='ltr' id='par_1_85' title="bbox 2033 3813 3609 3896">
     <span class='ocr_line' id='line_1_85' title="bbox 2033 3813 3609 3896; baseline -0.007 -18"><span class='ocrx_word' id='word_1_629' title='bbox 2033 3824 2189 3896; x_wconf 76' lang='lat' dir='ltr'><strong>geliis</strong></span> <span class='ocrx_word' id='word_1_630' title='bbox 2224 3820 2486 3877; x_wconf 89' lang='lat' dir='ltr'><strong>Dominus</strong></span> <span class='ocrx_word' id='word_1_631' title='bbox 2511 3819 2582 3873; x_wconf 89' lang='lat' dir='ltr'><strong>ait</strong></span> <span class='ocrx_word' id='word_1_632' title='bbox 2619 3835 2634 3872; x_wconf 88' lang='lat'><strong>:</strong></span> <span class='ocrx_word' id='word_1_633' title='bbox 2662 3816 2825 3874; x_wconf 87' lang='lat' dir='ltr'><strong>Omne</strong></span> <span class='ocrx_word' id='word_1_634' title='bbox 2862 3825 3153 3885; x_wconf 87' lang='lat' dir='ltr'><strong>peccatum,</strong></span> <span class='ocrx_word' id='word_1_635' title='bbox 3185 3824 3235 3869; x_wconf 90' lang='lat' dir='ltr'><strong>et</strong></span> <span class='ocrx_word' id='word_1_636' title='bbox 3284 3813 3609 3885; x_wconf 87' lang='lat' dir='ltr'><strong>blasphemia</strong></span> 
     </span>
    </p>
   </div>
   <div class='ocr_carea' id='block_1_86' title="bbox 2033 3902 3610 3973">
    <p class='ocr_par' dir='ltr' id='par_1_86' title="bbox 2033 3902 3610 3973">
     <span class='ocr_line' id='line_1_86' title="bbox 2033 3902 3610 3973; baseline -0.008 -5"><span class='ocrx_word' id='word_1_637' title='bbox 2033 3915 2330 3969; x_wconf 85' lang='lat' dir='ltr'><strong>dimittetur</strong></span> <span class='ocrx_word' id='word_1_638' title='bbox 2357 3910 2672 3965; x_wconf 84' lang='lat' dir='ltr'><strong>hominibus.</strong></span> <span class='ocrx_word' id='word_1_639' title='bbox 2704 3906 2807 3972; x_wconf 83' lang='lat' dir='ltr'><strong>Qui</strong></span> <span class='ocrx_word' id='word_1_640' title='bbox 2835 3916 3016 3961; x_wconf 86' lang='lat' dir='ltr'><strong>autem</strong></span> <span class='ocrx_word' id='word_1_641' title='bbox 3045 3905 3236 3960; x_wconf 64' lang='lat' dir='ltr'><strong>dixerit</strong></span> <span class='ocrx_word' id='word_1_642' title='bbox 3265 3914 3447 3958; x_wconf 78' lang='lat' dir='ltr'><strong>contra</strong></span> <span class='ocrx_word' id='word_1_643' title='bbox 3483 3902 3610 3973; x_wconf 82' lang='lat' dir='ltr'><strong>Spi-</strong></span> 
     </span>
    </p>
   </div>
   <div class='ocr_carea' id='block_1_87' title="bbox 2034 3993 3608 4066">
    <p class='ocr_par' dir='ltr' id='par_1_87' title="bbox 2034 3993 3608 4066">
     <span class='ocr_line' id='line_1_87' title="bbox 2034 3993 3608 4066; baseline -0.008 -6"><span class='ocrx_word' id='word_1_644' title='bbox 2034 4008 2196 4060; x_wconf 79' lang='lat' dir='ltr'><strong>ritum</strong></span> <span class='ocrx_word' id='word_1_645' title='bbox 2219 4013 2482 4063; x_wconf 88' lang='lat' dir='ltr'><strong>sanctum.</strong></span> <span class='ocrx_word' id='word_1_646' title='bbox 2504 4017 2606 4054; x_wconf 91' lang='lat' dir='ltr'><strong>non</strong></span> <span class='ocrx_word' id='word_1_647' title='bbox 2622 3999 2918 4053; x_wconf 85' lang='lat' dir='ltr'><strong>dimittetur</strong></span> <span class='ocrx_word' id='word_1_648' title='bbox 2937 3997 3004 4061; x_wconf 89' lang='lat' dir='ltr'><strong>ei,</strong></span> <span class='ocrx_word' id='word_1_649' title='bbox 3031 4013 3195 4066; x_wconf 88' lang='lat' dir='ltr'><strong>neque</strong></span> <span class='ocrx_word' id='word_1_650' title='bbox 3211 3997 3266 4049; x_wconf 83' lang='lat' dir='ltr'><strong>in</strong></span> <span class='ocrx_word' id='word_1_651' title='bbox 3285 3997 3379 4049; x_wconf 86' lang='lat' dir='ltr'><strong>hoc</strong></span> <span class='ocrx_word' id='word_1_652' title='bbox 3397 3993 3608 4058; x_wconf 63' lang='lat' dir='ltr'><strong>sarculo,</strong></span> 
     </span>
    </p>
   </div>
   <div class='ocr_carea' id='block_1_88' title="bbox 2035 4089 3608 4169">
    <p class='ocr_par' dir='ltr' id='par_1_88' title="bbox 2035 4089 3608 4169">
     <span class='ocr_line' id='line_1_88' title="bbox 2035 4089 3608 4169; baseline -0.008 -16"><span class='ocrx_word' id='word_1_653' title='bbox 2035 4115 2199 4169; x_wconf 88' lang='lat' dir='ltr'><strong>neque</strong></span> <span class='ocrx_word' id='word_1_654' title='bbox 2236 4099 2292 4150; x_wconf 89' lang='lat' dir='ltr'><strong>in</strong></span> <span class='ocrx_word' id='word_1_655' title='bbox 2325 4098 2502 4168; x_wconf 79' lang='lat' dir='ltr'><strong>futuro</strong></span> <span class='ocrx_word' id='word_1_656' title='bbox 2531 4094 2592 4147; x_wconf 69' lang='grc'><strong>³9.</strong></span> <span class='ocrx_word' id='word_1_657' title='bbox 2621 4090 3020 4161; x_wconf 88' lang='lat' dir='ltr'><strong>Blasphemiam</strong></span> <span class='ocrx_word' id='word_1_658' title='bbox 3061 4089 3307 4159; x_wconf 89' lang='lat' dir='ltr'><strong>spiritus,</strong></span> <span class='ocrx_word' id='word_1_659' title='bbox 3337 4103 3458 4142; x_wconf 89' lang='lat' dir='ltr'><strong>eam</strong></span> <span class='ocrx_word' id='word_1_660' title='bbox 3485 4101 3608 4156; x_wconf 72' lang='lat' dir='ltr'><strong>quae</strong></span> 
     </span>
    </p>
   </div>
   <div class='ocr_carea' id='block_1_89' title="bbox 2034 4178 3608 4252">
    <p class='ocr_par' dir='ltr' id='par_1_89' title="bbox 2034 4178 3608 4252">
     <span class='ocr_line' id='line_1_89' title="bbox 2034 4178 3608 4252; baseline -0.009 -7"><span class='ocrx_word' id='word_1_661' title='bbox 2034 4192 2087 4245; x_wconf 90' lang='lat' dir='ltr'><strong>in</strong></span> <span class='ocrx_word' id='word_1_662' title='bbox 2121 4187 2346 4245; x_wconf 86' lang='lat' dir='ltr'><strong>scientia</strong></span> <span class='ocrx_word' id='word_1_663' title='bbox 2372 4189 2468 4241; x_wconf 92' lang='lat' dir='ltr'><strong>Dei</strong></span> <span class='ocrx_word' id='word_1_664' title='bbox 2493 4184 2866 4248; x_wconf 86' lang='lat' dir='ltr'><strong>committitur,</strong></span> <span class='ocrx_word' id='word_1_665' title='bbox 2891 4181 3282 4252; x_wconf 87' lang='lat' dir='ltr'><strong>blasphemiam</strong></span> <span class='ocrx_word' id='word_1_666' title='bbox 3308 4178 3608 4250; x_wconf 86' lang='lat' dir='ltr'><strong>appellans,</strong></span> 
     </span>
    </p>
   </div>
   <div class='ocr_carea' id='block_1_90' title="bbox 2032 4273 3605 4354">
    <p class='ocr_par' dir='ltr' id='par_1_90' title="bbox 2032 4273 3605 4354">
     <span class='ocr_line' id='line_1_90' title="bbox 2032 4273 3605 4354; baseline -0.01 -16"><span class='ocrx_word' id='word_1_667' title='bbox 2032 4283 2158 4354; x_wconf 91' lang='lat' dir='ltr'><strong>quia</strong></span> <span class='ocrx_word' id='word_1_668' title='bbox 2188 4281 2413 4336; x_wconf 86' lang='lat' dir='ltr'><strong>scientia</strong></span> <span class='ocrx_word' id='word_1_669' title='bbox 2455 4280 2656 4333; x_wconf 87' lang='lat' dir='ltr'><strong>donum</strong></span> <span class='ocrx_word' id='word_1_670' title='bbox 2691 4286 2776 4331; x_wconf 87' lang='lat' dir='ltr'><strong>est</strong></span> <span class='ocrx_word' id='word_1_671' title='bbox 2803 4275 3115 4347; x_wconf 89' lang='lat' dir='ltr'><strong>specialiter</strong></span> <span class='ocrx_word' id='word_1_672' title='bbox 3157 4273 3413 4344; x_wconf 86' lang='lat' dir='ltr'><strong>Spiritus,</strong></span> <span class='ocrx_word' id='word_1_673' title='bbox 3444 4273 3513 4327; x_wconf 89' lang='lat' dir='ltr'><strong>ita</strong></span> <span class='ocrx_word' id='word_1_674' title='bbox 3553 4279 3605 4325; x_wconf 91' lang='lat' dir='ltr'><strong>ut</strong></span> 
     </span>
    </p>
   </div>
   <div class='ocr_carea' id='block_1_91' title="bbox 2032 4364 3606 4438">
    <p class='ocr_par' dir='ltr' id='par_1_91' title="bbox 2032 4364 3606 4438">
     <span class='ocr_line' id='line_1_91' title="bbox 2032 4364 3606 4438; baseline -0.006 -11"><span class='ocrx_word' id='word_1_675' title='bbox 2032 4374 2233 4429; x_wconf 81' lang='lat' dir='ltr'><strong>Paulus</strong></span> <span class='ocrx_word' id='word_1_676' title='bbox 2263 4374 2468 4428; x_wconf 88' lang='lat' dir='ltr'><strong>diceret</strong></span> <span class='ocrx_word' id='word_1_677' title='bbox 2489 4391 2500 4426; x_wconf 89' lang='lat'>:</span> <span class='ocrx_word' id='word_1_678' title='bbox 2521 4371 2655 4424; x_wconf 80' lang='lat' dir='ltr'><strong>Huic</strong></span> <span class='ocrx_word' id='word_1_679' title='bbox 2684 4369 2892 4438; x_wconf 86' lang='lat' dir='ltr'><strong>quidem</strong></span> <span class='ocrx_word' id='word_1_680' title='bbox 2926 4369 3084 4422; x_wconf 88' lang='lat' dir='ltr'><strong>datur</strong></span> <span class='ocrx_word' id='word_1_681' title='bbox 3105 4383 3196 4435; x_wconf 89' lang='lat' dir='ltr'><strong>per</strong></span> <span class='ocrx_word' id='word_1_682' title='bbox 3211 4364 3472 4435; x_wconf 86' lang='lat' dir='ltr'><strong>Spiritum</strong></span> <span class='ocrx_word' id='word_1_683' title='bbox 3497 4382 3606 4418; x_wconf 86' lang='lat' dir='ltr'><strong>ser-</strong></span> 
     </span>
    </p>
   </div>
   <div class='ocr_carea' id='block_1_92' title="bbox 349 4457 3606 4544">
    <p class='ocr_par' dir='ltr' id='par_1_92' title="bbox 349 4457 3606 4544">
     <span class='ocr_line' id='line_1_92' title="bbox 349 4457 3606 4544; baseline -0 -34"><span class='ocrx_word' id='word_1_684' title='bbox 349 4457 496 4512; x_wconf 87' lang='lat' dir='ltr'><strong>misit</strong></span> <span class='ocrx_word' id='word_1_685' title='bbox 524 4475 646 4513; x_wconf 91' lang='lat' dir='ltr'><strong>eum</strong></span> <span class='ocrx_word' id='word_1_686' title='bbox 691 4461 745 4514; x_wconf 90' lang='lat' dir='ltr'><strong>in</strong></span> <span class='ocrx_word' id='word_1_687' title='bbox 779 4476 1074 4527; x_wconf 89' lang='lat' dir='ltr'><strong>carcerem,</strong></span> <span class='ocrx_word' id='word_1_688' title='bbox 1108 4473 1168 4518; x_wconf 92' lang='lat' dir='ltr'><strong>ut</strong></span> <span class='ocrx_word' id='word_1_689' title='bbox 1220 4465 1544 4534; x_wconf 90' lang='lat' dir='ltr'><strong>dijudicaret</strong></span> <span class='ocrx_word' id='word_1_690' title='bbox 1593 4481 1687 4534; x_wconf 86' lang='lat' dir='ltr'><strong>per</strong></span> <span class='ocrx_word' id='word_1_691' title='bbox 1723 4483 1926 4538; x_wconf 75' lang='lat' dir='ltr'><strong>przece-</strong></span> <span class='ocrx_word' id='word_1_692' title='bbox 1961 4489 2004 4544; x_wconf 77' lang='lat' dir='ltr'><strong>D</strong></span> <span class='ocrx_word' id='word_1_693' title='bbox 2036 4485 2117 4522; x_wconf 88' lang='lat' dir='ltr'><strong>mo</strong></span> <span class='ocrx_word' id='word_1_694' title='bbox 2145 4466 2441 4534; x_wconf 81' lang='lat' dir='ltr'><strong>sapientiw,</strong></span> <span class='ocrx_word' id='word_1_695' title='bbox 2473 4463 2566 4516; x_wconf 89' lang='lat' dir='ltr'><strong>alii</strong></span> <span class='ocrx_word' id='word_1_696' title='bbox 2596 4479 2765 4515; x_wconf 83' lang='lat' dir='ltr'><strong>sermo</strong></span> <span class='ocrx_word' id='word_1_697' title='bbox 2786 4462 3016 4515; x_wconf 75' lang='lat' dir='ltr'><strong>scientia!</strong></span> <span class='ocrx_word' id='word_1_698' title='bbox 3044 4460 3112 4513; x_wconf 74' lang='grc' dir='ltr'><strong>⁸ο.</strong></span> <span class='ocrx_word' id='word_1_699' title='bbox 3143 4458 3509 4525; x_wconf 86' lang='lat' dir='ltr'><strong>Quamobrem</strong></span> <span class='ocrx_word' id='word_1_700' title='bbox 3559 4467 3606 4510; x_wconf 87' lang='lat' dir='ltr'><strong>et</strong></span> 
     </span>
    </p>
   </div>
   <div class='ocr_carea' id='block_1_93' title="bbox 351 4553 1928 4628">
    <p class='ocr_par' dir='ltr' id='par_1_93' title="bbox 351 4553 1928 4628">
     <span class='ocr_line' id='line_1_93' title="bbox 351 4553 1928 4628; baseline 0.008 -25"><span class='ocrx_word' id='word_1_701' title='bbox 351 4560 501 4618; x_wconf 84' lang='lat' dir='ltr'><strong>ptum</strong></span> <span class='ocrx_word' id='word_1_702' title='bbox 534 4553 764 4607; x_wconf 90' lang='lat' dir='ltr'><strong>Domini.</strong></span> <span class='ocrx_word' id='word_1_703' title='bbox 791 4554 926 4609; x_wconf 89' lang='lat' dir='ltr'><strong>Nam</strong></span> <span class='ocrx_word' id='word_1_704' title='bbox 955 4555 1186 4610; x_wconf 82' lang='lat' dir='ltr'><strong>Mosaica</strong></span> <span class='ocrx_word' id='word_1_705' title='bbox 1222 4557 1327 4622; x_wconf 85' lang='lat' dir='ltr'><strong>lex,</strong></span> <span class='ocrx_word' id='word_1_706' title='bbox 1351 4559 1478 4613; x_wconf 91' lang='lat' dir='ltr'><strong>odio</strong></span> <span class='ocrx_word' id='word_1_707' title='bbox 1512 4559 1731 4628; x_wconf 90' lang='lat' dir='ltr'><strong>quidem</strong></span> <span class='ocrx_word' id='word_1_708' title='bbox 1765 4561 1928 4617; x_wconf 89' lang='lat' dir='ltr'><strong>habet</strong></span> 
     </span>
    </p>
   </div>
   <div class='ocr_carea' id='block_1_94' title="bbox 351 4640 1927 4717">
    <p class='ocr_par' dir='ltr' id='par_1_94' title="bbox 351 4640 1927 4717">
     <span class='ocr_line' id='line_1_94' title="bbox 351 4640 1927 4717; baseline 0.008 -24"><span class='ocrx_word' id='word_1_709' title='bbox 351 4640 464 4710; x_wconf 87' lang='lat' dir='ltr'><strong>ipsa</strong></span> <span class='ocrx_word' id='word_1_710' title='bbox 483 4640 681 4696; x_wconf 86' lang='lat' dir='ltr'><strong>Filium</strong></span> <span class='ocrx_word' id='word_1_711' title='bbox 712 4645 1202 4715; x_wconf 85' lang='lat' dir='ltr'><strong>blasphemantem,</strong></span> <span class='ocrx_word' id='word_1_712' title='bbox 1226 4649 1370 4717; x_wconf 89' lang='lat' dir='ltr'><strong>quod</strong></span> <span class='ocrx_word' id='word_1_713' title='bbox 1399 4649 1746 4705; x_wconf 77' lang='lat' dir='ltr'><strong>manifestum</strong></span> <span class='ocrx_word' id='word_1_714' title='bbox 1763 4659 1846 4705; x_wconf 92' lang='lat' dir='ltr'><strong>est</strong></span> <span class='ocrx_word' id='word_1_715' title='bbox 1862 4667 1927 4705; x_wconf 83' lang='lat' dir='ltr'><strong>ex</strong></span> 
     </span>
    </p>
   </div>
   <div class='ocr_carea' id='block_1_95' title="bbox 350 4734 1924 4812">
    <p class='ocr_par' dir='ltr' id='par_1_95' title="bbox 350 4734 1924 4812">
     <span class='ocr_line' id='line_1_95' title="bbox 350 4734 1924 4812; baseline 0.007 -28"><span class='ocrx_word' id='word_1_716' title='bbox 350 4747 438 4796; x_wconf 90' lang='lat' dir='ltr'><strong>eo,</strong></span> <span class='ocrx_word' id='word_1_717' title='bbox 468 4734 612 4802; x_wconf 92' lang='lat' dir='ltr'><strong>quod</strong></span> <span class='ocrx_word' id='word_1_718' title='bbox 649 4734 964 4805; x_wconf 78' lang='lat' dir='ltr'><strong>frequenter</strong></span> <span class='ocrx_word' id='word_1_719' title='bbox 997 4737 1280 4794; x_wconf 88' lang='lat' dir='ltr'><strong>Trinitatis</strong></span> <span class='ocrx_word' id='word_1_720' title='bbox 1318 4741 1559 4795; x_wconf 84' lang='lat' dir='ltr'><strong>insinuat</strong></span> <span class='ocrx_word' id='word_1_721' title='bbox 1585 4742 1924 4812; x_wconf 88' lang='lat' dir='ltr'><strong>mysterium,</strong></span> 
     </span>
    </p>
   </div>
   <div class='ocr_carea' id='block_1_96' title="bbox 351 4823 1924 4901">
    <p class='ocr_par' dir='ltr' id='par_1_96' title="bbox 351 4823 1924 4901">
     <span class='ocr_line' id='line_1_96' title="bbox 351 4823 1924 4901; baseline 0.006 -24"><span class='ocrx_word' id='word_1_722' title='bbox 351 4823 483 4895; x_wconf 90' lang='lat' dir='ltr'><strong>(non</strong></span> <span class='ocrx_word' id='word_1_723' title='bbox 525 4825 740 4895; x_wconf 89' lang='lat' dir='ltr'><strong>quidem</strong></span> <span class='ocrx_word' id='word_1_724' title='bbox 785 4836 992 4896; x_wconf 88' lang='lat' dir='ltr'><strong>aperte,</strong></span> <span class='ocrx_word' id='word_1_725' title='bbox 1026 4845 1128 4884; x_wconf 89' lang='lat' dir='ltr'><strong>nec</strong></span> <span class='ocrx_word' id='word_1_726' title='bbox 1167 4830 1244 4884; x_wconf 90' lang='lat' dir='ltr'><strong>sic</strong></span> <span class='ocrx_word' id='word_1_727' title='bbox 1275 4831 1435 4900; x_wconf 86' lang='lat' dir='ltr'><strong>plane</strong></span> <span class='ocrx_word' id='word_1_728' title='bbox 1460 4832 1527 4887; x_wconf 94' lang='lat' dir='ltr'><strong>de</strong></span> <span class='ocrx_word' id='word_1_729' title='bbox 1560 4848 1621 4886; x_wconf 89' lang='lat' dir='ltr'><strong>ea</strong></span> <span class='ocrx_word' id='word_1_730' title='bbox 1664 4833 1924 4901; x_wconf 91' lang='lat' dir='ltr'><strong>loquitur,</strong></span> 
     </span>
    </p>
   </div>
   <div class='ocr_carea' id='block_1_97' title="bbox 357 4914 1924 4988">
    <p class='ocr_par' dir='ltr' id='par_1_97' title="bbox 357 4914 1924 4988">
     <span class='ocr_line' id='line_1_97' title="bbox 357 4914 1924 4988; baseline 0.003 -20"><span class='ocrx_word' id='word_1_731' title='bbox 357 4914 502 4969; x_wconf 88' lang='lat' dir='ltr'><strong>sicut</strong></span> <span class='ocrx_word' id='word_1_732' title='bbox 553 4915 950 4985; x_wconf 85' lang='lat' dir='ltr'><strong>Evangelium),</strong></span> <span class='ocrx_word' id='word_1_733' title='bbox 972 4927 1028 4972; x_wconf 87' lang='lat' dir='ltr'><strong>et</strong></span> <span class='ocrx_word' id='word_1_734' title='bbox 1057 4927 1341 4988; x_wconf 85' lang='lat' dir='ltr'><strong>propterea</strong></span> <span class='ocrx_word' id='word_1_735' title='bbox 1393 4936 1516 4972; x_wconf 89' lang='lat' dir='ltr'><strong>eum</strong></span> <span class='ocrx_word' id='word_1_736' title='bbox 1564 4921 1629 4974; x_wconf 90' lang='lat' dir='ltr'><strong>ad</strong></span> <span class='ocrx_word' id='word_1_737' title='bbox 1661 4921 1924 4988; x_wconf 88' lang='lat' dir='ltr'><strong>judicium</strong></span> 
     </span>
    </p>
   </div>
   <div class='ocr_carea' id='block_1_98' title="bbox 351 5005 1924 5075">
    <p class='ocr_par' dir='ltr' id='par_1_98' title="bbox 351 5005 1924 5075">
     <span class='ocr_line' id='line_1_98' title="bbox 351 5005 1924 5075; baseline 0.003 -16"><span class='ocrx_word' id='word_1_738' title='bbox 351 5005 732 5060; x_wconf 87' lang='lat' dir='ltr'><strong>mandatorum</strong></span> <span class='ocrx_word' id='word_1_739' title='bbox 762 5007 970 5061; x_wconf 86' lang='lat' dir='ltr'><strong>Domini</strong></span> <span class='ocrx_word' id='word_1_740' title='bbox 1026 5011 1342 5065; x_wconf 85' lang='lat' dir='ltr'><strong>reservavit.</strong></span> <span class='ocrx_word' id='word_1_741' title='bbox 1393 5010 1634 5075; x_wconf 90' lang='lat' dir='ltr'><strong>Quorum</strong></span> <span class='ocrx_word' id='word_1_742' title='bbox 1659 5011 1681 5063; x_wconf 70' lang='grc' dir='ltr'><strong>’ἒ</strong></span> <span class='ocrx_word' id='word_1_743' title='bbox 1709 5011 1924 5063; x_wconf 89' lang='lat' dir='ltr'><strong>Illorum</strong></span> 
     </span>
    </p>
   </div>
   <div class='ocr_carea' id='block_1_99' title="bbox 350 5099 1925 5171">
    <p class='ocr_par' dir='ltr' id='par_1_99' title="bbox 350 5099 1925 5171">
     <span class='ocr_line' id='line_1_99' title="bbox 350 5099 1925 5171; baseline 0.001 -18"><span class='ocrx_word' id='word_1_744' title='bbox 350 5101 622 5166; x_wconf 83' lang='lat' dir='ltr'><strong>videlicet,</strong></span> <span class='ocrx_word' id='word_1_745' title='bbox 653 5117 774 5171; x_wconf 72' lang='lat' dir='ltr'><strong>qua:</strong></span> <span class='ocrx_word' id='word_1_746' title='bbox 800 5103 1022 5157; x_wconf 90' lang='lat' dir='ltr'><strong>dicunt:</strong></span> <span class='ocrx_word' id='word_1_747' title='bbox 1045 5101 1145 5167; x_wconf 85' lang='lat' dir='ltr'><strong>Qui</strong></span> <span class='ocrx_word' id='word_1_748' title='bbox 1172 5120 1272 5157; x_wconf 91' lang='lat' dir='ltr'><strong>non</strong></span> <span class='ocrx_word' id='word_1_749' title='bbox 1298 5104 1461 5156; x_wconf 81' lang='lat' dir='ltr'><strong>credit</strong></span> <span class='ocrx_word' id='word_1_750' title='bbox 1509 5099 1616 5154; x_wconf 84' lang='lat' dir='ltr'><strong>inF</strong></span> <span class='ocrx_word' id='word_1_751' title='bbox 1620 5102 1767 5154; x_wconf 83' lang='lat' dir='ltr'><strong>ilium</strong></span> <span class='ocrx_word' id='word_1_752' title='bbox 1806 5103 1925 5170; x_wconf 86' lang='lat' dir='ltr'><strong>jam</strong></span> 
     </span>
    </p>
   </div>
   <div class='ocr_carea' id='block_1_100' title="bbox 342 5193 1924 5263">
    <p class='ocr_par' dir='ltr' id='par_1_100' title="bbox 342 5193 1924 5263">
     <span class='ocr_line' id='line_1_100' title="bbox 342 5193 1924 5263; baseline 0.002 -18"><span class='ocrx_word' id='word_1_753' title='bbox 342 5193 615 5263; x_wconf 81' lang='lat' dir='ltr'><strong>judicatus</strong></span> <span class='ocrx_word' id='word_1_754' title='bbox 661 5203 738 5248; x_wconf 88' lang='lat' dir='ltr'><strong>est</strong></span> <span class='ocrx_word' id='word_1_755' title='bbox 765 5193 831 5247; x_wconf 84' lang='grc'><strong>³³.</strong></span> <span class='ocrx_word' id='word_1_756' title='bbox 860 5195 928 5249; x_wconf 83' lang='lat' dir='ltr'><strong>Et</strong></span> <span class='ocrx_word' id='word_1_757' title='bbox 961 5209 1148 5248; x_wconf 84' lang='lat' dir='ltr'><strong>rursus</strong></span> <span class='ocrx_word' id='word_1_758' title='bbox 1170 5213 1182 5247; x_wconf 89' lang='lat'><strong>:</strong></span> <span class='ocrx_word' id='word_1_759' title='bbox 1202 5195 1259 5249; x_wconf 91' lang='lat' dir='ltr'><strong>Si</strong></span> <span class='ocrx_word' id='word_1_760' title='bbox 1291 5211 1392 5247; x_wconf 88' lang='lat' dir='ltr'><strong>non</strong></span> <span class='ocrx_word' id='word_1_761' title='bbox 1421 5195 1764 5256; x_wconf 80' lang='lat' dir='ltr'><strong>credideritis,</strong></span> <span class='ocrx_word' id='word_1_762' title='bbox 1801 5196 1924 5263; x_wconf 87' lang='lat' dir='ltr'><strong>quia</strong></span> 
     </span>
    </p>
   </div>
   <div class='ocr_carea' id='block_1_101' title="bbox 346 5282 1922 5352">
    <p class='ocr_par' dir='ltr' id='par_1_101' title="bbox 346 5282 1922 5352">
     <span class='ocr_line' id='line_1_101' title="bbox 346 5282 1922 5352; baseline -0.002 -13"><span class='ocrx_word' id='word_1_763' title='bbox 346 5298 442 5351; x_wconf 84' lang='lat' dir='ltr'><strong>ego</strong></span> <span class='ocrx_word' id='word_1_764' title='bbox 467 5298 605 5347; x_wconf 86' lang='lat' dir='ltr'><strong>sum,</strong></span> <span class='ocrx_word' id='word_1_765' title='bbox 625 5284 920 5337; x_wconf 88' lang='lat' dir='ltr'><strong>moriemini</strong></span> <span class='ocrx_word' id='word_1_766' title='bbox 945 5284 997 5336; x_wconf 90' lang='lat' dir='ltr'><strong>in</strong></span> <span class='ocrx_word' id='word_1_767' title='bbox 1017 5285 1238 5349; x_wconf 87' lang='lat' dir='ltr'><strong>peccatis</strong></span> <span class='ocrx_word' id='word_1_768' title='bbox 1259 5283 1508 5337; x_wconf 65' lang='lat' dir='ltr'><strong>vestris“.</strong></span> <span class='ocrx_word' id='word_1_769' title='bbox 1536 5282 1804 5352; x_wconf 76' lang='lat' dir='ltr'><strong>Multaque</strong></span> <span class='ocrx_word' id='word_1_770' title='bbox 1824 5284 1922 5336; x_wconf 90' lang='lat' dir='ltr'><strong>alia</strong></span> 
     </span>
    </p>
   </div>
   <div class='ocr_carea' id='block_1_102' title="bbox 353 5371 1426 5442">
    <p class='ocr_par' dir='ltr' id='par_1_102' title="bbox 353 5371 1426 5442">
     <span class='ocr_line' id='line_1_102' title="bbox 353 5371 1426 5442; baseline -0.004 -13"><span class='ocrx_word' id='word_1_771' title='bbox 353 5371 474 5429; x_wconf 89' lang='lat' dir='ltr'><strong>talia</strong></span> <span class='ocrx_word' id='word_1_772' title='bbox 497 5372 550 5424; x_wconf 91' lang='lat' dir='ltr'><strong>in</strong></span> <span class='ocrx_word' id='word_1_773' title='bbox 578 5373 905 5441; x_wconf 83' lang='lat' dir='ltr'><strong>evangelicis</strong></span> <span class='ocrx_word' id='word_1_774' title='bbox 945 5373 1232 5442; x_wconf 85' lang='lat' dir='ltr'><strong>praeceptis</strong></span> <span class='ocrx_word' id='word_1_775' title='bbox 1264 5371 1426 5426; x_wconf 89' lang='lat' dir='ltr'><strong>dicta.</strong></span> 
     </span>
    </p>
   </div>
   <div class='ocr_carea' id='block_1_103' title="bbox 421 5459 1926 5535">
    <p class='ocr_par' dir='ltr' id='par_1_103' title="bbox 421 5459 1926 5535">
     <span class='ocr_line' id='line_1_103' title="bbox 421 5459 1926 5535; baseline 0.003 -20"><span class='ocrx_word' id='word_1_776' title='bbox 421 5459 584 5516; x_wconf 75' lang='lat' dir='ltr'><strong>Vens.</strong></span> <span class='ocrx_word' id='word_1_777' title='bbox 621 5464 800 5518; x_wconf 76' lang='grc'><strong>15-16.</strong></span> <span class='ocrx_word' id='word_1_778' title='bbox 847 5484 864 5516; x_wconf 76' lang='grc' dir='ltr'><strong><em>ι</em></strong></span> <span class='ocrx_word' id='word_1_779' title='bbox 907 5463 972 5518; x_wconf 87' lang='lat' dir='ltr'><strong>Et</strong></span> <span class='ocrx_word' id='word_1_780' title='bbox 1003 5465 1069 5520; x_wconf 91' lang='lat' dir='ltr'><strong>ad</strong></span> <span class='ocrx_word' id='word_1_781' title='bbox 1102 5465 1238 5519; x_wconf 89' lang='lat' dir='ltr'><strong>ﬁlios</strong></span> <span class='ocrx_word' id='word_1_782' title='bbox 1258 5465 1420 5518; x_wconf 91' lang='lat' dir='ltr'><strong>Israel</strong></span> <span class='ocrx_word' id='word_1_783' title='bbox 1460 5465 1726 5535; x_wconf 90' lang='lat' dir='ltr'><strong>loqueris:</strong></span> <span class='ocrx_word' id='word_1_784' title='bbox 1755 5463 1926 5520; x_wconf 84' lang='lat' dir='ltr'><strong>Homo</strong></span> 
     </span>
    </p>
   </div>
   <div class='ocr_carea' id='block_1_104' title="bbox 1070 5617 1552 5688">
    <p class='ocr_par' dir='ltr' id='par_1_104' title="bbox 1070 5617 1552 5688">
     <span class='ocr_line' id='line_1_104' title="bbox 1070 5617 1552 5688; baseline 0.002 -18"><span class='ocrx_word' id='word_1_785' title='bbox 1070 5618 1115 5648; x_wconf 78' lang='grc' dir='ltr'><strong>³ο</strong></span> <span class='ocrx_word' id='word_1_786' title='bbox 1149 5617 1164 5670; x_wconf 94' lang='lat' dir='ltr'><strong>l</strong></span> <span class='ocrx_word' id='word_1_787' title='bbox 1201 5617 1329 5673; x_wconf 90' lang='lat' dir='ltr'><strong>Cor.</strong></span> <span class='ocrx_word' id='word_1_788' title='bbox 1367 5632 1428 5682; x_wconf 78' lang='grc' dir='ltr'><strong>ιι,</strong></span> <span class='ocrx_word' id='word_1_789' title='bbox 1463 5617 1514 5671; x_wconf 83' lang='grc'><strong>6.</strong></span> <span class='ocrx_word' id='word_1_790' title='bbox 1550 5685 1552 5688; x_wconf 15' lang='grc' dir='ltr'>ν</span> 
     </span>
    </p>
   </div>
   <div class='ocr_carea' id='block_1_105' title="bbox 1062 5688 1614 5755">
    <p class='ocr_par' dir='ltr' id='par_1_105' title="bbox 1062 5688 1614 5755">
     <span class='ocr_line' id='line_1_105' title="bbox 1062 5688 1614 5755; baseline 0.002 -14"><span class='ocrx_word' id='word_1_791' title='bbox 1062 5689 1104 5718; x_wconf 76' lang='grc'><strong>³⁵</strong></span> <span class='ocrx_word' id='word_1_792' title='bbox 1133 5688 1323 5744; x_wconf 81' lang='lat' dir='ltr'><strong>Matth.</strong></span> <span class='ocrx_word' id='word_1_793' title='bbox 1359 5703 1490 5755; x_wconf 83' lang='lat' dir='ltr'><strong>xxtt,</strong></span> <span class='ocrx_word' id='word_1_794' title='bbox 1525 5689 1614 5743; x_wconf 75' lang='lat'><strong>5&#39;7.</strong></span> 
     </span>
    </p>
   </div>
   <div class='ocr_carea' id='block_1_106' title="bbox 424 5617 955 5681">
    <p class='ocr_par' dir='ltr' id='par_1_106' title="bbox 424 5617 955 5681">
     <span class='ocr_line' id='line_1_106' title="bbox 424 5617 955 5681; baseline -0.002 -9"><span class='ocrx_word' id='word_1_795' title='bbox 424 5619 472 5652; x_wconf 81' lang='lat'>”</span> <span class='ocrx_word' id='word_1_796' title='bbox 507 5617 642 5672; x_wconf 84' lang='lat' dir='ltr'><strong>Gen.</strong></span> <span class='ocrx_word' id='word_1_797' title='bbox 701 5634 870 5681; x_wconf 77' lang='lat' dir='ltr'><strong>xxxn,</strong></span> <span class='ocrx_word' id='word_1_798' title='bbox 902 5618 955 5671; x_wconf 74' lang='lat'><strong>‘2.</strong></span> 
     </span>
    </p>
   </div>
   <div class='ocr_carea' id='block_1_107' title="bbox 352 5687 982 5753">
    <p class='ocr_par' dir='ltr' id='par_1_107' title="bbox 352 5687 982 5753">
     <span class='ocr_line' id='line_1_107' title="bbox 352 5687 982 5753; baseline 0.003 -15"><span class='ocrx_word' id='word_1_799' title='bbox 352 5687 441 5744; x_wconf 64' lang='lat'><strong>91.</strong></span> <span class='ocrx_word' id='word_1_800' title='bbox 556 5688 600 5720; x_wconf 82' lang='lat'><strong>&quot;</strong></span> <span class='ocrx_word' id='word_1_801' title='bbox 638 5688 791 5740; x_wconf 81' lang='lat' dir='ltr'><strong>Deut.</strong></span> <span class='ocrx_word' id='word_1_802' title='bbox 825 5706 898 5753; x_wconf 75' lang='grc' dir='ltr'><strong>γι,</strong></span> <span class='ocrx_word' id='word_1_803' title='bbox 933 5690 982 5742; x_wconf 64' lang='grc'><strong>4.</strong></span> 
     </span>
    </p>
   </div>
   <div class='ocr_carea' id='block_1_108' title="bbox 376 5757 831 5825">
    <p class='ocr_par' dir='ltr' id='par_1_108' title="bbox 376 5757 831 5825">
     <span class='ocr_line' id='line_1_108' title="bbox 376 5757 831 5825; baseline 0 -13"><span class='ocrx_word' id='word_1_804' title='bbox 376 5757 458 5812; x_wconf 73' lang='grc' dir='ltr'><strong>’σοι</strong></span> <span class='ocrx_word' id='word_1_805' title='bbox 487 5757 611 5813; x_wconf 68' lang='lat' dir='ltr'><strong>(lor.</strong></span> <span class='ocrx_word' id='word_1_806' title='bbox 648 5775 743 5825; x_wconf 79' lang='lat' dir='ltr'><strong>xu,</strong></span> <span class='ocrx_word' id='word_1_807' title='bbox 779 5760 831 5812; x_wconf 82' lang='lat'><strong>8.</strong></span> 
     </span>
    </p>
   </div>
   <div class='ocr_carea' id='block_1_109' title="bbox 1629 5617 2023 5681">
    <p class='ocr_par' dir='ltr' id='par_1_109' title="bbox 1629 5617 2023 5681">
     <span class='ocr_line' id='line_1_109' title="bbox 1629 5617 2023 5681; baseline -0.005 -9"><span class='ocrx_word' id='word_1_808' title='bbox 1629 5618 1670 5650; x_wconf 77' lang='grc'><strong>³⁸</strong></span> <span class='ocrx_word' id='word_1_809' title='bbox 1700 5617 1831 5673; x_wconf 77' lang='lat' dir='ltr'><strong>Luc.</strong></span> <span class='ocrx_word' id='word_1_810' title='bbox 1866 5635 1904 5681; x_wconf 77' lang='grc' dir='ltr'><strong>ι,</strong></span> <span class='ocrx_word' id='word_1_811' title='bbox 1935 5617 2023 5671; x_wconf 71' lang='lat' dir='ltr'><strong>Si.</strong></span> 
     </span>
    </p>
   </div>
   <div class='ocr_carea' id='block_1_110' title="bbox 1728 5688 2140 5755">
    <p class='ocr_par' dir='ltr' id='par_1_110' title="bbox 1728 5688 2140 5755">
     <span class='ocr_line' id='line_1_110' title="bbox 1728 5688 2140 5755; baseline 0.01 -15"><span class='ocrx_word' id='word_1_812' title='bbox 1728 5688 1765 5719; x_wconf 83' lang='grc'><strong>⁸⁷</strong></span> <span class='ocrx_word' id='word_1_813' title='bbox 1796 5688 1897 5743; x_wconf 87' lang='lat' dir='ltr'><strong>lsa.</strong></span> <span class='ocrx_word' id='word_1_814' title='bbox 1931 5704 2052 5755; x_wconf 64' lang='grc' dir='ltr'><strong>ΜΝ,</strong></span> 
     </span>
    </p>
   </div>
   <div class='ocr_carea' id='block_1_111' title="bbox 2037 4549 3608 4626">
    <p class='ocr_par' dir='ltr' id='par_1_111' title="bbox 2037 4549 3608 4626">
     <span class='ocr_line' id='line_1_111' title="bbox 2037 4549 3608 4626; baseline -0.008 -12"><span class='ocrx_word' id='word_1_815' title='bbox 2037 4573 2186 4614; x_wconf 90' lang='lat' dir='ltr'><strong>nunc</strong></span> <span class='ocrx_word' id='word_1_816' title='bbox 2216 4555 2473 4626; x_wconf 84' lang='lat' dir='ltr'><strong>intelligis</strong></span> <span class='ocrx_word' id='word_1_817' title='bbox 2501 4554 2826 4609; x_wconf 88' lang='lat' dir='ltr'><strong>maledicere</strong></span> <span class='ocrx_word' id='word_1_818' title='bbox 2875 4553 3064 4616; x_wconf 87' lang='lat' dir='ltr'><strong>Deum,</strong></span> <span class='ocrx_word' id='word_1_819' title='bbox 3105 4549 3196 4620; x_wconf 90' lang='lat' dir='ltr'><strong>qui</strong></span> <span class='ocrx_word' id='word_1_820' title='bbox 3241 4563 3352 4602; x_wconf 88' lang='lat' dir='ltr'><strong>ncn</strong></span> <span class='ocrx_word' id='word_1_821' title='bbox 3390 4549 3608 4603; x_wconf 88' lang='lat' dir='ltr'><strong>sciendo</strong></span> 
     </span>
    </p>
   </div>
   <div class='ocr_carea' id='block_1_112' title="bbox 2036 4639 3609 4722">
    <p class='ocr_par' dir='ltr' id='par_1_112' title="bbox 2036 4639 3609 4722">
     <span class='ocr_line' id='line_1_112' title="bbox 2036 4639 3609 4722; baseline -0.008 -17"><span class='ocrx_word' id='word_1_822' title='bbox 2036 4650 2396 4722; x_wconf 87' lang='lat' dir='ltr'><strong>blasphemat.</strong></span> <span class='ocrx_word' id='word_1_823' title='bbox 2422 4647 2579 4702; x_wconf 89' lang='lat' dir='ltr'><strong>Unde</strong></span> <span class='ocrx_word' id='word_1_824' title='bbox 2597 4661 2696 4700; x_wconf 87' lang='lat' dir='ltr'><strong>nec</strong></span> <span class='ocrx_word' id='word_1_825' title='bbox 2713 4645 3091 4714; x_wconf 85' lang='lat' dir='ltr'><strong>blasphemare</strong></span> <span class='ocrx_word' id='word_1_826' title='bbox 3109 4657 3234 4697; x_wconf 88' lang='lat' dir='ltr'><strong>eum</strong></span> <span class='ocrx_word' id='word_1_827' title='bbox 3251 4639 3609 4710; x_wconf 78' lang='lat' dir='ltr'><strong>Symmachus</strong></span> 
     </span>
    </p>
   </div>
   <div class='ocr_carea' id='block_1_113' title="bbox 2037 4731 3608 4803">
    <p class='ocr_par' dir='ltr' id='par_1_113' title="bbox 2037 4731 3608 4803">
     <span class='ocr_line' id='line_1_113' title="bbox 2037 4731 3608 4803; baseline -0.011 -7"><span class='ocrx_word' id='word_1_828' title='bbox 2037 4743 2176 4797; x_wconf 91' lang='lat' dir='ltr'><strong>sicut</strong></span> <span class='ocrx_word' id='word_1_829' title='bbox 2206 4739 2375 4794; x_wconf 89' lang='lat' dir='ltr'><strong>ﬁlium</strong></span> <span class='ocrx_word' id='word_1_830' title='bbox 2400 4737 2654 4791; x_wconf 80' lang='lat' dir='ltr'><strong>mulieres</strong></span> <span class='ocrx_word' id='word_1_831' title='bbox 2684 4735 2998 4790; x_wconf 78' lang='lat' dir='ltr'><strong>Israclitidis</strong></span> <span class='ocrx_word' id='word_1_832' title='bbox 3031 4733 3268 4803; x_wconf 88' lang='lat' dir='ltr'><strong>scripsit,</strong></span> <span class='ocrx_word' id='word_1_833' title='bbox 3309 4731 3401 4786; x_wconf 84' lang='lat' dir='ltr'><strong>sed</strong></span> <span class='ocrx_word' id='word_1_834' title='bbox 3425 4731 3608 4785; x_wconf 76' lang='lat' dir='ltr'><strong>detra-</strong></span> 
     </span>
    </p>
   </div>
   <div class='ocr_carea' id='block_1_114' title="bbox 2037 4820 3612 4898">
    <p class='ocr_par' dir='ltr' id='par_1_114' title="bbox 2037 4820 3612 4898">
     <span class='ocr_line' id='line_1_114' title="bbox 2037 4820 3612 4898; baseline -0.009 -12"><span class='ocrx_word' id='word_1_835' title='bbox 2037 4834 2190 4887; x_wconf 87' lang='lat' dir='ltr'><strong>here.</strong></span> <span class='ocrx_word' id='word_1_836' title='bbox 2222 4833 2362 4886; x_wconf 87' lang='lat' dir='ltr'><strong>Dixit</strong></span> <span class='ocrx_word' id='word_1_837' title='bbox 2386 4831 2532 4884; x_wconf 90' lang='lat' dir='ltr'><strong>enim</strong></span> <span class='ocrx_word' id='word_1_838' title='bbox 2567 4847 2580 4881; x_wconf 87' lang='lat'><strong>:</strong></span> <span class='ocrx_word' id='word_1_839' title='bbox 2613 4829 2782 4882; x_wconf 81' lang='lat' dir='ltr'><strong>Homo</strong></span> <span class='ocrx_word' id='word_1_840' title='bbox 2803 4830 2892 4898; x_wconf 86' lang='lat' dir='ltr'><strong>qui</strong></span> <span class='ocrx_word' id='word_1_841' title='bbox 2921 4827 3208 4882; x_wconf 74' lang='lat' dir='ltr'><strong>detraxerit</strong></span> <span class='ocrx_word' id='word_1_842' title='bbox 3243 4824 3349 4877; x_wconf 88' lang='lat' dir='ltr'><strong>Deo</strong></span> <span class='ocrx_word' id='word_1_843' title='bbox 3387 4838 3500 4875; x_wconf 91' lang='lat' dir='ltr'><strong>suo.</strong></span> <span class='ocrx_word' id='word_1_844' title='bbox 3544 4820 3612 4873; x_wconf 66' lang='lat' dir='ltr'><strong>Iit</strong></span> 
     </span>
    </p>
   </div>
   <div class='ocr_carea' id='block_1_115' title="bbox 2036 4908 3612 4989">
    <p class='ocr_par' dir='ltr' id='par_1_115' title="bbox 2036 4908 3612 4989">
     <span class='ocr_line' id='line_1_115' title="bbox 2036 4908 3612 4989; baseline -0.007 -16"><span class='ocrx_word' id='word_1_845' title='bbox 2036 4935 2134 4989; x_wconf 87' lang='lat' dir='ltr'><strong>per</strong></span> <span class='ocrx_word' id='word_1_846' title='bbox 2165 4919 2266 4972; x_wconf 83' lang='lat' dir='ltr'><strong>hoc</strong></span> <span class='ocrx_word' id='word_1_847' title='bbox 2295 4919 2528 4972; x_wconf 86' lang='lat' dir='ltr'><strong>maxime</strong></span> <span class='ocrx_word' id='word_1_848' title='bbox 2558 4917 2881 4979; x_wconf 85' lang='lat' dir='ltr'><strong>ostenditur,</strong></span> <span class='ocrx_word' id='word_1_849' title='bbox 2915 4915 3038 4985; x_wconf 91' lang='lat' dir='ltr'><strong>quia</strong></span> <span class='ocrx_word' id='word_1_850' title='bbox 3068 4929 3166 4983; x_wconf 91' lang='lat' dir='ltr'><strong>per</strong></span> <span class='ocrx_word' id='word_1_851' title='bbox 3198 4911 3421 4964; x_wconf 88' lang='lat' dir='ltr'><strong>nimiam</strong></span> <span class='ocrx_word' id='word_1_852' title='bbox 3459 4908 3612 4978; x_wconf 81' lang='lat' dir='ltr'><strong>igno-</strong></span> 
     </span>
    </p>
   </div>
   <div class='ocr_carea' id='block_1_116' title="bbox 2034 5000 3608 5079">
    <p class='ocr_par' dir='ltr' id='par_1_116' title="bbox 2034 5000 3608 5079">
     <span class='ocr_line' id='line_1_116' title="bbox 2034 5000 3608 5079; baseline -0.007 -14"><span class='ocrx_word' id='word_1_853' title='bbox 2034 5011 2286 5073; x_wconf 90' lang='lat' dir='ltr'><strong>rantiam,</strong></span> <span class='ocrx_word' id='word_1_854' title='bbox 2316 5025 2375 5064; x_wconf 90' lang='lat' dir='ltr'><strong>ea</strong></span> <span class='ocrx_word' id='word_1_855' title='bbox 2402 5011 2468 5065; x_wconf 90' lang='lat' dir='ltr'><strong>de</strong></span> <span class='ocrx_word' id='word_1_856' title='bbox 2501 5012 2626 5074; x_wconf 89' lang='lat' dir='ltr'><strong>Deo,</strong></span> <span class='ocrx_word' id='word_1_857' title='bbox 2647 5026 2766 5079; x_wconf 75' lang='lat' dir='ltr'><strong>qua:</strong></span> <span class='ocrx_word' id='word_1_858' title='bbox 2801 5009 2867 5063; x_wconf 92' lang='lat' dir='ltr'><strong>de</strong></span> <span class='ocrx_word' id='word_1_859' title='bbox 2891 5007 3111 5062; x_wconf 86' lang='lat' dir='ltr'><strong>homine</strong></span> <span class='ocrx_word' id='word_1_860' title='bbox 3137 5004 3300 5059; x_wconf 86' lang='lat' dir='ltr'><strong>habet</strong></span> <span class='ocrx_word' id='word_1_861' title='bbox 3329 5002 3384 5057; x_wconf 89' lang='lat' dir='ltr'><strong>in</strong></span> <span class='ocrx_word' id='word_1_862' title='bbox 3409 5000 3608 5070; x_wconf 86' lang='lat' dir='ltr'><strong>quibus</strong></span> 
     </span>
    </p>
   </div>
   <div class='ocr_carea' id='block_1_117' title="bbox 2033 5093 3610 5166">
    <p class='ocr_par' dir='ltr' id='par_1_117' title="bbox 2033 5093 3610 5166">
     <span class='ocr_line' id='line_1_117' title="bbox 2033 5093 3610 5166; baseline -0.006 -9"><span class='ocrx_word' id='word_1_863' title='bbox 2033 5103 2209 5157; x_wconf 90' lang='lat' dir='ltr'><strong>locum</strong></span> <span class='ocrx_word' id='word_1_864' title='bbox 2251 5103 2416 5157; x_wconf 88' lang='lat' dir='ltr'><strong>habet</strong></span> <span class='ocrx_word' id='word_1_865' title='bbox 2447 5102 2727 5166; x_wconf 86' lang='lat' dir='ltr'><strong>detractio,</strong></span> <span class='ocrx_word' id='word_1_866' title='bbox 2772 5102 2974 5154; x_wconf 88' lang='lat' dir='ltr'><strong>dicere.</strong></span> <span class='ocrx_word' id='word_1_867' title='bbox 3020 5097 3404 5152; x_wconf 72' lang='lat' dir='ltr'><strong>Verumtamen</strong></span> <span class='ocrx_word' id='word_1_868' title='bbox 3445 5101 3500 5148; x_wconf 87' lang='lat' dir='ltr'><strong>et</strong></span> <span class='ocrx_word' id='word_1_869' title='bbox 3531 5093 3610 5162; x_wconf 82' lang='lat' dir='ltr'><strong>sic</strong></span> 
     </span>
    </p>
   </div>
   <div class='ocr_carea' id='block_1_118' title="bbox 2033 5186 3606 5264">
    <p class='ocr_par' dir='ltr' id='par_1_118' title="bbox 2033 5186 3606 5264">
     <span class='ocr_line' id='line_1_118' title="bbox 2033 5186 3606 5264; baseline -0.003 -20"><span class='ocrx_word' id='word_1_870' title='bbox 2033 5202 2315 5264; x_wconf 85' lang='lat' dir='ltr'><strong>peccatum</strong></span> <span class='ocrx_word' id='word_1_871' title='bbox 2331 5194 2548 5262; x_wconf 87' lang='lat' dir='ltr'><strong>accipit,</strong></span> <span class='ocrx_word' id='word_1_872' title='bbox 2567 5194 2692 5263; x_wconf 90' lang='lat' dir='ltr'><strong>quia</strong></span> <span class='ocrx_word' id='word_1_873' title='bbox 2714 5193 2841 5246; x_wconf 90' lang='lat' dir='ltr'><strong>dum</strong></span> <span class='ocrx_word' id='word_1_874' title='bbox 2860 5191 3084 5244; x_wconf 90' lang='lat' dir='ltr'><strong>deberet</strong></span> <span class='ocrx_word' id='word_1_875' title='bbox 3100 5187 3384 5244; x_wconf 83' lang='lat' dir='ltr'><strong>scientiam</strong></span> <span class='ocrx_word' id='word_1_876' title='bbox 3402 5186 3606 5241; x_wconf 87' lang='lat' dir='ltr'><strong>habere</strong></span> 
     </span>
    </p>
   </div>
   <div class='ocr_carea' id='block_1_119' title="bbox 2031 5273 3606 5335">
    <p class='ocr_par' dir='ltr' id='par_1_119' title="bbox 2031 5273 3606 5335">
     <span class='ocr_line' id='line_1_119' title="bbox 2031 5273 3606 5335; baseline -0.004 -1"><span class='ocrx_word' id='word_1_877' title='bbox 2031 5297 2137 5335; x_wconf 89' lang='lat' dir='ltr'><strong>non</strong></span> <span class='ocrx_word' id='word_1_878' title='bbox 2163 5279 2370 5334; x_wconf 88' lang='lat' dir='ltr'><strong>habuit.</strong></span> <span class='ocrx_word' id='word_1_879' title='bbox 2388 5279 2682 5333; x_wconf 87' lang='lat' dir='ltr'><strong>Nominare</strong></span> <span class='ocrx_word' id='word_1_880' title='bbox 2700 5286 2878 5332; x_wconf 83' lang='lat' dir='ltr'><strong>autem</strong></span> <span class='ocrx_word' id='word_1_881' title='bbox 2899 5291 3095 5329; x_wconf 86' lang='lat' dir='ltr'><strong>nomen</strong></span> <span class='ocrx_word' id='word_1_882' title='bbox 3125 5274 3338 5329; x_wconf 88' lang='lat' dir='ltr'><strong>Domini</strong></span> <span class='ocrx_word' id='word_1_883' title='bbox 3364 5275 3421 5328; x_wconf 93' lang='lat' dir='ltr'><strong>in</strong></span> <span class='ocrx_word' id='word_1_884' title='bbox 3441 5273 3606 5328; x_wconf 85' lang='lat' dir='ltr'><strong>male-</strong></span> 
     </span>
    </p>
   </div>
   <div class='ocr_carea' id='block_1_120' title="bbox 2034 5365 3602 5438">
    <p class='ocr_par' dir='ltr' id='par_1_120' title="bbox 2034 5365 3602 5438">
     <span class='ocr_line' id='line_1_120' title="bbox 2034 5365 3602 5438; baseline -0.006 -10"><span class='ocrx_word' id='word_1_885' title='bbox 2034 5373 2268 5428; x_wconf 88' lang='lat' dir='ltr'><strong>dicendo</strong></span> <span class='ocrx_word' id='word_1_886' title='bbox 2309 5371 2383 5426; x_wconf 87' lang='lat' dir='ltr'><strong>ait</strong></span> <span class='ocrx_word' id='word_1_887' title='bbox 2421 5386 2569 5434; x_wconf 89' lang='lat' dir='ltr'><strong>eum,</strong></span> <span class='ocrx_word' id='word_1_888' title='bbox 2623 5370 2715 5438; x_wconf 90' lang='lat' dir='ltr'><strong>qui</strong></span> <span class='ocrx_word' id='word_1_889' title='bbox 2781 5369 2833 5422; x_wconf 89' lang='lat' dir='ltr'><strong>in</strong></span> <span class='ocrx_word' id='word_1_890' title='bbox 2869 5367 3095 5422; x_wconf 88' lang='lat' dir='ltr'><strong>scientia</strong></span> <span class='ocrx_word' id='word_1_891' title='bbox 3133 5367 3492 5436; x_wconf 88' lang='lat' dir='ltr'><strong>hlasphemat.</strong></span> <span class='ocrx_word' id='word_1_892' title='bbox 3536 5365 3602 5419; x_wconf 89' lang='lat' dir='ltr'><strong>Ili</strong></span> 
     </span>
    </p>
   </div>
   <div class='ocr_carea' id='block_1_121' title="bbox 2036 5453 3608 5533">
    <p class='ocr_par' dir='ltr' id='par_1_121' title="bbox 2036 5453 3608 5533">
     <span class='ocr_line' id='line_1_121' title="bbox 2036 5453 3608 5533; baseline -0.006 -15"><span class='ocrx_word' id='word_1_893' title='bbox 2036 5453 2214 5519; x_wconf 87' lang='lat' dir='ltr'><strong>autem</strong></span> <span class='ocrx_word' id='word_1_894' title='bbox 2247 5461 2466 5533; x_wconf 86' lang='lat' dir='ltr'><strong>pronrie</strong></span> <span class='ocrx_word' id='word_1_895' title='bbox 2505 5459 2788 5515; x_wconf 90' lang='lat' dir='ltr'><strong>Dominum</strong></span> <span class='ocrx_word' id='word_1_896' title='bbox 2832 5459 3134 5524; x_wconf 82' lang='lat' dir='ltr'><strong>nominant,</strong></span> <span class='ocrx_word' id='word_1_897' title='bbox 3161 5457 3392 5528; x_wconf 82' lang='lat' dir='ltr'><strong>quicjus</strong></span> <span class='ocrx_word' id='word_1_898' title='bbox 3429 5455 3608 5532; x_wconf 45' lang='lat' dir='ltr'><strong>scieti-</strong></span> 
     </span>
    </p>
   </div>
   <div class='ocr_carea' id='block_1_122' title="bbox 2103 5610 3599 5686">
    <p class='ocr_par' dir='ltr' id='par_1_122' title="bbox 2103 5610 3599 5686">
     <span class='ocr_line' id='line_1_122' title="bbox 2103 5610 3599 5686; baseline -0.005 -14"><span class='ocrx_word' id='word_1_899' title='bbox 2103 5621 2146 5649; x_wconf 83' lang='grc'><strong>³¹</strong></span> <span class='ocrx_word' id='word_1_900' title='bbox 2182 5615 2374 5686; x_wconf 84' lang='lat' dir='ltr'><strong>Philip.</strong></span> <span class='ocrx_word' id='word_1_901' title='bbox 2413 5631 2473 5674; x_wconf 84' lang='grc' dir='ltr'><strong>ιι.</strong></span> <span class='ocrx_word' id='word_1_902' title='bbox 2506 5616 2588 5668; x_wconf 80' lang='grc'><strong>10.</strong></span> <span class='ocrx_word' id='word_1_903' title='bbox 2668 5613 2889 5686; x_wconf 35' lang='lat' dir='ltr'><strong>33JDoan.</strong></span> <span class='ocrx_word' id='word_1_904' title='bbox 2920 5611 3129 5686; x_wconf 45' lang='grc' dir='ltr'><strong>[ηε-ίὸἶ</strong></span> <span class='ocrx_word' id='word_1_905' title='bbox 3205 5611 3248 5643; x_wconf 65' lang='grc'><strong>⁸⁵</strong></span> <span class='ocrx_word' id='word_1_906' title='bbox 3271 5610 3430 5686; x_wconf 69' lang='lat' dir='ltr'><strong>Joan.</strong></span> <span class='ocrx_word' id='word_1_907' title='bbox 3460 5624 3599 5686; x_wconf 80' lang='lat' dir='ltr'><strong>_.v_ttt,</strong></span> 
     </span>
    </p>
   </div>
   <div class='ocr_carea' id='block_1_123' title="bbox 2244 5679 3548 5751">
    <p class='ocr_par' dir='ltr' id='par_1_123' title="bbox 2244 5679 3548 5751">
     <span class='ocr_line' id='line_1_123' title="bbox 2244 5679 3548 5751; baseline -0.006 -9"><span class='ocrx_word' id='word_1_908' title='bbox 2244 5689 2287 5720; x_wconf 76' lang='grc'><strong>³³</strong></span> <span class='ocrx_word' id='word_1_909' title='bbox 2319 5679 2486 5742; x_wconf 68' lang='lat' dir='ltr'><strong>i‘lxod.</strong></span> <span class='ocrx_word' id='word_1_910' title='bbox 2520 5701 2701 5751; x_wconf 78' lang='lat' dir='ltr'><strong>xxxrv,</strong></span> <span class='ocrx_word' id='word_1_911' title='bbox 2740 5684 2792 5738; x_wconf 76' lang='grc'><strong>5.</strong></span> <span class='ocrx_word' id='word_1_912' title='bbox 2909 5683 2954 5714; x_wconf 66' lang='grc' dir='ltr'><strong>³ο</strong></span> <span class='ocrx_word' id='word_1_913' title='bbox 2982 5679 3172 5734; x_wconf 76' lang='lat' dir='ltr'><strong>Matth.</strong></span> <span class='ocrx_word' id='word_1_914' title='bbox 3206 5696 3301 5749; x_wconf 81' lang='lat' dir='ltr'><strong>xu,</strong></span> <span class='ocrx_word' id='word_1_915' title='bbox 3336 5679 3425 5744; x_wconf 81' lang='lat' dir='ltr'><strong>5i,</strong></span> <span class='ocrx_word' id='word_1_916' title='bbox 3459 5682 3548 5737; x_wconf 65' lang='lat'><strong>5&#39;3.</strong></span> 
     </span>
    </p>
   </div>
  </div>
