4038 6182
452 264 592 336 ιιοτ
1642 275 2003 335 HESYPHH
2050 274 2531 338 PRESBYTER!
3584 264 3753 331 ηαδ

444 383 579 438 tiam
609 381 1025 452 conquisierunt
1055 397 1153 453 per
1181 383 1471 454 Spiritum.
1502 384 1672 440 Nemo
1707 388 1846 441 enim
1868 393 2037 457 potest
2069 396 2116 450 Α
2144 387 2250 444 Sed
2275 396 2333 444 et
2360 388 2404 442 si
2430 380 2762 456 percusserit
2789 382 3011 444 animal,
3052 379 3306 435 videlicet
3347 391 3475 432 eum
3500 377 3596 446 qui
3618 388 3755 448 pe;

446 476 669 529 dicere:
694 474 949 530 Doniinus
982 474 1157 540 Jesus,
1189 476 1656 545 quemadmodum
1677 477 1884 535 Paulus
1920 479 2029 547 ait,
2127 476 2272 532 coris
2307 476 2468 532 modo
2512 473 2668 535 vivit.
2701 473 2771 528 de
2798 487 2908 542 quo
2943 472 3021 525 ait
3049 468 3253 524 David:
3289 470 3463 522 [Ionio
3502 479 3625 520 rem
3668 468 3750 521 in

447 567 551 622 nisi
570 566 626 619 in
644 563 846 635 Spiritu
871 574 1051 619 sancto
1073 565 1161 620 ⁸⁰“.
1185 564 1324 633 Quia
1349 583 1476 639 ergo
1502 569 1736 625 scientes
1768 570 2024 640 blasphc-
2125 570 2317 622 honore
2345 578 2495 633 esset,
2526 583 2628 619 non
2665 564 2946 627 intellexit,
2979 570 3323 630 comparatus
3361 568 3441 613 est
3460 560 3747 628 jamentss

448 665 622 721 ruant,
651 664 797 709 recte
822 668 951 709 sunt
972 656 1090 710 sine
1122 656 1303 723 venia,
1338 657 1454 712 sive
1488 674 1517 713 a
1559 658 1811 714 Patrihus
1842 661 2027 715 εαὶθιιη
2124 659 2507 729 insipientibus,
2544 668 2592 712 et
2631 657 2821 712 similis
2852 657 3024 726 factus
3057 663 3135 707 est
3168 654 3243 706 eis
3284 652 3352 716 δ’,
3401 651 3601 705 reddet
3635 651 3745 705 vi-

450 748 580 805 tiant
613 746 842 809 habent,
875 757 930 803 et
959 749 1299 818 appellantur
1329 760 1552 823 propter
1580 751 1685 807 hoc
1711 752 1879 816 cives,
1910 753 2026 808 sive
2126 751 2354 815 carium,
2401 750 2455 804 id
2491 758 2578 803 cst
2611 748 2847 801 animam
2893 760 2995 815 pro
3031 745 3235 798 anima.
3274 741 3387 797 Nec
3422 741 3594 803 enim,
3617 742 3737 812 qui

449 836 612 894 modo
641 851 765 892 eam
811 838 1124 895 didicerunt
1162 849 1218 896 et
1247 850 1534 912 prapterca
1562 852 1691 899 sunt
1733 844 2021 915 peregrini.

449 932 593 986 Cum
612 931 907 985 nominant
946 946 1077 1002 ergo
1101 947 1306 987 nomen
1341 933 1583 997 Domini,
1610 942 1756 989 recte
1787 935 2027 992 morien-

451 1035 541 1080 tur
573 1040 586 1076 :
620 1022 674 1077 id
723 1032 828 1086 est,
861 1039 986 1079 cum
1027 1024 1312 1080 nominant
1341 1034 1397 1080 et
1423 1026 1824 1096 blasphemant.
1864 1027 2028 1082 Vides

449 1124 603 1179 ergo,
625 1108 753 1179 quia
781 1119 835 1166 et
878 1109 967 1165 ille
999 1109 1265 1167 lsraeiicae
1291 1112 1538 1167 mulieris
1591 1112 1896 1168 nominavit
1927 1129 2027 1165 no-

449 1214 598 1265 men,
644 1210 701 1255 et
741 1200 1159 1271 blasphemavit,
1214 1218 1431 1271 poenam
1479 1202 1583 1257 sibi
1628 1203 2025 1272 superinduxit.

451 1287 561 1343 Sed
602 1288 660 1343 in
702 1289 804 1345 hac
838 1289 1118 1345 sanctione
1164 1291 1267 1344 hoc
1326 1292 1472 1360 quod
1521 1291 1733 1349 videtur
1777 1291 2027 1358 dubium,

447 1378 643 1450 Aquila
677 1381 891 1452 planius
918 1382 1108 1448 edidit,
1132 1383 1210 1436 ait
1237 1383 1384 1437 enim
1422 1401 1434 1434 :

534 1490 626 1545 Vir
644 1497 854 1563 quando
882 1493 1320 1563 blasphemauerit
1344 1493 1511 1547 Deum
1546 1511 1722 1558 suum,
1750 1506 1798 1549 et
1817 1512 2033 1566 accepe-

449 1583 520 1641 rit
566 1583 903 1653 iniquitatem
944 1586 1064 1648 sibi,
1103 1594 1151 1639 et
1171 1586 1512 1639 denominans
1555 1603 1741 1640 nomen
1794 1587 2028 1653 Domini,

450 1683 615 1729 morte
631 1675 909 1729 moriatur.
928 1676 1046 1733 Non
1062 1676 1215 1742 dixit,
1231 1676 1537 1743 nominans,
1554 1679 1647 1732 sed
1664 1680 2027 1744 denominans,

2127 850 2491 912 peccatorem,
2527 848 2621 892 aut
2650 838 2991 907 p0pularem,
3021 844 3079 889 et
3116 848 3227 889 non
3260 834 3565 888 habentem
3604 834 3738 888 dis-

2126 932 2422 987 cretionem
2473 929 2728 984 subtilem
2788 928 2856 981 dc
2891 926 3021 991 Deo,
3097 939 3283 979 errare
3355 923 3511 987 fecit,
3566 925 3737 977 venia

2127 1022 2353 1078 omnino
2380 1021 2581 1091 dignus
2606 1028 2713 1074 est.
2747 1017 2804 1072 Si
2833 1026 3020 1073 autem
3068 1032 3180 1071 non
3222 1016 3304 1069 sic
3335 1015 3627 1084 percussit,
3660 1024 3736 1070 ut

2127 1115 2367 1186 perfecte
2399 1129 2524 1169 eum
2561 1113 2629 1167 ad
2665 1110 3002 1181 impietatem
3044 1108 3392 1178 perduceret,
3425 1117 3484 1161 et
3515 1123 3579 1160 ex
3608 1118 3732 1161 toto

2128 1223 2253 1261 eum
2296 1220 2481 1262 creare
2514 1205 2720 1260 iaceret
2761 1220 2791 1257 a
2824 1204 2957 1267 Deo,
2978 1200 3207 1256 omnino
3240 1209 3422 1254 autem
3468 1200 3731 1269 quaedam

2127 1298 2177 1353 ei
2222 1296 2443 1361 dixerit,
2499 1305 2593 1350 aut
2639 1295 2833 1365 egerit,
2867 1292 3139 1347 maculam
3198 1290 3413 1359 peccati
3461 1290 3729 1359 irrogavit

2130 1388 2432 1444 secundum
2465 1387 2591 1451 hoc,
2625 1394 2681 1440 et
2706 1399 2931 1454 pinnam
2952 1381 3281 1446 sustinebit;
3311 1381 3390 1434 ait
3412 1381 3557 1439 enim
3590 1399 3603 1434 :

2200 1500 2303 1566 Qui
2362 1500 2677 1570 irrogaverit
2743 1496 3009 1550 maculam
3071 1494 3283 1547 cuilibet
3335 1494 3525 1546 civium
3584 1509 3725 1547 suo-

2133 1609 2270 1657 rum,
2321 1593 2456 1646 sicut
2524 1592 2673 1662 fecit,
2728 1590 2824 1659 ﬁat
2875 1590 2924 1642 ei
2968 1604 2987 1642 :
3030 1576 3352 1642 Fracturum
3420 1603 3518 1654 pro
3566 1588 3721 1656 frae-

2132 1692 2275 1743 tura.
2329 1683 2445 1737 sive
2491 1691 2551 1735 ut
2601 1680 2765 1745 LXX,
2809 1680 3179 1733 contritionem
3238 1693 3335 1745 pro
3381 1677 3715 1742 contritione,

450 1770 511 1819 ut
532 1763 700 1828 hunc,
722 1764 925 1834 dequo
954 1781 1102 1820 nunc
1128 1781 1309 1821 sermo
1324 1776 1427 1827 est,
1462 1768 1622 1823 simul
1648 1769 2029 1838 hiasphemarc
2061 1754 2102 1809 Β
2131 1774 2337 1828 oculum
2397 1790 2492 1843 pro
2527 1772 2711 1835 oculo,
2755 1772 2961 1825 dentem
3001 1786 3095 1839 pro
3156 1770 3328 1822 dente.
3386 1767 3511 1821 Sive
3563 1768 3714 1820 enim

447 1858 505 1907 et
538 1852 825 1908 nominare
859 1854 1193 1919 ostenderet,
1232 1871 1380 1920 eum,
1426 1857 1519 1926 qui
1564 1847 1926 1926 blasphemnt,
1969 1866 2025 1913 et

448 1939 697 1998 nominat
719 1956 918 1997 nomen
951 1943 1184 2007 Domini,
1217 1944 1470 2000 videlicet
1501 1946 1749 2015 spiritus.
1783 1946 1858 2001 ait
1896 1963 2024 2017 ergo

449 2030 648 2087 Paulus
700 2031 953 2087 Dominus
986 2035 1125 2089 enim
1173 2033 1406 2105 Spiritus
1447 2046 1545 2091 est.
1593 2036 1751 2092 Hunc
1793 2040 1929 2093 mori
1971 2048 2026 2096 et

446 2119 623 2174 occidi
658 2122 904 2192 praecipit
930 2123 1232 2194 legislator,
1263 2135 1351 2184 est
1379 2134 1562 2182 autem
1603 2127 1650 2182 is
1671 2128 1764 2198 qui
1801 2130 2026 2185 sciendo

444 2208 812 2281 blasphemat,
850 2214 993 2275 sicut
1018 2216 1188 2271 semel
1216 2217 1472 2275 diximus.

519 2301 681 2359 Vens.
719 2304 909 2363 "~22.
957 2327 976 2359 ι
1022 2306 1125 2373 Qui
1160 2302 1494 2379 percusserit
1517 2321 1574 2366 et
1620 2312 1879 2369 occiderit
1922 2315 2025 2370 ho-

449 2394 675 2461 minem,
720 2405 894 2452 morte
939 2400 1232 2456 moriatur.
1270 2400 1373 2467 Qui
1420 2405 1757 2473 percusserit
1801 2406 2022 2471 animal,

447 2485 638 2541 reddat
670 2486 954 2553 vicarium,
982 2488 1038 2543 id
1073 2499 1156 2546 est
1177 2491 1417 2547 animam
1451 2506 1551 2562 pro
1581 2495 1785 2550 anima.
1818 2494 1926 2562 Qui
1953 2496 2027 2552 ir-

452 2576 724 2645 rogaverit
771 2577 1041 2640 maculam
1094 2581 1321 2638 cuilibet
1359 2583 1563 2639 civium
1600 2580 1853 2651 suorutn,
1885 2587 2028 2643 sicut

447 2665 579 2730 fecit
608 2664 770 2728 faciat
807 2664 857 2721 ei
884 2682 899 2722 :
926 2666 1219 2725 fracturam
1253 2686 1352 2741 pro
1392 2671 1653 2738 fractura,
1687 2676 1906 2734 oculum
1926 2693 2026 2747 pro

444 2756 627 2821 oculo,
654 2756 875 2815 dentem
905 2772 1005 2831 pro
1026 2758 1191 2816 dente
1214 2761 1487 2817 restituet.
1515 2763 1741 2830 Qualem
1768 2764 2026 2823 indixerit

446 2848 736 2915 maculam,
778 2849 940 2904 talem
982 2851 1256 2907 sustinere
1285 2853 1516 2925 cogitur.
1550 2855 1655 2921 Qui
1699 2860 2027 2926 percusserit

439 2942 774 3015 jumentuin,
812 2944 1003 3000 reddet
1035 2944 1200 3001 aliud.
1227 2944 1333 3012 Qui
1365 2949 1697 3018 percusserit
1724 2951 2024 3017 hominem,

446 3032 722 3103 punietur.
740 3030 982 3103 Equum
1006 3034 1277 3104 judicium
1304 3037 1376 3093 sit
1402 3038 1547 3094 inter
1566 3055 1686 3107 vos,
1716 3042 1833 3097 sive
1865 3054 2023 3111 pere-

442 3120 653 3191 grinus,
681 3122 796 3178 sive
822 3124 962 3179 civis
990 3127 1355 3194 peccaverint.
1387 3126 1525 3205 Quia
1551 3144 1652 3201 ego
1688 3145 1809 3191 sum
1835 3130 2022 3190 Domi-

444 3224 561 3286 nus
583 3211 727 3267 Deus
759 3223 962 3276 vester.
1000 3231 1024 3277 ν»

515 3320 685 3378 Multa
711 3331 766 3378 et
799 3339 950 3380 nunc
984 3329 1377 3397 consequentia
1418 3329 1787 3401 legislaturem
1813 3334 2027 3389 inveni-

446 3426 569 3469 mus
598 3414 699 3479 uti,
730 3414 776 3469 si
808 3416 1100 3473 intentioni
1130 3433 1318 3474 eorum
1339 3436 1460 3490 quae
1482 3422 1682 3493 scripta
1716 3434 1845 3479 sunt
1875 3441 2028 3481 men-

447 3515 557 3562 tem
587 3504 849 3578 llgamus:
875 3510 1132 3580 quoniam
1162 3513 1309 3568 nulla
1337 3513 1433 3570 Dei
1469 3515 1638 3589 gloria
1664 3532 1730 3573 ex
1763 3519 2025 3589 blasphe-

444 3598 553 3653 mia
588 3599 825 3672 alicujus
856 3603 1093 3662 sustinot
1121 3605 1558 3666 imminutionem
1588 3625 1690 3666 nec
1727 3613 1811 3667 sui
1844 3614 2018 3685 gratia

446 3690 569 3757 hos,
611 3688 704 3762 qui
737 3708 863 3751 cum
891 3696 1291 3764 blasphemant,
1323 3701 1425 3754 sub
1455 3701 1544 3756 tali
1579 3716 1702 3758 esse
1749 3719 1932 3774 poena,
1972 3715 2029 3763 ‘et

446 3783 734 3839 tormentis
797 3787 1064 3857 principii.
1117 3788 1253 3843 Cum
1321 3799 1504 3846 autem
1570 3809 1672 3849 nos
1725 3802 2027 3853 noceamur

446 3866 645 3928 talibus
670 3874 873 3939 verbis,
907 3885 964 3931 et
990 3876 1229 3934 divinam
1271 3880 1587 3939 minuentes
1618 3884 1841 3952 famam,
1873 3890 2026 3959 quod

449 3972 536 4020 cst
567 3965 883 4023 hominibus
907 3970 1301 4039 perniciosum,
1349 3974 1602 4046 ignorare
1645 3977 1928 4036 Creatoris
1963 3988 2024 4036 et

445 4057 755 4113 communis
782 4059 1151 4116 benefactoris
1175 4062 1520 4133 dignitatem,
1556 4076 1703 4123 recte
1734 4072 2026 4140 praesentia

449 4146 697 4208 subdidit
734 4166 752 4211 ί

519 4256 621 4323 Qui
673 4262 1013 4329 percusserit,
1075 4273 1125 4320 et
1165 4268 1413 4323 occiderit
1463 4270 1744 4340 hominem,
1781 4274 1897 4331 sive
1946 4290 2027 4331 se-

447 4350 686 4404 Cnndum
748 4352 910 4418 LXX,
955 4353 1060 4422 Qui
1106 4362 1417 4426 percusserit
1480 4363 1720 4418 animam
1769 4365 2020 4435 hominis,

449 4444 615 4490 morte
671 4439 949 4492 moriatur.
1012 4439 1079 4496 Et
1133 4444 1258 4513 quis
1311 4446 1554 4504 hominis
1611 4453 1851 4520 percutit
1906 4456 2028 4509 ani-

450 4542 591 4589 niam
622 4568 638 4593 ,
678 4527 784 4583 nisi
841 4528 934 4599 qui
969 4546 1095 4587 eum
1126 4534 1313 4592 illiciat
1359 4536 1428 4592 ad
1497 4538 1872 4611 impietatem?
1934 4547 2029 4618 qui

449 4633 576 4677 eum
627 4620 693 4676 ad
753 4619 1098 4692 blasphemos
1151 4627 1317 4684 trahit
1363 4633 1675 4688 sermones?
1715 4632 1770 4692 in
1829 4637 2028 4707 quibus

450 4712 716 4766 moriatur
764 4713 1000 4782 pessima
1054 4719 1266 4787 peccati
1316 4730 1538 4795 morte,
1606 4739 1727 4795 qua:
1772 4740 1895 4782 vera
1944 4740 2029 4786 est

450 4816 601 4857 mors
655 4802 873 4859 animae.
929 4804 1159 4878 Propter
1208 4812 1357 4880 quod
1409 4824 1585 4870 morte
1643 4817 1782 4873 mori
1839 4818 2026 4888 hunc,

449 4891 542 4962 qui
570 4893 692 4947 talis
740 4905 843 4959 est,
886 4898 1149 4969 praecipit.
1205 4897 1304 4956 llic
1347 4911 1528 4959 tamen
1565 4891 2030 4965 animam'dicens

448 4980 691 5049 hominis
741 4985 1030 5043 animalem
1097 4992 1332 5048 maxime
1396 4994 1672 5052 hominem
1742 5000 1924 5067 dicit,
1976 5001 2029 5057 id

453 5081 540 5129 est
595 5088 757 5139 eum,
836 5078 928 5147 qui
977 5093 1089 5134 non
1134 5090 1315 5151 potest
1374 5085 1673 5161 intelligere
1733 5104 1853 5161 qua:
1903 5104 2032 5151 sunt

449 5169 681 5239 spiritus
712 5211 728 5237 ,
775 5171 843 5227 de
904 5186 1014 5247 quo
1074 5173 1151 5230 ait
1205 5172 1406 5233 Paulus
1453 5197 1466 5238 ξ
1516 5176 1779 5239 Αηὶιηαιὶε
1852 5196 2030 5238 autem

453 5261 606 5315 homo
636 5277 738 5315 non
761 5264 981 5335 percipit
1019 5280 1081 5319 ea
1113 5280 1231 5341 qua:
1258 5279 1378 5323 sunt
1409 5271 1647 5342 spiritus.
1686 5272 1927 5331 Stultitia
1956 5280 2029 5332 est

456 5353 594 5406 enim
626 5351 706 5407 illi
735 5362 913 5409 etnon
957 5370 1122 5423 potest
1176 5361 1491 5433 intelligere,
1548 5365 1671 5436 quia
1721 5367 2032 5436 spiritaliter

456 5436 871 5502 nominatur".
898 5446 1070 5516 Quem
1091 5451 1182 5521 qui
1206 5456 1556 5523 percuSserit,
1582 5468 1755 5513 mone
1776 5459 2027 5514 moritur.

521 5605 904 5700 “°t__Cor._xr_i,
930 5629 985 5700 ξ.
1076 5630 1130 5663 λι
1169 5628 1347 5687 ICor.
1375 5650 1435 5700 η,
1472 5622 1559 5692 η.

456 5702 574 5763 δη,
601 5693 690 5749 27.
766 5693 810 5725 “
843 5694 982 5752 Psal.
1025 5714 1185 5767 xxxv,
1211 5700 1261 5754 7.

1645 5639 1686 5671 ⁸³
1710 5632 1849 5692 Psal.
1879 5653 2062 5706 nvm,
2091 5638 2175 5694 l3.

2130 1865 2406 1930 virtutem,
2461 1879 2624 1933 quam
2677 1864 2861 1917 habuit
2913 1863 3068 1925 civis,
3120 1860 3235 1917 sive
3288 1860 3566 1930 proximus
3614 1858 3714 1913 ille

2128 1957 2267 2011 mala
2310 1956 2514 2011 docens
2568 1965 2662 2008 aut
2716 1955 2974 2017 suadens,
3029 1961 3124 2007 aut
3163 1951 3557 2012 scandalizans,
3607 1959 3708 2005 aut

2126 2047 2506 2112 detrahens,et
2526 2044 2866 2100 calumnians
2886 2043 3165 2106 contrivit,
3199 2043 3313 2097 sive
3332 2041 3539 2096 oculum
3555 2040 3698 2108 ejus,

2127 2137 2382 2194 videlicet
2439 2137 2746 2199 scientiam,
2803 2132 3265 2205 unumquodlihet
3324 2133 3697 2203 prmdictornm

2126 2242 2292 2299 agens
2332 2225 2576 2287 caecavit.
2608 2235 2704 2281 aut
2746 2225 2988 2289 dentem,
3039 2225 3300 2278 virtutem
3357 2222 3642 2276 verborum
3685 2238 3704 2275 :

2127 2319 2318 2373 dentes
2337 2317 2483 2373 enim
2504 2332 2602 2385 pro
2620 2316 2796 2370 verbis
2814 2314 3094 2383 Scriptura
3120 2313 3369 2382 accipere
3389 2311 3543 2376 solet,
3560 2310 3710 2381 quod

2126 2399 2367 2462 ostendit
2397 2406 2564 2461 David
2594 2406 2782 2461 dicens
2808 2424 2819 2457 :
2852 2403 2984 2458 Filii
3011 2405 3282 2457 hominum
3316 2403 3499 2456 dentes
3530 2416 3712 2454 eorum

2127 2512 2280 2552 arma
2308 2506 2358 2551 et
2386 2498 2614 2567 sagittas,
2641 2505 2691 2550 et
2719 2496 2900 2564 lingua
2922 2511 3102 2550 eorum
3143 2493 3409 2546 mae/uera
3442 2501 3604 2545 acuta
3640 2491 3707 2543 ⁸³.

2128 2587 2203 2642 De
2226 2587 2443 2642 Christo
2486 2595 2668 2641 autem
2692 2583 2862 2639 Jacob
2890 2583 3197 2655 patriarcha
3224 2582 3276 2635 in
3310 2577 3711 2635 benedictioni-

2125 2679 2230 2735 bus
2261 2678 2475 2735 dicebat
2505 2696 2518 2733 ε
2546 2678 2880 2733 Pulchriores
2910 2676 3047 2731 oculi
3090 2676 3207 2745 ejus
3241 2675 3385 2737 vina,
3435 2683 3484 2728 et
3528 2672 3708 2726 dentes

2129 2770 2262 2823 lacte
2289 2770 2621 2824 candidiores
2644 2768 2713 2821 “.
2739 2768 2882 2823 Clari
2915 2768 3084 2831 enim,
3128 2776 3184 2820 et
3205 2764 3381 2836 aperti
3405 2760 3707 2834 evangelici

2126 2850 2330 2918 Christi
2378 2874 2660 2917 sermones
2694 2867 2824 2914 sunt
2851 2874 3017 2928 super
3042 2859 3126 2913 lac
3151 2857 3346 2928 legale.
3384 2853 3711 2911 Necessaria

2126 2968 2255 3024 ergo
2279 2967 2492 3014 eorum,
2519 2966 2641 3021 qua:
2675 2951 2818 3007 dicta
2846 2959 2977 3005 sunt
2998 2948 3200 3018 aliquid
3226 2961 3455 3012 nocens,
3476 2943 3710 2999 similem

2129 3044 2313 3113 etipse
2329 3042 2563 3098 sustinet
2587 3043 2874 3105 maculam,
2901 3042 2957 3096 in
2985 3039 3190 3110 judicio
3222 3038 3479 3094 videlicet
3499 3037 3708 3093 futuro.

2132 3133 2188 3190 Si
2218 3133 2368 3190 enim
2388 3133 2612 3189 alterius
2639 3134 2825 3189 virtuti
2852 3133 3063 3197 nocuit,
3092 3141 3190 3187 aut
3228 3130 3508 3197 contrivit,
3537 3129 3712 3199 ipsius

2130 3234 2444 3281 conteretur
2483 3242 2497 3278 :
2533 3224 2816 3279 scientiam
2843 3222 3173 3283 obscuravit,
3205 3222 3327 3291 ejus
3356 3220 3589 3277 scientia
3609 3236 3712 3291 pro

2128 3318 2280 3375 nullo
2319 3316 2630 3381 habebitur,
2675 3315 2719 3370 si
2764 3314 2942 3370 verbis
2984 3313 3357 3370 doctoraiibus
3397 3312 3610 3375 nocuit,
3652 3317 3714 3367 et

2128 3409 2249 3478 ejus
2278 3422 2562 3464 sermones
2587 3405 2957 3461 infructuosos
2986 3406 3058 3470 ei,
3095 3412 3260 3475 atque
3291 3404 3514 3460 inutiles
3539 3402 3711 3473 inde:

2129 3500 2344 3557 elﬁciet.
2384 3499 2609 3569 Propter
2640 3497 2784 3567 quod
2807 3514 2919 3552 non
2945 3498 3100 3565 dixit,
3129 3497 3231 3554 Sic-
3250 3498 3462 3555 facietis
3486 3498 3561 3564 ei,
3588 3495 3707 3561 sed,

2128 3592 2208 3647 sic
2237 3591 2330 3647 ﬁet
2357 3592 2429 3656 ei,
2471 3591 2717 3646 futurum
2744 3590 3012 3660 judicium
3049 3592 3308 3658 innuens,
3337 3592 3393 3646 in
3415 3606 3521 3661 quo
3538 3589 3714 3659 inde:

2130 3686 2311 3741 reddet
2360 3684 2643 3754 unicuique
2681 3682 2965 3738 secundum
3007 3698 3165 3752 opera
3213 3698 3311 3737 sua
3354 3681 3424 3735 “.
3461 3680 3620 3748 Quod
3663 3680 3713 3736 si

2129 3779 2251 3848 quis
2281 3777 2443 3833 etiam
2474 3777 2752 3831 hominem
2779 3775 3114 3845 percusserit
3142 3773 3451 3845 perlectum
3486 3773 3542 3827 in
3575 3772 3708 3839 fide,

2128 3880 2184 3927 et
2216 3879 2649 3925 consummatum
2677 3886 2690 3921 :
2723 3869 2827 3923 hoc
2862 3869 3008 3922 enim
3051 3867 3274 3937 proprie
3310 3876 3396 3923 est
3422 3865 3664 3922 hominis
3689 3904 3711 3931 .

2129 3971 2351 4035 propter
2371 3963 2513 4030 quod
2531 3963 2668 4017 dixit
2688 3961 2888 4016 David:
2915 3962 3167 4015 Homines
3193 3968 3243 4014 et
3258 3962 3505 4029 jumenta
3538 3959 3712 4013 salvos

2130 4056 2312 4127 facies,
2334 4054 2650 4108 Domine“:
2675 4053 2925 4108 homines
2945 4052 3136 4108 dicens
3153 4066 3268 4112 eos,
3284 4050 3376 4121 qui
3398 4059 3569 4121 agunt
3586 4067 3711 4120 quas

2129 4146 2369 4217 perlecta
2415 4154 2564 4211 sunt,
2614 4146 2886 4215 jumenta.
2933 4144 3304 4215 imperfectos,
3353 4154 3410 4200 et
3459 4145 3705 4201 idiotas:

2128 4241 2460 4314 percusserit
2488 4249 2670 4295 autem
2703 4239 2917 4294 mortali
2948 4239 3124 4308 plaga,
3152 4253 3273 4307 qua:
3302 4237 3467 4292 trahit
3494 4238 3563 4291 ad
3606 4237 3712 4291 im-

2129 4335 2408 4406 pietatem.
2421 4331 2510 4386 hic
2523 4340 2696 4386 morte
2710 4329 2990 4385 morietur.
3008 4328 3142 4383 Nam
3154 4340 3208 4383 et
3223 4329 3266 4385 si
3285 4330 3513 4385 idoneus
3529 4329 3632 4384 fuit
3644 4330 3709 4384 ad

2062 4423 2104 4477 ο
2135 4426 2509 4497 repellendum
2527 4421 2748 4489 vulnus,
2768 4420 2859 4490 qni
2892 4420 3328 4490 percutiebatur,
3367 4420 3475 4476 hoc
3514 4436 3710 4489 quam-

2134 4523 2267 4579 libet
2295 4519 2718 4577 satisfactionem
2749 4531 2859 4570 non
2887 4524 3042 4583 paret
3075 4515 3426 4585 percutienti,
3456 4524 3513 4571 et
3539 4516 3712 4571 multo

2133 4613 2305 4685 magis
2328 4613 2430 4667 sub
2444 4625 2606 4680 pmna
2622 4608 2745 4674 erit,
2771 4608 2898 4678 quia
2918 4615 2974 4663 et
2990 4622 3116 4663 eum
3137 4608 3230 4678 qui
3250 4608 3433 4678 potuit
3454 4607 3715 4664 resistere

2132 4706 2206 4772 ei,
2243 4702 2464 4759 occidit.
3080 4692 3092 4704 ’

2201 4808 2433 4883 Equum
2456 4810 2715 4878 judicium
2735 4809 2803 4862 sit
2830 4808 2969 4863 inter
2992 4825 3098 4871 vos,
3130 4809 3448 4879 inquit,sive
3474 4807 3716 4879 peregri-

2135 4905 2374 4969 nus,siue
2392 4902 2516 4956 civis
2530 4901 2841 4969 peccaverit,
2866 4900 2993 4970 quia
3018 4916 3111 4970 ego
3144 4918 3263 4956 sum
3284 4899 3544 4955 Dominus
3574 4897 3717 4952 Deus

2136 5006 2319 5055 vester.
2348 4995 2458 5051 Nec
2472 4997 2633 5051 modo
2657 4998 2872 5067 excepit
2900 4995 3125 5064 eos,qui
3146 5008 3297 5048 nunc
3319 4992 3460 5048 docti
3489 4999 3621 5045 sunt
3645 4988 3716 5043 ab

2139 5089 2239 5151 cis,
2274 5089 2365 5158 qui
2400 5092 2552 5159 prius
2572 5099 2627 5144 et
2650 5105 2680 5144 a
2704 5090 3025 5160 parentibus
3065 5101 3250 5143 sacras
3288 5085 3534 5140 scierunt
3564 5081 3716 5136 Scri-

2141 5190 2350 5250 pturas.
2388 5182 2747 5237 Communem
2771 5190 2954 5236 autem
2973 5186 3163 5236 contra
3196 5185 3458 5246 utrosque
3490 5176 3712 5246 pinnam

2137 5269 2344 5336 definit,
2390 5282 2445 5329 et
2475 5273 2640 5327 infert
2674 5291 2687 5327 :
2718 5273 2849 5344 quia
2893 5286 2992 5343 ego
3022 5269 3282 5324 Dominus
3308 5266 3460 5321 Dens
3508 5273 3711 5332 chtor,

2136 5364 2230 5433 qui
2286 5364 2420 5428 dixi,
2457 5366 2584 5435 quia
2617 5363 2923 5435 Quicunque
2960 5361 3405 5418 scandalizarerit
3445 5364 3608 5412 unum
3648 5356 3715 5411 ds

2138 5453 2343 5521 pusillis
2375 5456 2507 5518 istis,
2540 5458 2629 5526 qui
2662 5458 2716 5509 in
2750 5468 2829 5511 me
2854 5458 3091 5520 credunt,
3137 5454 3343 5526 expedit
3390 5452 3463 5518 ei,
3497 5456 3553 5503 ut
3595 5462 3713 5503 sus-

2302 5639 2346 5672 "
2385 5639 2527 5697 Psal.
2554 5657 2667 5707 Lvt,
2698 5641 2757 5717 5.¹
2828 5642 2874 5673 ³⁵
2898 5636 3033 5693 Gen.
3074 5653 3217 5703 ms,
3260 5634 3341 5689 l2.
3444 5632 3493 5667 δ’
3516 5627 3708 5687 λίθω..
