4038 6182
296 261 432 330 1109

1429 263 1511 324 IN
1550 261 1990 325 LEVITICUM.
2025 284 2094 299 —
2125 259 2278 320 LIB.
2317 257 2449 322 VII.

3440 258 3572 326 1110

293 376 561 447 pendetur.
604 376 742 430 mola
785 377 1024 430 asinaria
1055 378 1126 429 ad
1163 375 1356 429 collum
1390 376 1524 444 ejus,
1557 384 1607 430 et
1634 375 1708 429 sic
1743 391 1884 435 mer-
1913 392 1958 449 Α
1986 387 2161 437 seres,
2205 379 2260 427 et
2303 371 2520 427 vineam
2568 384 2675 424 non
2721 369 2958 439 putabis.
3009 370 3364 442 Quas-sponte
3384 373 3569 448 gignet

294 476 454 538 gatur
481 467 536 519 in
573 467 830 537 profundo
865 467 1030 521 maris
1069 466 1136 522 ⁸⁷.
1165 465 1354 537 Neque
1379 467 1525 522 cnim
1558 467 1676 522 hac
1714 466 1877 522 verba

296 554 564 621 distinxit,
598 559 693 613 sed
717 558 943 614 dicens:
977 555 1304 629 Quicunque,
1320 574 1512 614 omnes
1544 573 1719 628 pinum
1747 557 1880 613 sub-

292 647 445 716 jecit,
502 656 727 718 propter
782 649 926 718 quod
978 658 1035 704 et
1082 650 1285 705 Paulus
1327 650 1514 704 dixit:
1554 647 1654 714 Qui
1702 658 1880 704 autem

297 741 572 798 conturbat
589 758 696 804 uos,
724 743 952 810 portabit
975 743 1262 812 judicium,
1291 744 1585 813 quicunque
1607 751 1682 795 est
1703 740 1794 794 ille
1809 739 1878 804 ⁸⁸,

296 827 351 883 id
391 839 497 894 est,
547 831 662 884 sive
692 846 914 900 parvus,
966 832 1082 886 sive
1123 848 1370 904 magnus,
1438 833 1554 887 sive
1596 830 1880 886 scientiam

300 921 509 975 habens
541 922 829 991 plurimam
860 923 975 978 sive
1007 940 1252 993 parvam,
1283 925 1397 978 sive
1428 939 1576 978 nunc
1607 922 1877 987 didicerit,

300 1011 414 1065 sive
449 1013 620 1080 prius,
650 1013 766 1068 sive
842 1014 976 1068 civis
1017 1015 1145 1080 ﬁde,
1195 1015 1308 1070 sive
1364 1015 1704 1084 peregrinus.
1745 1014 1881 1068 Cum

301 1112 482 1158 autem
511 1105 626 1158 haec
657 1105 728 1159 ita
758 1121 815 1160 se
847 1106 1103 1168 habeant,
1131 1108 1434 1162 necessaria
1461 1115 1576 1160 erat
1597 1105 1803 1160 Iudaeis
1829 1113 1884 1159 et

302 1195 496 1250 litterae
528 1197 756 1261 sanctio,
791 1213 969 1267 neque
1002 1198 1294 1268 cupiebant
1335 1198 1525 1254 audire
1553 1215 1565 1251 :
1593 1198 1651 1252 Si
1686 1199 1802 1268 quis
1837 1207 1882 1250 te

303 1287 611 1353 percusserit
649 1287 702 1339 in
727 1289 969 1341 dextram
1005 1287 1306 1353 maxillam,
1355 1287 1529 1357 prwbe
1552 1286 1634 1340 illi
1673 1296 1721 1340 et
1749 1285 1884 1339 alte-

305 1393 421 1430 ram
449 1378 514 1439 ”,
549 1379 673 1446 quia
703 1395 829 1432 cum
857 1389 1042 1434 essent
1067 1380 1337 1446 malevoli,
1367 1379 1746 1449 unusquisque
1780 1378 1884 1432 hoc

304 1471 611 1539 proximum
633 1481 929 1526 exacturus
955 1482 1093 1538 erat,
1127 1480 1184 1526 et
1212 1488 1323 1526 non
1355 1474 1472 1541 ipse
1495 1487 1677 1542 agere.
1709 1470 1883 1525 Recte

302 1577 432 1633 ergo
457 1564 538 1619 eis
571 1563 788 1618 oculum
817 1579 915 1633 pro
944 1564 1124 1629 oculo,
1151 1566 1370 1620 dentem
1415 1581 1516 1634 pro
1532 1565 1707 1619 dente
1737 1563 1884 1616 dice-

303 1651 480 1718 batur,
517 1663 575 1706 ut
613 1664 761 1708 metu
802 1654 1026 1707 alternae
1064 1669 1240 1723 preme
1266 1669 1297 1707 a
1333 1653 1643 1719 vinolentis,
1681 1662 1736 1706 et
1780 1652 1882 1706 bo-

303 1744 540 1800 micidiis
573 1745 934 1800 abstinerent.
1358 1750 1363 1755 ’

375 1852 537 1910 Vens.
563 1856 655 1910 23.
685 1875 704 1908 ‹
735 1855 1082 1925 Locutusque
1112 1865 1197 1910 est
1215 1855 1393 1926 Moyes
1421 1855 1491 1909 ad
1525 1854 1664 1909 ﬁlios
1694 1853 1880 1920 lsrael,

303 1955 360 2001 et
398 1947 703 2002 eduxerunt
733 1963 856 2002 eum
890 1948 983 2016 qui
1025 1947 1498 2017 blasphemaverat
1529 1955 1681 2001 extra
1706 1956 1883 2000 castra

303 2051 370 2092 ac
417 2037 692 2108 lapidibus
734 2048 1148 2108 oppresserunt,
1193 2037 1548 2107 feceruntque
1577 2038 1674 2094 lilii
1716 2037 1886 2092 Israel

305 2130 448 2182 sicut
470 2137 803 2198 praeceperat
828 2129 1088 2183 Dominus
1114 2129 1302 2200 Moysi.
1338 2147 1356 2178 ›

376 2219 518 2288 Ergo
546 2233 655 2271 non
689 2220 787 2272 tibi
819 2220 1018 2273 frustra
1047 2235 1198 2280 eum,
1235 2219 1326 2288 qui
1359 2219 1598 2272 animam
1640 2220 1883 2277 hominis

305 2310 600 2378 percussit,
624 2319 718 2362 aut
763 2311 992 2380 pecoris,
1017 2321 1110 2365 aut
1150 2311 1450 2374 hominem,
1480 2327 1642 2380 quem
1666 2323 1721 2366 et
1746 2315 1883 2368 mori

305 2407 532 2467 propter
581 2399 683 2454 hoc
727 2401 1008 2470 praecepit,
1045 2401 1197 2454 illum
1247 2415 1370 2455 esse
1405 2401 1706 2456 secundum
1755 2402 1887 2474 legis

305 2490 826 2559 contemplationem
879 2493 1236 2556 ostendimus,
1290 2492 1380 2561 qui
1423 2493 1590 2546 alium
1631 2494 1699 2547 ad
1739 2493 1886 2549 blas-

309 2577 589 2648 phemiam
617 2582 947 2649 percusserit
973 2582 1195 2647 docens,
1225 2591 1624 2645 autexacuans,
1658 2592 1753 2637 aut
1783 2583 1887 2638 tale

303 2666 508 2736 aliquid
540 2669 687 2723 aliud
721 2685 908 2738 agens.
944 2671 1084 2725 Ecce
1113 2672 1258 2725 enim
1277 2672 1413 2726 ordo
1438 2673 1742 2727 sanctionis
1761 2689 1887 2742 pro-

304 2759 400 2813 bat
429 2759 531 2812 hoc
549 2769 604 2812 et
637 2760 844 2828 absque
867 2761 1044 2830 aliqua
1066 2762 1345 2817 dubietate
1377 2763 1736 2828 demonstrat,
1757 2766 1885 2834 quia

305 2850 373 2904 de
401 2850 484 2904 his
538 2853 630 2920 qui
684 2853 1013 2907 maledicunt
1063 2853 1258 2920 Deum,
1323 2863 1418 2908 aut
1478 2855 1882 2925 blasphemant,

291 2938 653 3012 praecipiens.
681 2944 968 3009 conjunxit
989 2945 1074 2999 his
1091 2959 1218 3000 eum
1241 2945 1334 3014 qui
1365 2946 1604 3001 hominis
1619 2947 1881 3012 animam,

303 3043 400 3088 aut
431 3034 698 3100 animalis,
734 3044 829 3109 aut
858 3036 1137 3090 hominem
1170 3036 1348 3106 ipsum
1383 3039 1743 3107 percussisset
1779 3057 1791 3092 :
1824 3048 1878 3093 et

1986 465 2208 528 humus,
2261 479 2373 518 non
2419 472 2611 525 metes,
2662 473 2717 518 et
2767 477 2902 517 uvas
2932 463 3290 533 primitiarum
3346 476 3566 522 tuarum

1988 573 2099 612 non
2125 557 2349 628 colliges
2377 556 2531 626 quasi
2571 555 2928 610 vindemiam.
2956 554 3149 610 Annus
3183 566 3266 610 est
3289 559 3434 613 enim
3477 575 3568 615 re-

1987 647 2284 717 quietionis
2333 657 2510 702 terrae.
2562 645 2670 700 Sed
2714 655 2874 700 erunt
2922 646 3077 700 vobis
3118 647 3171 700 in
3206 647 3436 702 cibum‘:
3469 651 3566 705 tibi

1988 749 2044 794 et
2069 756 2228 795 servo
2257 749 2368 804 tuo,
2395 740 2608 795 ancillae
2638 749 2692 794 et
2726 739 3070 794 mercenario
3102 748 3213 802 tuo,
3241 749 3296 793 et
3325 741 3566 806 advenae,

1988 832 2079 900 qui
2103 833 2522 902 peregrinantur
2548 831 2692 902 apud
2714 843 2798 886 te.
2831 829 3102 884 Jumentis
3126 831 3252 894 tuis,
3281 839 3336 885 et
3364 832 3573 900 pecori-

1989 923 2112 986 bus,
2146 924 2329 977 onmia
2360 939 2482 994 qua:
2508 932 2813 977 nascuntur
2843 922 3165 992 praebebunt
3196 923 3400 976 cibum.
3439 941 3458 973 ι

2063 1013 2310 1076 Terram,
2334 1030 2496 1082 quam
2519 1023 2573 1068 et
2594 1015 2760 1067 Deum
2787 1013 2946 1067 nobis
2968 1013 3097 1068 dare
3124 1013 3304 1077 decet,
3333 1023 3389 1068 et
3413 1013 3572 1068 nobis

1991 1103 2210 1172 expedit
2251 1104 2522 1173 accipere,
2556 1119 2620 1157 ex
2665 1119 2772 1172 qua
2818 1119 3005 1158 veram
3034 1103 3199 1157 vitam
3248 1104 3574 1174 conquirere

1990 1209 2300 1263 possumus,
2348 1193 2509 1247 idest
2557 1194 3028 1248 conversationem
3076 1194 3272 1248 bonam
3313 1209 3433 1264 qua:
3489 1204 3574 1250 est

1989 1285 2290 1339 secundum
2340 1285 2462 1354 ejus
2501 1284 2697 1354 legem,
2745 1292 2910 1354 atque
2952 1285 3224 1349 mandata,
3259 1302 3380 1356 quae
3413 1285 3572 1342 nobis

1991 1377 2156 1441 dedit,
2177 1379 2244 1432 de
2267 1392 2373 1446 qua
2403 1378 2481 1431 ait
2507 1377 2674 1430 David
2709 1395 2722 1429 :
2755 1377 2895 1430 Doce
2920 1394 3002 1430 me
3030 1378 3351 1431 uoluntatem
3386 1387 3571 1434 tuam:

1991 1469 2114 1536 quia
2148 1477 2202 1521 tu
2236 1485 2288 1522 cs
2319 1469 2458 1522 Deus
2503 1485 2669 1533 meus,
2703 1466 2933 1536 Spiritus
2965 1478 3084 1522 tuus
3112 1479 3326 1524 sanctus
3355 1471 3571 1525 deducet

1991 1575 2072 1612 me
2097 1560 2152 1612 in
2188 1569 2387 1613 terram
2428 1568 2626 1612 rectam
2649 1559 2714 1613 ⁸ο.
2750 1559 2903 1615 l-lanc
2946 1561 2989 1615 si
3025 1561 3430 1627 intraverimus,
3476 1579 3572 1617 sex

1991 1650 2152 1703 annis
2181 1667 2364 1706 serere
2409 1662 2658 1706 nostrum
2695 1667 2905 1722 agrum,
2956 1663 3010 1707 et
3045 1653 3289 1722 plantare
3335 1654 3568 1721 vineam,

1914 1761 1961 1820 Β
1991 1749 2046 1793 et
2075 1740 2328 1810 colligere
2351 1740 2561 1796 fructus
2593 1744 2683 1812 qui
2715 1758 2780 1796 ex
2816 1759 2879 1797 ea
2913 1753 3231 1809 nascuntur,
3262 1759 3568 1814 possumus,

1995 1831 2046 1886 id
2087 1842 2190 1895 est,
2233 1847 2404 1902 usque
2437 1833 2568 1887 dum
2599 1834 2653 1886 in
2699 1834 2808 1888 vita
2841 1834 2940 1888 hac
2983 1843 3038 1888 et
3079 1834 3133 1887 in
3183 1844 3430 1890 creatura
3471 1837 3571 1891 hac

1985 1923 2183 1978 visibili
2231 1939 2468 1980 sumus:
2509 1940 2672 1996 quam
2726 1940 2822 1979 sex
2869 1926 3080 1980 dierum
3121 1941 3384 1981 numerus
3426 1936 3571 1983 recte

1986 2015 2255 2085 signiﬁcat
2306 2017 2433 2085 quia
2477 2016 2532 2070 in
2565 2029 2657 2070 sex
2711 2015 2905 2071 diebus
2930 2017 3227 2072 constituta
3256 2029 3404 2085 sunt,
3450 2034 3571 2088 qua!

1985 2105 2240 2158 videntur
2276 2105 2480 2160 omnia.
2527 2104 2772 2175 Septimo
2799 2114 2983 2161 autem
3027 2121 3196 2171 anno,
3249 2105 3568 2176 Sabbatum,

1986 2202 2042 2248 et
2075 2195 2293 2264 requies
2325 2197 2430 2250 erit
2454 2205 2634 2250 terrae.
2673 2195 2904 2262 Quando
2931 2197 3079 2252 enim
3111 2197 3448 2269 intelligibile
3474 2214 3571 2254 no-

1987 2293 2160 2337 strum
2182 2287 2391 2340 venerit
2417 2283 2732 2350 Sabbatum,
2779 2287 2830 2340 id
2852 2296 2936 2340 est
2967 2287 3251 2357 praesentis
3279 2288 3459 2341 sat-culi
3485 2303 3572 2342 re-

1986 2377 2160 2446 quies,
2199 2378 2267 2433 de
2294 2395 2397 2448 qua
2427 2380 2503 2434 ait
2532 2378 2733 2434 Paulus
2758 2399 2770 2434 :
2801 2379 2942 2450 Ergo
2960 2380 3274 2448 relinquitur
3298 2379 3570 2434 Sabbatis-

1997 2486 2111 2522 mus
2140 2470 2322 2538 populi
2357 2470 2449 2524 Dei
2481 2471 2524 2502 “
2558 2488 2573 2524 :
2607 2485 2766 2538 quem
2805 2471 2987 2540 signat
3013 2469 3129 2525 dies
3162 2471 3412 2540 septima,
3445 2471 3571 2541 quia

1997 2559 2231 2628 septima
2281 2559 2369 2614 die
2420 2561 2689 2630 requievit
2722 2560 2866 2612 Deus
2905 2561 2974 2613 ab
3013 2561 3269 2614 omnibus
3317 2560 3574 2630 operibus

1996 2648 2132 2714 suis,
2165 2648 2418 2704 videlicet
2450 2648 2754 2704 visibilibus
2780 2666 2793 2705 :
2822 2657 2952 2702 tunc
2985 2648 3320 2718 operationis
3349 2664 3458 2704 non
3489 2661 3575 2705 est

1988 2745 2222 2807 tempus,
2250 2747 2306 2792 et
2329 2739 2450 2793 ideo
2485 2755 2589 2794 nec
2617 2755 2806 2810 agrum
2843 2739 2976 2809 legis
3021 2748 3152 2794 tunc
3204 2755 3410 2809 serere,
3470 2755 3569 2798 nec

1986 2831 2358 2899 evangelicam
2393 2831 2604 2886 vineam
2647 2831 2891 2900 plantare
2920 2847 3230 2901 possumus.
3255 2833 3398 2902 Ager
3425 2831 3572 2885 enim

1987 2933 2016 2971 a
2045 2919 2202 2973 nobis
2227 2919 2312 2973 lex
2349 2930 2496 2974 recte
2521 2920 2862 2992 intelligitur,
2896 2920 3022 2990 quia
3072 2920 3256 2975 senior
3282 2920 3444 2984 tilius,
3478 2923 3575 2990 qui

1983 3011 2186 3080 juniori
2229 3013 2429 3082 populo
2466 3013 2713 3068 ‘a-mulus
2761 3022 2864 3077 est,
2922 3013 3013 3082 qui
3059 3012 3346 3082 imaginem
3388 3013 3573 3084 populi

304 3139 416 3179 non
445 3125 620 3180 solum
643 3090 784 3182 sicut
810 3129 906 3192 illi,
942 3136 998 3183 et
1026 3129 1154 3183 huic
1174 3090 1406 3198 poenamr
1908 3090 1952 3151 ϐ
1995 3101 2301 3198 “‘1‘me
2333 3104 2588 3198 Semjnde
2619 3120 2768 3175 agro’
2799 3105 3049 3160 ﬁdem“
3073 3105 3392 3198 θρβτωῖωιθ
3417 3106 3568 3198 ¹.²Ϋθί³⁹

305 3216 398 3268 sed
445 3219 742 3284 explanans
777 3217 924 3287 quod
957 3233 1122 3272 unam
1156 3219 1393 3273 habeant
1437 3235 1522 3280 ea.
1567 3236 1686 3290 quae
1737 3221 1882 3275 dicta

307 3313 451 3367 sunt,
467 3306 848 3370 intentionem,
863 3324 1053 3364 rursus
1073 3309 1298 3371 addidit.
1315 3310 1404 3379 qui
1421 3309 1882 3379 blasphemaverit,

304 3409 523 3461 poenam
549 3413 712 3465 quam
736 3399 917 3453 omnis
949 3399 1245 3454 multitudo
1269 3401 1532 3455 obediens
1556 3401 1661 3472 legi
1695 3403 1883 3471 exige-

309 3484 424 3539 bat.
481 3488 804 3543 Audivimus
853 3490 1021 3554 enim,
1064 3491 1526 3558 quemadmodum
1573 3493 1642 3546 de
1684 3494 1884 3548 castris

307 3575 497 3631 eduxit
529 3592 676 3642 eum,
713 3580 805 3649 qui
859 3581 1278 3650 blasphemavit,
1330 3581 1710 3652 lapidibusque
1755 3599 1884 3639 eum

308 3669 543 3739 opprimi
578 3672 863 3742 pracepit.
916 3671 1210 3741 Propterea
1252 3673 1614 3742 indignationi
1658 3683 1712 3729 et
1746 3691 1887 3745 opus

306 3759 535 3825 addidit,
569 3771 624 3816 et
652 3763 824 3833 legem
853 3763 952 3818 tibi
975 3765 1141 3818 etiam
1176 3764 1552 3834 experimento
1593 3766 1712 3836 ipso
1751 3783 1886 3823 con-

309 3850 574 3905 ﬁrmatam
591 3855 845 3919 ostendit,
864 3865 922 3911 ut
937 3868 992 3912 et
1011 3865 1065 3910 tu
1083 3855 1462 3926 blasphemare
1483 3856 1649 3913 Deum
1669 3860 1886 3917 timeres

305 3950 363 3998 et
387 3942 622 4012 fugeres,
647 3945 790 4000 illam
812 3947 1007 4003 timens
1025 3951 1230 4018 peccati
1251 3949 1700 4019 magnitudinem,
1721 3969 1885 4022 quam

307 4048 418 4088 non
463 4036 639 4091 solum
695 4039 998 4109 principes,
1058 4041 1155 4095 sed
1204 4055 1425 4096 omnem
1481 4042 1882 4100 multitudinem

307 4126 585 4186 vindicare
633 4133 920 4202 praecepit.
976 4131 1299 4188 Communis
1355 4133 1500 4188 enim
1555 4136 1720 4192 debet
1762 4153 1884 4194 esse

308 4221 562 4275 omnibus
587 4231 778 4277 contra
821 4222 1170 4293 blasphemos
1212 4227 1562 4297 pugna,quia
1604 4230 1882 4284 communi

307 4319 494 4366 nostro
532 4313 886 4378 benefactori,
929 4316 1202 4369 communi
1240 4327 1437 4373 nostrae
1480 4319 1602 4374 vitae
1660 4336 1726 4375 ex
1775 4337 1884 4390 quo

306 4415 498 4458 omnes
517 4412 574 4457 et
597 4419 739 4468 esse,
763 4414 818 4460 et
843 4405 979 4460 bene
996 4422 1117 4462 esse
1153 4408 1434 4475 habemus,
1453 4410 1740 4467 detrahere
1762 4421 1876 4468 ten-
1915 4444 1959 4500 υ

309 4501 445 4558 tant,
475 4495 595 4564 ejus
627 4497 848 4565 quidem
880 4498 1063 4570 gloriae
1093 4500 1230 4555 nihil
1257 4512 1540 4571 nocentes,
1563 4520 1662 4561 nos
1695 4514 1880 4561 autem

307 4584 374 4639 ab
399 4600 465 4641 eo
490 4601 761 4656 separare,
793 4599 850 4644 et
876 4592 1154 4661 expellere
1185 4594 1455 4650 volentes.

870 4724 1100 4782 CAPUT
1140 4727 1308 4784 XXV.

378 4834 537 4891 Vens.
559 4837 676 4891 1-7.
723 4855 742 4889 ‹
769 4835 1117 4908 Locutusque
1146 4848 1230 4894 est
1272 4840 1532 4896 Dominus
1559 4843 1626 4897 ad
1663 4843 1882 4915 Moysen

303 4926 359 4980 in
391 4939 576 4984 monte
596 4928 770 4994 Sinai,
788 4930 975 4984 dicens
1001 4931 1283 5000 :Loquere
1306 4932 1433 4986 ﬁliis
1466 4931 1629 4986 Israel
1657 4943 1713 4987 et
1734 4934 1884 4989 dices

298 5017 370 5072 ad
397 5034 492 5074 cos
522 5038 540 5074 :
564 5020 792 5088 Quando
824 5022 1053 5092 ingressi
1095 5022 1307 5077 fueritis
1347 5032 1570 5090 terram,
1595 5040 1759 5094 quam
1782 5041 1882 5098 ego

301 5113 442 5168 dabo
463 5114 641 5182 vobis,
655 5113 998 5180 sabbatizetis
1018 5112 1310 5168 Sabbatum
1333 5114 1579 5170 Domino.
1601 5114 1705 5170 Sex
1725 5118 1884 5173 annis

301 5214 451 5255 seres
473 5216 663 5272 agrum
687 5212 860 5270 tuum,
881 5210 936 5257 et
953 5217 1048 5257 sex
1066 5203 1226 5256 annis
1251 5203 1468 5272 putabis
1489 5204 1702 5260 vineam
1733 5215 1881 5261 tuam

301 5292 628 5364 colligesque
662 5293 875 5350 fructus
911 5295 1050 5366 ejus.
1076 5293 1323 5364 Septimo
1348 5305 1531 5351 autem
1562 5312 1707 5352 anno
1744 5297 1882 5354 Sab-

299 5383 488 5442 batum
521 5387 626 5448 erit
671 5396 830 5442 terra:
861 5385 1223 5458 requietionis
1251 5385 1485 5442 Domini.
1517 5388 1720 5460 Agrum
1764 5404 1872 5442 non

369 5607 415 5640 ⁸⁷
440 5607 632 5682 Iatth.
666 5627 820 5678 xvut,
863 5611 916 5665 6.
995 5613 1039 5644 “
1069 5610 1186 5682 Cal.
1207 5626 1259 5677 ν,
1283 5611 1370 5667 to.
1445 5611 1490 5644 "
1519 5610 1712 5670 Matth.
1747 5629 1798 5682 v,
1829 5613 1919 5670 59.

301 5675 354 5732 5.
431 5681 476 5712 "
496 5679 633 5736 Gen.
661 5675 815 5749 xmx,
855 5682 935 5736 ll.
1013 5682 1060 5714 ”
1080 5675 1269 5737 Matth.
1299 5697 1444 5752 XXVI,
1477 5683 1566 5740 29.

1992 3193 2186 3246 reverti
2217 3192 2435 3248 dicitur.
2469 3192 2632 3247 Vinea
2664 3203 2870 3257 autem,
2915 3195 3224 3264 evangelica
3250 3193 3369 3247 sine
3393 3192 3574 3262 aliqua

1990 3283 2265 3338 dubietate
2297 3283 2610 3352 praedicatio
2639 3293 2722 3338 est
2749 3302 2760 3338 :
2789 3284 3039 3340 Christus
3063 3285 3209 3338 enim
3244 3284 3296 3340 ei
3327 3285 3573 3340 occasio-

1991 3389 2116 3428 nem
2150 3381 2206 3427 ct
2247 3374 2530 3428 materiam
2575 3374 2746 3437 dedit,
2779 3375 2872 3444 qui
2917 3376 3091 3430 dixit:
3126 3375 3236 3446 Ego
3272 3392 3388 3430 sum
3432 3377 3571 3440 citis,

1992 3480 2078 3517 vos
2100 3473 2280 3517 autem
2299 3463 2567 3532 palmites,
2601 3464 2765 3518 Pater
2813 3481 2954 3520 meus
2987 3467 3219 3536 agricola
3253 3476 3326 3520 est
3370 3467 3438 3520 ".
3461 3466 3574 3523 Nec

1991 3571 2120 3627 ergo
2194 3555 2374 3611 colere
2414 3555 2623 3627 legalia,
2674 3557 3111 3627 autevangclica
3155 3557 3407 3612 mandata
3451 3567 3574 3626 post

1993 3649 2199 3703 exitum
2227 3647 2293 3703 de
2325 3648 2429 3702 hac
2476 3649 2608 3713 vita,
2651 3659 2745 3703 aut
2778 3649 3067 3703 transitum
3115 3649 3436 3720 poterimus,
3477 3649 3571 3704 sed

1992 3755 2094 3794 nec
2131 3755 2193 3794 ea
2224 3756 2344 3810 qum
2391 3748 2584 3810 sponte
2616 3749 2939 3804 nascuntur,
2990 3748 3214 3805 metere,
3256 3739 3308 3794 id
3339 3750 3425 3794 est
3471 3755 3573 3796 nec

1991 3849 2331 3904 quaecunque
2375 3834 2638 3888 naturalis
2664 3834 2750 3888 lex
2778 3833 2846 3888 ad
2863 3833 3236 3902 operationem
3260 3832 3572 3888 hominibus

1996 3925 2256 3995 suggerit,
2291 3924 2409 3978 haec
2439 3933 2523 3978 est
2568 3923 2714 3978 enim
2759 3938 2878 3993 qua:
2901 3932 3096 3992 sponte
3143 3922 3401 3993 gignitur,
3445 3922 3571 3992 quia

1991 4026 2142 4070 extra
2165 4015 2572 4071 meditationem
2601 4015 2886 4079 librorum,
2910 4022 2965 4068 et
2983 4027 3205 4067 omnem
3239 4012 3571 4067 doctoralem

1992 4108 2240 4162 auditum
2272 4107 2536 4178 suggerit,
2566 4116 2622 4161 et
2641 4106 2960 4161 exhortatur
2992 4120 3114 4175 quae
3143 4113 3274 4158 sunt
3314 4102 3490 4168 utilia,
3517 4110 3573 4158 et

1992 4202 2349 4272 cogitationes
2368 4201 2526 4256 nobis
2547 4199 2872 4269 adjuvantes
2891 4197 3128 4251 animam
3154 4203 3433 4266 praastant.
3466 4192 3572 4250 Sed

1991 4309 2095 4348 nec
2126 4309 2258 4347 uvas
2286 4291 2656 4360 primitiarum
2681 4290 2793 4344 sive
2824 4299 2882 4343 ut
2912 4287 3052 4342 LXX
3089 4304 3244 4341 uvam
3267 4286 3572 4355 sanctiﬁca-

1993 4385 2171 4449 tionis,
2215 4384 2549 4438 vindemiare
2594 4391 2726 4436 tunc
2761 4396 2987 4436 necesse
3038 4379 3322 4446 habemus,
3364 4387 3419 4434 et
3452 4375 3582 4448 quae

1989 4485 2075 4530 est
2095 4473 2536 4530 sanctiﬁcationis
2553 4488 2660 4528 uva
2684 4491 2695 4526 :
2725 4471 3013 4542 sciuntqui
3042 4472 3235 4527 imbuti
3261 4481 3386 4526 sunt
3407 4470 3572 4526 Chri-

1991 4567 2061 4622 sti
2090 4565 2426 4636 mysterium,
2455 4565 2546 4634 qui
2569 4563 2942 4632 experimento
2971 4563 3039 4617 de
3065 4562 3285 4618 Christo
3337 4563 3574 4633 prophe-

2002 4659 2132 4712 tiam
2162 4666 2529 4728 perceperunt
2557 4676 2568 4710 :
2603 4656 2826 4710 Lavabit
2864 4658 2918 4710 in
2938 4657 3058 4710 vino
3085 4656 3275 4710 stolam
3300 4671 3492 4720 suam,_
3525 4663 3574 4706 et

2000 4749 2056 4801 in
2082 4748 2340 4816 sanguine
2362 4763 2475 4800 avie
2497 4746 2720 4814 pallium
2745 4747 2977 4809 suum”,
3009 4745 3173 4814 hujus
3197 4741 3574 4800 sanctiﬁcatio-

1993 4838 2078 4892 nis
2106 4852 2270 4906 quam
2300 4851 2410 4890 non
2441 4836 2935 4901 vindemiahimus;
2971 4835 3224 4889 illicuam
3253 4829 3569 4903 mysterium

1986 4927 2105 4982 fore
2152 4926 2494 4980 Dominicum
2525 4925 2830 4981 videbimus
2870 4933 3018 4986 tunc,
3075 4923 3170 4977 sed
3211 4935 3335 4974 cum
3377 4918 3568 4987 majori

1987 5017 2156 5089 gloria
2181 5016 2385 5070 nullius
2413 5015 2687 5071 sensibilis
2703 5016 2777 5069 rei
2801 5016 2946 5070 sicut
2967 5027 3114 5066 nunc
3140 5017 3384 5081 egentes.
3410 5007 3570 5065 Unde

1987 5109 2265 5180 legislator
2322 5107 2540 5178 quidem
2587 5122 2742 5161 uvam
2790 5102 3258 5165 commemoravit,
3318 5099 3570 5156 Christus

1987 5209 2170 5253 autem
2203 5199 2307 5252 hoc
2336 5213 2394 5251 se
2418 5197 2604 5252 bibere
2630 5197 2686 5250 in
2717 5210 2888 5267 regno
2920 5193 3231 5259 nobiscum,
3253 5191 3347 5246 sed
3365 5206 3570 5246 novum

1987 5291 2238 5364 promisit
2256 5293 2325 5345 ⁸⁸.
2345 5289 2459 5345 Hoc
2481 5305 2608 5362 ergo
2635 5289 2939 5351 sabbatum,
2961 5285 3014 5339 id
3035 5285 3346 5354 esrrequies
3361 5283 3568 5352 saeculi,

1988 5387 2044 5440 in
2095 5399 2205 5454 quo
2251 5382 2507 5452 praedicta
2577 5390 2716 5455 terra
2777 5376 3190 5448 requiescimus,
3245 5393 3371 5433 cum
3424 5375 3570 5434 enim

1999 5614 2043 5646 δι’
2076 5613 2217 5666 Psal.
2252 5627 2410 5675 exul,
2443 5612 2525 5666 10.
2627 5609 2670 5640 ”
2699 5607 2865 5664 Hebr.
2908 5623 2984 5673 tv,
3017 5608 3070 5662 9.
3169 5608 3211 5638 ⁵³
3280 5603 3437 5669 Joan.
3479 5617 3567 5658 ιν·
