4036 6200
2012 221 2126 247 ειη-ι

481 306 613 372 illi

1622 355 1631 365 ς
1682 312 2049 379 HESYCHII
2080 312 2551 380 PRESBYTERI

2314 209 2373 250 λ.

3606 304 3751 372 ill!

485 424 610 483 tpnc
625 411 711 479 fas
738 430 849 471 non
870 413 962 481 sit,
984 430 1132 471 nunc
1155 426 1369 489 tempus
1394 418 1662 478 habemus
1683 437 1805 493 quae
1820 439 2053 494 operan-
2081 435 2127 493 Α
2154 428 2367 483 sionem
2414 426 2628 483 cunctis
2679 424 3074 480 habitatoribus
3122 432 3281 478 terra:
3333 430 3461 476 tum.
3495 422 3621 492 ipse
3662 431 3761 478 est

480 505 544 573 da
562 514 709 561 sunt.
726 505 879 562 Unde
897 516 952 561 et
971 506 1213 577 quinque
1232 507 1398 566 fatua:
1417 511 1673 583 virgines,
1688 514 1813 584 quia
1831 524 2054 582 vocatae,

482 604 543 654 ut
561 598 828 653 intrarent
854 598 921 653 ad
953 599 1159 670 regales
1195 601 1441 672 nuptias,
1475 603 1658 660 oleum
1707 605 2061 661 ambulabant

482 703 684 752 emere,
715 688 856 773 sicut
875 689 1187 759 ignin‘antes
1213 701 1448 763 tempus,
1478 695 1711 751 exclusae
1732 706 1863 751 sunt
1889 698 1957 750 ⁸⁸.

504 844 517 863 ο
549 778 824 850 sinterunt
850 782 992 836 vobis
1014 783 1070 836 in
1097 784 1289 849 cibum,
1313 786 1426 851 tibi,
1458 797 1508 841 et
1531 804 1678 842 servo
1701 798 1811 855 tuo,
1845 790 2057 844 ancilla:

481 872 877 935 et-mercenario
907 882 1016 939 tuo,
1050 884 1100 928 et
1125 876 1340 931 advena:
1364 879 1455 947 qui
1482 880 1888 950 peregrinantur
1918 883 2063 950 apud

483 968 553 1023 te,
591 961 850 1030 iumentis
893 966 1017 1031 tuis,
1069 967 1342 1036 pecoribus
1384 971 1507 1024 tuis.
1552 970 1877 1042 Quicunque
1914 972 2080 1027 enim'

484 1068 633 1121 nunc
658 1054 870 1123 operati
895 1054 1180 1122 fuerimus,
1212 1059 1406 1115 horum
1438 1060 1511 1115 ibi
1553 1061 1790 1118 fructum
1822 1064 2064 1133 percipi-

485 1161 631 1213 mus,
659 1156 714 1200 et
742 1147 873 1208 illud
903 1149 1106 1210 Psalmi
1148 1152 1309 1206 nobis
1348 1152 1665 1221 aptabitur:
1697 1154 1850 1209 Beati
1887 1171 2065 1209 omnes

486 1238 577 1308 qui
603 1239 790 1301 timent
810 1238 1112 1300 Dominum.
1135 1243 1363 1298 Labores
1377 1246 1645 1315 fructuum
1668 1257 1879 1301 tuarum
1907 1264 2063 1310 man,-

488 1329 721 1391 dttcabis.
748 1329 948 1387 Beatus
975 1349 1047 1398 es,
1076 1343 1126 1390 et
1171 1333 1297 1389 bene
1326 1336 1419 1389 tibi
1438 1335 1536 1400 erit
1561 1336 1627 1389 ⁸⁸η.
1669 1335 2066 1397 Beatitudinem

490 1433 620 1490 ergo
634 1419 894 1479 describit
913 1421 1083 1479 futuri
1110 1423 1312 1488 saeculi,
1329 1423 1547 1481 beatum
1567 1424 1861 1495 quemdam
1883 1426 2066 1481 cibum

490 1508 761 1564 invenire.
799 1509 1026 1567 Beatum
1052 1512 1201 1568 enim
1226 1513 1321 1579 ait,
1351 1513 1445 1583 qui
1468 1515 1769 1571 comederit
1788 1530 1985 1585 panem
2010 1516 2069 1573 in

490 1614 659 1671 regno
684 1602 970 1659 caelorum.
1004 1602 1170 1659 Multo
1200 1605 1375 1676 magis
1412 1615 1594 1661 autem
1637 1605 1858 1661 beatum
1902 1614 2070 1661 estet

490 1704 680 1766 servos
713 1690 937 1757 habere,
960 1701 1016 1748 et
1042 1694 1267 1750 ancillas
1297 1705 1353 1750 et
1377 1698 1769 1762 mercenarios,
1808 1697 2068 1761 advenas,

490 1779 736 1852 queuta
761 1792 816 1860 et
850 1800 1069 1854 pecora,
1097 1784 1212 1840 sive
1246 1787 1548 1842 secundum
1599 1787 1741 1843 LXX
1781 1798 1831 1842 et
1856 1789 2067 1843 bestias.

492 1871 714 1943 Species
743 1874 890 1929 enim
943 1876 1063 1933 haec
1083 1876 1467 1947 diseipulatum
1502 1880 1863 1949 praebentium
1910 1881 2071 1935 nobis

494 1963 549 2022 in
595 1973 781 2023 sancta
820 1966 913 2021 Dei
967 1970 1388 2025 conversatione
1420 1981 1549 2026 sunt
1599 1972 1851 2027 diversae.
1913 1972 2069 2027 Servi

494 2056 716 2124 quidem
744 2065 800 2111 et
819 2057 1051 2125 ancillae,
1090 2069 1356 2130 quotquot
1397 2063 1554 2116 nobis
1583 2062 1647 2117 ad
1687 2062 2070 2133 discipulatnm

496 2147 851 2219 semetipsum
880 2149 1242 2217 subdiderint,
1284 2151 1370 2207 vel
1407 2168 1439 2207 a
1473 2154 1633 2209 nobis
1671 2154 1839 2225 empti
1871 2154 2074 2210 fuerint

495 2236 566 2293 de
584 2240 846 2296 exteriori
872 2242 1116 2298 servitio.
1143 2244 1465 2300 Mercenarii
1490 2255 1672 2302 autem
1696 2247 1888 2314 nostri,
1920 2248 2013 2317 Qui
2043 2264 2073 2301 a

494 2329 657 2385 nobis
703 2331 912 2391 invitati
952 2342 1104 2398 sunt,
1146 2351 1260 2391 non
1312 2345 1495 2393 tamen
1547 2346 1757 2399 tantum
1810 2339 2069 2409 subjecti,

500 2429 566 2484 ut
588 2430 646 2478 et
663 2424 828 2491 servi,
855 2435 911 2481 et
936 2426 1148 2494 ancillae
1172 2428 1546 2485 nominentur.
1575 2430 1839 2497 Adventu,
1863 2431 1981 2489 sive
2016 2439 2077 2487 ut

502 2513 665 2577 LXX,
689 2517 958 2587 inquilini,
981 2519 1295 2590 adjacentes
1315 2523 1509 2579 nobis:
1540 2537 1720 2593 neque
1748 2525 1893 2579 enim
1921 2523 2076 2579 dixe-

502 2615 651 2675 runt,
668 2607 986 2678 inquilinos,
1013 2611 1108 2667 sed
1132 2612 1391 2683 inquilino
1408 2613 1675 2683 adjacenti
1704 2614 1776 2668 ad
1805 2624 1854 2668 te
1885 2633 1899 2668 :
1924 2624 2079 2684 quot-

503 2708 638 2767 quot
667 2699 722 2754 in
763 2700 872 2756 vita
902 2701 1004 2755 ista
1033 2718 1130 2771 per
1170 2704 1593 2775 philosophiam,
1643 2705 1799 2775 quasi
1830 2707 2078 2776 inquilini

504 2798 635 2845 sunt
658 2804 770 2845 non
799 2798 980 2849 tamen
1008 2793 1372 2855 exterioribus
1400 2794 1670 2864 adjacent,
1691 2795 1786 2851 sed
1809 2795 1968 2851 nobis
1986 2795 2078 2866 qui

505 2883 561 2935 in
575 2881 773 2938 bonam
794 2892 993 2939 terram
1011 2884 1240 2956 ingressi
1260 2874 1471 2951 sumus,
1488 2896 1545 2942 et
1562 2886 1908 2956 possidemus
1929 2903 2077 2954 cum,

506 2982 564 3029 ct
583 2989 705 3044 quae
739 2975 806 3029 ad
836 2990 955 3031 eam
1006 2976 1263 3046 pertinet.
1323 2977 1433 3033 Sed
1461 2987 1517 3033 et
1540 2964 1590 3033 si
1620 2993 1782 3048 quem
1827 2978 2079 3045 idiotam,

507 3062 622 3118 sive
650 3063 967 3133 papularem
1013 3064 1345 3134 juvabimus,
1376 3065 1433 3121 bi
1461 3066 1607 3121 enim
1640 3074 1767 3125 Sunt
1793 3067 2039 3137 junienta
2064 3083 2079 3121 :

510 3159 736 3228 insuper
783 3167 838 3213 et
881 3159 927 3213 si
966 3175 1128 3229 quem
1160 3159 1459 3215 infidelium
1501 3161 1586 3215 vel
1642 3160 1955 3232 impiorum,
1993 3160 2084 3230 qui

510 3260 657 3333 recte
687 3264 904 3320 pecora,
935 3251 1036 3305 sivi
1065 3259 1126 3305 ut
1148 3251 1309 3317 LXX,
1335 3253 1512 3307 bestiw
1531 3252 1902 3321 nominantur,
1929 3268 2088 3307 man-

2155 519 2416 590 jubileus.
2470 518 2796 572 Revertetur
2841 517 3004 570 homo
3025 515 3092 569 ad
3140 512 3553 583 possessionem
3590 529 3753 569 suam

2159 620 2217 666 et
2262 609 2638 681 unusquisque
2686 608 2862 663 rediet
2905 607 2971 661 ad
3007 605 3264 660 familiam
3306 603 3751 673 pristinam.Qni

2156 700 2397 772 jubileus
2426 709 2512 757 est
2562 710 2620 755 et
2653 697 3136 770 quinquagesimus
3189 710 3370 750 annus
3403 711 3517 750 non
3550 698 3753 751 seretis

2162 807 2344 863 neque
2363 790 2588 847 metetis
2613 800 2811 861 sponte
2836 790 2890 843 in
2921 803 3049 859 agro
3072 786 3375 850 nascentia,
3396 796 3450 841 et
3482 786 3753 856 primitias

2162 883 2454 939 vindemiae
2487 898 2598 937 non
2614 881 2900 953 colligetis,
2919 880 2989 934 ob
3021 876 3510 933 sanctificationem
3535 878 3747 947 jubilei,

2164 977 2262 1032 sed
2294 975 2477 1031 statim
2535 975 2710 1030 ablata
2760 971 3080 1028 comedetis.
3113 970 3273 1024 Anno
3297 968 3492 1039 jubilei
3537 970 3751 1025 redient

2165 1082 2357 1122 omnes
2383 1068 2449 1121 ad
2479 1066 2855 1137 possessiones
2884 1079 3033 1118 suas.
3067 1082 3084 1113 ›

2237 1159 2340 1215 Hic
2376 1157 2745 1230 interrogandi
2776 1165 2909 1211 sunt
2946 1154 3143 1220 Judaei,
3175 1154 3218 1208 si
3251 1154 3565 1224 septimam,
3607 1154 3752 1209 sicut

2169 1251 2275 1322 ipsi
2297 1242 2507 1314 dicunt,
2541 1247 2687 1303 diem
2707 1246 2985 1318 legislztor
3007 1246 3306 1309 bonorans,
3338 1258 3533 1297 vacare
3552 1244 3606 1296 in
3629 1243 3750 1313 ipsa

2168 1346 2239 1398 ab
2269 1340 2383 1413 agri
2437 1338 2717 1410 operibus.
2761 1336 2990 1405 alisque
3033 1335 3232 1390 talibus
3265 1331 3547 1404 praesepit,
3591 1334 3754 1401 cujus

2171 1433 2342 1506 gratia
2366 1429 2819 1502 quinquagesimo
2841 1442 2989 1483 anno
3005 1441 3221 1511 cessare
3237 1426 3306 1481 ab
3330 1425 3590 1496 operibus
3611 1440 3752 1495 prae-

2170 1526 2335 1596 cepit.
2355 1522 2412 1579 Si
2434 1523 2580 1579 enim
2599 1519 2965 1578 hebdomadas
2984 1518 3451 1574 hebdomadarum
3473 1519 3539 1573 ad
3556 1530 3751 1573 novem

2170 1625 2229 1672 et
2251 1614 2609 1686 quadraginta
2628 1612 2844 1669 numeri
2883 1625 3058 1666 annos
3084 1610 3435 1681 colliguntur,
3455 1625 3564 1664 non
3586 1623 3753 1677 opor-

2179 1707 2327 1761 tebat
2346 1704 2853 1776 quinquagesimum
2899 1715 3113 1765 vacare,
3145 1700 3249 1755 nisi
3276 1700 3510 1755 forsitan
3549 1698 3752 1768 aliquid

2112 1775 2154 1829 Β
2179 1775 2528 1866 significaret.
2556 1802 2612 1848 et
2639 1790 2893 1863 mysteria
2920 1791 3004 1845 lex
3025 1798 3347 1860 exponeret,
3373 1805 3497 1859 quae
3519 1789 3756 1844 necdum

2178 1896 2394 1956 tempus
2412 1894 2531 1939 erat
2554 1892 2745 1953 aperte
2772 1887 2995 1951 prepter
3032 1879 3345 1939 auditorum
3385 1880 3759 1934 infirmitatem

2179 1977 2400 2050 aperiri.
2430 1976 2563 2043 Quae
2590 1983 2717 2030 sunt
2741 1984 2923 2027 autem
2951 1970 3263 2029 bmc‘lAudi
3290 1990 3309 2029 :7
3336 1969 3538 2040 Duplex
3567 1979 3758 2031 autem

2179 2069 2428 2139 quaedam
2463 2065 2740 2122 infcrtura
2758 2063 2868 2119 Deo
2894 2063 3144 2118 omnium
3164 2061 3453 2117 visibilium
3495 2074 3763 2116 consume

2182 2161 2371 2222 ntatio,
2416 2173 2523 2213 una
2578 2156 2802 2227 quidem
2852 2154 3286 2224 uniuscujusque
3326 2161 3590 2215 nostrum,
3645 2151 3763 2206 alia

2184 2257 2385 2313 autem,
2413 2248 2724 2303 communis
2756 2244 2979 2300 humani
3013 2243 3229 2314 generis
3268 2243 3614 2313 ipsorumque
3659 2240 3768 2295 bo-

2184 2357 2327 2408 rum,
2376 2354 2498 2410 qua:
2544 2340 2707 2404 banc,
2739 2351 2862 2407 qua:
2912 2350 3063 2391 nunc
3120 2341 3224 2400 est,
3286 2331 3766 2387 conversationem

2184 2437 2548 2497 constituunt.
2578 2434 2685 2489 Sed
2708 2448 2813 2487 nec
2834 2430 3054 2502 quando
3102 2429 3479 2499 unusquisque
3519 2436 3766 2483 nostrum

2185 2535 2597 2583 consummatus
2630 2524 2815 2590 fuerit,
2868 2532 3085 2593 tempus
3113 2521 3274 2577 nobis
3326 2519 3594 2591 operandi
3638 2519 3767 2581 erit,

2186 2635 2291 2676 nec
2316 2618 2536 2689 quando
2582 2630 2815 2672 omnes:
2849 2623 2908 2671 et
2950 2614 3054 2667 hoc
3093 2611 3259 2666 nimis
3304 2610 3547 2665 scienter
3593 2610 3770 2680 legem

2186 2714 2344 2775 dans,
2370 2711 2513 2765 Deus
2529 2709 2730 2780 quippe
2745 2714 2882 2773 erat,
2907 2705 2993 2760 bis
3016 2703 3175 2759 nobis
3198 2701 3376 2757 innuit
3396 2710 3454 2757 et
3472 2701 3774 2771 superiori-

2187 2807 2293 2862 bus
2319 2803 2527 2863 verbis.
2557 2802 2612 2855 in
2644 2798 3021 2870 superioribus
3052 2795 3294 2867 quidem,
3328 2793 3772 2863 uniuscujusque

2189 2896 2354 2952 ﬁnem
2377 2892 2686 2956 insinuans,
2712 2889 2800 2944 bis
2821 2896 3027 2965 autem,
3053 2883 3585 2941 consummationem
3607 2883 3777 2938 totius

2190 2986 2409 3061 generis
2429 2984 2679 3050 humani,
2710 2980 3012 3050 mundique
3033 2976 3284 3033 visibilis.
3787 2974 3798 2984 '

2260 3077 2577 3134 Numerabis
2611 3088 2734 3147 ergo
2761 3075 2854 3128 tibi
2881 3082 3077 3143 septem
3099 3070 3457 3125 hebdomadas
3490 3084 3777 3131 amnt,

2192 3172 2320 3228 Sive
2373 3178 2434 3225 ut
2483 3166 2627 3223 LXX
2653 3186 2668 3221 :
2692 3165 2901 3236 Septem
2948 3180 3070 3235 ergo
3106 3162 3409 3218 numerabis
3427 3160 3524 3215 tibi
3573 3158 3779 3229 requies

2192 3278 2475 3318 annorum.
2492 3258 2724 3315 Sabbata
2750 3264 2950 3319 autem,
2969 3269 3070 3324 pro
3091 3254 3270 3325 requie
3292 3251 3489 3322 reliqui
3505 3250 3780 3319 interpre-

512 3350 728 3411 suetum
792 3342 1076 3407 iacientes,
1124 3343 1432 3414 relinquere
1470 3345 1728 3415 sylvas,et
1770 3344 1837 3398 ad
1888 3334 2090 3398 terram
2193 3356 2310 3417 tum
2349 3356 2661 3411 ediderunt.
2714 3350 2778 3403 Et
2804 3350 2933 3420 quid
2965 3350 3071 3404 hoc
3095 3346 3472 3417 est?Septem
3515 3344 3666 3400 enim
3705 3343 3781 3397 ait

512 3438 699 3527 venire
735 3448 974 3527 nostram
1016 3439 1331 3506 fecerimus.
1377 3447 1432 3494 et
1475 3440 1677 3494 bestias
1705 3439 1816 3511 agri
1853 3439 1979 3504 dici.
2025 3440 2092 3493 de
2194 3447 2565 3505 hebdomadas
2585 3460 2850 3501 annorum
2877 3442 3100 3512 septies.
3126 3441 3196 3495 Et
3225 3447 3356 3494 sunt
3393 3445 3611 3507 septem
3642 3434 3779 3489 beb-

513 3525 712 3599 quibu’s
762 3525 905 3586 dixit
942 3530 1148 3586 David:
1178 3530 1325 3585 Inter
1355 3541 1553 3585 montes
1586 3530 1883 3584 transibunt
1920 3545 2092 3600 aqua',
2196 3540 2457 3597 domades
2496 3552 2766 3594 annorum
2803 3533 3160 3605 quadraginta
3184 3545 3378 3586 novem
3400 3528 3554 3593 anni,
3571 3527 3703 3597 quia
3726 3525 3778 3579 in

516 3622 769 3691 putabunt
803 3640 893 3677 eas
916 3640 1094 3677 omnes
1125 3624 1302 3677 bestia:
1344 3624 1462 3694 agri
1485 3624 1551 3676 ⁸⁷.
1585 3623 1653 3678 Et
1675 3622 1730 3676 hi
1759 3622 1849 3692 qui
1884 3621 2080 3676 fruetus

2199 3631 2540 3695 hebdomade
2561 3630 2774 3683 dierum
2808 3634 2980 3682 totum
3007 3623 3269 3679 saeculum
3307 3622 3609 3675 humanum
3639 3616 3780 3672 divi-

521 3717 673 3769 hona:
699 3724 877 3780 terrae,
900 3731 1019 3785 qua:
1042 3731 1071 3769 a
1101 3716 1210 3769 Deo
1238 3715 1432 3769 tradita
1456 3723 1539 3769 est
1593 3714 1750 3769 nobis
1797 3728 2080 3768 conversa-

2196 3726 2367 3790 ditur,
2390 3723 2611 3795 quando
2628 3721 2718 3775 hic
2733 3720 2850 3789 ipse
2870 3718 2924 3771 in
2947 3715 3243 3784 semetipso
3263 3710 3657 3781 multiplicatus
3673 3707 3783 3763 fue-

519 3799 707 3871 tionis,
729 3808 870 3863 sicut
896 3808 1133 3862 diximus
1173 3806 1501 3875 intelligibili
1527 3804 1752 3859 sabbato
1783 3803 2092 3863 comedent,
2200 3820 2292 3878 τίκ,
2322 3826 2377 3871 ει
2404 3824 2511 3881 [om
2556 3811 2737 3868 smul;
2767 3809 3037 3879 compma
3066 3805 3234 3861 fuerit
3256 3802 3587 3860 volubilitas,
3628 3799 3785 3869 cujus

520 3902 573 3955 in
596 3893 840 3970 requiem
860 3900 1025 3953 futuri
1045 3898 1250 3962 saeculi,
1268 3897 1541 3969 praedictae
1564 3905 1723 3950 terra:
1740 3893 2080 3965 percipientc:

2203 3922 2420 3979 tempus
2444 3905 2672 3961 Creator
2689 3899 2956 3963 definivit,
2979 3899 3073 3953 diu
3093 3896 3453 3966 semetipsum
3472 3892 3700 3947 volvens
3717 3891 3782 3945 ad

520 3994 794 4055 fructuum
812 3993 1297 4062 delicias,propter
1316 3990 1460 4062 quod
1478 3988 1834 4044 Ecclesiastes
1855 3986 2097 4041 dicebat:
2157 4040 2162 4045 _
2206 4002 2368 4055 ﬁnem
2421 3995 2691 4068 pervenit.
2726 3993 2796 4048 Ει
2833 4000 3128 4062 propterea
3175 3989 3268 4043 me
3310 3987 3436 4041 ﬁnis
3472 3996 3782 4055 temporum

524 4087 783 4156 Prmpara
828 4088 899 4140 ad
929 4087 1124 4140 exitum
1163 4100 1324 4153 opera
1355 4093 1446 4136 tua
1478 4083 1546 4145 ⁸⁸,
1577 4081 1702 4151 quia
1742 4088 1865 4150 post
1896 4078 2080 4132 exitun

2209 4088 2670 4145 hebdomadarum
2724 4095 2876 4141 recte
2969 4082 3275 4154 appellatus
3330 4078 3783 4150 quadragesimus

524 4191 749 4251 tingere
783 4178 1083 4249 quamlibet
1105 4175 1480 4246 operationem
1525 4187 1635 4227 non
1678 4172 1821 4225 licet.
1845 4167 2101 4224 Christus
2207 4166 2386 4238 “unus
2430 4194 2607 4237 annus
2647 4185 2753 4233 est.
2801 4174 2911 4232 sed
2959 4182 3177 4245 οροηει
3210 4173 3377 4227 etiam
3433 4178 3785 4239 sequentem.

522 4282 704 4327 autem
732 4271 855 4326 ait:
886 4268 1198 4341 Operamini
1228 4283 1332 4321 non
1364 4266 1533 4320 cibum
1556 4264 1645 4334 qui
1671 4264 1829 4332 perit,
1865 4265 1954 4315 scd
1986 4274 2104 4313 cum
2208 4270 2736 4344 quinquagesimum,
2755 4269 2896 4335 sicut
2921 4266 2998 4320 ait
3028 4264 3117 4321 hic
3145 4262 3441 4333 legislator,
3470 4259 3784 4319 succedere.

522 4364 612 4421 qui
637 4373 907 4430 permanet
934 4362 991 4414 in
1019 4354 1182 4414 vitam
1210 4369 1485 4419 mternam,
1508 4374 1661 4428 quem
1684 4354 1856 4409 Filius
1886 4352 2109 4407 hominis
2214 4364 2268 4417 in
2293 4376 2401 4431 quo
2432 4366 2775 4416 mortuorum
2811 4354 2872 4410 ﬁt
2901 4352 3255 4411 resurrectio.
3286 4351 3416 4406 Post
3445 4350 3610 4404 finem
3644 4346 3785 4402 enim

525 4451 673 4527 ﬂabit
704 4451 843 4504 vobis
871 4451 937 4505 ".
974 4451 1147 4519 Hujus
1169 4449 1389 4518 quidem
1425 4462 1562 4516 opus
1589 4446 1698 4507 hic.
1722 4446 1773 4498 in
1808 4445 1990 4499 futuro
2015 4457 2107 4496 au-
2142 4457 2183 4511 ι)
2215 4450 2542 4507 resurrectio
2583 4448 2850 4518 sequitur.
2870 4444 3004 4509 Quas
3031 4443 3327 4514 quomodo,
3359 4450 3416 4497 et
3435 4438 3788 4510 quemadmo-

528 4555 635 4596 tcm
663 4541 874 4596 fructus
901 4551 1002 4596 est.
1028 4540 1119 4594 Vae
1150 4540 1318 4601 enim,
1342 4540 1387 4595 si
1408 4538 1530 4608 quis
1556 4536 1741 4591 vacuis
1760 4535 1886 4589 hinc
1912 4534 2104 4587 ambu—

530 4636 722 4688 laverit
753 4626 1024 4697 manibus,
1071 4616 1181 4687 illic
1210 4632 1299 4686 ubi
1334 4642 1548 4700 tempus
1571 4630 1679 4700 jam
1709 4643 1817 4682 non
1852 4635 1935 4681 est
1979 4626 2104 4679 the-

530 4725 857 4791 saurizandi,
879 4740 988 4780 non
1016 4716 1301 4794 operandi,
1328 4723 1419 4778 sed
1443 4724 1558 4779 haec
1588 4719 1960 4791 proferuntur,
1995 4718 2111 4770 hate

532 4821 809 4883 fruuntur,
841 4833 961 4887 qua:
1015 4817 1105 4872 hic
1131 4806 1337 4886 operati
1357 4814 1657 4869 tncrimus:
1689 4811 1886 4881 quibus
1919 4823 2112 4878 supcr-

532 4911 808 4967 zediﬁcans
838 4900 1132 4982 legislator.
1159 4907 1438 4978 sequentia
1464 4894 1738 4961 subdidit:

632 5023 795 5084 Vens.
831 5022 984 5079 8-15.
1045 5041 1063 5095 t
1120 5019 1448 5095 Numerabis
1496 5031 1712 5087 quoque
1762 5014 1857 5071 tibi
1905 5022 2113 5084 septem

536 5110 909 5167 hebdomades
947 5090 1334 5172 annorum,'id
1374 5115 1478 5169 est,
1522 5107 1746 5176 septies,
1794 5120 1914 5174 qua:
1954 5104 2115 5157 simul

538 5204 746 5260 faciunt
771 5218 945 5277 annos
986 5192 1347 5277 quadraginta
1390 5213 1609 5259 novem,
1641 5205 1697 5252 et
1733 5178 1951 5266 clanges
1978 5194 2113 5248 buc-

539 5290 685 5373 cina,
710 5276 898 5353 mense
929 5294 1185 5383 septimo,
1212 5276 1433 5347 {decima
1483 5290 1571 5345 die
1599 5289 1825 5351 mensis,
1848 5286 2115 5357 propitia-

542 5385 705 5439 tionis
731 5374 994 5453 tempore,
1033 5374 1087 5435 in
1119 5374 1371 5435 universa
1400 5374 1543 5433 terra
1577 5386 1779 5441 vestra,
1817 5375 2119 5430 sanctifica-

538 5476 734 5557 iiisque
769 5491 973 5530 annum
1012 5472 1539 5545 quinquagesimum,
1570 5457 1624 5524 et
1668 5458 1900 5523 vocabis
1929 5467 2119 5522 remis-

536 5698 541 5701 -
644 5676 690 5708 "'
727 5672 919 5728 Matth.
952 5691 1079 5737 xxv,
1112 5675 1135 5727 l
1173 5690 1285 5739 seq.
1398 5674 1443 5704 "
1473 5672 1611 5726 Psal.
1641 5688 1836 5737 cxxvn,
1877 5672 1926 5737 i,
1951 5672 2005 5724 Ξ.

548 5746 595 5809 εἳ
628 5741 647 5801 Ι
679 5743 806 5801 Cor.
839 5760 925 5806 xv,
959 5744 1055 5808 25;
1093 5746 1107 5796 l
1137 5746 1331 5797 Thess.
1367 5761 1441 5811 iv,
1476 5744 1560 5797 l5.

2006 5866 2192 5878 -.α-...ιω
2215 5870 2227 5877 .

2111 5670 2154 5700 ⁵⁷
2200 5666 2342 5721 PSuI.
2375 5681 2488 5732 ειη,
2527 5663 2611 5717 Η.

2212 4545 2341 4601 dum
2371 4540 2677 4613 proveniat,
2700 4538 2833 4597 dicit
2860 4535 3086 4596 Paulus.
3107 4534 3372 4589 Similiter
3408 4540 3592 4588 autem
3638 4538 3695 4584 et
3717 4527 3792 4582 le-

2215 4636 2436 4705 gislator
2453 4631 2814 4705 praesentibus
2834 4627 3078 4689 subdidit
3101 4625 3305 4682 verbis.
3326 4623 3403 4678 ait
3424 4622 3571 4678 enim
3594 4637 3611 4674 :

2272 4729 2339 4783 Et
2357 4727 2603 4796 clangens
2624 4723 3041 4793 buccina,mens_e
3062 4719 3303 4795 septimo,
3323 4717 3379 4769 in
3396 4714 3643 4767 universa
3659 4724 3793 4766 terra

2219 4831 2415 4876 uestra.
2442 4794 2589 4871 Illam
2620 4815 2805 4868 tubam
2829 4794 3166 4882 significans,
3196 4794 3263 4861 de
3296 4822 3403 4875 qua
3432 4803 3634 4858 Paulus
3663 4802 3795 4858 scri-

2219 4912 2301 4967 bit
2322 4894 2646 4971 corinthiis,
2675 4904 2906 4959 dicens:
2938 4901 3080 4967 Quia
3110 4901 3222 4967 ipse
3261 4886 3517 4952 Dominus
3546 4894 3803 4966 injust,

2219 5008 2275 5060 in
2305 5019 2426 5057 voce
2471 4998 2807 5070 Arclmngeli.
2839 4998 2893 5050 in
2940 4996 3065 5049 tuba
3099 4993 3195 5048 Dei
3240 4990 3516 5046 descendet
3556 4988 3625 5041 de
3652 4985 3805 5050 ccio,

2222 5108 2270 5153 et
2297 5095 2491 5151 mortui
2518 5094 2606 5163 qui
2634 5093 2689 5144 in
2715 5090 2923 5146 Christo
2950 5072 3093 5149 sunt,
3131 5091 3401 5154 resurgent
3426 5080 3723 5148 incorrupti
3734 5078 3795 5130 ⁸⁸.

2220 5191 2453 5260 Oportet
2480 5186 2626 5241 enim
2659 5172 3000 5238 mortuorum
3037 5164 3501 5234 resurrectionem
3534 5174 3800 5229 suscitau-

2224 5256 2333 5338 te-m
2352 5297 2447 5336 eos
2466 5277 2778 5351 praecedere
2799 5276 3010 5328 tubam.
3033 5270 3187 5326 Unde
3216 5256 3281 5323 in
3301 5266 3727 5351 quadragesimo
3749 5272 3801 5315 et

2229 5390 2377 5429 nono
2398 5386 2563 5438 anno,
2591 5370 2645 5424 in
2674 5384 2783 5439 quo
2816 5377 3161 5444 communem
3193 5346 3434 5417 diximus
3455 5368 3801 5413 consumma-

2233 5468 2438 5523 tionem
2477 5464 2615 5528 ﬁeri,
2645 5462 2773 5518 tuba
2804 5458 2926 5517 cani
2966 5455 3242 5528 praecepit.
3289 5454 3348 5509 ln
3392 5465 3582 5508 mense
3623 5457 3801 5504 autem

2721 5663 2766 5710 ’ξ’
2796 5660 2959 5717 Eccli.
2992 5673 3103 5724 xiv,
3132 5656 3221 5710 l7.
3337 5655 3383 5686 ”
3415 5653 3576 5708 Joan.
3612 5664 3689 5715 vt,
3714 5647 3800 5703 2'1.

2572 5863 2769 5873 ...σου-...η
2853 5869 2863 5874 ,
3128 5861 3227 5869 ρ-.-
3254 5853 3368 5865 οτ·⁴““¹“
