4036 6200
277 255 413 322 1113

1365 270 1369 274 ν
1407 262 1495 323 In
1524 262 1966 339 LEVITICUM.
2008 288 2077 300 -—
2117 264 2264 324 LIB.
2302 265 2432 328 vn.
2479 248 2483 259 ”

3411 259 3544 327 1114

275 370 533 443 septimo,
588 370 795 427 decima
834 373 1060 442 mensis,
1084 422 1092 430 .
1114 373 1522 446 propitiationis
1577 384 1844 445 tempore,
1874 379 1921 434 Α
1949 375 2223 431 thesauros
2245 379 2301 430 in
2329 377 2478 442 caelo,
2520 378 2607 432 ubi
2636 394 2729 432 nec
2762 377 2924 438 tinea,
2955 391 3046 431 nec
3075 390 3257 445 wrugo
3301 389 3543 428 corrum-

274 462 588 534 clangentes
636 462 869 519 buccina
914 465 969 524 in
1004 466 1259 522 universa
1298 475 1440 522 terra
1483 475 1664 521 vestra
1708 476 1856 522 recte

274 549 557 620 praecepit,
623 568 725 622 per
786 555 1231 624 propitiationem
1296 555 1677 619 manifestans,
1728 555 1855 625 quia

277 648 507 710 propter
546 641 850 697 bonitatem
881 653 937 698 et
964 644 1309 698 clementiam
1339 659 1465 715 erga
1496 659 1660 699 omne
1685 660 1859 716 genus

276 720 598 796 humanum,
649 733 1052 791 communionis
1106 734 1525 789 resurrectionis
1576 734 1861 805 dispensat
1913 739 1920 746 '

277 823 616 895 mysterium,
635 823 1065 880 misericordiam
1098 824 1419 895 impendans
1439 824 1632 890 Adam,
1647 824 1740 895 qui
1758 839 1859 894 per

279 915 706 977 inobedientiam
741 916 797 970 in
824 926 1024 972 terram
1071 917 1269 972 reverti
1306 927 1609 987 praeceptus
1638 924 1722 972 est
1754 936 1768 970 :
1808 917 1854 971 si

279 1009 425 1085 enim
459 1024 571 1064 non
605 1010 859 1065 misertor
893 1010 1328 1080 propitiatorium
1359 1010 1570 1072 fuisset,
1600 1025 1709 1063 non
1731 1024 1859 1065 eum

279 1116 310 1155 a
333 1102 685 1172 corruptione
711 1112 928 1159 terrena
967 1098 1274 1159 liberasset.
1312 1102 1465 1169 Quod
1500 1112 1685 1157 autem
1723 1102 1860 1158 dixit

282 1208 501 1249 omnem
549 1202 773 1261 terram,
819 1194 945 1265 quia
993 1195 1160 1249 totius
1214 1195 1322 1250 erit
1364 1194 1591 1249 humani
1641 1194 1860 1265 generis

282 1286 631 1341 resurrectio.
665 1285 769 1341 Per
795 1287 1088 1357 septimum
1117 1296 1300 1342 autem
1329 1302 1597 1353 mensem,
1628 1293 1685 1341 et
1705 1285 1861 1341 deci-

283 1393 429 1432 mam
455 1377 622 1443 diem,
652 1393 778 1432 eum
820 1379 911 1448 qui
945 1379 1064 1434 haec
1105 1380 1261 1450 egit,
1287 1379 1540 1434 videlicet
1580 1377 1862 1434 Christum

285 1469 574 1540 intelliges.
599 1468 783 1526 Mense
819 1470 964 1526 enim
1005 1471 1245 1541 septimo
1272 1479 1405 1527 tetas
1441 1470 1633 1526 mundi
1660 1469 1812 1525 venit
1843 1488 1856 1524 :

286 1561 448 1630 cujus
475 1576 721 1617 mensem
744 1562 976 1632 primum
1007 1562 1245 1619 dicimus
1279 1577 1406 1616 eum
1431 1561 1523 1632 qui
1556 1561 1658 1616 fuit
1680 1562 1734 1615 in
1767 1576 1864 1631 pa-

288 1651 472 1706 radiso
499 1668 515 1717 ;
542 1652 843 1707 secundum
873 1668 1044 1723 usque
1067 1654 1134 1708 ad
1164 1654 1430 1709 diluvium
1455 1672 1468 1707 :
1497 1654 1742 1719 tertium,
1764 1667 1860 1709 us-

286 1757 393 1812 que
431 1742 499 1798 ad
528 1742 801 1799 Abraham
830 1763 843 1798 :
873 1754 1128 1814 quartum
1164 1760 1335 1815 usque
1372 1745 1440 1799 ad
1468 1754 1708 1815 tempus,
1755 1761 1866 1816 quo

289 1835 616 1894 descensum
656 1846 742 1891 est
781 1836 834 1892 in
881 1836 1175 1908 Egyptum
1206 1854 1220 1890 :
1251 1836 1527 1906 quintum,
1581 1852 1755 1907 usque
1800 1838 1866 1893 ad

290 1929 657 1999 captivitatem
690 1930 745 1985 in
774 1930 1119 2001 Babyloniam
1142 1946 1159 1983 :
1186 1937 1423 1995 sextum,
1456 1919 1631 1999 neque
1672 1930 1739 1985 ad
1768 1930 1867 1986 ad-

292 2028 513 2075 ventum
528 2018 727 2075 Christi
748 2039 760 2074 :
780 2021 1092 2090 septimum,
1110 2021 1287 2090 ipsum
1309 2021 1522 2076 Domini
1542 2022 1868 2088 adventum;

290 2124 417 2175 nam
461 2113 565 2167 etsi
629 2127 751 2166 non.
792 2127 984 2167 omnes
1045 2112 1130 2171 hae
1170 2112 1532 2171 diﬂ'erentiam
1577 2113 1869 2183 quamdam

293 2197 434 2253 inter
461 2216 521 2254 se
538 2208 728 2263 aetates
750 2200 987 2264 habent,
1030 2208 1210 2259 tamen
1231 2209 1536 2271 temporum
1561 2203 1712 2274 signa
1732 2202 1874 2258 sicut

295 2307 513 2346 menses
542 2293 765 2347 habent.
793 2292 899 2346 Sed
926 2292 1192 2349 decimam
1223 2294 1366 2350 diem
1401 2305 1686 2365 prepterea
1716 2297 1872 2352 addi-

295 2383 396 2448 dit,
421 2384 544 2454 quia
579 2385 634 2438 in
660 2385 1069 2454 perfectionem,
1095 2387 1367 2456 perfectus
1386 2388 1589 2458 quippe
1611 2405 1874 2445 numerus

296 2483 381 2529 est
429 2475 694 2538 decimus,
728 2476 1167 2545 propitiationem
1212 2487 1452 2533 nostram
1498 2495 1597 2550 per
1629 2495 1872 2548 erucem,

296 2574 462 2635 atque
505 2566 813 2635 passionem
854 2567 1108 2623 Christus
1152 2568 1380 2640 peregit.
1426 2568 1585 2625 Unde
1621 2579 1676 2627 et
1717 2586 1874 2627 ovem

297 2673 460 2726 quam
497 2657 709 2729 Moyses
752 2660 1012 2730 praecepit
1052 2659 1340 2725 immolari,
1388 2660 1686 2730 perfectam
1727 2678 1872 2727 esse,

294 2757 352 2804 et
365 2749 576 2805 decima
592 2750 679 2805 die
691 2752 929 2820 separari
961 2753 1238 2822 praecepit,
1257 2754 1422 2824 hujus
1441 2763 1720 2826 gerentem
1741 2757 1876 2811 ima-

298 2842 499 2911 ginem,
529 2841 596 2896 de
622 2857 732 2911 quo
757 2843 918 2897 nobis
945 2858 1094 2898 nunc
1135 2860 1318 2900 sermo
1364 2854 1470 2900 est.
1515 2844 1659 2912 Quid
1690 2856 1875 2902 autem

300 2932 387 2988 his
405 2931 655 2986 addidit?

1962 469 2062 536 pit,
2090 482 2182 523 nec
2208 470 2354 539 fures
2388 469 2659 538 eﬂ'odiuut,
2710 482 2759 524 et
2822 471 3074 540 furantur
3092 468 3160 519 ⁸³.
3218 464 3325 521 Sed
3371 473 3428 520 et
3474 466 3545 520 ad

1964 557 2225 612 familiam
2257 559 2542 628 pristinam
2574 560 2840 619 redimus.
2872 558 2957 613 vel
2979 556 3124 612 sicut
3156 554 3542 627 Septuaginta,

1968 650 2041 703 ad
2089 650 2326 717 patriam
2381 658 2620 705 nostram
2673 649 3080 704 ambulabimus.
3126 646 3413 717 Manifesta
3463 659 3550 703 est

1964 742 2112 796 enim
2150 742 2398 812 quaedam
2423 741 2722 797 amantium
2746 740 3175 811 hospitalitatem
3216 739 3411 809 patria,
3433 740 3552 795 sive

1964 833 2190 899 familia,
2250 835 2338 890 cui
2385 834 2661 888 Abraham
2721 841 2941 903 praeest,
2999 831 3288 886 manifesta
3340 839 3549 887 castro-

1965 940 2112 990 rum,
2143 924 2300 994 cujus
2313 923 2517 994 Joseph
2550 925 2807 995 princeps
2835 930 2924 979 est
2952 941 2966 977 :
2997 921 3290 976 manifesta
3342 920 3552 975 zelato-

1966 1032 2108 1080 rum,
2135 1017 2294 1085 cujus
2323 1015 2466 1071 Elias
2491 1015 2785 1086 primatum
2816 1023 2987 1080 tenet,
3029 1028 3263 1083 quarum
3318 1012 3552 1068 incredi-

1969 1117 2134 1164 tatem
2164 1108 2518 1179 percipimus,
2566 1108 2787 1177 quando
2830 1106 3028 1162 horum
3093 1120 3220 1176 quae
3256 1105 3347 1159 hic
3401 1114 3551 1170 sunt,

1967 1198 2240 1265 remissio,
2287 1208 2344 1253 et
2390 1198 2757 1254 sanctificatio
2797 1204 2988 1259 contra
3038 1206 3274 1252 mortem
3311 1194 3553 1252 victoria:

1967 1300 2187 1361 peracta
2212 1289 2398 1345 fuerit.

2037 1382 2104 1438 lu
2162 1382 2598 1454 quinquagesimo
2656 1398 2800 1437 anno
2852 1383 2947 1453 qui
3005 1390 3121 1452 post
3170 1381 3552 1435 hebdomadam

1968 1472 2451 1528 hebdomadarum:
2511 1470 2572 1526 ld
2626 1480 2750 1537 est,
2806 1480 2930 1541 post
2984 1485 3333 1526 communem
3387 1469 3551 1526 tinem

1969 1567 2176 1630 veniet,
2210 1565 2352 1621 sicut
2368 1564 2539 1621 semel
2565 1571 2849 1619 ostensum
2898 1570 3002 1619 est.
3047 1563 3204 1617 Tunc
3252 1577 3366 1616 non
3423 1576 3556 1633 pos-

1971 1668 2100 1714 sunt
2137 1657 2416 1722 seminari,
2448 1670 2631 1726 neque
2662 1656 2796 1710 meti
2830 1663 3028 1724 sponte
3059 1653 3115 1708 in
3152 1667 3283 1724 agro
3320 1666 3558 1707 nascen-

1970 1751 2066 1815 tia,
2098 1765 2279 1820 neque
2307 1748 2578 1820 primitias
2606 1746 2902 1802 vindemiae
2952 1744 3154 1816 colligi.
3180 1743 3370 1813 Neque
3409 1741 3559 1797 enim

1970 1851 2187 1913 tempus
2207 1851 2313 1906 est,
2349 1842 2403 1896 in
2431 1856 2543 1911 quo
2581 1839 2741 1895 nobis
2766 1855 2863 1908 per
2892 1838 3274 1908 operationem
3323 1833 3559 1905 conqui-

1970 1951 2156 1991 ramus
2192 1936 2430 2005 aliquam
2470 1936 2913 1997 sanctimoniam,
2966 1947 3130 2003 quam
3184 1931 3240 1984 in
3288 1931 3390 1985 hac
3451 1930 3557 1985 vita

1968 2043 2080 2083 non
2108 2027 2544 2098 conquisivimus
2575 2028 2632 2081 in
2667 2027 2868 2083 sacculo
2910 2024 3117 2091 futuro,
3145 2023 3240 2077 sed
3283 2020 3389 2077 frui
3446 2019 3558 2087 his,

1970 2135 2089 2189 quae
2120 2119 2210 2173 hic
2237 2118 2444 2189 cperati
2463 2118 2752 2183 fuerimus,
2784 2129 2841 2172 et
2869 2124 3157 2187 propterea
3201 2114 3418 2168 subdit:

2043 2211 2147 2268 Sed
2178 2212 2363 2266 statim
2394 2209 2576 2264 oblata
2637 2208 2944 2286 comedetis.
2978 2206 3076 2262 Vel
3138 2207 3277 2261 sicut
3328 2203 3561 2274 Septua-

1971 2305 2140 2376 ginta,
2165 2304 2230 2357 de
2251 2302 2452 2372 campis
2491 2302 2792 2367 comedetis,
2829 2316 2946 2371 quae
2977 2306 3268 2353 nascuntur
3302 2298 3357 2350 in
3383 2312 3469 2358 ea,
3509 2293 3561 2348 id

1973 2405 2056 2454 est
2083 2405 2292 2465 parata,
2341 2410 2452 2450 non
2507 2409 2628 2464 qure
2681 2402 2814 2449 tunc
2857 2393 3235 2455 seminantur,
3286 2403 3393 2443 nec
3443 2401 3566 2457 quas

1972 2489 2248 2551 coluntur,
2303 2486 2397 2541 sed
2458 2485 2588 2541 olim
2625 2484 3030 2556 prmseminata,
3084 2491 3142 2537 et
3200 2486 3563 2551 praeperata.

1976 2578 2111 2632 lllud
2160 2586 2245 2631 est
2303 2577 2454 2630 enim
2500 2584 2737 2646 tempus,
2800 2576 2868 2630 de
2900 2589 3011 2645 quo
3041 2573 3119 2628 ait
3174 2571 3386 2625 David:
3428 2568 3566 2633 Quia

1975 2669 2148 2723 reddis
2174 2669 2462 2738 unicuique
2506 2668 2792 2722 secundum
2823 2682 2988 2735 opera
3049 2680 3148 2719 sua
3168 2663 3233 2715 “.
3281 2661 3390 2716 Sed
3431 2660 3566 2730 quid

1976 2760 2030 2814 in
2055 2759 2219 2813 tinem
2248 2758 2541 2829 praesentis
2560 2757 2872 2813 sanctionis
2892 2755 3053 2811 dixit:
3072 2754 3225 2808 Anno
3243 2752 3454 2822 jubilei,
3484 2752 3570 2806 vel

1976 2855 2278 2910 secundum
2311 2850 2691 2923 Septuaginta,
2719 2867 2858 2904 anno
2883 2849 3205 2904 remissionis
3223 2845 3572 2919 signiﬁcatio-

1979 2947 2059 3001 nis
2084 2946 2283 3000 redicat
2314 2962 2490 3000 omnes
2530 2947 2601 2999 ad
2625 2944 2973 3014 possessiones
2999 2957 3145 2996 suas.

369 3041 838 3115 Sanctiﬁcabisque
873 3061 1072 3100 annum
1111 3048 1629 3119 quinquagesimum,
1696 3058 1744 3103 et
1786 3066 1876 3104 vo-
1906 3070 1948 3128 ε
2049 3038 2350 3093 Ενὶἀθησετ
2383 3052 2485 3092 nos
2528 3038 2637 3100 lex.
2682 3052 2781 3107 per
2822 3037 2927 3128 hoc
2959 3033 3119 3128 quod
3162 3045 3314 3085 nunc
3359 3029 3595 3128 dictum.

302 3135 443 3191 cabis
465 3134 824 3189 remissionem
870 3136 1072 3190 cunctis
1118 3137 1501 3192 habitatoribus
1550 3149 1706 3194 terrae
1748 3149 1879 3196 tum.

303 3226 660 3296 Septuaginta
692 3235 886 3291 autem.
909 3227 1139 3290 addunt,
1180 3228 1363 3283 Annus
1397 3231 1720 3284 remissionis
1785 3232 1885 3285 erit

304 3317 468 3371 vobis.
515 3317 852 3389 Significatio
911 3319 1027 3375 hare
1075 3320 1525 3386 sanetiticabitur,
1586 3321 1639 3376 id
1701 3331 1784 3377 est
1827 3324 1884 3378 in

307 3407 672 3461 sanctimonia
695 3408 844 3462 hunc
876 3418 1208 3477 exspectate,
1237 3418 1288 3463 et
1317 3418 1504 3464 sancta
1532 3411 1600 3465 de
1638 3428 1705 3467 eo
1736 3415 1888 3484 cogi-

310 3506 442 3551 tate.
480 3497 587 3552 Sed
608 3506 665 3553 et
694 3499 1109 3553 sanctimoniam
1135 3501 1186 3553 in
1226 3517 1292 3555 eo
1326 3502 1603 3572 corrigite,
1634 3504 1886 3557 reminis—

309 3595 502 3642 centes
537 3586 712 3652 illum,
737 3589 831 3659 qui
861 3588 1024 3643 dixit:
1056 3589 1253 3644 Pacem
1270 3608 1441 3646 nteant
1466 3594 1745 3662 sequimini
1771 3611 1889 3649 cum

307 3680 545 3735 omnibus
595 3690 644 3734 et
691 3682 1119 3747 sanctimoniam,
1176 3684 1289 3737 sine
1332 3701 1435 3753 qua
1489 3702 1640 3739 nemo
1684 3688 1876 3742 videbit

310 3771 560 3825 Deum“.
589 3770 697 3826 Sed
726 3783 781 3827 et
812 3772 1068 3828 omnibus
1098 3773 1191 3843 qui
1222 3784 1350 3828 sunt
1386 3775 1440 3828 iu
1477 3785 1640 3841 terra,
1694 3779 1887 3833 remis-

309 3862 523 3918 sionem
584 3864 1006 3929 annuntiemus,
1043 3866 1257 3935 prolata
1285 3874 1472 3921 contra
1524 3883 1624 3922 nos
1666 3879 1891 3943 propter

307 3954 481 4009 Adam
519 3957 815 4011 sententia.
857 3956 1198 4027 Significatio
1230 3958 1349 4013 hcce
1399 3967 1501 4023 est,
1542 3959 1756 4030 signum
1805 3971 1889 4016 est

308 4045 454 4099 enim
484 4053 822 4101 mortuorum
865 4047 1199 4101 resurrectio
1226 4048 1427 4104 Christi
1484 4048 1745 4112 victoriae,
1794 4066 1891 4118 per

308 4151 473 4204 quam
504 4135 675 4191 vincit
721 4136 1024 4201 inimicum,
1088 4137 1270 4191 omnia
1308 4139 1606 4208 subjiciens
1665 4141 1791 4204 sibi,
1835 4151 1892 4196 et

307 4229 598 4284 tlestruens
659 4238 933 4293 mortem,
992 4229 1454 4298 quemadmodum
1520 4231 1717 4285 Paulus
1772 4232 1886 4287 ait:

307 4316 524 4387 Oportet
553 4336 672 4372 eum
704 4335 945 4390 regnare,
1009 4319 1171 4373 donec
1220 4332 1383 4388 ponat
1437 4337 1614 4374 omnes
1653 4322 1891 4375 inimicos

307 4413 403 4465 sub
463 4413 682 4481 pedibus
753 4414 882 4466 suis.
938 4413 1231 4469 Novissime
1314 4414 1533 4468 inimica
1593 4415 1888 4488 destruetur
1923 4400 1967 4454 Ῐ)

310 4519 449 4557 mors
476 4505 542 4557 ⁸⁸.
578 4503 683 4558 Sed
715 4506 1040 4576 signiﬁcatio
1076 4507 1191 4562 hare
1220 4522 1320 4577 per
1344 4506 1714 4575 evangelicam
1743 4522 1886 4576 pra:-

310 4595 635 4649 dicationetn
663 4595 896 4652 ellicitur
921 4614 936 4664 ;
962 4597 1210 4655 Christus
1243 4599 1388 4654 enim
1414 4599 1733 4663 adveniens,
1764 4615 1884 4653 eam

310 4686 634 4756 significavit
655 4697 817 4758 atque
839 4691 1176 4758 praedicavit.

382 4780 522 4836 Tunc
556 4792 842 4837 revertetur
879 4785 1032 4838 homo
1081 4788 1152 4839 ad
1196 4786 1571 4853 possessionem
1616 4801 1791 4850 suam,
1846 4798 1895 4839 et

309 4876 664 4945 unusquisque
694 4875 859 4929 rediet
889 4877 960 4929 ad
995 4877 1256 4946 familiam
1288 4878 1587 4946 pristinam,
1628 4877 1712 4930 vel
1753 4877 1895 4932 sicut

308 4956 691 5038 Septuaginta,
757 4968 828 5021 ad
885 4970 1119 5038 patriam
1179 4985 1353 5024 suam.
1406 4968 1694 5026 Possessio
1744 4970 1891 5024 enim

310 5066 497 5112 nostra
533 5066 634 5123 est,
666 5065 721 5112 et
744 5058 991 5125 iudeptio
1026 5059 1191 5113 futuri
1221 5059 1430 5122 saeculi,
1452 5059 1579 5128 quia
1605 5059 1750 5112 illam
1781 5075 1888 5113 non

309 5148 376 5202 ad
405 5159 643 5217 tempus,
676 5149 774 5204 sed
824 5149 880 5203 in
919 5159 1244 5219 perpetuum
1285 5149 1652 5220 possidemus,
1682 5159 1737 5204 et
1791 5166 1893 5206 nec

310 5253 459 5292 nunc
485 5238 710 5308 quidem
732 5238 923 5310 hujus.
952 5256 1102 5294 nunc
1133 5250 1317 5295 autem
1349 5240 1514 5304 illius,
1536 5241 1632 5296 sed
1672 5257 1888 5312 semper

311 5330 558 5401 ejusdem
594 5338 679 5386 est
708 5331 884 5395 firma,
927 5342 1126 5402 ctqum
1165 5347 1272 5386 non
1306 5332 1480 5401 possit
1527 5333 1728 5388 auferri
1769 5349 1892 5403 pos-

310 5421 504 5484 sessio,
536 5420 607 5476 de
635 5436 741 5491 qua
774 5422 1036 5476 Dominus
1063 5421 1315 5476 diccbat:
1350 5421 1720 5476 Tltesaurizate
1754 5423 1893 5475 vobis

384 5597 425 5633 ⁸⁸
438 5596 623 5663 Hebr.
651 5613 746 5663 χιι,
785 5598 869 5663 υ.

313 5668 403 5739 lip.
432 5685 469 5734 ι,
495 5668 586 5726 25.

955 5599 998 5630 ⁸³
1024 5601 1045 5655 l
1073 5599 1195 5653 Cor.
1231 5616 1320 5664 xv,
1350 5600 1440 5663 25,
1465 5600 1551 5653 ‘26.
1627 5600 1673 5647 ‘3.
1696 5600 1879 5655 Matth.
1910 5616 1985 5666 vl,
2024 5602 2106 5658 l9.

1987 3138 2073 3184 est
2127 3136 2486 3191 contestatur,
2539 3130 2669 3198 quia
2728 3128 2815 3183 vel
2864 3126 2910 3183 si
2958 3125 3090 3180 hinc
3141 3121 3569 3185 recesserimus,

1989 3236 2162 3291 usque
2184 3221 2252 3276 ad
2286 3235 2489 3275 annum
2511 3220 2873 3283 remissionis,
2931 3218 3026 3288 qui
3065 3223 3150 3272 est
3181 3212 3574 3273 sanctiﬁcatio-

1988 3315 2097 3378 nis,
2136 3329 2310 3384 usque
2335 3314 2400 3369 ad
2438 3328 2788 3369 communem
2835 3311 3094 3367 videlicet
3136 3306 3573 3365 consummatio-

1987 3422 2138 3471 nem,
2163 3415 2219 3460 et
2249 3415 2592 3460 mortuorum
2623 3403 3105 3467 resurrectionem,
3136 3416 3299 3471 quam
3319 3399 3576 3455 Christus

1989 3506 2267 3566 operatur,
2304 3494 2526 3567 quando
2570 3495 2844 3567 integrum
2869 3494 3046 3565 surgit
3069 3500 3261 3547 contra
3288 3491 3572 3547 inimicum

1989 3598 2046 3643 et
2078 3597 2312 3643 mortem
2356 3586 2687 3657 trophteum,
2721 3584 2790 3640 ad
2842 3582 3248 3654 possessionem
3280 3597 3457 3645 suam,
3507 3581 3576 3636 ad

1992 3679 2368 3734 hacreditatem
2404 3677 2665 3732 videlicet
2686 3688 2850 3731 nemo
2880 3675 3062 3730 redire
3105 3681 3306 3745 potest,
3353 3679 3578 3742 propter

1990 3770 2137 3839 quod
2167 3778 2223 3824 et
2258 3768 2461 3823 Paulus
2488 3768 2593 3822 ait:
2631 3767 2739 3821 Nos
2767 3769 2858 3838 qui
2893 3767 3135 3827 vivimus,
3163 3780 3268 3818 non
3288 3763 3575 3834 pravenie-

1990 3879 2108 3916 ntus
2128 3878 2213 3916 eos
2246 3862 2334 3932 qui
2390 3861 2715 3914 dormierunt
2735 3860 2799 3912 ⁸³.
2832 3858 3020 3927 Neque
3077 3855 3221 3910 enim
3274 3852 3428 3924 justi,
3483 3852 3575 3920 qui

1988 3955 2097 4009 vivi
2133 3954 2481 4024 appellantur
2526 3961 2774 4007 mortuos
2802 3949 3142 4020 prmcedunt,
3189 3946 3283 4001 sed
3330 3943 3576 3999 omnium

1988 4047 2254 4116 judicium
2287 4046 2390 4101 erit
2423 4059 2738 4107 commune,
2796 4052 2851 4097 et
2884 4056 3082 4095 omnes
3120 4038 3280 4093 simul
3312 4037 3378 4091 ad
3428 4050 3577 4091 com-

1991 4140 2234 4209 petentia
2295 4139 2398 4194 sibi
2471 4139 2586 4193 loca
2641 4136 3120 4192 transmittuntur.
3197 4130 3343 4185 Bene
3392 4140 3574 4183 autem

1993 4230 2229 4293 redient,
2275 4230 2369 4293 ait,
2402 4230 2527 4299 quia
2558 4230 2624 4284 ad
2669 4229 2837 4283 Deum
2894 4225 3266 4289 ambulamus,
3301 4238 3331 4277 a
3375 4235 3484 4290 quo
3522 4228 3578 4274 et

1994 4322 2269 4385 venimus,
2303 4337 2427 4376 cum
2459 4336 2568 4375 non
2614 4334 2862 4376 essemus
2903 4318 3076 4388 prius.
3128 4314 3356 4380 Quando
3392 4318 3574 4367 autem

1993 4414 2303 4469 venerimus
2332 4413 2400 4469 ad
2433 4429 2582 4476 eum,
2616 4422 2745 4467 tunc
2771 4425 2896 4466 esse
2922 4408 3240 4479 incipimus.
3273 4404 3380 4460 Sed
3405 4404 3576 4473 empi-

1994 4523 2116 4562 mus
2137 4507 2355 4577 quidem
2379 4521 2499 4562 esse
2521 4505 2904 4566 communiter,
2932 4519 2997 4557 ex
3029 4517 3136 4573 quo
3160 4500 3331 4554 Adam
3363 4506 3578 4553 creatus

1993 4606 2104 4651 est:
2139 4595 2457 4666 specialiter
2488 4604 2673 4649 autem
2705 4594 3084 4663 unusquisque
3118 4599 3222 4646 est.
3254 4605 3317 4643 ex
3368 4604 3476 4657 quo
3522 4586 3575 4639 in

1996 4695 2186 4741 ventre
2213 4698 2462 4741 materno
2486 4686 2787 4755 plasmatus
2811 4695 2915 4745 est,
2936 4685 3012 4737 ait
3028 4682 3174 4738 enim
3211 4698 3224 4733 :
3249 4680 3351 4745 Qui
3379 4679 3577 4733 format

1995 4778 2248 4847 spiritum
2285 4778 2524 4831 hominis
2563 4777 2617 4830 in
2650 4778 2853 4846 ipsum.
2887 4776 2931 4827 Α
2968 4775 3077 4828 Deo
3107 4784 3291 4827 tamen
3326 4770 3574 4825 venimus

1996 4870 2210 4924 ratione
2245 4868 2470 4939 opificii,
2514 4878 2570 4921 et
2625 4867 2958 4923 conditionis
3005 4868 3144 4935 ejus,
3181 4870 3405 4932 propter
3430 4859 3573 4928 quod

1994 4970 2053 5016 et
2081 4962 2279 5016 Paulus
2309 4961 2562 5015 dicebat:
2598 4960 2859 5015 Coarctor
2888 4967 3062 5012 autem
3099 4973 3162 5009 ex
3186 4954 3408 5015 duobus,
3440 4952 3576 5004 desi-

1995 5053 2201 5107 derium
2232 5053 2426 5105 habens
2458 5051 2692 5115 dissolvi,
2720 5061 2770 5106 et
2801 5067 2918 5105 cum
2950 5050 3157 5102 Christo
3191 5061 3298 5098 esse
3319 5045 3386 5097 “.
3420 5041 3573 5107 Quod

1997 5144 2298 5212 unicuique
2347 5153 2597 5198 nostrum
2629 5159 2751 5197 eum
2803 5142 3002 5197 fiducia
3037 5137 3341 5210 proveniat,
3387 5136 3441 5190 id
3468 5142 3572 5200 est,

2000 5247 2061 5293 ut
2089 5237 2489 5308 possessionem
2528 5237 2751 5299 bonam,
2779 5245 2835 5290 et
2872 5249 2994 5305 quae
3038 5230 3259 5286 familiis
3303 5230 3575 5299 justorum

2000 5339 2458 5391 connumeretur,
2532 5327 2876 5383 inveniamus
2942 5333 3105 5395 atque
3178 5321 3574 5392 possideamus.

2002 5423 2157 5479 Tunc
2174 5422 2317 5478 enim
2334 5427 2567 5479 nostras.
2585 5420 2728 5473 sicut
2749 5417 3005 5482 diximus,
3024 5413 3399 5486 possessiones
3428 5411 3576 5467 iuve-

3374 5589 3419 5622 ιο
3446 5587 3577 5645 Phi-

2190 5602 2234 5634 “
2265 5599 2405 5655 Psal.
2439 5615 2547 5661 ut,
2589 5597 2672 5651 l5.
2770 5596 2813 5627 ⁸⁵
2846 5594 3079 5650 l'l‘hess.
3107 5607 3180 5659 Ix,
3214 5592 3287 5648 li.
