4036 6200
518 241 651 307 31.15
913 270 919 276 ·
1709 247 2074 308 HESYCHII
2117 245 2594 308 PRESBYTER!
3661 240 3820 313 1116

514 362 731 416 niemus
753 400 770 427 ,
832 370 964 417 tunc
1019 361 1390 417 hmreditatem
1443 362 1800 432 accipiemus.
1864 362 2095 431 Propter
2125 364 2170 420 Α
2198 361 2394 416 habens
2431 377 2542 416 sua:
2565 362 2876 422 voluntatis,
2902 371 2952 415 et
3002 362 3100 415 hoc
3124 361 3392 430 judicavit
3422 361 3477 413 in
3507 360 3673 414 corde
3709 375 3823 412 sua

511 451 662 519 quod
691 450 1009 505 numerabis
1037 451 1132 504 ubi
1165 459 1374 520 septem
1408 452 1800 517 hebdomadas,
1859 452 1973 505 sive
2017 467 2098 506 se-
2201 453 2464 506 custodire
2502 454 2757 524 virginem
2799 470 2975 517 suam,
3028 452 3156 507 bene
3181 454 3333 523 facit.
3384 449 3727 522 Conjvgium
3768 453 3821 506 ei

515 550 663 610 ptem
699 539 1013 594 numerabis
1051 539 1374 608 tibimetipsi
1421 541 1642 610 requies
1693 556 1986 605 annorum,
2043 542 2097 594 in
2201 544 2292 612 qui
2320 559 2420 596 non
2453 545 2597 612 capi:
2631 545 2952 614 virginitatis
2979 542 3211 606 verbum,
3259 545 3404 598 idem
3435 545 3581 597 enim
3621 544 3823 598 dixit:

517 631 681 699 hujus
712 629 846 699 legis
876 629 1102 683 exordio
1137 629 1412 700 lcgislator
1441 632 1599 686 dixit.
1630 631 1746 686 Non
1797 634 1923 701 quia
1954 632 2098 686 diem
2201 633 2269 687 Et
2287 635 2376 703 qui
2407 637 2569 688 tradit
2599 645 2818 706 nuptum
2851 637 3102 706 virginem
3131 651 3307 699 suam,
3335 637 3682 705 benefarit,et
3708 638 3826 705 qui

518 733 574 776 et
605 723 796 775 horam
825 721 968 773 illam
1009 737 1240 775 numero
1272 723 1741 792 comprehendere
1786 738 2096 792 possumus,

517 812 610 864 Sed
659 821 714 864 et
742 812 1202 880 quemadmodum
1254 824 1612 868 numerantes
1669 815 1833 869 linem
1889 815 2100 868 nunteri

516 912 858 972 exspectant,
889 906 968 960 sic
1007 921 1106 958 nos
1136 920 1246 959 non
1283 907 1456 959 solum
1483 907 1773 976 specialem
1833 916 2097 968 nostram,

518 997 614 1050 sed
656 1006 710 1049 et
733 1012 1080 1050 communem
1137 999 1494 1066 reSpiciamus
1549 999 2099 1057 consummationem,

519 1086 574 1138 in
638 1100 744 1154 qua
797 1093 1071 1139 terrenam
1133 1087 1532 1155 correptioucm
1586 1087 1982 1155 relinquentes,
2035 1084 2103 1138 ad

519 1191 785 1243 supernas
812 1179 1208 1245 possessiones,
1243 1194 1366 1246 qua:
1393 1179 1510 1231 sine
1540 1178 1726 1230 labore
1759 1187 1907 1241 sunt,
1929 1186 2105 1230 trans-

521 1268 809 1320 mittimur.
837 1268 940 1322 Sed
978 1279 1032 1321 et
1081 1269 1146 1322 ad
1183 1270 1426 1337 requiem
1459 1270 1642 1323 saeculi
1697 1270 1883 1330 futuri,
1941 1284 2104 1337 quam

521 1359 1008 1428 quinquagesimus
1037 1376 1215 1414 annus
1252 1362 1556 1431 signiﬁcare
1589 1362 1768 1414 dictus
1797 1370 1900 1425 est,
1960 1362 2104 1416 unde

521 1458 578 1503 et
607 1448 862 1504 Salomon
899 1450 954 1503 in
994 1450 1301 1505 Proverbiis
1339 1451 1510 1505 dixit:
1573 1451 1652 1503 Da
1687 1462 1862 1518 partes
1885 1461 2101 1519 septem,

523 1556 615 1592 nec
635 1556 736 1591 non
767 1549 879 1592 octo
903 1541 966 1598 ετ.
994 1550 1053 1595 ιιι
1101 1542 1167 1594 ad
1204 1542 1760 1607 consummationem,
1819 1557 1980 1611 quam
2014 1557 2104 1596 se-

521 1631 803 1700 ptenarius
839 1647 1101 1686 numerus
1167 1635 1457 1704 signiﬁcat,
1512 1634 1882 1699 intendamus,
1933 1645 1986 1689 et
2037 1636 2105 1690 ad

521 1724 768 1792 requiem
820 1725 1002 1778 satenli
1059 1725 1279 1779 futuri:

521 1815 814 1884 signiﬁcat.
850 1817 1079 1885 Propter
1104 1819 1248 1886 quod
1284 1829 1335 1871 et
1369 1819 1569 1874 Christi
1615 1821 1942 1873 resurrectio
1979 1829 2104 1889 post

520 1907 809 1975 septimam
833 1908 975 1960 diem
1010 1908 1229 1962 Sabbati
1291 1910 1345 1963 in
1399 1920 1590 1963 octava
1625 1921 1838 1978 peracta
1879 1920 1980 1973 est,
2034 1925 2103 1964 ex

524 2012 633 2062 qua
703 1999 1071 2052 substantiam
1120 2000 1309 2054 habuit
1366 2002 1692 2056 universalis
1765 2011 2102 2056 mortuorum

519 2090 873 2144 resurrectio.
1505 2164 1507 2166 _

591 2179 756 2236 Vens.
807 2182 996 2236 14-17.
1067 2201 1085 2233 ι
1129 2184 1358 2250 Quando
1404 2187 1608 2262 vendes
1667 2187 1946 2256 quidpiam
1995 2189 2103 2244 civi

521 2283 635 2333 tuo.
668 2275 750 2327 vel
791 2291 940 2329 emes
965 2277 1033 2330 ab
1064 2293 1164 2343 eo,
1221 2294 1290 2332 ne
1335 2279 1626 2332 contristes
1671 2282 1893 2334 fratrem
1927 2291 2101 2348 tuum,

516 2367 788 2434 sedjuxta
816 2383 1103 2421 numerum
1149 2385 1417 2423 annorum
1459 2371 1648 2440 jubilei
1699 2387 1850 2425 emes
1903 2373 1972 2425 ab
2015 2388 2101 2437 eo,

518 2468 576 2512 et
605 2459 758 2525 juxta
791 2461 1236 2528 supputationem
1263 2463 1477 2529 frugum
1509 2463 1708 2516 vendet
1737 2463 1853 2517 tibi.
1887 2463 2105 2528 Quanto

518 2547 645 2616 plus
675 2549 804 2600 anni
843 2553 1205 2603 remanserint
1241 2553 1667 2620 postjnbileum,
1703 2563 1855 2606 tanto
1899 2556 2102 2610 crescit

524 2639 786 2708 pretium.
840 2642 907 2694 Et
958 2643 1348 2710 quantomiuus
1389 2645 1768 2698 numeraveris
1822 2647 2100 2715 temporis,

519 2739 732 2784 tantum
761 2731 992 2786 minoris
1031 2742 1086 2787 et
1115 2734 1318 2802 emrtio
1339 2735 1634 2788 constabit.
1668 2733 1906 2805 Tempus
1956 2739 2102 2791 enim

517 2821 740 2891 frugum
794 2825 995 2877 vendet
1057 2825 1175 2878 tibi.
1240 2825 1417 2880 Nolite
1474 2827 1710 2895 allligere
1769 2829 2104 2885 contribules

515 2923 751 2975 vestros,
778 2915 873 2968 sed
907 2916 1095 2970 timeat
1124 2919 1502 2988 unusquisque
1549 2917 1719 2973 Deum
1756 2937 1936 2975 suum.
1966 2922 2101 2987 Quia

516 3020 622 3076 ego
648 3006 912 3062 Dominus
948 3007 1092 3061 Deus
1125 3019 1322 3063 vester.
1372 3029 1390 3061 ι

592 3097 726 3151 Esse
774 3098 1009 3166 aliquam
1061 3101 1454 3168 venditionem,
1509 3103 1668 3170 cujus
1705 3103 1826 3158 sine
1882 3115 2103 3174 argento

521 3197 842 3244 contractus
888 3192 1162 3259 provenit,
1217 3203 1406 3261 aperte
1438 3195 1732 3248 uoslsaias
1769 3195 1978 3254 docuit.
2029 3197 2105 3249 ait

519 3295 684 3350 ergo:
724 3279 916 3335 Omnes
965 3283 1201 3336 sitientes
1230 3285 1398 3338 venite
1435 3286 1505 3337 ad
1552 3302 1743 3354 aquas.
1773 3296 1822 3338 et
1879 3288 1968 3355 qui
2002 3304 2105 3341 non

520 3369 722 3424 habetis
752 3381 1031 3440 argentum
1059 3384 1364 3441 properate,
1417 3385 1466 3428 et
1505 3376 1841 3428 comedite“.
1877 3375 2106 3445 Propter

519 3462 670 3529 quod
703 3463 782 3517 sic
840 3464 1058 3518 dicebat
1093 3463 1309 3526 Petrus,
1357 3466 1736 3520 condemnans
1787 3468 2103 3522 Simonem:

525 3554 760 3608 Pecunia
792 3565 884 3608 tua
905 3565 1074 3608 terunt
1100 3557 1166 3609 sit
1199 3557 1252 3608 in
1283 3557 1594 3624 perditione,
1632 3560 1756 3628 quia
1781 3560 1974 3612 donum
2005 3559 2106 3612 Dei

534 3643 814 3696 a'stimasti
845 3647 1068 3713 pecunia
1098 3647 1358 3714 possideri
1381 3647 1454 3702 “.
1490 3648 1700 3702 Bonum
1729 3659 1785 3703 et
1818 3665 1945 3704 vere
1975 3650 2106 3704 bea-

526 3738 641 3784 tutn
667 3741 774 3794 est,
800 3734 943 3802 quod
985 3735 1229 3804 spiritale
1276 3745 1382 3799 est,
1415 3752 1526 3790 non
1564 3749 1744 3792 tamen
1774 3737 1926 3806 cujus
1983 3754 2108 3808 pos-

524 3822 830 3877 sessionem
854 3823 937 3878 l‘as
965 3826 1035 3880 sit
1075 3827 1322 3896 pecuniis
1343 3827 1594 3898 adipisci.
1631 3829 1816 3884 Talem
1847 3839 1902 3885 ct
1961 3847 2108 3886 nunc

523 3917 897 3972 venditionem
935 3926 991 3972 ct
1018 3920 1422 3988 possessionem
1456 3923 1758 3992 spiritalem
1783 3924 1868 3979 lex
1914 3939 2109 3995 propo-

521 4010 628 4072 τιτι,
660 4009 737 4064 ait
765 4011 911 4064 enim
936 4029 949 4064 :

596 4099 820 4166 Quando
851 4110 1037 4158 vendes
1053 4106 1326 4174 quidpiam
1352 4109 1453 4161 civi
1482 4117 1592 4172 tuo,
1628 4110 1711 4163 vel
1751 4127 1887 4164 emes
1916 4111 1979 4164 ab
2009 4112 2108 4166 eo?

522 4193 582 4250 Id
640 4204 743 4260 est,
801 4196 846 4250 si
899 4197 1136 4266 aliquam
1198 4197 1529 4260 doctrinam,
1581 4211 1676 4253 aut
1715 4203 1954 4266 dederis,
2013 4211 2108 4258 aut

521 4289 820 4357 acceperis.
859 4289 912 4343 id
955 4300 1056 4342 est.
1094 4300 1188 4344 nul.
1218 4291 1490 4357 docueris,
1525 4301 1618 4346 aut
1650 4293 1876 4348 edoctus
1914 4296 2104 4358 lueris,

2204 741 2306 776 non
2341 726 2526 784 tradit.
2561 726 2745 779 melius
2792 728 2941 796 facit.
2978 729 3044 780 Et
3076 743 3292 781 rursus:
3347 725 3410 780 Si
3439 728 3555 796 quis
3610 738 3824 781 autent

2204 823 2407 883 turpem
2432 830 2486 867 se
2501 815 2668 868 videri
2687 815 2953 868 existimat
2983 831 3142 884 super
3162 816 3420 884 virginem
3448 832 3627 878 suam,
3651 816 3824 884 quod

2201 904 2268 956 sit
2298 921 2455 972 super
2483 904 2690 965 adulta,
2714 915 2762 958 et
2787 907 2860 957 ita
2892 913 3093 973 oportet
3126 904 3264 972 fieri,
3292 907 3432 965 quod
3451 915 3558 957 vutt
3599 907 3815 974 faciat,

2205 1012 2307 1048 non
2337 997 2578 1063 peccatsi
2601 996 2846 1049 nubat“.
2881 998 3191 1050 Etrursus:
3230 996 3421 1049 Melius
3459 1007 3535 1050 est
3574 1000 3813 1063 nubere,

2205 1105 2366 1159 quam
2392 1091 2507 1141 uri:
2530 1089 2676 1142 Idem
2706 1090 2847 1143 etde
2877 1105 3028 1142 omni
3048 1091 3268 1150 virtute,
3304 1105 3423 1142 eam
3455 1105 3579 1158 quas
3602 1104 3815 1144 secun-

2204 1181 2330 1233 dum
2357 1179 2768 1247 possibilitatem
2799 1189 2902 1244 est,
2938 1196 3039 1233 nos
3077 1179 3192 1249 ipse
3219 1179 3366 1233 Deus
3398 1181 3585 1249 exigit,
3630 1191 3685 1235 et
3744 1182 3808 1234 in

2205 1269 2522 1322 alterutrius
2570 1269 2882 1323 ministrare
2908 1270 3045 1334 vult,
3090 1285 3213 1322 nam
3252 1269 3559 1323 Phariszros
3606 1285 3811 1340 repre-

2208 1361 2501 1423 hendebat,
2532 1370 2718 1430 utpote
2749 1362 2932 1431 gravia
2961 1361 3064 1414 illis
3087 1361 3489 1429 pt-zecipieutes,
3519 1361 3593 1414 ait
3620 1361 3799 1415 enim:

2207 1452 2443 1521 Alligant
2475 1468 2634 1505 onera
2679 1456 2866 1522 gravia
2919 1463 2967 1506 et
2999 1453 3386 1520 importabilia,
3420 1462 3472 1505 et
3519 1455 3803 1520 imponunt

2208 1539 2261 1590 in
2291 1539 2522 1592 humeris
2569 1539 2838 1592 hominum
2858 1539 2924 1592 ".
2977 1539 3152 1593 Nimis
3210 1555 3342 1610 ergo
3391 1551 3804 1610 consequenter

2209 1629 2487 1698 legislator
2516 1629 2750 1683 addidit:

1336 1727 1482 1780 illam
1541 1728 1687 1780 enim
1742 1737 1933 1782 octava
1985 1729 2102 1782 dies
2138 1701 2179 1754 Β
2274 1719 2376 1776 Sed
2410 1721 2569 1790 juxta
2608 1739 2886 1778 numerum
2911 1739 3174 1777 annorum
3205 1724 3400 1793 jubilei
3429 1741 3564 1777 emes
3591 1725 3658 1777 ab
3708 1740 3798 1776 eo.

2211 1811 2302 1866 Vel
2343 1813 2484 1867 sicut
2511 1814 2884 1882 Septuaginta,
2915 1816 3200 1868 sectmdum
3227 1831 3503 1868 numerum
3531 1829 3800 1868 annorum

2205 1915 2317 1974 post
2339 1906 2772 1975 signiﬁcationem
2806 1907 3091 1975 possidebis
3113 1925 3144 1959 a
3178 1908 3419 1974 proximo
3458 1919 3483 1963 ε
3514 1905 3806 1976 signiﬁca-

2206 1995 2434 2057 tionem,
2469 1996 2772 2049 secundum
2805 1996 2952 2064 quod
2971 1996 3081 2066 jam
3110 1996 3319 2050 dictum
3359 2006 3456 2060 est,
3489 1996 3804 2050 adventum

2205 2083 2550 2139 Dontiuicum
2596 2086 2924 2158 intelligens,
2977 2097 3032 2142 et
3059 2104 3183 2157 quae
3233 2089 3299 2142 ad
3325 2103 3444 2141 eum
3499 2088 3806 2156 pertinens

2207 2176 2535 2228 annuntiata
2575 2185 2661 2229 est
2697 2178 3012 2247 evangelica
3069 2178 3401 2247 praedicatio,
3452 2193 3573 2246 quas
3629 2178 3805 2234 nobis

2206 2265 2444 2320 futuram
2520 2276 2712 2324 contra
2766 2279 2999 2322 mortem
3053 2270 3374 2335 victoriam,
3429 2269 3800 2340 requiemque

2207 2357 2372 2411 futuri
2403 2359 2584 2412 steculi
2625 2358 2968 2426 significavit.
3003 2361 3080 2414 Ex
3137 2376 3247 2430 quo
3293 2376 3423 2431 ergo
3471 2361 3801 2430 signiﬁcatio

2210 2451 2324 2504 haec
2381 2449 2462 2516 lit,
2520 2465 2683 2506 nemo
2727 2452 2927 2506 durum
2986 2463 3166 2522 portat
3211 2455 3426 2522 jugum,
3495 2469 3597 2508 nec
3651 2469 3800 2508 onus

2206 2555 2371 2610 grave
2400 2543 2559 2610 gerit,
2608 2543 2702 2596 sed
2737 2545 3036 2596 secundum
3086 2559 3378 2597 numerum
3411 2559 3706 2609 annorum,
3741 2543 3797 2598 id

2206 2642 2312 2690 est.
2339 2633 2643 2686 secundum
2679 2649 2833 2687 suam
2886 2636 3167 2698 virtutem,
3199 2636 3328 2704 quia
3373 2635 3505 2688 anni
3550 2635 3794 2689 hominis

2205 2732 2420 2777 aetatem
2451 2727 2771 2790 ostendunt,
2807 2740 2873 2778 ex
2905 2741 3012 2794 qua
3051 2726 3376 2780 manifestus
3405 2727 3527 2795 quis
3559 2727 3616 2780 ﬁt
3665 2726 3796 2795 quid

2206 2816 2378 2884 possit
2427 2816 2729 2869 secundum
2786 2833 3006 2886 corpus.
3067 2819 3224 2884 Quod
3265 2821 3440 2889 magis
3497 2819 3797 2886 explanans

2207 2907 2476 2961 subdidit:
2515 2908 2682 2960 Juxta
2720 2911 3147 2978 supputationem
3177 2892 3392 2979 frugum
3433 2912 3616 2963 vendet
3680 2911 3797 2963 tibi.

2127 3027 2170 3084 ο
2210 3001 2518 3056 Secundum
2569 3002 2712 3069 quod
2742 3001 2907 3056 habet
2954 3002 3210 3057 virtutem
3238 3003 3452 3071 operari
3490 3011 3546 3057 et
3565 3001 3795 3057 lructiﬁ-

2206 3109 2350 3167 care,
2385 3094 2573 3147 reddat
2603 3095 2865 3163 magistro
2897 3094 3135 3150 fructum
3165 3095 3489 3163 discipulus.

2274 3183 2484 3249 Quanto
2513 3184 2630 3252 plus
2662 3186 2792 3239 anni
2825 3188 3174 3239 remanserint
3199 3196 3311 3252 post
3329 3186 3614 3254 jubileum.
3649 3195 3796 3238 tanta

2209 3276 2394 3328 crescit
2453 3275 2710 3344 pretium,
2749 3286 2797 3329 et
2829 3286 3026 3343 quanto
3057 3277 3230 3328 minus
3273 3278 3633 3329 numeraveris
3663 3286 3794 3329 tell-

2203 3369 2364 3435 poris,
2404 3377 2610 3421 tantunt
2651 3369 2868 3422 minoris
2911 3378 2960 3422 et
3011 3371 3204 3438 emptio
3238 3369 3518 3422 constabit.
3575 3367 3793 3435 Tempus

2207 3460 2344 3513 enim
2374 3461 2587 3528 frugum
2621 3459 2802 3512 vendet
2851 3459 2965 3513 tibi.
3003 3459 3059 3513 Si
3113 3469 3293 3529 potest
3347 3460 3520 3514 multa
3555 3461 3792 3530 operari,

2207 3546 2441 3599 multum
2468 3546 2702 3601 fructum
2723 3547 2942 3617 exiges:
2970 3549 3014 3602 si
3054 3558 3236 3603 autern
3291 3565 3462 3618 pauca
3530 3564 3792 3619 parvum:

2207 3652 2333 3690 nam
2369 3636 2455 3689 hic
2482 3637 2703 3706 quidem
2737 3638 3102 3707 trigesimum,
3137 3638 3279 3692 alter
3304 3648 3491 3692 autem
3519 3637 3792 3708 sexagesi~

2207 3743 2377 3789 mum.
2413 3727 2552 3783 alter
2586 3743 2715 3783 vero
2748 3729 3113 3784 centesimum
3162 3729 3399 3784 fruetutn
3439 3729 3588 3783 l'erre
3621 3729 3789 3800 exigi-

2209 3829 2315 3874 tur.
2335 3819 2448 3874 Nec
2479 3821 2819 3892 negligenter
2845 3821 2950 3876 hoc
2991 3837 3022 3876 a
3058 3821 3386 3892 legislatore,
3421 3821 3515 3876 sed
3545 3836 3610 3874 ex
3632 3835 3791 3890 opere

2207 3910 2480 3973 studetur,
2511 3926 2637 3964 nam
2665 3910 2740 3964 ait
2771 3911 3000 3965 iterum:

2275 4000 2455 4056 Nolite
2508 4003 2736 4072 uﬂligere
2787 4002 3108 4056 contribules
3189 4014 3420 4068 vestros,
3471 4003 3562 4056 sed
3613 4004 3790 4057 timeat

2207 4096 2561 4164 unusquisque
2597 4095 2764 4150 Deum
2801 4113 2975 4162 suum,
3035 4097 3160 4166 quia
3201 4113 3292 4167 ego
3345 4095 3606 4150 Dominus
3657 4096 3788 4150 Deus

2208 4195 2394 4240 vester.
2429 4185 2548 4241 Non
2573 4186 2775 4258 allligat
2807 4188 2970 4242 homo
3013 4189 3400 4253 contribulem,
3442 4190 3493 4244 id
3535 4199 3643 4252 est,
3683 4205 3787 4245 non

2210 4277 2257 4330 ei
2281 4293 2446 4348 grave
2473 4293 2616 4332 onus
2645 4279 2911 4348 imponat,
2951 4289 3006 4334 et
3034 4295 3202 4349 super
3229 4280 3486 4335 virtutem
3518 4282 3662 4350 ejus,
3698 4280 3787 4334 sed

523 4377 642 4431 haec
669 4385 751 4431 est
777 4379 920 4431 enim
955 4379 1094 4432 bona
1131 4381 1430 4448 possessio,
1454 4395 1574 4448 qute
1608 4381 1674 4435 ad
1701 4385 2100 4452 possessionem

2209 4367 2395 4422 timeat
2427 4369 2798 4438 unusquisque
2843 4370 3012 4424 Deum
3046 4385 3229 4432 suum,
3280 4371 3373 4440 qui
3405 4372 3574 4426 dicit:
3611 4372 3787 4428 Tollite

523 4465 694 4519 futuri
745 4467 1064 4520 transmittit
1103 4468 1308 4520 saeculi.
1355 4466 1504 4522 Bene
1557 4479 1740 4522 autem
1797 4472 2102 4540 conjunxit,

519 4556 744 4626 quando
775 4557 978 4610 vendes
1005 4559 1291 4628 quidpiam
1321 4561 1430 4614 civi
1468 4569 1583 4625 tuo,
1616 4561 1697 4614 vi]
1737 4564 1876 4615 emis
1902 4563 1971 4616 ab
2018 4580 2103 4618 eo.

521 4649 857 4703 Alterutrum
883 4650 1028 4705 enim
1057 4653 1434 4717 suntdivitize,
1455 4653 1780 4708 alterutrum
1807 4657 2100 4724 possessio,

519 4741 774 4811 discipuli
807 4751 970 4812 atque
1007 4743 1298 4799 doctores:
1341 4745 1486 4814 quod
1517 4746 1858 4800 demonstrat
1881 4746 2102 4806 Paulus.

520 4833 823 4898 Corinthiis
844 4835 1093 4890 scribens
1118 4855 1129 4889 :
1162 4835 1299 4902 Quia
1333 4837 1505 4906 gloria
1535 4850 1710 4892 vestra
1741 4856 1942 4899 smnus,
1971 4840 2107 4893 sicut

513 4934 570 4982 ,ιι
617 4940 706 4980 vos
745 4935 948 4988 nostra,
984 4943 1037 4979 in
1081 4927 1165 4980 die
1223 4925 1421 4982 Christi
1449 4928 1656 4982 Jesu”.
1687 4927 1766 4982 Ne
1819 4929 2109 4983 contristet

512 5027 654 5082 ergo
691 5014 852 5067 homo
893 5013 1140 5079 fratrem,
1179 5014 1228 5068 id
1254 5025 1357 5073 est.
1389 5023 1446 5070 ut
1499 5032 1605 5070 non
1637 5031 1804 5084 super
1850 5016 2108 5070 virtutem

515 5103 810 5173 discipulis
847 5105 1180 5174 ingeramus,
1229 5106 1324 5160 sed
1351 5122 1472 5175 qua:
1519 5109 1602 5160 eis
1651 5116 1779 5159 sunt
1813 5105 2110 5173 possibilia,

519 5195 578 5248 id
617 5203 704 5248 est
738 5195 1105 5264 virginitatem
1125 5195 1198 5258 ei,
1239 5195 1324 5249 cui
1354 5197 1627 5264 possibilis
1653 5205 1760 5257 est.
1804 5196 1877 5250 illi
1921 5196 2109 5248 videli-

519 5295 634 5350 cet,
660 5289 728 5341 de
753 5305 862 5356 quo
891 5288 970 5343 ait
996 5287 1227 5342 Paulus:
1270 5288 1372 5352 Qui
1397 5289 1586 5342 statuit
1619 5289 1671 5341 in
1706 5290 1870 5342 corde
1898 5304 1990 5341 suo
2010 5287 2104 5356 ﬁr-

522 5392 664 5441 mus,
720 5393 824 5431 non
872 5378 1068 5433 habens
1127 5380 1523 5444 necessitatem,
1564 5388 1878 5448 potestatem
1923 5389 2103 5432 autem
2149 5404 2156 5412 -

599 5574 642 5604 ⁸⁷
677 5575 883 5646 Ecclcs.
917 5594 994 5642 XI,
1023 5579 1076 5632 2.
1149 5579 1196 5613 ”
1228 5579 1325 5635 lsa.
1357 5595 1446 5646 Lv,
1479 5581 1527 5632 l.
1606 5580 1649 5611 ⁶⁹
1675 5580 1796 5634 Act.
1826 5594 1944 5642 vui,
1969 5579 2061 5633 ‘20.

529 5657 691 5706 um,
722 5645 776 5697 ιι.
851 5647 897 5677 ⁷³
927 5647 1117 5703 Matth.
1149 5666 1225 5718 xt,
1248 5651 1337 5705 '50.
1412 5651 1456 5682 ⁷⁸
1477 5648 1666 5704 Matth.
1706 5665 1817 5717 xix,
1854 5649 1940 5716 ll,
1970 5649 2054 5703 l2.

2138 5578 2184 5609 '°
2221 5577 2264 5631 ll
2301 5577 2422 5638 Cor.
2461 5594 2498 5641 ι,
2538 5578 2625 5633 lt.

2201 4459 2394 4530 jugum
2429 4477 2622 4523 meum,
2671 4461 2796 4529 quia
2827 4477 3004 4540 .saave
3035 4470 3208 4527 est,et
3246 4479 3377 4515 onus
3431 4480 3626 4526 nteant,
3667 4466 3785 4533 quis

2209 4551 2318 4604 leve
2344 4561 2416 4605 est
2441 4553 2506 4605 ⁷³.
2532 4551 2640 4622 Ego
2669 4552 2929 4607 Dominus
2970 4556 3109 4608 Deus
3140 4565 3337 4609 vester.
3369 4555 3426 4609 ld
3472 4565 3574 4619 est,
3604 4557 3698 4625 qui
3725 4556 3784 4612 de

2209 4643 2523 4712 virginitate
2575 4645 2837 4713 apostolis
2884 4647 3142 4716 prter-cpi,
3197 4657 3253 4702 et
3283 4647 3419 4710 dixi,
3447 4648 3567 4702 Non
3616 4665 3782 4705 omnes

2212 4736 2448 4802 capiunt,
2478 4737 2568 4789 sed
2591 4737 2682 4806 qui
2706 4746 2872 4806 potest
2903 4753 3092 4806 capere
3125 4739 3386 4807 capiat”.
3445 4738 3536 4794 Sic
3591 4756 3782 4795 unum-

2210 4841 2482 4894 quemque
2517 4827 2683 4896 exigit
2713 4828 3015 4883 secundum
3061 4829 3319 4884 virtutem
3365 4845 3541 4896 suam,
3593 4841 3650 4886 et
3691 4832 3784 4886 hoc

2209 4917 2430 4984 quidem
2458 4917 2668 4971 lucrum
2705 4928 2789 4972 est
2818 4921 3293 4990 contemplationis
3330 4922 3577 4990 spiritus.
3620 4920 3784 4977 Habet

2209 5019 2390 5062 autem
2407 5019 2461 5062 et
2483 5009 2658 5063 littera
2686 5025 2796 5064 non
2825 5027 3049 5080 parvam
3075 5011 3530 5066 instructionem:
3555 5013 3782 5083 compati

2210 5101 2354 5155 enim
2415 5102 2684 5170 proximo,
2720 5103 2863 5157 etin
2924 5104 3267 5159 contactibus
3308 5105 3684 5173 sensibilibus,
3736 5112 3785 5159 et

2211 5193 2526 5248 nullatenus
2571 5210 2792 5265 gravem
2856 5197 3206 5265 quempiam,
3251 5213 3436 5268 neque
3496 5213 3782 5255 onerosum

2211 5284 2327 5338 vult
2373 5299 2516 5350 esse,
2561 5301 2664 5340 nec
2698 5287 2765 5341 de
2805 5302 3108 5358 pauperum
3151 5289 3569 5346 necessitatibus
3621 5306 3783 5360 nego-

2213 5374 2353 5440 tiari,
2381 5389 2483 5429 nec
2500 5375 2738 5443 studere,
2770 5391 2867 5431 seu
2906 5376 3166 5432 lestinare
3192 5379 3570 5448 possessiones
3601 5393 3782 5435 eorum

2708 5580 2750 5610 '”
2787 5577 2955 5634 lCor.
2991 5595 3086 5645 vu,
3114 5577 3204 5648 56,
3236 5580 3324 5636 58.
3401 5581 3449 5614 τ’
3470 5579 3662 5637 Matth.
