4036 6200
179 309 305 377 ΗΠ

1301 306 1384 369 ΙΝ
1426 303 1872 368 LEVI'I‘ICUM.
1912 327 1983 340 -
2022 303 2172 373 LIB.
2210 301 2347 364 VII.

3311 285 3448 353 ιιιθ

178 427 281 482 sibi
296 423 643 497 conquirere,
668 424 888 481 domum
919 421 1104 477 domui
1165 419 1525 489 conjungere,
1576 431 1767 487 agrum
1793 424 1841 478 Α
1871 414 2077 469 tionem
2100 422 2265 468 terra
2309 409 2654 481 praecipiens.
2685 420 2797 462 non
2820 405 2935 460 vult
2957 402 3210 497 deﬁcere,
3263 416 3447 497 neque

178 534 310 589 agro
353 533 650 589 apponere,
707 517 803 572 sed
853 515 1096 571 tribucre
1134 528 1275 582 opus
1305 511 1661 576 habentibus,
1709 519 1765 564 et

179 606 438 678 paulatim
474 624 596 679 qua:
643 608 936 667 dederunt,
984 605 1052 661 de
1084 604 1354 658 fructibus
1404 602 1643 672 recipere
1670 602 1764 671 qui

178 700 247 754 de
277 700 422 772 agris
442 700 789 771 colliguntur.
825 699 1005 767 Ipsum
1057 694 1205 750 enim
1249 694 1497 749 debitum
1537 694 1762 758 donare,

184 798 244 844 et
294 805 474 859 neque
521 790 624 844 hoc
650 787 799 858 quod
853 793 1105 841 mutuum
1149 785 1336 838 datum
1377 793 1462 837 est
1500 785 1764 851 recipere.

184 876 447 936 Perfecta:
475 882 581 935 hoc.
635 881 758 935 vitae
783 887 887 938 est,
910 893 1073 949 quam
1121 892 1234 932 non
1267 891 1462 930 omnes
1510 875 1762 945 capiunt:

182 970 276 1040 qui
305 980 488 1037 autem
529 970 776 1040 capiunt,
809 969 954 1025 beati
980 977 1129 1023 sunt.
1426 966 1433 969 ⁷

258 1056 419 1116 Vnus.
459 1061 646 1116 18-20.
689 1080 707 1112 ι
747 1060 929 1115 Facite
982 1069 1254 1129 praecepta
1286 1073 1430 1124 mea,
1473 1068 1528 1112 et
1563 1059 1769 1127 judicia

185 1154 476 1218 custodite,
506 1163 562 1208 et
582 1153 805 1223 implete
827 1168 911 1218 ea,
940 1160 999 1205 ut
1019 1152 1266 1206 habitare
1294 1150 1517 1220 possitis
1547 1152 1769 1205 interra

187 1244 394 1313 absque
417 1245 524 1298 ullo
570 1259 793 1312 pavore,
832 1252 888 1297 et
916 1241 1100 1313 gignat
1127 1241 1281 1296 vobis
1310 1241 1512 1294 humus
1562 1239 1773 1293 fructus

188 1348 342 1393 suos,
378 1332 579 1402 quibus
602 1329 901 1387 vescamini
932 1343 1104 1397 usque
1133 1328 1200 1382 ad
1233 1326 1595 1389 saturitatem,
1647 1324 1772 1378 nul-

197 1424 303 1477 lius
333 1424 599 1493 impetum
641 1422 1021 1476 formidantes.
1057 1437 1078 1471 ι

260 1514 492 1569 Maxime
535 1513 602 1569 ad
659 1528 822 1567 aures
883 1520 1096 1567 nostras
1151 1511 1378 1579 Spiritus
1430 1509 1526 1564 Dei
1564 1507 1775 1564 cautela

189 1604 541 1674 perfectaque
576 1604 767 1667 utitur,
803 1618 872 1656 ne
899 1602 1038 1656 forte
1080 1601 1374 1667 discentes,
1405 1601 1533 1670 quia
1580 1614 1778 1653 secun-

189 1697 318 1748 dum
348 1711 639 1748 numerum
663 1709 954 1759 annorum,
984 1693 1038 1747 id
1087 1703 1170 1746 est
1192 1691 1487 1746 secundum
1521 1691 1775 1744 virtutem

190 1785 405 1841 fructus
428 1784 857 1856 intelligibilium
903 1785 1336 1853 possessionum,
1371 1781 1626 1837 videlicet
1662 1781 1774 1835 vir-

195 1885 375 1930 tutum
437 1876 723 1946 exigimur,
790 1875 1265 1945 resupinaremur,
1323 1884 1378 1929 et
1428 1875 1495 1929 ad
1556 1873 1777 1928 delicias

191 1969 543 2035 reclinemus,
571 1968 799 2038 ipsaque
816 1967 1211 2023 condescensio
1238 1967 1398 2022 nobis
1423 1967 1582 2021 noxia
1600 1968 1774 2021 fieret.

266 2059 444 2114 Foette
476 2071 735 2129 prazcepta
772 2077 887 2114 mea
928 2070 977 2113 et
1013 2059 1220 2128 judicia
1274 2060 1546 2123 custodite,
1570 2058 1669 2123 ait,
1729 2068 1776 2112 et

194 2152 409 2222 implete
434 2170 519 2208 ea.
546 2153 870 2208 Nullatenus
890 2153 1038 2206 enim
1077 2168 1181 2206 nos
1215 2167 1430 2215 vacare,
1463 2152 1590 2206 licet
1624 2150 1778 2205 infir-

196 2246 272 2298 mi
313 2245 485 2299 simus
530 2260 560 2299 a
604 2243 738 2317 legis
779 2243 1121 2314 operatione,
1172 2244 1269 2298 sed
1322 2243 1536 2312 operari
1589 2242 1780 2312 procul

197 2335 390 2402 dubio,
417 2335 633 2390 etiamsi
682 2335 984 2390 secundum
1022 2335 1304 2398 virtutem,
1352 2335 1485 2400 vult,
1536 2337 1780 2388 virtutem

199 2439 378 2481 autem
409 2437 645 2482 nostram
680 2429 995 2481 conscientia
1024 2436 1203 2481 nostra
1236 2428 1511 2493 convincit,
1537 2427 1677 2482 sicut
1708 2427 1784 2481 ait

204 2514 454 2572 Paulus:
510 2518 899 2590 cogitationum
952 2518 1189 2573 invicem
1268 2518 1639 2574 accusantium
1700 2518 1783 2573 vel

200 2611 659 2666 excusantium".
725 2610 929 2665 Omnes
968 2626 1098 2681 ergo
1137 2609 1376 2681 justitias
1423 2609 1539 2672 Dei,
1598 2610 1782 2665 omnia

200 2699 539 2769 cjusjudicia
574 2701 728 2771 prius
749 2701 1140 2767 custodiamus,
1178 2711 1235 2757 et
1259 2710 1446 2771 postea
1496 2700 1779 2757 faciamus.

200 2791 586 2846 Custodiamus
615 2807 722 2847 non
743 2802 1159 2863 corrumpcntes
1188 2793 1547 2863 intentionem
1569 2809 1780 2857 eorum,

198 2883 294 2936 sed
328 2881 573 2938 districte
597 2883 991 2946 custodientes,
1039 2892 1094 2937 et
1128 2882 1571 2937 immutabiliter:
1618 2883 1781 2937 veluti

197 2973 241 3029 si
277 2975 401 3044 quis
461 2975 864 3046 eleemosynam
925 2975 1140 3045 operari
1192 2976 1325 3041 vult,
1383 2990 1487 3030 nec
1536 2976 1783 3045 proximo

1865 502 2188 559 conturbari
2247 516 2371 564 eos,
2438 500 2534 569 qui
2592 498 2767 568 legem
2825 493 3250 565 praeipiebant,
3312 492 3447 562 quid

1865 592 2174 655 comedunt,
2209 596 2301 644 aut
2329 588 2474 644 unde
2493 587 2801 647 comedant,
2835 581 2929 637 sed
2951 580 3058 635 ait:

1940 683 2089 737 Dabo
2123 682 2530 736 benedictionem
2554 694 2724 733 meam
2752 676 2915 741 vobis,
2941 672 3141 739 Quam,
3171 672 3303 741 quia
3335 687 3447 728 non

1870 776 1927 830 in
1958 777 2073 829 solo
2100 788 2241 844 pane
2270 772 2402 826 vivit
2437 772 2621 836 homo,
2649 769 2745 824 sed
2782 768 2839 822 in
2875 766 3026 821 omni
3074 766 3248 820 verbo
3302 765 3451 834 quod

1869 864 2118 934 procedit
2154 864 2224 918 de
2262 878 2358 917 ore
2389 861 2519 915 Dei:
2561 859 2836 931 quomodo
2862 872 2991 927 ergo
3025 856 3230 911 Christi
3288 870 3449 910 man-

1870 957 2057 1011 datum
2082 956 2304 1025 quidam
2346 963 2599 1021 tanquam
2631 950 2969 1020 impossibile
3018 957 3072 1003 et
3118 948 3450 1002 laboriosum

1872 1057 2155 1110 accusant,
2188 1063 2297 1115 quo
2341 1045 2512 1100 dixit:
2577 1042 2696 1097 Non
2744 1043 2981 1111 cogitetis
3027 1042 3081 1093 in
3127 1038 3455 1094 crastino"?

1874 1138 2010 1193 Ecce
2026 1138 2171 1192 enim
2194 1138 2279 1191 lex
2310 1136 2505 1191 similia
2535 1134 2802 1204 praecipit,
2832 1141 2888 1188 et
2927 1134 2994 1187 de
3024 1132 3253 1202 integris
3279 1131 3454 1186 tribus

1872 1230 2034 1283 annis
2065 1229 2221 1298 jubet
2237 1244 2345 1283 non
2369 1227 2609 1297 cogitare
2631 1239 2746 1290 eos,
2776 1224 2869 1294 qui
2902 1224 3155 1278 virtutem
3178 1223 3453 1293 legislato-

1873 1320 1950 1375 ris
1988 1319 2301 1375 intendunt.
2349 1318 2618 1372 Praeterea
2647 1332 2743 1386 per
2791 1325 2901 1370 tres
2948 1330 3141 1378 annos,
3194 1315 3455 1369 uniuscu-

1869 1412 2070 1481 jusque
2120 1419 2373 1464 nostrum
2424 1406 2978 1481 consummationem,
3022 1414 3082 1459 et
3109 1419 3450 1469 communem

1876 1480 2295 1555 retributionem
2319 1516 2442 1569 qua:
2479 1509 2563 1553 est
2593 1480 2718 1567 post
2738 1496 3222 1563 resurrectionem,
3267 1510 3456 1551 neces-

1878 1592 2021 1646 sarie
2056 1591 2434 1661 intelligimus.
2462 1590 2524 1645 In
2547 1603 2875 1658 unoquoque
2894 1588 3088 1641 horum
3122 1586 3459 1642 comedimus

1878 1696 1998 1750 qua:
2022 1682 2112 1735 hic
2148 1681 2355 1749 operati
2390 1680 2678 1744 fuerimus,
2698 1687 2920 1749 propter
2944 1678 3091 1747 quod
3120 1677 3235 1731 ait:

1952 1765 2102 1831 Quod
2117 1768 2163 1821 si
2179 1769 2417 1822 dixeritis
2439 1784 2457 1822 :
2479 1764 2615 1831 Quid
2636 1768 2963 1820 comedemus
2979 1781 3120 1820 anno
3138 1764 3376 1833 septimo.
3399 1762 3459 1818 Id

1878 1862 1982 1918 est,
2051 1854 2103 1906 in
2166 1854 2600 1924 uniuscujusque
2653 1863 2900 1908 nostrum
2967 1851 3456 1908 consummatione.

1879 1944 2225 1999 Manifestum
2254 1955 2336 1999 est
2369 1946 2535 2009 enim,
2567 1945 2697 2017 quia
2736 1954 2793 1999 et
2821 1945 2877 1998 in
2920 1944 3216 2011 communi,
3268 1945 3324 1998 in
3352 1960 3461 2015 qua

1879 2038 1939 2092 fit
1970 2038 2317 2103 resurrectio,
2343 2047 2399 2093 et
2430 2038 2485 2092 in
2511 2037 2947 2101 retributionem,
2979 2037 3233 2091 eumdem
3267 2036 3449 2091 cibum

1881 2131 2168 2186 habemus.
2203 2130 2343 2185 Audi
2370 2130 2517 2201 quod
2551 2129 2648 2184 tibi
2679 2129 2748 2184 de
2806 2129 2894 2184 bis
2944 2128 3087 2185 Deus
3139 2136 3482 2200 responsum

1880 2238 1978 2292 per
1999 2222 2173 2289 legem
2207 2221 2318 2276 dat.

1951 2337 2101 2392 Dabo
2151 2337 2561 2391 benedictionem
2607 2350 2778 2389 meam
2808 2333 2954 2387 vobis
3002 2347 3141 2387 anno
3195 2342 3359 2396 sexto,
3413 2342 3463 2387 et

1883 2426 2088 2493 facietis
2117 2426 2348 2496 fructum
2388 2425 2550 2478 trium
2593 2439 2875 2478 annorum.
2918 2422 3230 2478 Benedictio
3292 2421 3460 2493 patris

1884 2516 2028 2569 filius
2054 2526 2157 2579 est,
2186 2515 2304 2585 ipse
2335 2514 2484 2570 enim
2530 2514 2884 2569 maledictum
2916 2513 3123 2567 illatum
3156 2514 3306 2577 Adae,
3347 2513 3463 2567 dis-

1884 2607 2138 2676 perdidit,
2163 2615 2389 2676 propter
2418 2607 2564 2674 quod
2585 2604 2642 2660 'et
2675 2606 2729 2660 in
2756 2622 2821 2660 eo
2842 2614 3098 2675 oportere
3143 2620 3246 2659 nos
3301 2605 3469 2659 bene-

1884 2698 2019 2754 dici:
2040 2698 2206 2752 David
2225 2696 2510 2754 Psalmista
2533 2696 2747 2752 docuit:
2764 2696 3066 2751 Benedictio
3084 2695 3293 2749 Domini
3310 2710 3470 2764 super

1884 2806 1990 2853 nos,
2022 2790 2380 2844 benediximus
2402 2789 2547 2843 vobis
2570 2789 2627 2843 in
2673 2790 2882 2843 nomine
2930 2787 3217 2841 Domini".
3255 2786 3467 2841 Nomen

1885 2880 2122 2945 Domini,
2164 2880 2335 2935 tilium
2363 2880 2496 2936 dicit
2522 2879 2830 2946 evidenter,
2856 2880 2983 2948 quia
3007 2877 3466 2947 quemadmodum

1887 2987 2087 3027 nomen
2134 2971 2450 3026 manifestat
2478 2978 2926 3040 unumquemque
2960 2970 3053 3039 qui
3089 2984 3201 3023 non
3229 2968 3464 3031 videtur,

196 3079 404 3119 nocens
434 3076 713 3135 Operetur,
743 3082 923 3135 neque
956 3065 999 3120 si
1053 3082 1259 3137 pauper
1299 3074 1404 3131 est,
1458 3066 1576 3135 ipse
1612 3067 1785 3133 rapiat
1810 3079 1853 3136 (ζ
1886 3063 1966 3117 sic
1992 3070 2050 3117 et
2085 3060 2337 3118 Christus
2382 3077 2681 3131 apparens,
2708 3061 2963 3132 cognosci
2997 3061 3127 3116 fecit
3164 3059 3380 3114 Patrem
3414 3059 3469 3114 in

194 3152 426 3208 divitum
472 3155 751 3222 pecunias,
820 3164 877 3209 ut
935 3155 1180 3225 prmbeat
1232 3155 1587 3226 pauperibus.
1641 3154 1783 3210 Deus

196 3244 343 3299 enim
394 3244 797 3318 eleemosynam
849 3262 915 3300 ex
961 3246 1177 3315 justitia
1220 3246 1407 3300 offerri
1467 3246 1602 3301 vult.
1667 3244 1783 3301 Hoc

196 3342 378 3388 autem
402 3344 457 3389 et
482 3336 539 3389 in
580 3351 913 3406 unoquoque
946 3337 1200 3392 mandato
1244 3337 1499 3401 dicimus,
1529 3344 1590 3390 ut
1629 3336 1782 3406 prius

200 3427 321 3494 ejus
355 3426 715 3481 intentionem
744 3437 801 3483 et
838 3427 1001 3482 finem
1033 3427 1428 3492 custodiamus,
1482 3437 1537 3483 et
1597 3430 1676 3483 sic
1726 3429 1783 3483 in

199 3531 389 3573 eorum
437 3518 812 3587 operationem
877 3519 1245 3589 proficiamus.
1306 3519 1463 3574 Tunc
1519 3520 1668 3575 enim
1726 3521 1784 3574 in

202 3620 346 3665 terra
381 3607 708 3679 intelligibili
758 3610 1152 3674 habitabimus,
1202 3612 1254 3664 in
1295 3596 1479 3665 divina
1531 3611 1786 3667 videlicet

201 3700 319 3770 lege
351 3698 609 3769 spiritalis
628 3698 945 3770 Scriptura,
1000 3710 1057 3754 et
1102 3699 1262 3754 bona:
1322 3701 1782 3770 conversationis,

199 3808 361 3862 quam
424 3792 583 3846 nobis
640 3792 785 3847 Deus
843 3791 1128 3863 possidere
1172 3800 1228 3846 et
1272 3792 1452 3847 colere
1502 3793 1782 3864 praecepit,

201 3882 420 3955 quando
457 3883 577 3954 ejus
598 3884 959 3939 intentionem
987 3900 1100 3939 non
1138 3883 1409 3940 fuerimus
1432 3885 1780 3956 transgressi,

202 3989 338 4032 tunc
370 3975 544 4047 gignit
569 3975 781 4032 fructus
818 3993 969 4044 suos,
1017 3978 1217 4048 quibus
1272 3992 1560 4033 vescamur
1612 3992 1785 4049 usque

201 4070 270 4124 ad
314 4069 678 4134 saturitatem,
735 4079 789 4125 et
835 4069 1039 4125 nullius
1088 4070 1350 4139 impetum
1399 4069 1774 4127 formidemus.

200 4159 303 4227 Qui
339 4162 485 4217 enim
514 4161 751 4218 custodit
789 4162 1153 4218 intentionem
1179 4160 1333 4233 legis,
1354 4170 1410 4216 et
1454 4162 1548 4233 qui
1582 4177 1785 4231 opera-

200 4262 312 4315 tur,
350 4254 439 4309 hic
476 4255 596 4323 eius
621 4254 842 4325 colliget
904 4253 1136 4319 fructus,
1160 4261 1217 4308 et
1263 4253 1518 4309 comedet
1568 4268 1664 4308 eos
1717 4253 1785 4308 ad

200 4346 562 4410 saturitatem,
598 4355 654 4402 et
688 4348 808 4402 sine
867 4344 1157 4399 formidine
1188 4344 1242 4399 in
1296 4359 1360 4398 ea
1393 4344 1620 4411 habitat,
1660 4343 1785 4414 quia

1884 3154 2204 3225 semetipso,
2241 3154 2496 3224 quamvis
2518 3155 2875 3210 invisibilem.
2907 3153 3082 3209 Hicin
3132 3161 3470 3207 sexto‘anno

1882 3247 2055 3311 venit,
2105 3255 2217 3303 tam
2271 3246 2329 3300 in
2400 3246 2762 3316 perfectione,
2823 3246 2967 3300 hanc
3021 3245 3169 3300 enim
3222 3244 3471 3299 senarius

1882 3354 2146 3392 numerus
2168 3337 2458 3408 significat,
2481 3354 2644 3408 quam
2679 3349 2738 3391 ut
2778 3338 2833 3391 in
2881 3337 3183 3392 novissimo
3223 3343 3468 3405 tempore

1886 3445 2078 3484 rursus
2125 3429 2447 3485 reformatio
2503 3429 2855 3499 proveniret,
2922 3428 2977 3482 in
3044 3428 3206 3497 cujus
3257 3428 3472 3483 dierum

1883 3536 2117 3576 numero
2148 3522 2314 3578 homo
2351 3521 2621 3576 formatus
2656 3529 2760 3575 est.
2794 3520 3163 3585 Quamobrem
3211 3520 3479 3587 quemad-

1884 3614 2110 3671 modum
2139 3614 2483 3669 formationis
2534 3621 2686 3668 sexta
2728 3613 2866 3679 dies,
2919 3611 3000 3666 sic
3051 3618 3238 3665 sextus
3293 3625 3477 3664 anuus

1884 3706 2294 3763 reformationis
2345 3716 2493 3761 recte
2544 3705 2873 3774 appellatur.
2925 3702 3085 3769 Quod
3139 3710 3322 3756 autem
3364 3701 3475 3755 illic

1885 3808 2077 3854 sextus
2107 3797 2247 3859 dies,
2284 3806 2478 3851 sextus
2516 3803 2697 3851 autem
2732 3794 2824 3850 hic
2862 3808 3042 3849 annus
3087 3792 3310 3857 dicitur,
3368 3792 3474 3847 hoc

1885 3888 2041 3944 ideo:
2075 3888 2200 3958 quia
2247 3885 2419 3942 multa
2472 3885 2618 3941 inter
2657 3885 3045 3941 formationem
3110 3891 3378 3947 nostram,
3417 3891 3476 3937 et

1886 3980 2335 4035 reformationem
2396 3987 2704 4049 temporum
2765 3976 3207 4032 decucurrerunt
3266 3976 3466 4046 spatia.

1888 4069 2029 4141 Ergo
2058 4084 2168 4124 non
2212 4068 2417 4128 frustra
2465 4065 2605 4122 sexti
2645 4064 2776 4119 anni
2812 4064 3092 4134 legislator
3136 4064 3474 4119 mentionem

1888 4162 2054 4216 fecit:
2110 4160 2167 4214 in
2204 4159 2311 4215 hoc
2349 4158 2497 4213 enim
2541 4155 2794 4213 Christus
2821 4153 3072 4219 veniens,
3127 4154 3280 4210 dedit
3317 4153 3478 4209 nobis

1886 4253 2173 4324 acquirere
2219 4252 2456 4310 fructus.
2516 4249 2716 4319 quibus
2777 4247 2833 4301 in
2886 4247 3104 4317 propria
3162 4255 3474 4302 nostrorum

1889 4342 2323 4411 uniuscujusque
2385 4337 2898 4398 consummatione.
2962 4345 3019 4391 et
3079 4336 3132 4391 in
3198 4336 3477 4391 communi

201 4434 526 4505 legislatoris
578 4435 940 4489 intentionem
1002 4449 1112 4488 non
1176 4434 1615 4505 transgreditur,
1686 4449 1786 4490 nec
1816 4429 1861 4484 D
1891 4432 2292 4488 resurrectione
2320 4440 2485 4501 atque
2520 4428 2880 4483 retributione
2927 4427 3123 4482 nutiiri
3182 4428 3476 4497 possimus,

206 4526 462 4579 conscius
483 4526 585 4580 sibi
620 4535 705 4581 est
758 4536 950 4582 contra
982 4525 1155 4596 legem
1180 4525 1236 4579 in
1272 4525 1393 4596 lege
1424 4526 1519 4580 Dei
1557 4542 1789 4582 conver-

206 4616 340 4671 sari.
367 4616 520 4682 Quod
554 4617 598 4671 si
633 4616 904 4681 dixeritis,
937 4618 1067 4688 quid
1120 4616 1473 4672 comedemus
1520 4633 1664 4672 anno
1699 4633 1790 4672 se-

208 4711 400 4781 ptimo,
427 4710 472 4764 si
507 4725 616 4789 non
638 4710 959 4774 severimus,
987 4724 1167 4780 neque
1200 4708 1581 4781 collegerimus
1603 4708 1790 4780 fruges

206 4817 324 4862 nost
337 4807 457 4861 ras?

277 4896 440 4952 Vens.
470 4897 561 4961 2i,
584 4897 672 4950 ‘22.
711 4915 729 4947 ι
776 4897 923 4952 Dabo
976 4896 1418 4952 benedictionem
1453 4895 1608 4951 vobis
1640 4909 1786 4949 anno

202 4999 378 5054 sexto,
417 4998 469 5044 et
497 4989 659 5043 faciet
697 4990 906 5043 fructus
938 4988 1099 5042 trium
1142 5004 1438 5052 annorum,
1483 4986 1787 5054 seretisque

203 5097 350 5136 anno
376 5091 592 5142 octavo,
635 5089 692 5135 et
723 5079 1024 5135 comedetis
1062 5090 1277 5134 veteres
1300 5079 1486 5148 fruges
1514 5092 1686 5147 usque
1719 5076 1789 5130 ad

202 5190 410 5228 novum
470 5188 713 5238 annum,
784 5173 959 5228 donec
1007 5187 1148 5226 nova
1212 5179 1548 5234 nascantur,
1613 5169 1789 5224 edetis

201 5271 413 5319 vetera.
454 5282 493 5329 »ν

267 5350 428 5412 Unde
457 5355 681 5426 dignum
710 5365 813 5420 est,
844 5362 903 5410 ut
926 5355 1075 5425 prius
1099 5355 1380 5424 juvemur,
1411 5351 1462 5407 id
1509 5360 1616 5416 est,
1639 5350 1792 5405 utili-

204 5453 317 5499 tate
345 5444 551 5500 litterte
572 5446 679 5502 hoc
703 5446 1098 5501 intendendum
1131 5454 1235 5507 est.
1261 5452 1428 5512 atque
1477 5441 1791 5512 lmjusmodi

200 5533 414 5591 lucrum
446 5538 791 5593 sectandum.
852 5536 1089 5592 Duorum
1126 5549 1258 5601 ergo
1308 5549 1580 5589 annorum
1630 5548 1792 5588 vaca-

1894 4532 2161 4592 praestaus
2200 4520 2387 4591 generi
2452 4519 2696 4577 humano
2746 4516 3094 4571 abundanter
3145 4516 3481 4571 fructificare

1893 4615 2145 4677 virtutes,
2175 4622 2235 4667 ut
2274 4622 2479 4667 tantam
2536 4618 2593 4664 et
2625 4609 2680 4663 hi
2718 4609 2809 4679 qui
2840 4609 2985 4665 circa
3018 4609 3205 4662 horam
3257 4608 3485 4663 undeci-

1894 4720 2041 4758 mam
2074 4701 2330 4758 conducti
2362 4688 2492 4756 sunt
2524 4700 2592 4754 ad
2621 4695 3048 4769 operandam",
3086 4714 3211 4753 cum
3256 4697 3363 4752 illis
3387 4697 3480 4766 qui

1897 4813 2056 4852 mane
2082 4794 2339 4851 conducti
2376 4792 2622 4854 fuerunt,
2644 4790 2857 4846 denarii
2906 4791 3217 4867 acciperent
3274 4802 3488 4851 merce-

1893 4889 2037 4942 dem.
2068 4886 2185 4940 Non
2218 4894 2301 4940 est
2320 4894 2503 4939 autem
2539 4883 2874 4938 contrarium
2911 4883 2978 4937 iis
3023 4882 3171 4950 quod
3211 4879 3488 4950 sequitur,

1893 4981 1973 5034 ait
2001 4979 2177 5033 enim:

1965 5069 2265 5140 Seretisqtte
2302 5086 2441 5123 anno
2493 5077 2696 5123 octavo.
2760 5065 2915 5132 Quod
2959 5061 3483 5136 quinquagesimum

1894 5160 2190 5232 appellant,
2220 5160 2289 5213 de
2329 5174 2439 5228 quo
2496 5159 2551 5212 in
2590 5155 2923 5229 praecedenti
2977 5153 3284 5209 sanciebat.
3341 5148 3485 5223 Quia

1890 5252 2151 5322 jubileus,
2199 5260 2255 5303 et
2295 5248 2785 5318 quinquagesimus
2842 5261 3052 5300 annus:
3094 5242 3216 5298 Non
3276 5241 3481 5306 seretis,
3518 5234 3525 5273 ί

1898 5358 2061 5412 neque
2082 5341 2302 5396 metatis.
2336 5338 2621 5405 Quomodo
2652 5353 2781 5408 ergo
2800 5352 2926 5390 eum
2951 5335 3040 5391 hic
3064 5350 3249 5390 serere
3287 5332 3485 5404 jubet?
3520 5381 3531 5397 ,

1893 5435 2134 5491 Putasne
2182 5433 2458 5489 contraria
2485 5430 2590 5486 sibi
2641 5429 2916 5502 legislator
2949 5427 3128 5483 dicit?
3158 5427 3267 5480 Sed
3324 5426 3489 5479 aliter

1898 5529 1987 5585 hic
2008 5542 2193 5583 semen
2224 5523 2611 5596 intelligamus,
2629 5530 2690 5576 ut
2720 5535 2896 5593 neque
2914 5518 3099 5576 littera
3124 5514 3482 5580 contrariam.

276 5699 501 5770 "sum.
539 5715 716 5782 ".15.
760 5704 838 5746 ἠ
877 5712 1064 5769 Matth.
1103 5729 1177 5780 η,
1208 5711 1292 5765 δι.
1377 5710 1423 5742 ’τ
1453 5707 1599 5765 Psal.
1632 5680 1780 5766 cxxvi

1885 5704 1934 5759 8.
2018 5706 2062 5738 ⁷⁸
2090 5702 2279 5758 Matth.
2315 5714 2406 5766 xx,
2430 5700 2480 5755 6.
