4036 6200
555 227 688 293 1119

552 354 661 400 tem
734 341 970 404 haheat,
1033 348 1088 394 et
1142 336 1666 409 contemplationem
1736 345 2134 392 consonantem

554 432 898 489 inveniamus
928 428 1175 500 spiritus.
1221 427 1342 482 Non
1380 428 1563 482 seretis
1591 443 1735 499 ergo,
1769 443 1933 498 neque
1971 438 2136 482 mete-

556 526 621 579 tis
640 526 704 579 de
724 521 1158 592 quinquagesimo
1201 521 1307 575 die.
1332 520 1446 575 Nec
1492 534 1683 574 semen
1714 521 1962 590 septima:
1995 522 2135 576 beb-

554 615 801 673 domadre
856 624 1064 680 serant,
1099 615 1168 670 de
1211 630 1321 685 quo
1358 612 1563 671 messio
1600 613 1654 667 in
1684 614 2137 685 quinquagesimo

554 728 701 767 anno
739 717 1069 779 proventura
1092 716 1231 763 erat.
1260 705 1387 761 Haec
1409 706 1553 761 enim
1578 706 1739 768 satio,
1768 706 1871 761 etsi
1902 706 1958 760 in
1998 722 2139 777 prte-

556 804 771 859 cedenti
811 817 979 866 anno,
1009 810 1063 856 et
1082 800 1499 871 quadragesimo
1518 799 1897 870 proveniebat,
1934 799 1991 853 iu
2029 814 2139 870 quo

558 896 815 953 maxime.
866 888 1007 950 sicut
1054 892 1109 947 in
1138 893 1368 960 septima
1418 891 1780 955 bebdomada,
1832 900 2137 947 sementem

510 968 513 971 1
558 1003 756 1043 vacare
780 985 1101 1056 oportebat:
1131 993 1507 1039 verumtamen
1535 982 1973 1053 quinquagesimi
2004 984 2140 1038 dici-

563 1092 669 1144 tur,
703 1080 845 1150 quod
869 1086 1092 1149 propter
1120 1092 1245 1133 eum
1280 1076 1663 1139 seminaretur,
1700 1084 1755 1130 et
1785 1084 2005 1145 propter
2035 1076 2139 1131 hoc

560 1174 904 1245 prohibetur.
946 1169 1133 1241 Neque
1175 1169 1323 1227 enim
1372 1168 1430 1222 in
1484 1167 1714 1237 septima
1774 1166 2135 1233 hebdomada,

561 1280 723 1337 quam
796 1263 1034 1319 diximus
1090 1277 1215 1317 esse
1274 1258 1584 1315 communis
1651 1259 2141 1314 consummationis

563 1357 899 1428 exemplum,
932 1354 1191 1410 seminari
1218 1352 1469 1416 omnino,
1496 1360 1591 1406 aut
1625 1351 1843 1420 operari
1883 1351 1968 1405 lex
2001 1366 2141 1421 pra:-

563 1449 731 1519 cepit.
770 1447 924 1503 Sicut
972 1461 1102 1517 ergo
1139 1459 1240 1499 nos
1263 1444 1444 1498 littera
1482 1458 1593 1498 non
1621 1443 1688 1498 ad
1740 1458 1799 1498 se
1834 1443 2137 1510 intendere,

565 1543 662 1597 sed
692 1542 759 1597 ad
791 1540 1151 1595 intentionem
1174 1537 1502 1610 legislatoris
1521 1534 1826 1605 compulit,
1864 1545 1926 1591 ut
1961 1537 2140 1591 solve-

567 1646 742 1698 retur,
774 1651 837 1690 ea
864 1649 987 1704 qua:
1020 1633 1306 1688 videbatur
1349 1644 1473 1686 esse
1513 1630 1692 1700 legum
1748 1631 2138 1695 contrarietas,

568 1727 649 1781 sie
677 1724 827 1781 dabit
865 1733 922 1779 et
945 1723 1012 1779 de
1041 1720 1504 1792 contemplatione
1552 1736 1791 1776 consona
1837 1722 2151 1777 existimare

571 1814 863 1871 intentioni
895 1811 1362 1884 interpretationis
1382 1811 1660 1881 spiritalis.
1694 1810 1979 1867 Seminant
2003 1813 2153 1867 enim

571 1921 719 1962 anno
742 1917 954 1970 octavo,
986 1904 1186 1960 saeculo
1240 1902 1455 1957 futuro:
1512 1917 1621 1956 non
1664 1902 1976 1973 quicunque
2023 1911 2155 1957 tunc

571 1999 847 2054 seminam
877 1998 1005 2065 (hoc
1025 1995 1172 2049 enim
1227 2010 1338 2048 non
1357 2001 1441 2049 est
1475 1992 1575 2061 las,
1602 1994 1697 2049 sed
1727 2002 1783 2049 et
1816 1994 2155 2073 impossibile

573 2090 717 2146 sicut
740 2088 909 2143 semel
943 2087 1239 2156 diximus):
1268 2086 1362 2141 sed
1392 2100 1497 2140 nec
1527 2086 1616 2154 qui
1655 2086 1710 2139 in
1744 2087 1999 2156 septimo,
2025 2101 2154 2157 cog-

573 2181 774 2235 novisti
813 2179 959 2235 enim
1011 2178 1138 2248 quia
1164 2178 1330 2233 etiam
1380 2178 1485 2233 hoc
1521 2178 1853 2247 prohibitum
1882 2185 1987 2232 est.
2046 2177 2155 2232 Sed

571 2280 843 2342 quotquot
882 2271 938 2325 in
986 2279 1161 2333 sexto,
1217 2270 1272 2324 in
1325 2285 1436 2339 quo
1482 2270 1686 2325 bonum
1752 2270 1912 2324 nobis
1967 2284 2156 2324 semen

570 2366 823 2422 Christus
845 2363 1075 2420 veniens
1098 2362 1270 2427 dedit,
1299 2363 1614 2432 quicunque
1654 2378 1843 2416 semen
1899 2362 1987 2417 hic
2019 2377 2158 2432 pra:-

574 2458 821 2520 mittunt,
855 2473 919 2512 ex
958 2471 1069 2525 quo
1120 2455 1543 2525 promissionum
1570 2455 1731 2510 nobis
1767 2454 1980 2510 ﬂorebit
2011 2470 2157 2509 mes-

571 2548 672 2612 sis,
698 2547 751 2601 id
776 2556 881 2611 est,
901 2560 1152 2600 messura
1174 2545 1574 2605 retributionis,
1601 2545 1669 2599 de
1701 2560 1804 2614 qua
1828 2546 1904 2599 ait
1951 2543 2154 2598 David:

586 2638 862 2694 Venientes
887 2647 1066 2691 autem
1095 2639 1299 2690 uenient
1327 2653 1445 2691 cum
1490 2636 1834 2700 exultatione,
1886 2646 2158 2706 portantes

580 2730 877 2800 manipulos
923 2745 1045 2783 suos
1063 2731 1129 2782 ⁷⁸.
1166 2729 1275 2783 Sed
1328 2738 1386 2783 et
1423 2729 1654 2783 Paulus:
1688 2728 1794 2796 Qui
1835 2730 2060 2783 seminat
2103 2730 2160 2782 in

574 2821 1039 2886 benedictionibus,
1059 2823 1124 2876 de
1136 2821 1579 2876 benedictionibus
1607 2830 1655 2875 et
1684 2831 1857 2876 metet.
1886 2821 1988 2884 Qui
2002 2822 2161 2875 semi-

573 2924 669 2971 nat
693 2917 752 2970 in
785 2932 965 2979 carne,
992 2915 1056 2968 de
1082 2930 1242 2968 carne
1287 2924 1339 2968 et
1371 2922 1524 2968 metet
1579 2914 2012 2983 corruptionem;
2067 2915 2161 2984 qui

574 3019 755 3061 autem
788 3006 1015 3059 seminat
1041 3006 1095 3057 in
1143 3004 1359 3071 spiritu,
1393 3004 1458 3058 de
1489 3004 1680 3073 spiritu
1711 3013 1762 3057 et
1794 3013 1950 3057 metet
1996 3004 2161 3057 vitam

575 3097 912 3154 retentam”.
947 3097 1084 3152 llinc
1103 3096 1377 3169 seminare
1394 3096 1451 3150 in
1472 3105 1668 3151 octavo
1683 3111 1851 3159 anno,
1876 3096 1931 3150 in
1957 3094 2159 3172 saecqu

574 3190 835 3245 videlicet
861 3188 1069 3254 futuro,
1100 3202 1330 3243 necesse
1369 3189 1666 3244 habemus:
1714 3188 1795 3243 sic
1822 3188 1970 3242 enim
2022 3203 2159 3243 eon-

575 3282 809 3338 veniunt
838 3281 995 3336 nobis
1024 3296 1145 3351 quae
1175 3290 1505 3351 sequuntur.

645 3377 716 3430 Et
741 3375 1018 3429 comedetis
1049 3384 1242 3428 ueteres
1269 3375 1495 3445 fructus,
1527 3387 1690 3441 usque
1718 3372 1791 3425 ad
1833 3388 2035 3426 annum
2064 3388 2161 3427 no-

579 3482 727 3522 num.
741 3466 929 3521 Donec
946 3482 1079 3520 noua
1103 3475 1413 3526 nascantur,
1427 3464 1589 3518 edetis
1607 3472 1806 3519 uetera.
1830 3462 2162 3535 Septuagin-

579 3567 635 3613 ta
652 3566 856 3622 autem,
873 3557 1154 3611 comedetis
1181 3564 1358 3611 vetera
1384 3563 1621 3609 veterum
1643 3570 1660 3609 :
1680 3570 1791 3610 non
1830 3555 2165 3626 simpliciter

578 3659 786 3714 vetera,
833 3650 927 3705 sed
971 3649 1156 3704 vetera
1202 3654 1474 3709 veterum,
1523 3647 1651 3717 quia
1701 3647 2163 3716 quemadmodum

578 3743 838 3807 diximus,
874 3756 981 3795 non
1030 3739 1206 3793 solum
1235 3753 1359 3794 mox
1391 3747 1453 3794 ut
1473 3738 1603 3796 hinc
1652 3740 1984 3811 egredimur,
2019 3740 2166 3810 quod

580 3845 658 3891 est
691 3849 868 3889 annus
900 3832 1187 3903 septimus,
1208 3833 1306 3887 sed
1330 3841 1384 3889 et
1406 3833 1459 3887 in
1482 3833 1888 3889 resurrectione
1914 3842 2164 3888 mortuo-

581 3941 724 3987 rum.
760 3940 884 3995 qua:
937 3933 1024 3978 est
1062 3938 1241 3979 annus
1272 3924 1531 3980 videlicet
1570 3935 1817 3989 octavus,
1849 3941 2067 3981 necnon
2112 3926 2164 3980 in

583 4017 965 4084 retributione,
993 4031 1159 4087 quam
1194 4032 1397 4071 nonum
1421 4032 1628 4070 annum
1674 4016 1995 4087 accipimus,
2044 4033 2166 4072 cum

583 4111 803 4180 quidem
851 4125 1021 4163 unum
1071 4110 1147 4164 sit
1200 4109 1459 4164 saeculum
1513 4109 1780 4175 futurum,
1814 4110 2087 4165 dividatur
2114 4110 2166 4163 in

585 4204 872 4275 praedictos
911 4201 1153 4265 ordines,
1184 4201 1527 4256 comedimus
1579 4210 1914 4272 quaecunque
1960 4202 2168 4273 operati

586 4296 872 4356 fuerimus,
906 4304 962 4350 et
989 4303 1278 4365 propterea
1302 4293 1559 4348 dicuntur
1589 4302 1772 4347 vetera
1818 4302 2068 4347 veterum
2102 4294 2168 4349 ad

586 4393 734 4440 tanta
761 4383 968 4449 saeculi,
998 4398 1117 4451 quae
1147 4385 1373 4437 vincunt
1398 4400 1687 4438 numerum
1724 4384 2089 4439 considerata.

657 4475 823 4530 Vens.
846 4475 1038 4530 25-28.
1065 4496 1084 4527 ι
1110 4475 1165 4530 Si
1183 4483 1498 4530 attenuatus
1521 4476 1690 4530 frater
1715 4484 1842 4530 tuus
1860 4477 2171 4533 vendiderit

585 4567 1080 4639 possessiunculam
1124 4584 1299 4631 suam,
1321 4575 1377 4622 et
1408 4568 1639 4622 voluerit
1666 4569 2003 4639 propinquus
2028 4571 2166 4641 ejus,

589 4667 769 4730 potest
796 4660 1064 4715 redimere
1081 4666 1224 4731 quod
1255 4660 1345 4715 ille
1364 4660 1714 4727 vendiderat;
1742 4664 1824 4715 sin
1850 4671 2030 4715 autem
2056 4676 2167 4716 non

590 4750 841 4806 habuerit
859 4752 1187 4821 proximum,
1207 4752 1395 4822 etipse
1422 4752 1658 4824 pretium
1692 4753 1757 4807 ad
1787 4753 2165 4808 redimendum

589 4844 1587 4915 potueritinvenire,computabuntur
1612 4844 1821 4901 fruetus
1839 4861 1902 4900 ex
1932 4860 1998 4900 eo
2029 4855 2169 4899 tem-

590 4952 739 5009 pore.
781 4952 890 5008 quo
923 4938 1187 5001 vendidit,
1222 4947 1278 4992 et
1328 4938 1474 5008 quod
1516 4938 1786 5008 reliquum
1836 4946 1939 5002 est,
1981 4936 2173 4991 reddat

589 5031 820 5100 emptori
852 5050 864 5085 :
897 5031 1084 5102 sicque
1110 5030 1339 5101 recipiet
1364 5030 1768 5100 possessionem
1804 5043 1979 5084 suam.
2015 5027 2172 5095 Quod

591 5120 636 5174 si
669 5136 779 5175 non
830 5121 1098 5177 invenerit
1156 5136 1354 5176 manus
1383 5122 1524 5190 ejus,
1560 5128 1619 5174 ut
1671 5120 1862 5174 reddat
1912 5120 2170 5189 pretium,

593 5207 814 5263 habebit
840 5218 1054 5279 emptor
1086 5211 1229 5279 quod
1280 5218 1509 5275 emerat,
1544 5225 1713 5279 usque
1743 5211 1807 5263 ad
1854 5226 2056 5264 annum
2085 5210 2173 5279 ju-

596 5299 818 5364 bileum,
840 5301 893 5354 iu
927 5301 1046 5373 ipso
1079 5303 1223 5357 enim
1254 5301 1433 5357 omnis
1454 5300 1695 5357 venditio
1726 5302 1866 5355 redit
1890 5303 1955 5355 ad
1993 5301 2174 5354 Domi-

597 5407 753 5457 num,
781 5402 840 5447 et
867 5394 934 5449 ad
963 5410 1332 5464 possessorem
1361 5394 1670 5465 pristinum.
1704 5413 1722 5444 ι

670 5596 714 5627 ’⁸
745 5594 886 5650 Psal.
926 5611 1084 5660 cxxv,
1113 5598 1165 5649 6.
1245 5598 1288 5628 ⁸ο
1317 5595 1485 5650 lCor.
1512 5612 1586 5655 ix.
1612 5595 1675 5661 6;
1713 5593 1886 5650 Galat.
1918 5611 1992 5659 vt,
2030 5594 2079 5648 8.

602 5664 647 5696 ⁸⁸
677 5663 784 5719 Tit.
821 5679 903 5725 ιιι,
934 5665 1018 5718 to.
1097 5667 1142 5697 ⁸⁸
1170 5666 1209 5717 ll
1242 5665 1399 5720 Joau.
1435 5684 1484 5720 ιι.
1559 5669 1603 5697 ⁸⁸
1629 5663 1770 5722 Psal.
1798 5680 2036 5734 uxxvu,
2083 5665 2163 5720 l6.

1694 232 1701 237 “
1728 221 2101 283 ᾏΗΕΞῩΟΗΙΙ
2138 220 2610 280 PRESBYTER]

2180 5595 2221 5627 αι
2258 5594 2271 5648 Ι
2305 5596 2427 5650 Cor.
2460 5613 2553 5662 vn,
2586 5596 2675 5651 20.

3697 223 3849 288 1120

2163 344 2212 399 Α
2309 333 2470 390 Varia
2508 335 2677 390 etiam
2723 348 2873 399 nunc
2902 330 3064 387 nobis
3093 334 3369 406 iegislator
3411 338 3671 407 exponit,
3726 356 3849 399 non

2238 428 2498 499 qualibet,
2519 428 2613 484 sed
2633 412 2871 482 maxima
2898 428 3184 499 sapientia,
3213 428 3259 482 si
3278 428 3402 499 quis
3429 430 3692 487 intendat
3724 431 3847 499 ple-

2236 535 2365 575 nam
2400 537 2412 573 :
2442 534 2569 574 nam
2587 528 2645 574 et
2661 533 2784 589 qua:
2815 519 2887 574 sit
2915 530 3103 574 nostra
3127 518 3433 575 substantia
3458 528 3517 574 et
3545 523 3847 591 possessio

2238 622 2295 669 et
2322 611 2599 683 quomodo
2626 612 2747 681 ejus
2770 619 2978 682 partem
3020 612 3348 677 alienamus,
3371 628 3482 682 quo
3511 614 3686 670 modo
3718 631 3852 670 rur-

2238 720 2334 760 sus
2364 705 2681 775 recipimus,
2718 719 2820 774 per
2859 703 3110 759 ordinem
3154 704 3335 760 docet.
3383 704 3849 778 Uniuscujusqne

2239 812 2370 868 ergo
2394 796 2630 852 hominis
2647 796 2939 868 possessio,
2963 796 3107 851 bona
3137 798 3486 853 conversatio
3523 808 3635 863 est.
3671 817 3854 870 quam

2240 891 2417 945 sortiti
2447 904 2636 944 sumus
2665 905 2695 944 a
2723 889 2857 955 Deo,
2894 887 2964 943 de
2993 904 3100 959 qua
3136 888 3339 944 Paulus
3373 888 3593 945 dicebat
3621 908 3638 946 :
3662 892 3859 947 Unus—

2241 984 2459 1055 quisque
2486 983 2542 1038 in
2569 1000 2675 1053 qua
2700 982 2971 1037 vocatione
3006 990 3223 1036 uocatus
3247 991 3322 1037 est
3343 979 3534 1049 frater,
3559 984 3622 1037 in
3650 985 3863 1038 eadem

2240 1084 2457 1131 maneat
2487 1076 2631 1145 apud
2666 1075 2837 1131 Deum
2861 1075 2931 1139 “,
2960 1074 3050 1131 hic
3093 1082 3282 1130 autem
3323 1073 3728 1147 virginitatem.
3755 1076 3862 1130 ille

2241 1178 2426 1224 autem
2450 1177 2660 1224 castum
2691 1168 3028 1239 conjugium,
3071 1168 3209 1222 alter
3249 1166 3416 1222 vitam
3451 1167 3701 1237 justitiaz,
3757 1166 3857 1221 hic

2242 1262 2519 1318 silentium
2569 1260 3040 1330 remotionemque
3090 1274 3403 1324 causarum,
3453 1258 3544 1315 hic
3577 1260 3857 1315 sacerdo-

2245 1357 2401 1420 tium,
2420 1355 2510 1412 ille
2527 1369 2824 1425 pauperum
2839 1352 3225 1423 patrocinium:
3246 1353 3383 1408 alter
3403 1354 3530 1414 alia.
3545 1356 3861 1424 unusquis-

2244 1465 2350 1522 que
2389 1447 2654 1504 scundum
2682 1447 2954 1518 propriam
2992 1445 3247 1501 virtutem
3264 1445 3531 1515 possidet.
3547 1446 3656 1500 Sed
3672 1462 3866 1516 quau-

2245 1544 2315 1598 do
2333 1558 2427 1614 per
2437 1540 2697 1598 desidiam
2725 1540 3081 1610 cogitationes
3091 1546 3294 1592 nostra:
3307 1538 3593 1592 infirmata
3609 1537 3853 1602 fuerint,

2249 1642 2381 1688 tunc
2421 1647 2485 1686 ex
2532 1640 2687 1701 parte
2730 1629 2801 1683 de
2851 1627 3070 1698 propria
3108 1643 3172 1682 ea
3216 1628 3413 1683 demus
3468 1629 3859 1698 possessione.

2254 1730 2476 1794 propter
2498 1723 2641 1791 quod
2677 1718 3071 1790 Septuaginta:
3111 1717 3170 1773 Si
3199 1734 3404 1789 pauper
3439 1721 3609 1789 factus
3629 1720 3799 1790 fuerit
3834 1736 3864 1785 ;

2253 1816 2469 1887 Aquila,
2523 1816 2570 1869 si
2642 1814 2943 1870 exciderit:
2986 1811 3368 1884 Symmachus.
3427 1813 3474 1865 si
3525 1812 3867 1867 humiliatus

2254 1910 2431 1980 fuerit,
2479 1906 2787 1962 ediderunt.
2815 1903 2946 1971 Quae
2988 1904 3262 1974 quomodo
3306 1904 3463 1958 nobis
3498 1913 3554 1958 et
3579 1914 3709 1974 post
3750 1920 3867 1959 cx-

2255 2014 2470 2056 cessum
2497 1996 2693 2053 salvari
2720 1996 2943 2068 poterit,
2975 1997 3157 2053 disces
3184 2011 3281 2067 per
3309 2005 3486 2067 partes
3515 1996 3685 2051 verba
3704 1997 3867 2067 ipsa

2256 2094 2576 2149 discutiens.

2327 2185 2385 2241 Si
2402 2196 2705 2240 attenuatus
2728 2187 2894 2256 frater
2918 2194 3038 2238 tuus
3054 2184 3343 2238 uendiderit
3362 2185 3860 2253 possessiunculam

2258 2290 2432 2339 suam,
2472 2283 2521 2327 et
2565 2273 2786 2327 voluerit
2825 2273 3151 2343 propinquus
3202 2272 3338 2342 ejus,
3375 2282 3541 2342 potest
3586 2276 3862 2329 redimere

2258 2368 2396 2439 quod
2428 2366 2522 2420 ille
2564 2366 2889 2419 vendiderat.
2932 2365 3177 2418 Fratrem
3223 2375 3473 2419 nostrum
3518 2365 3855 2420 eonﬁdelern

2260 2460 2344 2514 lex
2400 2458 2683 2514 intellexit.
2715 2455 2901 2528 Neque
2959 2458 3105 2510 enim
3163 2456 3486 2526 simpliciter
3541 2457 3851 2515 secundum

2260 2549 2613 2619 Septuaginta
2640 2548 3000 2619 dixit;frater
3029 2556 3186 2612 tuus;
3230 2547 3327 2602 sed
3378 2547 3627 2603 addidit:
3665 2547 3733 2602 Et
3761 2550 3852 2619 qui

2261 2652 2429 2696 tecum
2459 2651 2533 2695 est
2571 2658 2589 2695 :
2626 2640 2747 2696 illos
2773 2642 2973 2711 quippe
3001 2640 3254 2706 inuuens,
3285 2639 3353 2694 de
3387 2640 3589 2710 quibus
3607 2637 3852 2694 Joannes

2262 2733 2589 2804 evangelista
2618 2733 2836 2802 scripsit
2864 2750 2878 2787 :
2904 2730 2961 2786 Si
2988 2732 3128 2785 enim
3149 2731 3364 2802 fuissent
3393 2747 3458 2788 es:
3482 2732 3653 2793 nobis,
3692 2748 3851 2784 man-

2261 2825 2446 2877 sissent
2482 2822 2662 2892 utique
2702 2820 2970 2874 nobiscum
2999 2819 3069 2871 θ’.
3102 2818 3241 2872 Sunt
3284 2833 3414 2889 ergo
3456 2817 3684 2887 quidam
3733 2815 3850 2871 falsi

2263 2915 2478 2980 fratres,
2524 2913 2726 2982 iniquis
2774 2911 3074 2967 baeresibus
3123 2912 3484 2974 adhaerentes,
3537 2920 3593 2965 et
3632 2910 3853 2980 pietatis

2188 3041 2231 3098 ο
2265 3005 2463 3061 frustra
2489 3003 2910 3059 cicumferentes
2943 3018 3163 3067 nomen,
3184 3004 3251 3058 de
3283 3003 3485 3072 quibus
3512 3002 3716 3056 Paulus
3744 3003 3849 3056 ait:

2263 3095 2522 3152 Periculis
2559 3097 2615 3149 in
2651 3094 2799 3165 falsis
2841 3094 3101 3165 fratribus
3128 3094 3199 3147 ⁸³.
3232 3093 3336 3160 Qui
3389 3103 3573 3148 autem
3615 3093 3671 3147 bi
3724 3093 3855 3158 sint,

2260 3190 2375 3259 ipse
2388 3189 2520 3243 alias
2536 3187 2791 3242 admouet
2809 3206 2821 3242 :
2843 3187 3157 3242 llwreticum
3171 3188 3435 3241 hominem
3461 3196 3579 3256 post
3597 3187 3853 3256 primam,

2261 3290 2309 3334 et
2329 3280 2610 3334 secundam
2627 3279 3039 3333 admonitionem
3058 3278 3231 3333 devita
3258 3276 3324 3332 ⁸⁸.
3354 3276 3464 3332 Sed
3496 3287 3551 3333 et
3577 3277 3854 3333 Joannes:

2261 3371 2320 3426 Si
2347 3372 2463 3443 quis
2494 3372 2634 3426 venit
2666 3371 2736 3425 ad
2774 3388 2882 3436 vos,
2921 3381 2968 3425 et
2997 3373 3295 3427 doctrinam
3341 3380 3477 3427 hanc
3508 3388 3612 3426 non
3649 3373 3857 3443 afferet.

2263 3479 2367 3518 non
2388 3463 2689 3532 suscipiatis
2705 3478 2825 3517 eum
2852 3463 2910 3517 in
2936 3462 3173 3531 domum,
3195 3480 3287 3518 nec
3312 3464 3417 3518 Ave
3435 3468 3482 3518 ei
3506 3464 3763 3518 dixeritis
3787 3464 3856 3519 ⁸³.

2263 3555 2376 3612 llos
2408 3566 2591 3611 autem
2609 3556 2902 3627 corrigere,
2941 3557 3140 3626 quibus
3168 3559 3378 3612 sociare
3409 3573 3520 3611 non
3557 3555 3695 3613 licet
3714 3559 3861 3612 nu‘lo

2264 3662 2558 3717 possumus
2593 3647 2771 3709 lllO.i0,
2792 3648 2858 3700 ad
2893 3647 3089 3701 horum
3111 3647 3520 3719 ἀντιδιὰστοὶην
3544 3648 3644 3701 ait.
3680 3646 3743 3702 Si
3776 3659 3858 3701 at-

2267 3748 2512 3792 tenuatus
2552 3739 2718 3808 frater
2760 3748 2902 3804 tuus,
2946 3739 3061 3794 sive
3103 3740 3406 3794 secundum
3453 3739 3859 3812 Septuaginta;

2266 3830 2325 3886 Si
2381 3833 2451 3885 ad
2491 3841 2863 3902 paupertatem
2919 3834 3210 3901 pervenerit
3259 3835 3423 3902 frater
3476 3843 3601 3886 tuus
3647 3835 3741 3903 qui
3792 3844 3863 3886 est

2268 3934 2457 3978 tecum.
2502 3922 2745 3978 Fratrem
2796 3934 3068 3985 nostrum,
3099 3934 3156 3979 et
3198 3925 3291 3994 qui
3321 3924 3610 3979 nobiscum
3643 3935 3754 3986 est.
3780 3925 3866 3978 in-

2270 4016 2476 4070 tellexit
2525 4012 2877 4079 eoulidelein,
2926 4017 2984 4070 in
3036 4019 3195 4086 cujus
3243 4017 3574 4088 cogitatione
3643 4019 3863 4088 quando

2268 4106 2481 4160 venerit
2510 4117 2812 4176 peccatum,
2834 4108 2888 4161 in
2916 4118 3290 4178 paupertatem
3323 4110 3548 4176 labitur,
3571 4121 3631 4166 et
3653 4126 3861 4181 pauper

2270 4213 2398 4254 vere
2418 4210 2520 4262 est,
2556 4201 2809 4269 quoniam
2856 4201 3073 4255 divitias
3100 4201 3335 4272 perdidit
3365 4202 3642 4273 spiritales
3691 4203 3863 4257 factus

2271 4292 2450 4360 qualis
2476 4292 2486 4341 i
2515 4291 2562 4344 le
2595 4292 2661 4345 de
2693 4308 2800 4361 quo
2822 4292 2988 4345 David
3024 4293 3180 4358 dixit,
3216 4309 3339 4347 cum
3368 4308 3494 4348 eum
3516 4295 3609 4364 qui
3644 4296 3697 4348 iu
3724 4296 3864 4365 cogi-

2202 4391 2242 4443 D
2276 4383 2570 4437 tatiouibus
2622 4394 2969 4453 peccatorum
3021 4385 3352 4439 constitutus
3388 4395 3526 4450 erat,
3561 4398 3863 4456 exponeret

2279 4476 2554 4530 hominem
2578 4494 2590 4528 :
2615 4475 2784 4546 Egens
2805 4493 2920 4529 sum
2947 4492 3058 4546 ego,
3092 4488 3142 4530 et
3167 4478 3223 4530 in
3241 4477 3507 4533 laboribus
3533 4496 3564 4532 a
3583 4480 3865 4549 juventute

2276 4585 2416 4631 mea,
2436 4567 2702 4622 exaltatus
2737 4577 2935 4633 autem,
2957 4568 3265 4623 humiliatus
3296 4587 3414 4623 sum
3438 4581 3487 4624 et
3516 4572 3774 4640 confusus
3798 4574 3861 4623 ⁵⁸.

2232 4722 2233 4725 η
2275 4657 2505 4724 Quando
2533 4675 2661 4730 ergo
2682 4660 2787 4723 hic,
2814 4659 2905 4729 qui
2931 4659 3050 4713 talis
3068 4667 3146 4714 est
3168 4670 3376 4730 partem
3400 4662 3658 4730 propriae,
3677 4661 3864 4716 bonar-

2275 4766 2381 4821 quc
2403 4751 2785 4820 possessionis,
2801 4768 2923 4822 qua:
2943 4752 2990 4805 ei
3011 4764 3156 4807 sorte
3176 4753 3495 4817 obvenerat,
3515 4754 3861 4819 vendiderat,

2277 4842 2659 4914 cogitationem
2718 4844 2924 4913 peccati
2977 4845 3303 4914 suscipiens,
3353 4845 3538 4900 vendit
3585 4847 3741 4901 enim
3784 4847 3865 4900 hic

2278 4937 2590 4990 adversario
2624 4952 2776 4991 suam
2812 4946 3076 5000 mentem,
3107 4938 3566 5008 quemadmodum
3600 4939 3751 4994 Deus
3776 4938 3867 4994 Ju-

2281 5027 2410 5082 dmis
2450 5028 2706 5082 dicebat:
2739 5025 2872 5082 Ecce
2908 5029 3136 5098 peccatis
3173 5031 3357 5084 vestris
3390 5029 3678 5083 venundati
3724 5030 3863 5091 estis,

2279 5122 2445 5175 veniet
2469 5121 2642 5190 affinis
2668 5129 2714 5174 et
2744 5121 3068 5191 propinquus
3096 5122 3234 5191 ejus,
3262 5121 3565 5176 secundum
3588 5121 3863 5192 spiritum.

2281 5219 2542 5282 cognatus
2571 5219 2626 5264 et
2659 5209 2960 5276 confidclis,
2990 5220 3037 5264 et
3072 5210 3237 5281 legem
3265 5211 3593 5286 cognationis
3626 5211 3866 5278 operibus

2284 5305 2577 5365 ostendens,
2608 5312 2656 5357 et
2701 5303 2938 5356 liberabit
2982 5302 3327 5357 venditionem
3362 5302 3547 5374 fratris
3586 5303 3692 5365 sui,
3738 5302 3866 5357 illud

2285 5396 2537 5467 impletis,
2582 5396 2726 5465 quod
2759 5395 2957 5450 Paulus
3003 5395 3278 5449 scribebat
3311 5413 3324 5450 :
3359 5394 3596 5459 Fratres,
3636 5395 3685 5448 si
3721 5408 3867 5448 com-

2180 1696 2224 1749 Β

2776 5596 2820 5624 ⁸¹
2864 5594 3066 5651 lJoan.
3096 5610 3157 5660 ιι,
3192 5594 3278 5650 i9.
3356 5595 3400 5624 ⁸³
3430 5593 3475 5659 ll
3502 5592 3630 5659 Cor.
3671 5608 3748 5658 xi.
3778 5594 3863 5651 εδ.
