4036 6200
237 261 372 330 1121

1353 272 1432 331 IN
1472 271 1912 332 LEVITICUM.
1951 296 2017 307 --
2060 271 2208 331 LIB.
2240 272 2373 332 VII.

3368 270 3503 335 1122

234 383 527 449 prehensus
578 382 735 452 fuerit
787 383 939 436 homo
984 385 1038 435 in
1097 383 1276 453 aliqua
1337 385 1544 448 delicto,
1599 401 1686 438 vos
1743 385 1834 454 qui
1864 395 1903 450 Α
1937 386 2290 458 cogitationes
2339 386 2830 451 emendaverimus,
2864 395 2919 441 et
2951 386 3315 456 receperimus
3362 390 3506 455 quod

237 472 513 541 spiritales
539 472 678 532 estis,
707 473 949 526 instruite
969 474 1271 542 Itujusmodi
1292 475 1345 525 in
1362 477 1552 544 spiritu
1582 492 1828 528 mansue-

243 565 468 627 tudinis,
499 566 838 619 considerans
868 566 1110 632 teipsum,
1151 582 1213 619 ne
1240 576 1287 619 et
1321 577 1377 618 tu
1411 569 1646 620 tenteris.
1683 567 1830 619 Alter

239 655 468 711 alterius
519 673 680 710 oncra
739 667 970 726 portate,
1029 667 1078 711 et
1131 659 1207 711 sic
1261 659 1613 728 adimplebitis
1668 659 1830 728 legem

239 747 446 803 Christi
463 748 602 802 ".Si
631 750 776 803 enim
805 751 1035 804 invicem
1064 766 1230 804 onera
1267 759 1449 804 nostra
1490 752 1830 805 exhortatio-

237 839 444 904 nibus,
495 840 1059 904 commonitionibus,
1108 842 1538 910 opportunisque
1590 843 1832 897 consiliis

239 931 672 999 portaverimus,
721 931 952 986 liberare
999 931 1222 986 fratrem
1266 949 1296 985 a
1342 943 1660 1002 paupertate
1705 949 1831 1002 pos-

241 1037 466 1086 sumus,
499 1031 554 1076 et
582 1023 852 1077 redimere
897 1038 1056 1092 quam
1095 1024 1210 1093 ipse
1245 1039 1309 1077 ex
1342 1025 1667 1095 negligentia
1708 1041 1832 1094 pos-

239 1114 574 1177 sessionem,
622 1129 744 1168 cum
803 1129 911 1168 non
958 1115 1216 1178 deberet,
1267 1115 1530 1178 vendidit,
1579 1125 1634 1170 et
1671 1117 1833 1171 modo

237 1206 484 1276 quodam
508 1205 566 1259 lit
589 1207 896 1261 communis
926 1207 1218 1274 possessio.
1241 1207 1296 1260 Si
1325 1216 1504 1261 autem
1539 1208 1698 1262 alicui
1723 1223 1830 1260 non

239 1295 416 1351 fuerit
447 1295 729 1364 proximus
765 1297 850 1350 vel
880 1297 1239 1367 propinquus,
1279 1297 1509 1351 forsitan
1538 1298 1684 1352 enim
1717 1313 1829 1352 non

241 1387 494 1443 ostendit
523 1397 835 1456 opportuno
867 1396 1110 1458 tempore
1135 1403 1260 1458 erga
1301 1390 1464 1443 alium
1496 1388 1833 1457 compassio-

243 1497 377 1536 nem
408 1487 466 1534 ut
498 1488 553 1534 et
583 1479 699 1550 ipse
725 1479 772 1533 ei
801 1479 1060 1549 spiritalis
1081 1481 1359 1536 afﬁnitatis
1380 1483 1472 1549 jus
1499 1489 1716 1535 servet:
1742 1488 1837 1533 aut

245 1569 476 1624 forsitan
511 1568 613 1622 hoc
646 1569 790 1637 quod
819 1569 1064 1638 contigit,
1089 1584 1375 1639 suggerere
1391 1570 1492 1634 eis,
1521 1571 1615 1639 qui
1638 1585 1836 1624 secun-

245 1659 380 1712 dum
405 1657 654 1727 Spiritum
678 1667 806 1712 sunt
825 1660 1089 1728 cognatis,
1114 1660 1388 1714 erubescit
1418 1679 1430 1713 :
1457 1669 1513 1714 et
1538 1660 1669 1714 illud
1690 1659 1835 1728 quod

246 1750 456 1806 dictum
487 1758 571 1803 est
601 1749 654 1801 in
686 1749 996 1804 Proverbiis
1033 1751 1322 1821 ignoravit.
1350 1751 1542 1806 Frater
1566 1761 1743 1805 autem
1782 1753 1837 1805 in
1868 1729 1910 1782 Β

247 1841 510 1912 angustiis
555 1840 931 1908 comprobatur
965 1841 1032 1902 ⁸⁸,
1079 1842 1204 1911 quia
1238 1842 1330 1912 qui
1362 1843 1648 1898 abscondit
1681 1858 1835 1898 suam

249 1932 580 2003 passionem,
603 1946 705 1986 nec
721 1931 999 2000 accipiens
1021 1932 1164 1987 illico
1187 1932 1241 1987 in
1259 1942 1443 1988 mente
1472 1933 1834 1998 medicamen,

252 2025 372 2096 ipse
402 2025 754 2094 semetipsum
777 2025 994 2079 salvare
1012 2024 1192 2090 debet,
1221 2035 1275 2081 et
1295 2027 1569 2097 propriam
1593 2026 1839 2082 substan~

254 2115 385 2170 tiam
418 2115 710 2180 redimere,
739 2123 794 2168 et
817 2122 1105 2184 propterea
1132 2116 1242 2171 ait:

328 2203 387 2261 Si
407 2215 587 2260 autem
626 2221 730 2258 non
767 2205 1009 2259 habuerit
1042 2207 1359 2276 proximum,
1394 2216 1442 2262 et
1473 2209 1584 2278 ipse
1611 2210 1838 2279 pretium

253 2296 330 2350 ad
389 2298 754 2351 redimendum
800 2299 1028 2365 potuerit
1079 2299 1332 2364 inuenire,
1400 2301 1840 2369 computabantur

255 2390 460 2456 fructus
484 2405 547 2442 ex
571 2405 630 2442 eo
654 2398 906 2458 tempore,
932 2405 1034 2462 quo
1059 2391 1312 2455 uendidit,
1341 2400 1391 2444 et
1421 2393 1560 2462 quod
1581 2392 1838 2462 reliquum

254 2488 352 2543 est,
373 2480 550 2534 reddet
579 2481 820 2550 emptori,
836 2481 1012 2549 sicque
1032 2482 1244 2549 recipiet
1263 2484 1634 2550 possessionem
1661 2499 1836 2537 suam.

254 2571 394 2638 Quis
420 2587 548 2644 ergo
579 2581 826 2626 nostrum
849 2572 1080 2628 idoneus
1109 2581 1210 2636 est.
1243 2582 1336 2627 aut
1365 2581 1566 2643 potest,
1592 2589 1656 2628 ex
1691 2575 1839 2630 desi-

253 2664 371 2726 dia,
395 2673 490 2718 aut
517 2664 782 2732 pravitate
804 2674 1044 2719 mentem
1076 2665 1352 2720 vcnditam
1375 2665 1622 2729 liberare,
1653 2674 1838 2722 utnon

256 2770 328 2810 ex
361 2763 474 2809 toto
508 2763 695 2823 pereat
727 2754 796 2808 ab
823 2755 1114 2819 alienante,
1152 2756 1256 2809 nisi
1286 2756 1395 2808 vita
1429 2755 1589 2818 bona,
1618 2765 1674 2810 et
1696 2756 1839 2810 actio

254 2846 552 2916 repellens,
571 2846 885 2916 quicunque
912 2846 1120 2901 inventi
1139 2846 1402 2900 fuerimus
1420 2846 1472 2900 in
1496 2855 1680 2901 mente
1711 2861 1838 2915 pec—

252 2936 504 2992 cantes?
551 2935 783 3006 Oportet
830 2951 960 3008 ergo
1009 2938 1249 3006 c0gitare
1299 2945 1563 3006 quantum
1623 2945 1838 3006 tempus

248 3022 546 3094 praedictas
599 3033 812 3078 mentes
867 3025 1053 3102 eigqui
1093 3025 1231 3079 solet
1272 3041 1366 3080 eas
1415 3027 1836 3096 cogitationibus

250 3114 415 3178 malis
436 3129 640 3179 emere,
659 3123 714 3168 et
745 3115 801 3169 in
832 3117 1150 3171 servitutem
1177 3117 1440 3188 redigere,
1467 3118 1834 3182 vendidimus,

248 3205 535 3275 placentes
561 3205 632 3268 ei,
665 3215 720 3260 et
748 3207 1178 3272 consentientes,
1207 3215 1262 3260 et
1286 3208 1439 3262 reddi
1469 3208 1518 3261 ei
1544 3209 1687 3276 quod
1717 3208 1838 3263 reli-

250 3311 424 3366 quum
471 3307 556 3350 est
589 3297 674 3350 vel
717 3297 1014 3350 secundum
1043 3295 1417 3367 Septuaginta,
1467 3297 1611 3366 quod
1653 3297 1834 3350 habet.

251 3387 447 3457 Neque
474 3387 619 3441 enim
653 3388 909 3441 dixerunt
939 3388 1084 3456 quod
1121 3388 1387 3456 reliquum
1414 3396 1519 3449 est,
1566 3387 1662 3440 sed
1692 3385 1837 3455 quod

255 3493 425 3547 super
472 3477 655 3543 habet,
698 3487 757 3531 ut
783 3487 1066 3532 contractu
1112 3479 1410 3532 valentiore
1441 3479 1745 3539 vincamus,
1783 3485 1839 3530 et

260 3569 555 3624 liberemus
607 3579 847 3624 mentem
896 3578 1162 3624 nostram.
1221 3568 1288 3622 Et
1323 3569 1386 3633 si,
1432 3569 1583 3623 verbi
1644 3569 1834 3639 gratia,

257 3658 590 3714 desiderium
620 3667 869 3714 nostrum
908 3659 1151 3714 avaritia:
1174 3659 1441 3730 cogitatus
1473 3659 1673 3713 invasit
1711 3673 1833 3721 nos,

258 3763 648 3819 recuperemus
699 3759 936 3804 mentem
972 3757 1237 3816 nostram,
1270 3756 1331 3803 ut
1372 3764 1465 3804 eas
1492 3748 1676 3811 etiam,
1714 3763 1838 3818 quas

257 3841 326 3894 de
347 3841 497 3910 justo
517 3848 664 3906 sunt,
686 3839 948 3911 pecunias
975 3848 1031 3894 et
1057 3838 1431 3909 possessiones
1449 3838 1834 3908 despiciamus.

257 3931 314 3986 Si
338 3930 724 4002 gastrimargize
744 3931 1120 4000 captivitatem
1142 3930 1431 4002 suggessit,
1449 3944 1552 3984 nos
1575 3929 1837 3984 intentio-

257 4036 382 4076 nem
416 4021 611 4092 jejunii
631 4021 889 4085 districti,
926 4029 981 4076 et
1010 4021 1254 4076 omnium
1280 4022 1526 4076 ciborum
1545 4021 1837 4076 continen-

256 4113 388 4169 tiam
415 4128 822 4184 recuperemus.
861 4112 918 4167 Si
956 4113 1104 4166 enim
1142 4113 1543 4182 possessionem
1589 4123 1835 4166 nostram

255 4207 498 4277 recipere
527 4222 559 4261 a
591 4205 782 4277 majori
833 4204 1074 4270 inimico,
1104 4221 1264 4274 quem
1299 4204 1682 4270 devicerimus,
1709 4219 1837 4274 pos-

254 4313 461 4352 sumus.
484 4296 739 4352 Siautem
762 4295 866 4350 hoc
883 4295 1086 4350 factum
1106 4311 1213 4351 non
1238 4295 1420 4359 fuerit,
1443 4295 1574 4365 quid
1597 4294 1834 4360 eveniat,

255 4390 403 4444 disce
440 4407 454 4442 :

331 4485 392 4538 Et
415 4483 458 4536 si
488 4499 587 4536 non
613 4483 859 4536 invenerit
895 4499 1082 4536 manus
1113 4483 1247 4551 ejus,
1282 4492 1338 4535 ut
1374 4482 1558 4536 reddat
1584 4482 1829 4551 pretium.

255 4575 482 4644 Oportet
503 4575 672 4638 enim,
693 4573 833 4628 sicut
852 4573 1105 4639 diximus,
1123 4574 1341 4644 quando
1357 4589 1464 4628 non
1489 4573 1832 4644 praeveniens

256 4665 380 4735 quis
406 4665 748 4735 propinquus
796 4663 1056 4733 spiritalis
1095 4663 1514 4725 commonuerit,
1559 4661 1832 4731 quomodo

257 4758 429 4812 malas
457 4757 820 4827 cogitationes
852 4755 970 4811 sine
999 4755 1221 4809 laesione
1261 4755 1609 4824 repellamus,
1639 4754 1832 4808 subsc-

255 4849 347 4919 qui
386 4847 767 4919 cogitationem
809 4853 865 4900 et
903 4845 1176 4900 actionem
1218 4862 1282 4900 ex
1309 4861 1414 4915 qua
1441 4845 1673 4900 liberare
1703 4859 1832 4913 pos-

256 4943 426 4996 simus
465 4955 800 5010 qumcunqne
841 4939 1042 5007 reperti
1087 4937 1352 4991 fuerimus
1379 4937 1520 4990 male
1546 4935 1832 4988 alienasse.

255 5036 486 5091 Habebit
519 5044 733 5105 emptor
758 5032 901 5102 quod
935 5042 1142 5086 emerat
1179 5047 1348 5101 usque
1373 5031 1439 5084 ad
1463 5043 1667 5082 annum
1693 5027 1839 5097 jubi-

257 5130 423 5187 leum.

331 5221 393 5274 In
431 5223 541 5289 ipso
567 5225 705 5277 enim
729 5227 899 5279 omnis
923 5223 1154 5278 venditio
1180 5218 1311 5272 redit
1348 5215 1417 5268 ad
1448 5213 1756 5272 Dominum,
1789 5218 1838 5263 et

257 5313 327 5365 ad
349 5329 694 5382 possessorem
724 5318 1027 5386 pristinum.
1071 5314 1125 5367 Si
1156 5325 1286 5379 ergo
1327 5321 1504 5374 neque
1527 5303 1842 5373 per-frater-

1932 477 2000 532 de
2048 486 2234 532 nostra
2281 477 2625 545 possessione
2665 478 2958 532 alienatum
3003 487 3104 540 est,
3138 478 3510 532 dominabitur

1932 567 2071 633 ejus,
2112 568 2205 636 qui
2245 583 2363 621 eam
2407 584 2506 636 per
2548 578 2789 622 nostram
2821 567 3202 639 negligentiam
3243 567 3506 636 possedit.

1932 659 2117 728 Usque
2147 660 2212 713 ad
2245 675 2384 728 opus
2416 661 2560 713 enim
2601 668 2880 728 peccatum
2924 658 3264 727 producitur,
3309 667 3364 711 et
3395 674 3508 712 non
3551 713 3553 715 ,

1933 751 2091 805 aliter
2109 751 2497 820 intelligibilem
2519 761 2756 805 nostram
2777 750 3174 820 pussvssionem
3198 749 3508 817 recipimus,

1931 843 2036 895 nisi
2068 843 2122 894 in
2156 852 2401 911 tempore
2426 843 2636 911 jubilei,
2676 843 2774 896 sivi
2823 851 2883 895 ut
2910 840 3283 909 Septuaginta,
3317 839 3513 892 remis—

1935 933 2126 988 sionis.
2172 932 2310 997 Quia
2345 934 2618 1002 perfectus
2653 943 2738 986 est
2780 948 2978 994 annus,
3027 931 3119 1000 qui
3145 946 3334 984 omnes
3372 930 3425 982 in
3456 945 3513 982 se

1935 1027 2101 1081 horas
2129 1026 2316 1092 habet,
2346 1035 2401 1080 et
2431 1026 2673 1079 omnium
2700 1026 2984 1079 modorum
3029 1024 3340 1076 circuitum.
3384 1021 3513 1075 Pcr-

1939 1122 2122 1165 actum
2151 1121 2332 1165 autem
2365 1122 2669 1181 peccatum,
2693 1123 2748 1166 et
2773 1127 2870 1181 per
2907 1111 3133 1167 multum
3161 1119 3374 1180 tempus
3395 1125 3512 1163 ma-

1938 1217 2092 1264 nens,
2115 1217 2223 1256 non
2255 1204 2414 1256 aliter
2442 1206 2523 1256 fas
2553 1211 2636 1258 est
2662 1204 2880 1274 corrigi,
2912 1212 2965 1257 et
2996 1203 3224 1256 liberare
3248 1210 3510 1265 mentem,

1935 1293 1992 1346 in
2023 1308 2130 1362 qua
2147 1293 2456 1348 dominatus
2484 1305 2569 1350 est
2598 1296 2661 1358 is,
2681 1295 2772 1364 qui
2796 1295 2934 1348 male
2956 1303 3139 1347 nostra
3163 1293 3510 1361 conquisivit,

1937 1385 2039 1438 nisi
2071 1400 2168 1454 per
2195 1385 2492 1455 perfectam
2517 1386 2919 1456 paenitentiam,
2950 1385 3002 1437 in
3029 1401 3134 1453 qua
3151 1383 3510 1452 etjejunium,

1939 1482 1994 1527 et
2012 1476 2203 1538 oratio,
2223 1483 2281 1528 et
2299 1475 2558 1540 cilicium,
2574 1476 3003 1544 eteleemosyna,
3024 1483 3078 1526 et
3095 1472 3344 1540 lacrymaa
3388 1486 3514 1539 per-

1937 1565 2301 1634 aguntur.Per
2325 1563 2441 1619 haac
2463 1565 2713 1618 remissio
2731 1563 2883 1616 nobis
2896 1563 3051 1630 plena
3067 1560 3426 1628 conquiritur.
3459 1559 3516 1611 Si

1946 1668 2130 1712 autem
2159 1658 2440 1712 hominem
2458 1657 2660 1711 dictum
2683 1655 2854 1708 fuisse
2873 1669 2901 1706 a
2919 1652 3224 1722 legislalore
3243 1666 3392 1710 cum,
3419 1648 3518 1717 qui

1938 1749 2235 1818 captivavit
2265 1755 2480 1802 mentes
2513 1756 2749 1808 nostras,
2779 1743 3037 1807 diximus,
3063 1757 3172 1796 non
3205 1740 3516 1803 admireris,

1938 1841 2067 1912 quia
2104 1850 2160 1896 et
2203 1840 2404 1896 Paulus
2452 1854 2596 1904 eum,
2643 1837 2922 1892 hominem
2976 1834 3207 1904 peccati,
3253 1843 3310 1887 et
3349 1831 3518 1886 lilium

1939 1931 2266 2001 perditionis
2313 1930 2602 2000 appellavit
2633 1928 2700 1980 '9.
2754 1926 2921 1981 Isaias
2973 1933 3155 1978 autem
3201 1920 3517 1992 Egyptium

1940 2021 2244 2086 hominem,
2260 2028 2436 2076 etnon
2452 2019 2642 2084 Deum,
2668 2018 2723 2071 in
2742 2032 2838 2072 sua
2856 2030 2980 2070 eum
3000 2013 3282 2084 prophetia
3298 2012 3429 2066 dixit
3447 2015 3515 2063 9°.

1942 2114 2051 2169 Sed
2080 2123 2136 2168 et
2153 2112 2416 2167 Dominus
2442 2111 2722 2165 hominem
2744 2108 2930 2162 vocari
2950 2104 3238 2160 manifeste
3263 2105 3518 2159 concedit

1940 2204 2238 2268 diabolum,
2278 2217 2378 2273 pro
2417 2217 2483 2256 eo
2511 2201 2656 2272 quod
2694 2201 2838 2254 inter
2863 2196 3114 2252 homines
3143 2206 3514 2259 conversetur,

1939 2306 1998 2352 et
2050 2296 2118 2351 ad
2147 2311 2334 2350 eorum
2367 2302 2526 2349 vacet
2575 2292 2827 2347 insidias.
2854 2291 2992 2345 Cum
3033 2303 3161 2359 ergo
3207 2288 3518 2358 parabolam

1942 2388 2273 2444 zizaniorum
2295 2393 2612 2456 exponeret,
2642 2384 2778 2439 dixit
2803 2400 2818 2436 :
2850 2382 3163 2435 Accedentes
3182 2389 3359 2434 autem
3383 2379 3519 2432 servi

1939 2481 2113 2549 patris
2153 2478 2410 2550 familias,
2445 2477 2690 2529 dixerunt
2712 2474 2760 2526 ei
2783 2488 2800 2526 :
2831 2471 3075 2534 Domine,
3122 2485 3289 2522 nonne
3329 2469 3519 2521 bonum

1939 2589 2112 2627 semen
2126 2570 2396 2625 seminasti
2419 2570 2473 2621 in
2493 2583 2620 2637 agro
2653 2575 2762 2628 tuo,
2786 2564 2924 2616 unde
2949 2563 3154 2616 zizania
3176 2562 3200 2614 γ
3225 2560 3321 2615 Ille
3341 2569 3519 2612 autem

1940 2667 2074 2719 dixit
2098 2665 2208 2718 eis:
2245 2661 2500 2715 Inimicus
2522 2661 2674 2712 homo
2694 2659 2788 2710 hoc
2813 2657 2932 2728 fecit
2955 2656 3020 2708 ".
3056 2653 3260 2708 Deinde
3291 2651 3520 2721 parabo-

1939 2756 2047 2808 lam
2083 2755 2470 2822 interpretans,
2503 2758 2554 2803 et
2597 2748 2854 2803 inimicus
2881 2747 3004 2815 quis
3025 2753 3190 2807 esset,
3215 2757 3512 2813 exponens,

1941 2846 2021 2900 sic
2041 2845 2173 2900 dicit
2200 2862 2212 2897 :
2242 2843 2495 2897 Inimicus
2517 2851 2692 2894 autem
2715 2841 2804 2910 qui
2824 2839 3097 2892 seminavit
3124 2853 3207 2898 ea,
3229 2846 3303 2888 est
3332 2833 3516 2888 diabo-

1942 2938 2042 2990 lus.
2073 2936 2208 3002 Quia
2231 2945 2286 2990 et
2319 2935 2410 3004 qui
2433 2942 2671 2988 mentem
2694 2946 2847 2986 suam
2875 2945 2972 3000 per
2993 2937 3273 2998 peccatum
3301 2926 3517 2981 diabolo

1863 3057 1904 3113 ο
1941 3027 2142 3100 prodit,
2171 3027 2502 3083 venditionis
2529 3041 2640 3080 suae
2661 3039 2842 3094 prava:
2872 3031 2928 3077 et
2955 3021 3274 3091 perniciosae
3295 3028 3515 3074 contra-

1939 3135 2086 3178 ctum
2112 3120 2426 3176 celebravit.
2444 3118 2640 3172 Paulus
2662 3117 2823 3171 etiam
2843 3115 2948 3170 hoc
2965 3113 3219 3168 Romanis
3247 3111 3513 3173 scribens,

1944 3215 2335 3283 interpretatus
2363 3220 2463 3265 est.
2495 3209 2698 3265 Scimus
2721 3209 2858 3262 enim
2883 3208 3007 3277 quia
3033 3205 3116 3259 lea:
3136 3202 3392 3274 spiritalis
3418 3212 3515 3265 est,

1939 3321 2033 3375 ego
2081 3315 2259 3356 autem
2295 3300 2530 3354 carnalis
2568 3316 2707 3363 sum,
2735 3298 3063 3351 venundatus
3098 3293 3192 3348 sub
3233 3293 3515 3362 peccato".

1939 3394 2074 3449 Illud
2099 3403 2280 3448 autem
2325 3403 2454 3446 nota
2505 3391 2762 3453 maxime,
2811 3389 2939 3457 quia
2983 3401 3093 3440 non
3126 3385 3374 3451 fratrem,
3404 3399 3518 3439 non

1942 3485 2307 3554 propinquum
2336 3482 2472 3537 dixit
2519 3495 2639 3535 esse
2669 3478 2837 3542 hunc,
2872 3475 2960 3530 cui
2990 3474 3254 3534 vendidit,
3297 3472 3393 3526 sed
3416 3486 3521 3526 nec

1940 3575 2247 3646 proximum
2269 3588 2417 3635 eum,
2441 3570 2600 3632 dixit,
2627 3564 3082 3636 quemadmodum
3109 3562 3162 3614 in
3188 3560 3519 3631 prwcedenti

1943 3667 2248 3731 sanctione,
2279 3667 2333 3718 in
2361 3680 2465 3734 qua
2501 3663 2636 3717 dixit
2671 3679 2684 3715 :
2717 3659 2944 3726 Quando
2987 3655 3194 3712 vendes
3239 3651 3520 3722 quidpiam

1942 3759 2044 3814 civi
2066 3767 2181 3820 tuo,
2216 3756 2298 3810 vel
2321 3755 2457 3808 emis
2475 3753 2542 3806 ab
2563 3768 2651 3819 eo,
2672 3767 2782 3805 non
2808 3748 3102 3803 contristes
3119 3747 3341 3799 fratrem
3365 3752 3520 3796 tuum

1939 3849 2080 3904 nihil
2121 3848 2226 3902 tale
2271 3846 2356 3899 hic
2385 3845 2612 3906 addens,
2655 3841 2892 3897 ostendit
2915 3846 3122 3908 aperte,
3155 3835 3282 3906 quia
3317 3835 3384 3890 de
3414 3832 3518 3887 ali-

1940 3954 2051 4009 quo
2073 3954 2103 3992 a
2134 3937 2294 3992 nobis
2335 3935 2538 3996 alieno,
2585 3933 2678 4002 qui
2701 3931 2842 3986 male
2868 3937 3054 3984 nostra
3097 3924 3388 3996 conquirit.
3422 3923 3521 3978 lo-

1939 4031 2144 4101 quitur.
2180 4029 2249 4082 Et
2287 4029 2406 4082 hate
2439 4025 2660 4096 quidem
2688 4030 2774 4078 est
2805 4019 3064 4092 spiritalis
3107 4015 3519 4087 contemplatio.

1941 4119 2222 4174 Manifesta
2245 4128 2422 4172 autem
2441 4123 2525 4170 est
2545 4114 2801 4170 omnibus
2818 4111 2987 4166 solius
3013 4108 3282 4180 expositio
3299 4107 3520 4171 litterae,

1941 4221 1998 4268 et
2023 4210 2195 4266 facilis
2219 4207 2459 4274 traditio,
2498 4206 2624 4276 quia
2644 4203 2850 4258 Judaeis
2873 4201 3046 4272 legem
3080 4197 3442 4261 sufﬁcientia,
3465 4204 3524 4250 et

1940 4320 2052 4360 non
2083 4300 2353 4374 gaudendi
2379 4300 2435 4354 in
2457 4297 2686 4352 avaritia
2720 4311 2817 4365 per
2851 4293 2955 4348 tale
2981 4291 3296 4346 mandatum
3317 4303 3520 4360 propo-

1871 4386 1916 4442 Ῐ)
1944 4397 2046 4459 nit,
2079 4404 2135 4450 et
2159 4401 2446 4464 propterea
2486 4389 2862 4460 possessiones
2893 4400 2991 4455 per
3011 4383 3276 4440 circulum
3313 4382 3380 4438 ad
3403 4395 3522 4447 eos,

1945 4488 2036 4558 qui
2060 4502 2154 4542 eas
2169 4484 2337 4540 semel
2358 4483 2692 4547 habuerunt,
2713 4477 2911 4534 reverti
2928 4476 3063 4540 vult,
3087 4484 3142 4531 et
3163 4490 3267 4530 nec
3287 4473 3525 4530 vendere

1941 4581 2137 4645 vetuit,
2160 4588 2222 4634 ut
2249 4593 2358 4632 non
2375 4583 2691 4647 angustaret
2711 4586 3028 4644 pauperem,
3053 4584 3156 4624 nec
3187 4575 3413 4638 angeret
3439 4566 3524 4620 in-
3572 4604 3584 4642 ,_

1940 4673 2236 4744 digentem,
2277 4668 2369 4738 qui
2398 4683 2510 4722 non
2550 4666 2706 4720 aliter
2729 4664 2948 4733 degere,
2988 4675 3165 4730 neque
3194 4656 3522 4713 necessitate

1941 4760 2120 4829 aliqua
2139 4756 2372 4812 evadere
2384 4754 2610 4817 valeret,
2627 4752 2732 4808 nisi
2755 4752 2894 4806 forte
2915 4749 3266 4804 vendidisset.
3285 4745 3389 4800 Sed
3420 4757 3523 4796 nec

1943 4864 2038 4904 eos
2061 4847 2154 4916 qui
2201 4844 2670 4914 conquisiverunt,
2702 4855 2920 4910 semper
2947 4837 3224 4907 possidere
3255 4833 3521 4904 prmcipit,

1945 4936 2043 4992 sed
2072 4944 2290 5003 tempus
2319 4932 2570 4987 deﬁnivit
2604 4931 2746 4984 intra
2775 4929 2919 4997 quod
2967 4928 3049 4979 lex
3085 4921 3322 4991 antiquis
3346 4919 3524 4974 domi-

1946 5028 2032 5082 nis
2054 5025 2454 5097 possessionem
2482 5023 2754 5077 redderet.
2774 5019 2909 5084 Quia
2930 5029 3110 5071 autem
3133 5013 3366 5082 amplius
3391 5025 3524 5064 con-

1949 5115 2320 5186 templationis
2374 5115 2478 5177 lex,
2537 5122 2593 5167 et
2643 5110 2942 5182 juvaminis
2997 5105 3278 5175 spiritalis,
3326 5110 3381 5155 et
3413 5116 3520 5154 non

1947 5205 2248 5263 secundum
2277 5203 2513 5256 litteram
2540 5200 2801 5265 mandati,
2837 5209 2892 5253 et
2914 5212 3034 5264 qum
3058 5196 3112 5247 in
3139 5191 3421 5261 superficie
3441 5201 3526 5246 est

1948 5295 2326 5368 expositionis,
2353 5308 2540 5347 curam
2563 5293 2780 5354 habeat,
2812 5286 3164 5342 manifestam
3184 5283 3488 5352 sequentia.

258 5375 387 5460 nam
424 5375 734 5465 doctrinam
761 5424 938 5478 neque
966 5423 1065 5477 per
1095 5375 1326 5459 aliodam
1349 5401 1605 5456 virtutem
1627 5405 1842 5451 nostras
2021 5388 2188 5445 Vsus.
2227 5385 2419 5445 29-34.
2441 5404 2460 5438 ι
2497 5383 2602 5450 Ουί
2629 5380 2933 5437 venamcf“
2958 5380 3178 5434 domum
3210 5377 3352 5431 ίίητθ
3377 5375 3530 5431 urbi“

814 5643 856 5676 ⁸⁸
890 5640 1048 5695 Prov.
1080 5649 1210 5698 xvn,
1237 5632 1322 5686 l7.
1401 5631 1444 5663 θ’
1477 5627 1519 5682 ll
1544 5627 1740 5682 Thess.
1770 5641 1827 5689 ιι,

2009 5621 2054 5653 ⁹⁰
2094 5620 2200 5678 lsa.
2231 5635 2381 5688 xxxi,
2413 5615 2468 5672 l.
2542 5616 2590 5650 ’ί
2620 5614 2811 5669 Matth.
2839 5627 2958 5676 xm,
2991 5609 3082 5676 27,
3116 5610 3206 5667 28.

331 5635 377 5670 ⁸⁷
399 5636 518 5693 Gal.
544 5655 619 5703 vr,
648 5638 698 5693 l.

3296 5608 3342 5642 "
3369 5605 3526 5664 Rom.

262 5722 356 5771 vn.
392 5707 478 5767 14.
3450 5716 3458 5722 .
