4036 6200
596 283 762 350 1123.

1770 274 2131 336 HESYCHII
2180 274 2657 335 PBESBYTERI

3741 273 3880 334 Ilii

592 410 800 462 muros,
839 394 1069 451 habebit
1122 392 1396 448 licentiam
1449 388 1772 454 redimendi,
1817 387 1991 444 donec
2026 402 2168 442 unus
2197 392 2240 446 A
2271 386 2683 457 quodammodo
2706 384 3008 443 libertatem
3028 387 3324 456 accipiunt.
3351 385 3456 441 Sed
3473 385 3877 440 ctltttlarornnt

593 487 882 558 impleatur
919 499 1112 538 annus.
1140 481 1197 536 Si
1230 497 1338 538 non
1364 480 1674 543 redemerit,
1699 489 1750 535 et
1773 479 1901 532 anni
1929 479 2170 532 circulus

593 578 756 635 fuerit
788 576 1060 637 evolutus,
1092 582 1308 644 emptor
1347 573 1644 643 possidebit
1683 586 1824 634 eam,
1873 580 1929 624 et
1966 570 2168 640 posteri
2216 610 2219 612 -

592 671 712 738 ejus
741 668 794 722 in
824 675 1174 737 perpetuum,
1209 677 1266 720 et
1309 664 1496 719 redimi
1537 679 1646 718 non
1680 664 1880 733 poterit
1909 663 2071 716 etiam
2113 661 2169 714 in

587 760 812 829 jubileo.
846 757 940 812 Sin
965 767 1160 812 autem.
1181 757 1233 810 in
1253 756 1375 809 villa
1407 755 1567 810 luerit
1607 753 1819 819 domus,
1843 769 1964 823 quae
1985 768 2172 808 muros

592 865 702 909 non
724 850 908 912 habet,
939 864 1190 918 agrorum
1223 849 1342 917 jure
1355 847 1640 900 vendetur.
1666 845 1724 899 Si
1742 855 1867 900 ante
1891 845 2168 914 redempta

593 957 702 997 non
729 942 913 1006 fuerit,
943 942 995 994 in
1021 940 1226 1010 jubileo
1249 947 1553 994 revertetur
1569 942 1636 993 ad
1656 938 1968 992 Dominum.
1998 937 2170 992 Edes

595 1029 909 1087 chitarum
959 1047 1080 1100 qua
1117 1030 1172 1083 in
1220 1029 1447 1084 urbibus
1497 1037 1646 1093 sunt,
1679 1043 1896 1097 semper
1943 1035 2173 1096 possunt

595 1123 806 1178 redimi.
837 1121 896 1177 Si
929 1123 1221 1191 redemptae
1251 1137 1360 1176 non
1399 1120 1602 1174 fuerint
1641 1120 1694 1173 in
1721 1119 1945 1188 jnbileo,
1984 1133 2171 1173 rever-

595 1223 780 1271 tentur
819 1214 884 1269 ad
918 1213 1185 1278 dominos,
1225 1212 1351 1280 quia
1381 1211 1576 1266 domus
1617 1210 1832 1265 urbium
1861 1208 2172 1262 Levitarum

596 1322 694 1376 pro
739 1304 1178 1376 possessionibus
1218 1311 1346 1357 sunt
1394 1302 1534 1356 inter
1565 1301 1704 1355 filios
1746 1299 1931 1355 Israel.
1959 1300 2172 1354 Subur-

597 1399 736 1452 bana
786 1405 969 1450 autem
1010 1411 1200 1451 eorum
1247 1410 1357 1450 non
1411 1393 1656 1459 veniunt,
1721 1393 1850 1462 quia
1898 1391 2174 1462 possessio

596 1488 930 1557 sempiterna
951 1496 1056 1541 est.
1096 1505 1115 1538 ι

666 1578 722 1633 Si
761 1578 829 1632 ad
863 1593 1024 1631 unam
1051 1577 1158 1632 hoc
1182 1576 1540 1631 intentionem
1571 1575 1846 1645 lcgislator
1871 1573 2172 1634 habuisset,

598 1677 658 1723 ut
688 1668 1062 1738 possessiones
1095 1684 1205 1722 non
1228 1667 1488 1722 caderent
1525 1667 1593 1720 ab
1617 1666 1738 1719 aliis
1777 1665 1845 1720 ad
1873 1666 2028 1731 alios,
2057 1673 2176 1718 erat

597 1762 800 1830 quippe
846 1762 951 1815 hoc
999 1761 1148 1823 utile,
1191 1760 1317 1828 quia
1366 1759 1434 1813 de
1481 1758 1826 1820 sulllcientia,
1871 1757 2172 1813 secundum

598 1849 741 1918 quod
774 1848 1032 1910 diximus,
1053 1847 1136 1901 lex
1165 1862 1352 1902 curam
1385 1847 1558 1916 gerit:
1588 1846 1746 1915 cujus
1779 1855 1937 1916 putas
1953 1847 2027 1899 rei
2057 1861 2180 1916 gra-

602 1940 694 2004 tia,
724 1942 946 2010 quando
974 1955 1081 1994 non
1111 1939 1313 1994 fuerint
1349 1939 1490 1993 intra
1516 1954 1741 2002 annum,
1783 1940 1924 1993 sicut
1960 1937 2056 2002 ait,
2087 1953 2178 1991 re-

599 2029 853 2099 demptae,
905 2029 1123 2099 proprie
1161 2043 1282 2083 esse
1330 2028 1769 2097 conquirentium
1807 2028 1972 2096 iussa:
2014 2026 2180 2081 sunt?

601 2122 707 2176 Sed
733 2137 834 2176 nec
857 2122 962 2176 hoc
992 2121 1328 2190 simpliciter,
1357 2121 1455 2174 sed
1478 2120 1588 2174 imo
1619 2120 1870 2174 subtilem
1888 2120 2179 2189 quamdam

601 2210 916 2265 custodiens
941 2208 1286 2263 divisionem.
1321 2207 1673 2278 Quaecunque
1703 2209 1850 2264 enim
1886 2209 2028 2262 intra
2056 2225 2180 2262 mn-

601 2318 692 2358 ros
714 2311 844 2357 sunt
871 2301 1202 2356 munitarum
1222 2301 1533 2364 civitatum,
1576 2301 1715 2356 intra
1745 2315 1952 2355 annum
1986 2300 2181 2355 redimi

599 2394 946 2451 solummodo
981 2393 1172 2447 liceret
1219 2407 1233 2445 :
1263 2407 1603 2462 quaecunque
1631 2403 1814 2447 autem
1836 2393 1888 2446 in
1917 2407 2028 2447 non
2059 2408 2182 2445 mu-

601 2485 752 2549 ratis,
786 2482 1060 2537 licentiam
1079 2480 1266 2535 haberi
1287 2481 1550 2536 liberandi
1570 2496 1663 2536 cas
1681 2496 1900 2549 semper
1913 2480 2182 2549 permisit.

605 2575 917 2630 Levitarum
961 2583 1144 2628 autem
1187 2572 1398 2638 domos,
1437 2573 1551 2627 sive
1595 2573 1651 2626 in
1703 2573 1933 2626 muratis
1979 2571 2094 2626 sive
2129 2573 2184 2626 in

603 2682 714 2720 non
761 2664 992 2719 muralis
1028 2664 1163 2728 sint,
1215 2677 1432 2731 semper
1473 2662 1665 2716 redimi
1695 2662 1973 2731 praecepit.
2012 2665 2187 2733 Agros

604 2764 787 2811 autem
816 2753 1072 2816 vendere,
1091 2766 1282 2806 omnes
1312 2751 1610 2820 prohibuit.
1629 2751 1755 2806 Haec
1785 2760 1967 2806 autem
1989 2751 2186 2806 distin-

603 2845 734 2906 ctio,
784 2845 900 2912 jam
954 2841 1289 2896 infructuosa
1341 2840 1512 2895 estad
1566 2839 1760 2895 faciem
1808 2840 2002 2896 litterae
2025 2855 2185 2909 quam

604 2935 848 2991 ostendit
874 2952 888 2987 :
917 2933 1044 3004 quia
1071 2933 1158 2988 lex
1201 2931 1304 2988 fuit
1334 2932 1574 3001 quidem,
1623 2931 1842 3001 quando
1871 2933 2060 2987 habuit
2096 2932 2187 3000 ju-

2272 479 2668 543 collectionem,
2722 479 2996 549 quomodo
3031 479 3276 548 quaedam
3334 493 3432 548 per
3459 477 3745 546 quosdam
3799 476 3874 528 iu-

2274 569 2576 641 telligibiles
2602 570 2838 634 Levitas,
2862 569 2914 625 id
2939 577 3042 635 est,
3072 568 3346 638 apostolos
3373 569 3678 632 salvantur,
3708 565 3871 619 nimis

2272 666 2572 721 secundum
2602 667 2744 736 quod
2781 667 2947 720 Deum
2981 665 3158 729 decet,
3189 663 3414 734 exponit
3435 663 3631 717 dicens
3657 679 3671 714 :

2343 756 2445 822 Qui
2481 759 2771 811 vendiderit
2801 759 3012 811 domum
3041 758 3192 809 intra
3241 756 3384 808 urbis
3413 771 3615 817 muros,
3656 751 3869 805 habebit

2273 848 2542 902 licentiam
2595 849 2884 902 redimendi
2938 849 3100 901 donec
3141 863 3274 899 unus
3322 845 3611 914 impleatur
3667 859 3869 898 annus.

2273 939 2401 994 Hu‘c
2445 941 2513 995 de
2542 939 2858 996 Iudaeorum
2911 940 3187 1009 Synagoga
3219 937 3606 1007 intelligamus,
3638 950 3773 1005 qua:
3823 934 3872 986 in

2275 1031 2380 1086 hac
2422 1032 2663 1086 nubatur
2721 1030 2940 1101 quidem
2995 1048 3008 1083 :
3067 1036 3359 1098 propterea
3386 1027 3536 1081 enim
3563 1042 3685 1081 eam
3720 1027 3874 1080 Deus

2273 1139 2374 1194 per
2415 1122 2655 1194 Moysen,
2684 1131 2745 1176 ut
2773 1130 2830 1176 et
2873 1120 3214 1175 habitaretur
3243 1117 3547 1183 constituit,
3583 1116 3714 1171 licet
3752 1117 3870 1185 ipsa

2275 1218 2392 1272 haec
2406 1232 2517 1270 non
2546 1215 2890 1279 custodierit,
2917 1215 2984 1269 ab
3007 1215 3094 1278 iis,
3122 1214 3176 1267 in
3204 1213 3403 1282 quibus
3433 1211 3864 1266 inhabitarent.

2275 1311 2502 1379 Propter
2537 1308 2702 1378 quod,
2741 1319 2796 1362 ct
2837 1307 3102 1361 Dominus
3131 1306 3336 1360 Iudaeis
3368 1305 3583 1359 dicebat
3619 1322 3632 1356 :
3667 1305 3869 1358 Domus

2275 1417 2413 1465 mea,
2461 1400 2646 1453 domus
2677 1399 2930 1453 orationis
2974 1397 3396 1451 vocabiturwos
3439 1407 3620 1449 autem
3670 1397 3867 1466 fecistis

2275 1504 2397 1542 eam
2437 1489 2742 1558 speluncam
2779 1487 3046 1541 latronum
3074 1487 3140 1541 “.
3193 1487 3320 1540 Erat
3347 1495 3530 1540 autem
3565 1485 3617 1538 in
3649 1485 3872 1540 civitate

2278 1589 2492 1634 murata
2527 1579 2581 1632 in
2620 1578 2923 1633 Jerusalem
2959 1596 2971 1630 :
3004 1577 3237 1631 habebat
3267 1577 3415 1630 enim
3445 1589 3660 1629 murum
3693 1577 3870 1645 lcgem

2282 1670 2458 1735 hanc;
2487 1670 2674 1724 vendit
2705 1669 2978 1738 quispiam
3005 1684 3018 1720 :
3043 1682 3151 1720 non
3186 1675 3367 1719 tamen
3393 1667 3483 1719 hic
3504 1665 3872 1727 venditorem,

2281 1773 2460 1828 neque
2510 1761 2898 1829 propinquum,
2942 1773 3122 1826 neque
3148 1757 3485 1826 proximum,
3519 1757 3660 1810 sicut
3703 1771 3873 1825 supra

2279 1850 2589 1920 appellavit,
2618 1865 2797 1920 neque
2817 1850 2960 1905 enim
2987 1864 3130 1903 unus
3159 1856 3276 1902 erat
3311 1848 3453 1902 hanc
3485 1848 3746 1910 vendens,
3775 1847 3873 1899 sed

2283 1941 2447 1994 totius
2488 1940 2800 1995 Judaeorum
2843 1940 3080 2010 populus
3130 1939 3271 1992 male
3309 1939 3513 1999 vivens,
3545 1939 3635 2006 qui
3688 1951 3874 2007 neque

2282 2029 2466 2098 frater,
2511 2046 2691 2101 neque
2718 2039 2986 2100 cognatus
3023 2029 3222 2099 dignus
3257 2037 3371 2082 erat
3401 2029 3679 2098 appellari,
3719 2031 3874 2082 unde

2281 2136 2406 2175 cum
2469 2121 2633 2176 etiam
2695 2121 2957 2191 p0pulum
3009 2120 3370 2173 Sodomorum
3428 2127 3482 2172 ct
3519 2117 3872 2173 Gomonha-i

2284 2212 2428 2268 Deus
2444 2229 2541 2283 per
2567 2213 2720 2268 Isaia:
2742 2211 3084 2282 prophetiam
3101 2210 3409 2280 appellavit.
3429 2210 3639 2273 Audite,
3664 2209 3870 2278 inquit,

2284 2305 2496 2359 uerbum
2533 2304 2770 2368 Domini,
2796 2304 3059 2372 principes
3085 2301 3455 2363 Sodomorum,
3484 2299 3704 2353 auribus
3736 2317 3870 2367 per-

2283 2395 2440 2465 cipite
2493 2394 2654 2466 legem
2696 2395 2790 2448 Dei
2841 2395 3007 2448 nostri
3037 2393 3262 2463 populus
3303 2391 3609 2447 Gomorrlue
3631 2393 3700 2446 ⁸⁸.
3728 2392 3866 2444 Μίὺί

2283 2499 2467 2543 autem
2512 2487 2580 2542 ad
2630 2501 2724 2542 eos
2758 2501 2975 2541 rursum
3000 2485 3272 2555 Propheta
3309 2484 3528 2539 dicebat
3563 2499 3576 2536 :
3619 2483 3718 2536 Cui
3749 2499 3867 2535 cen-

2285 2581 2445 2634 ditori
2471 2580 2681 2634 vendidi
2724 2595 2810 2632 uos
2831 2580 2856 2632 ?
2878 2579 3011 2633 Ecce
3062 2578 3258 2631 uenditi
3283 2577 3407 2629 estis
3424 2576 3478 2628 in
3505 2574 3864 2642 iniquitatibus

2276 2675 2471 2726 vestris
2491 2673 2556 2725 “.
2583 2672 2688 2726 Sed
2709 2672 2902 2726 licebat
2923 2672 3002 2726 eis
3027 2671 3167 2724 hanc
3196 2670 3574 2724 venditionem
3598 2668 3863 2723 redimere

2288 2765 2340 2818 in
2373 2780 2540 2828 anno,
2584 2763 2639 2818 in
2669 2778 2778 2833 quo
2803 2763 3056 2818 Christus
3086 2762 3232 2816 omni
3255 2763 3442 2831 generi
3471 2763 3732 2823 humano,
3752 2776 3863 2814 ma-

2287 2857 2431 2911 xime
2456 2857 2656 2927 populo
2684 2854 2995 2909 Iudaeorum
3038 2854 3473 2923 redemptionem
3523 2862 3862 2922 peccatorum

2287 2947 2621 3018 prmdicavit.
2671 2948 2842 3014 Quem
2891 2961 3094 3000 annum
3133 2961 3283 3000 nunc
3326 2945 3551 3016 quidem
3598 2945 3866 3015 legislatur-

603 3045 800 3086 \‘amen
833 3029 901 3084 de
931 3029 1134 3091 littera.
1167 3043 1276 3082 ῐιοη
1314 3034 1494 3119 tamen
1520 3041 1755 3096 semper.
1783 3041 1890 3119 71100
1914 3026 1980 3082 de
2015 3027 2184 3090 omni.
2215 3064 2256 3119 ρ
2291 3039 2494 3103 innuit,
2518 3047 2704 3108 aperte
2736 3038 2904 3094 Isaias
2923 3038 3166 3092 exhibuit
3193 3055 3205 3090 :
3235 3036 3465 3107 Spiritus
3489 3037 3706 3090 Domini
3721 3053 3866 3106 super

604 3131 829 3194 propter
855 3121 1000 3190 quod
1030 3120 1080 3174 ei
1127 3117 1518 3188 contemplatio
1562 3118 1823 3188 spiritalis
1863 3119 2176 3172 necessaria

605 3225 709 3271 est.
755 3213 970 3270 Utilitas
1015 3219 1199 3268 autem
1232 3211 1359 3266 hinc
1389 3211 1692 3267 intendenti
1723 3219 2008 3280 perpetua,
2033 3220 2087 3266 et
2119 3211 2188 3266 de

606 3306 756 3362 omni
800 3304 1058 3358 mandato
1103 3303 1240 3373 legis
1275 3302 1529 3372 provenit
1564 3311 1893 3372 :propterea
1937 3301 2190 3357 durescit

605 3401 810 3461 littera,
841 3407 903 3452 ut
924 3395 1250 3452 necessitate
1279 3397 1473 3460 coacti,
1493 3395 1566 3450 ad
1589 3396 1924 3466 spiritualem
1949 3407 2190 3452 contem-

607 3489 904 3560 plationem
951 3501 1320 3542 recurramus.
1368 3486 1525 3542 Unde
1553 3496 1609 3541 et
1664 3487 1866 3543 l’aulus
1916 3489 2130 3543 dicebat
2172 3507 2185 3542 :

608 3584 752 3635 Ante
793 3579 937 3634 enim
978 3592 1141 3646 quam
1185 3577 1400 3632 veniret
1453 3577 1607 3640 fides,
1637 3579 1738 3633 sub
1767 3580 1884 3648 lege
1918 3581 2190 3634 custodie-

609 3671 826 3734 bamur,
854 3669 1096 3724 conclusi
1125 3668 1178 3722 in
1209 3683 1332 3723 cam
1355 3667 1542 3734 fidem,
1595 3684 1716 3735 quae
1738 3671 2024 3724 revelanda
2047 3680 2186 3726 erat.

609 3760 832 3815 Littera
857 3759 1004 3814 enim
1054 3759 1358 3824 conclusio,
1404 3759 1710 3814 libertatem
1769 3777 1952 3816 amare
1999 3763 2192 3817 suadet

609 3853 836 3922 spiritus
870 3849 1085 3905 ".Jam
1143 3865 1295 3905 nunc
1351 3866 1482 3921 ergo
1537 3853 1824 3922 praesentis
1881 3855 2189 3909 sanctionis

611 3946 970 4002 discutiamus
1014 3945 1303 4009 virtutem,
1336 3945 1389 3999 in
1422 3946 1858 4016 praecedentibus
1902 3949 2064 4004 unius
2095 3965 2191 4005 cu-

550 4077 552 4080 -
607 4039 824 4110 jusdam
852 4036 1251 4108 possessionem
1281 4051 1610 4106 proponens,
1641 4037 1716 4091 ait
1747 4053 1895 4109 ergo:

682 4128 740 4186 Si
765 4138 1068 4184 attenuatus
1104 4129 1270 4197 frater
1302 4137 1443 4191 tuus,
1475 4130 1762 4183 uendiderit
1805 4134 2192 4198 possessiuncu-

615 4221 724 4277 lam
746 4236 922 4284 suam,
945 4228 993 4272 et
1013 4217 1234 4272 voluerit
1250 4219 1574 4288 propinquus
1596 4220 1731 4288 ejus,
1753 4231 1920 4288 potest
1939 4223 2192 4278 redimere

613 4314 750 4383 quod
788 4311 879 4366 ille
911 4311 1217 4364 uendiderat
1242 4324 1262 4363 :
1289 4310 1371 4362 sin
1391 4319 1574 4364 autem
1603 4326 1705 4364 non
1742 4312 1981 4366 habuerit
2011 4316 2190 4383 proxi-

2291 3147 2394 3194 me,
2437 3147 2496 3183 ρο
2536 3131 2675 3200 quod
2711 3131 2862 3182 unxit
2908 3129 3159 3182 Dominus
3198 3145 3282 3182 me
3323 3131 3396 3183 ad
3445 3130 3863 3182 annuntianrlsnt

2289 3223 2575 3276 mansuetis
2617 3223 2753 3275 misit
2787 3238 2887 3285 me,
2936 3231 2993 3274 ut
3039 3222 3272 3275 mederer
3309 3221 3561 3274 contritas
3603 3223 3783 3286 corde,
3819 3231 3866 3273 ut

2287 3313 2632 3383 praedicarem
2664 3312 2882 3381 captivis
2911 3310 3295 3380 indulgentiam
3330 3320 3377 3363 et
3405 3310 3602 3364 clausis
3637 3313 3867 3378 apertio-

2291 3421 2428 3468 nem,
2484 3414 2541 3458 ut
2579 3406 2924 3474 prttdicarem
2985 3421 3180 3458 annum
3211 3403 3520 3474 placabilem
3570 3403 3868 3470 Domini,et

2291 3497 2429 3550 diem
2456 3497 2671 3550 ultionis
2694 3496 2919 3550 Domino
2944 3506 3120 3550 nostro
3147 3497 3219 3549 ”.
3252 3497 3412 3551 Unde
3439 3506 3494 3550 et
3519 3497 3869 3569 Septuaginta

2291 3588 2622 3642 ediderunt:
2664 3587 2870 3641 Diurna
2913 3589 3008 3642 erit
3069 3587 3292 3640 redditio
3333 3587 3468 3657 ejus,
3500 3589 3628 3655 quia
3661 3605 3758 3657 per
3776 3590 3874 3642 sin-

2290 3679 2440 3750 gulos
2465 3680 2575 3733 dies
2601 3680 2716 3748 ejus
2747 3693 2765 3732 :
2796 3679 2891 3749 qui
2921 3679 3097 3734 dictus
3123 3688 3207 3733 est
3228 3680 3376 3743 anni,
3403 3679 3604 3734 licebat
3626 3681 3711 3735 eis
3740 3682 3872 3750 quod

2291 3770 2660 3826 vendiderunt
2706 3770 2944 3835 diabolo,
2989 3771 3384 3824 redimentibus
3409 3773 3718 3826 venundari
3751 3773 3869 3826 Deo.

2291 3862 2411 3917 Non
2432 3863 2543 3933 jam
2593 3863 2741 3917 enim
2774 3863 3042 3917 dominari
3072 3863 3152 3916 eis
3181 3862 3456 3926 inimicus,
3491 3871 3688 3932 utpote
3716 3866 3871 3918 semel

2294 3957 2404 4010 Deo
2444 3955 2788 4019 venundatis,
2814 3963 3050 4025 poterat,
3079 3954 3208 4024 quia
3238 3955 3388 4008 enim
3425 3955 3509 4008 eis
3541 3969 3656 4008 non
3688 3955 3870 4018 semel,

2293 4064 2396 4104 nec
2439 4049 2702 4112 secundo,
2744 4048 2837 4104 sed
2859 4048 3100 4117 quotidie
3133 4048 3332 4102 licebat
3364 4047 3876 4117 captivitatempro-

2292 4139 2467 4210 priam
2484 4139 2773 4202 redimere,
2792 4138 2915 4191 audi
2933 4138 3218 4191 Dominum
3233 4137 3506 4192 dicentem
3526 4158 3537 4192 ;
3556 4137 3872 4196 Jerusalem.

2291 4229 2725 4299 Jerusalem,qua:
2745 4229 2933 4282 occidis
2953 4228 3263 4297 Prophetas,
3284 4238 3330 4282 et
3353 4228 3565 4296 lapidas
3586 4245 3672 4282 eos
3699 4230 3790 4298 qui
3817 4229 3875 4280 ad

2295 4335 2344 4378 te
2386 4323 2532 4377 missi
2571 4333 2714 4385 sunt,
2769 4323 2969 4391 quoties
3003 4321 3145 4375 volui
3194 4337 3512 4391 congregare
3559 4322 3704 4390 ﬁlios
3749 4333 3872 4381 tuos,

610 4418 776 4466 mum,
791 4413 840 4456 et
856 4403 968 4470 ipse
983 4402 1210 4469 pretium
1227 4401 1298 4454 ad
1310 4402 1668 4456 redimendum
1685 4407 1913 4472 potuerit
1933 4407 2195 4462 invenire:
2229 4411 2272 4464 Ι)
2303 4414 2742 4486 quemadmodum
2761 4413 2964 4484 gallina
2986 4422 3263 4483 congregat
3283 4412 3455 4482 pullos
3478 4429 3604 4465 suos
3625 4413 3724 4466 sub
3748 4414 3872 4474 alas,

612 4492 1052 4559 amputabuntur
1074 4493 1274 4562 fructus
1301 4508 1366 4546 ea:
1392 4501 1708 4559 e0°tempore
1728 4511 1830 4564 quo
1856 4498 2103 4560 rendidit,
2141 4508 2189 4554 et

612 4583 752 4652 quod
781 4583 1039 4646 reliquum
1063 4593 1136 4636 est
1164 4583 1340 4637 reddet
1362 4586 1604 4652 emptori,
1625 4587 1801 4655 sicque
1825 4589 2038 4657 recipiet
2067 4607 2190 4660 pos-

610 4674 888 4728 sessionem
932 4689 1086 4728 suam
1113 4689 1130 4728 :
1161 4675 1298 4744 quod
1325 4675 1370 4728 si
1403 4691 1504 4728 non
1547 4677 1799 4730 inuenerit
1828 4695 2014 4732 maniis
2051 4683 2187 4750 ejus,

611 4773 670 4818 ut
701 4764 890 4818 reddat
920 4765 1167 4835 pretium,
1190 4765 1394 4819 habebit
1413 4779 1618 4834 emptor
1645 4769 1783 4836 quod
1808 4780 2006 4824 emerat
2029 4789 2192 4843 usque

613 4855 685 4908 ad
714 4870 912 4908 annum
931 4854 1216 4924 jubileum.

619 4993 624 4998 .
683 4945 986 5017 Specialcm
1026 4947 1456 5016 uniuscujusque
1495 4950 1968 5008 conversationem
2001 4959 2190 5025 procul

611 5036 783 5092 dubio
803 5037 1072 5106 exposuit.
1105 5034 1202 5091 Hic
1227 5045 1409 5091 autem
1443 5052 1554 5092 non
1579 5037 1691 5104 jam
1717 5042 1786 5096 de
1816 5049 2190 5104 conversatio-

613 5142 686 5181 ne
765 5127 1009 5197 speciali,
1065 5126 1162 5181 sed
1219 5125 1388 5182 totius
1438 5126 1753 5202 Synagogte,
1784 5136 1880 5199 jvel
1929 5138 2189 5196 Ecclesia:

609 5218 870 5287 loquitur.
894 5217 954 5270 In
977 5215 1174 5285 quibus
1199 5215 1514 5273 Judaiorum
1537 5220 1816 5296 Synagoga
1845 5225 1899 5281 in
1924 5242 2011 5293 eo,
2043 5231 2187 5300 quod

609 5317 790 5364 manet
836 5323 1008 5378 usque
1052 5323 1199 5364 nunc
1244 5309 1387 5380 apud
1431 5312 1842 5383 conquirentem
1883 5319 2186 5388 inimicum,

604 5407 658 5452 et
690 5399 1061 5453 adversarium
1090 5397 1340 5453 serviens
1371 5417 1386 5456 :
1425 5399 1680 5458 Ecclesiae
1715 5415 1920 5472 autem,
1948 5410 2188 5479 gentium

743 5615 1034 5703 (Μαι-ιιι,
1063 5617 1154 5673 25.
1231 5616 1280 5651 ’δ
1317 5617 1510 5674 Matth.
1550 5641 1659 5692 xxi,
1696 5626 1779 5679 l3.
1855 5629 1901 5661 "
1935 5628 2040 5683 Isa.
2081 5646 2121 5695 ι,
2158 5631 2180 5683 1

2324 5633 2371 5666 ⁸⁸
2398 5632 2503 5689 Isa.
2534 5652 2585 5703 ι,
2624 5637 2643 5690 1

611 5684 744 5739 Luc.
776 5699 892 5746 ιιιι,
923 5687 1013 5740 51.

2296 4513 2344 4556 et
2368 4503 2580 4556 noluisti
2616 4501 2706 4554 "‘i
2737 4502 2798 4556 In
2830 4517 2894 4556 eo
2923 4501 3070 4556 enim
3102 4501 3245 4570 quod
3269 4501 3424 4564 dixit,
3457 4503 3684 4572 quoties,
3715 4503 3874 4556 mani-

2296 4592 2536 4655 festavit,
2562 4591 2686 4660 quia
2717 4591 2959 4660 quotidie
2991 4591 3186 4644 licebat
3212 4591 3292 4644 eis
3319 4593 3595 4661 propriam
3627 4608 3871 4664 peragere

2297 4683 2749 4752 redemptionem,
2773 4683 2817 4736 si
2840 4683 3063 4736 omnino
3083 4682 3400 4746 voluissent,
3418 4684 3542 4751 quia
3570 4693 3759 4737 autem
3779 4701 3870 4736 non

2297 4775 2575 4839 volebant,
2609 4775 2803 4829 similia
2845 4776 2929 4830 his
2968 4791 3090 4844 quae
3127 4776 3262 4830 dixit
3287 4774 3562 4832 Christus.
3609 4775 3872 4846 legislatur

2293 4867 2566 4937 exposuit,
2600 4868 2669 4922 ab
2692 4868 2810 4936 ipso
2835 4868 2980 4922 enim
3014 4867 3062 4922 ei
3083 4867 3304 4936 spiritus
3336 4868 3869 4923 subministrabatur.

2364 4957 2422 5013 Si
2450 4969 2573 5012 ante
2609 4960 2879 5028 redempta
2916 4974 3020 5011 non
3058 4959 3218 5028 fuerit
3248 4975 3409 5028 usque
3443 4960 3571 5011 dum
3598 4960 3871 5028 impleatur

2293 5063 2467 5101 annus
2513 5047 2911 5117 conﬁrmabitur
2943 5055 3128 5102 domus
3171 5064 3286 5118 qua:
3309 5057 3382 5102 est
3425 5049 3480 5101 in
3511 5049 3750 5109 civitate,
3773 5064 3871 5119 qua

2295 5136 2448 5190 habet
2471 5153 2648 5190 muros
2677 5139 2784 5191 veri
2821 5139 3069 5208 emptoris
3091 5149 3523 5208 posterorumque
3542 5143 3662 5210 ejus
3694 5142 3753 5194 in
3765 5157 3872 5210 pero

2295 5236 2504 5295 petitum
2533 5237 2580 5282 et
2605 5229 2792 5282 redimi
2818 5245 2918 5283 non
2938 5231 3128 5298 poterit
3147 5231 3202 5284 in
3213 5229 3437 5300 jubilco.
3457 5231 3784 5286 Dominatus
3802 5238 3874 5285 est

2295 5317 2440 5372 enim
2469 5317 2778 5374 Judasorum
2801 5318 3116 5392 Synagogte,
3143 5323 3234 5393 qui
3272 5338 3392 5378 eam
3421 5323 3553 5378 emit
3583 5323 3869 5379 inimicus:

2299 5420 2351 5466 et
2375 5413 2582 5482 posteri
2614 5413 2732 5482 ejus
2759 5414 2812 5468 in
2841 5424 3164 5484 perpetuum
3193 5417 3339 5472 omni
3359 5417 3614 5472 videlicet
3641 5431 3873 5489 prasen-

2658 5679 2671 5692 .
2754 5635 2922 5692 "Isa.
2954 5652 3063 5699 ιιι,
3095 5637 3182 5693 15.
3281 5639 3538 5695 "Matth.
3581 5657 3743 5708 satu,
3781 5645 3872 5711 ὄϊς
