  <div class='ocr_page' id='page_1' title='image "/cluster/home/n/w/nwhite01/storage/ocr_20150623/93/hvd.32044054128533/576.png"; bbox 0 0 4036 6200; ppageno 0'>
   <div class='ocr_carea' id='block_1_1' title="bbox 259 303 395 370">
    <p class='ocr_par' dir='ltr' id='par_1_1' title="bbox 259 303 395 370">
     <span class='ocr_line' id='line_1_1' title="bbox 259 303 395 370; baseline 0.015 -2"><span class='ocrx_word' id='word_1_1' title='bbox 259 303 395 370; x_wconf 72' lang='grc'><strong>1125</strong></span> 
     </span>
    </p>
   </div>
   <div class='ocr_carea' id='block_1_2' title="bbox 1390 284 2379 370">
    <p class='ocr_par' dir='ltr' id='par_1_2' title="bbox 1390 284 2379 370">
     <span class='ocr_line' id='line_1_2' title="bbox 1390 284 2379 370; baseline 0.003 -5"><span class='ocrx_word' id='word_1_2' title='bbox 1390 302 1475 366; x_wconf 87' lang='grc' dir='ltr'><strong>ΙΝ</strong></span> <span class='ocrx_word' id='word_1_3' title='bbox 1497 302 1936 368; x_wconf 72' lang='grc' dir='ltr'><strong>ιΕνΙΤΙῦυΜ.</strong></span> <span class='ocrx_word' id='word_1_4' title='bbox 1972 331 2038 344; x_wconf 93' lang='grc'><strong>--</strong></span> <span class='ocrx_word' id='word_1_5' title='bbox 2058 302 2206 367; x_wconf 85' lang='lat' dir='ltr'><strong>LIB.</strong></span> <span class='ocrx_word' id='word_1_6' title='bbox 2242 284 2379 370; x_wconf 77' lang='lat' dir='ltr'><strong>vn.</strong></span> 
     </span>
    </p>
   </div>
   <div class='ocr_carea' id='block_1_3' title="bbox 3389 258 3525 382">
    <p class='ocr_par' dir='ltr' id='par_1_3' title="bbox 3389 258 3525 382">
     <span class='ocr_line' id='line_1_3' title="bbox 3389 258 3525 382; baseline 0.044 -6"><span class='ocrx_word' id='word_1_7' title='bbox 3389 258 3525 382; x_wconf 65' lang='lat' dir='ltr'><strong>uas</strong></span> 
     </span>
    </p>
   </div>
   <div class='ocr_carea' id='block_1_4' title="bbox 257 408 3527 495">
    <p class='ocr_par' dir='ltr' id='par_1_4' title="bbox 257 408 3527 495">
     <span class='ocr_line' id='line_1_4' title="bbox 257 408 3527 495; baseline -0.002 -17"><span class='ocrx_word' id='word_1_8' title='bbox 257 422 299 478; x_wconf 84' lang='lat' dir='ltr'><strong>ti</strong></span> <span class='ocrx_word' id='word_1_9' title='bbox 335 432 601 491; x_wconf 88' lang='lat' dir='ltr'><strong>tempore.</strong></span> <span class='ocrx_word' id='word_1_10' title='bbox 638 416 755 476; x_wconf 67' lang='grc' dir='ltr'><strong>που</strong></span> <span class='ocrx_word' id='word_1_11' title='bbox 785 419 933 475; x_wconf 87' lang='lat' dir='ltr'><strong>enim</strong></span> <span class='ocrx_word' id='word_1_12' title='bbox 970 419 1280 491; x_wconf 76' lang='lat' dir='ltr'><strong>appellatur</strong></span> <span class='ocrx_word' id='word_1_13' title='bbox 1306 410 1405 489; x_wconf 86' lang='lat' dir='ltr'><strong>per</strong></span> <span class='ocrx_word' id='word_1_14' title='bbox 1432 419 1555 489; x_wconf 88' lang='lat' dir='ltr'><strong>ejus</strong></span> <span class='ocrx_word' id='word_1_15' title='bbox 1584 428 1839 489; x_wconf 75' lang='lat' dir='ltr'><strong>posteros</strong></span> <span class='ocrx_word' id='word_1_16' title='bbox 1872 428 1914 481; x_wconf 73' lang='grc' dir='ltr'><strong>Α</strong></span> <span class='ocrx_word' id='word_1_17' title='bbox 1943 419 2150 476; x_wconf 78' lang='lat' dir='ltr'><strong>Christi</strong></span> <span class='ocrx_word' id='word_1_18' title='bbox 2181 429 2267 476; x_wconf 85' lang='lat' dir='ltr'><strong>est</strong></span> <span class='ocrx_word' id='word_1_19' title='bbox 2296 420 2633 492; x_wconf 79' lang='lat' dir='ltr'><strong>mysterium,</strong></span> <span class='ocrx_word' id='word_1_20' title='bbox 2658 419 2823 492; x_wconf 84' lang='lat' dir='ltr'><strong>hujus</strong></span> <span class='ocrx_word' id='word_1_21' title='bbox 2848 436 2979 494; x_wconf 86' lang='lat' dir='ltr'><strong>ergo</strong></span> <span class='ocrx_word' id='word_1_22' title='bbox 3005 423 3118 491; x_wconf 85' lang='lat' dir='ltr'><strong>agri</strong></span> <span class='ocrx_word' id='word_1_23' title='bbox 3137 408 3264 495; x_wconf 82' lang='lat' dir='ltr'><strong>jure</strong></span> <span class='ocrx_word' id='word_1_24' title='bbox 3282 427 3527 482; x_wconf 85' lang='lat' dir='ltr'><strong>venden-</strong></span> 
     </span>
    </p>
   </div>
   <div class='ocr_carea' id='block_1_5' title="bbox 256 510 1835 581">
    <p class='ocr_par' dir='ltr' id='par_1_5' title="bbox 256 510 1835 581">
     <span class='ocr_line' id='line_1_5' title="bbox 256 510 1835 581; baseline -0.003 -13"><span class='ocrx_word' id='word_1_25' title='bbox 256 512 346 568; x_wconf 72' lang='lat' dir='ltr'><strong>vel</strong></span> <span class='ocrx_word' id='word_1_26' title='bbox 399 512 800 579; x_wconf 73' lang='lat' dir='ltr'><strong>generationes,</strong></span> <span class='ocrx_word' id='word_1_27' title='bbox 853 512 1000 581; x_wconf 90' lang='lat' dir='ltr'><strong>quod</strong></span> <span class='ocrx_word' id='word_1_28' title='bbox 1061 510 1420 581; x_wconf 91' lang='lat' dir='ltr'><strong>Septuaginta</strong></span> <span class='ocrx_word' id='word_1_29' title='bbox 1478 511 1668 577; x_wconf 87' lang='lat' dir='ltr'><strong>edunt,</strong></span> <span class='ocrx_word' id='word_1_30' title='bbox 1708 510 1835 579; x_wconf 90' lang='lat' dir='ltr'><strong>quia</strong></span> 
     </span>
    </p>
   </div>
   <div class='ocr_carea' id='block_1_6' title="bbox 257 603 1833 676">
    <p class='ocr_par' dir='ltr' id='par_1_6' title="bbox 257 603 1833 676">
     <span class='ocr_line' id='line_1_6' title="bbox 257 603 1833 676; baseline -0.003 -16"><span class='ocrx_word' id='word_1_31' title='bbox 257 604 547 676; x_wconf 66' lang='lat' dir='ltr'><strong>praesentis</strong></span> <span class='ocrx_word' id='word_1_32' title='bbox 612 604 876 675; x_wconf 81' lang='lat' dir='ltr'><strong>temporis</strong></span> <span class='ocrx_word' id='word_1_33' title='bbox 924 611 1247 674; x_wconf 81' lang='lat' dir='ltr'><strong>potestatem</strong></span> <span class='ocrx_word' id='word_1_34' title='bbox 1297 603 1460 656; x_wconf 82' lang='lat' dir='ltr'><strong>habet</strong></span> <span class='ocrx_word' id='word_1_35' title='bbox 1494 611 1683 657; x_wconf 88' lang='lat' dir='ltr'><strong>contra</strong></span> <span class='ocrx_word' id='word_1_36' title='bbox 1737 617 1833 656; x_wconf 90' lang='lat' dir='ltr'><strong>eos</strong></span> 
     </span>
    </p>
   </div>
   <div class='ocr_carea' id='block_1_7' title="bbox 260 693 1834 768">
    <p class='ocr_par' dir='ltr' id='par_1_7' title="bbox 260 693 1834 768">
     <span class='ocr_line' id='line_1_7' title="bbox 260 693 1834 768; baseline -0.003 -17"><span class='ocrx_word' id='word_1_37' title='bbox 260 698 353 766; x_wconf 85' lang='lat' dir='ltr'><strong>qui</strong></span> <span class='ocrx_word' id='word_1_38' title='bbox 382 699 792 768; x_wconf 73' lang='lat' dir='ltr'><strong>conjunguntur</strong></span> <span class='ocrx_word' id='word_1_39' title='bbox 820 696 891 761; x_wconf 88' lang='lat' dir='ltr'><strong>ei,</strong></span> <span class='ocrx_word' id='word_1_40' title='bbox 922 703 975 749; x_wconf 90' lang='lat' dir='ltr'><strong>et</strong></span> <span class='ocrx_word' id='word_1_41' title='bbox 1007 694 1195 749; x_wconf 83' lang='lat' dir='ltr'><strong>redimi</strong></span> <span class='ocrx_word' id='word_1_42' title='bbox 1226 709 1335 747; x_wconf 92' lang='lat' dir='ltr'><strong>non</strong></span> <span class='ocrx_word' id='word_1_43' title='bbox 1368 693 1565 763; x_wconf 88' lang='lat' dir='ltr'><strong>poterit</strong></span> <span class='ocrx_word' id='word_1_44' title='bbox 1588 694 1752 748; x_wconf 90' lang='lat' dir='ltr'><strong>etiam</strong></span> <span class='ocrx_word' id='word_1_45' title='bbox 1782 693 1834 746; x_wconf 89' lang='lat' dir='ltr'><strong>in</strong></span> 
     </span>
    </p>
   </div>
   <div class='ocr_carea' id='block_1_8' title="bbox 255 785 1836 859">
    <p class='ocr_par' dir='ltr' id='par_1_8' title="bbox 255 785 1836 859">
     <span class='ocr_line' id='line_1_8' title="bbox 255 785 1836 859; baseline -0.003 -15"><span class='ocrx_word' id='word_1_46' title='bbox 255 788 484 859; x_wconf 86' lang='lat' dir='ltr'><strong>jubileo,</strong></span> <span class='ocrx_word' id='word_1_47' title='bbox 516 788 630 844; x_wconf 83' lang='lat' dir='ltr'><strong>sive</strong></span> <span class='ocrx_word' id='word_1_48' title='bbox 672 798 733 843; x_wconf 91' lang='lat' dir='ltr'><strong>ut</strong></span> <span class='ocrx_word' id='word_1_49' title='bbox 763 787 1117 858; x_wconf 84' lang='lat' dir='ltr'><strong>Septuaginta</strong></span> <span class='ocrx_word' id='word_1_50' title='bbox 1150 785 1206 839; x_wconf 92' lang='lat' dir='ltr'><strong>in</strong></span> <span class='ocrx_word' id='word_1_51' title='bbox 1234 785 1577 850; x_wconf 82' lang='lat' dir='ltr'><strong>remissione,</strong></span> <span class='ocrx_word' id='word_1_52' title='bbox 1608 799 1713 854; x_wconf 87' lang='lat' dir='ltr'><strong>qua</strong></span> <span class='ocrx_word' id='word_1_53' title='bbox 1752 800 1836 839; x_wconf 86' lang='lat' dir='ltr'><strong>re-</strong></span> 
     </span>
    </p>
   </div>
   <div class='ocr_carea' id='block_1_9' title="bbox 261 877 1838 950">
    <p class='ocr_par' dir='ltr' id='par_1_9' title="bbox 261 877 1838 950">
     <span class='ocr_line' id='line_1_9' title="bbox 261 877 1838 950; baseline -0.003 -14"><span class='ocrx_word' id='word_1_54' title='bbox 261 882 544 944; x_wconf 84' lang='lat' dir='ltr'><strong>missione,</strong></span> <span class='ocrx_word' id='word_1_55' title='bbox 570 880 674 934; x_wconf 91' lang='lat' dir='ltr'><strong>nisi</strong></span> <span class='ocrx_word' id='word_1_56' title='bbox 707 880 894 950; x_wconf 89' lang='lat' dir='ltr'><strong>utique</strong></span> <span class='ocrx_word' id='word_1_57' title='bbox 929 879 1095 944; x_wconf 80' lang='lat' dir='ltr'><strong>illam,</strong></span> <span class='ocrx_word' id='word_1_58' title='bbox 1121 894 1282 947; x_wconf 86' lang='lat' dir='ltr'><strong>quam</strong></span> <span class='ocrx_word' id='word_1_59' title='bbox 1316 879 1397 933; x_wconf 90' lang='lat' dir='ltr'><strong>eis</strong></span> <span class='ocrx_word' id='word_1_60' title='bbox 1430 877 1687 932; x_wconf 86' lang='lat' dir='ltr'><strong>Dominus</strong></span> <span class='ocrx_word' id='word_1_61' title='bbox 1712 893 1838 932; x_wconf 85' lang='lat' dir='ltr'><strong>eru-</strong></span> 
     </span>
    </p>
   </div>
   <div class='ocr_carea' id='block_1_10' title="bbox 261 970 1839 1040">
    <p class='ocr_par' dir='ltr' id='par_1_10' title="bbox 261 970 1839 1040">
     <span class='ocr_line' id='line_1_10' title="bbox 261 970 1839 1040; baseline -0.004 -11"><span class='ocrx_word' id='word_1_62' title='bbox 261 975 453 1030; x_wconf 78' lang='lat' dir='ltr'><strong>ciﬁxus</strong></span> <span class='ocrx_word' id='word_1_63' title='bbox 482 975 615 1029; x_wconf 81' lang='lat' dir='ltr'><strong>dixit</strong></span> <span class='ocrx_word' id='word_1_64' title='bbox 647 994 660 1029; x_wconf 92' lang='lat'><strong>:</strong></span> <span class='ocrx_word' id='word_1_65' title='bbox 690 974 871 1040; x_wconf 87' lang='lat' dir='ltr'><strong>Pater,</strong></span> <span class='ocrx_word' id='word_1_66' title='bbox 898 974 1101 1027; x_wconf 89' lang='lat' dir='ltr'><strong>dimitte</strong></span> <span class='ocrx_word' id='word_1_67' title='bbox 1125 971 1249 1032; x_wconf 86' lang='lat' dir='ltr'><strong>illis,</strong></span> <span class='ocrx_word' id='word_1_68' title='bbox 1281 972 1405 1040; x_wconf 89' lang='lat' dir='ltr'><strong>quia</strong></span> <span class='ocrx_word' id='word_1_69' title='bbox 1438 972 1670 1025; x_wconf 84' lang='lat' dir='ltr'><strong>nesciunt</strong></span> <span class='ocrx_word' id='word_1_70' title='bbox 1711 970 1839 1040; x_wconf 88' lang='lat' dir='ltr'><strong>quid</strong></span> 
     </span>
    </p>
   </div>
   <div class='ocr_carea' id='block_1_11' title="bbox 262 1062 1836 1136">
    <p class='ocr_par' dir='ltr' id='par_1_11' title="bbox 262 1062 1836 1136">
     <span class='ocr_line' id='line_1_11' title="bbox 262 1062 1836 1136; baseline -0.004 -16"><span class='ocrx_word' id='word_1_71' title='bbox 262 1066 469 1136; x_wconf 82' lang='lat' dir='ltr'><strong>faciunt</strong></span> <span class='ocrx_word' id='word_1_72' title='bbox 496 1068 562 1119; x_wconf 86' lang='lat'><strong>”.</strong></span> <span class='ocrx_word' id='word_1_73' title='bbox 606 1066 713 1120; x_wconf 85' lang='lat' dir='ltr'><strong>Sed</strong></span> <span class='ocrx_word' id='word_1_74' title='bbox 747 1073 1024 1135; x_wconf 74' lang='lat' dir='ltr'><strong>peccatum</strong></span> <span class='ocrx_word' id='word_1_75' title='bbox 1058 1070 1475 1126; x_wconf 75' lang='lat' dir='ltr'><strong>renovaverunt,</strong></span> <span class='ocrx_word' id='word_1_76' title='bbox 1501 1074 1623 1131; x_wconf 90' lang='lat' dir='ltr'><strong>post</strong></span> <span class='ocrx_word' id='word_1_77' title='bbox 1651 1062 1836 1115; x_wconf 88' lang='lat' dir='ltr'><strong>datum</strong></span> 
     </span>
    </p>
   </div>
   <div class='ocr_carea' id='block_1_12' title="bbox 265 1152 1837 1224">
    <p class='ocr_par' dir='ltr' id='par_1_12' title="bbox 265 1152 1837 1224">
     <span class='ocr_line' id='line_1_12' title="bbox 265 1152 1837 1224; baseline -0.003 -13"><span class='ocrx_word' id='word_1_78' title='bbox 265 1157 642 1212; x_wconf 81' lang='lat' dir='ltr'><strong>remissionem</strong></span> <span class='ocrx_word' id='word_1_79' title='bbox 674 1156 923 1210; x_wconf 86' lang='lat' dir='ltr'><strong>malitiosi</strong></span> <span class='ocrx_word' id='word_1_80' title='bbox 954 1154 1154 1220; x_wconf 77' lang='lat' dir='ltr'><strong>ell‘ecti,</strong></span> <span class='ocrx_word' id='word_1_81' title='bbox 1188 1163 1244 1208; x_wconf 92' lang='lat' dir='ltr'><strong>et</strong></span> <span class='ocrx_word' id='word_1_82' title='bbox 1276 1154 1551 1224; x_wconf 69' lang='lat' dir='ltr'><strong>prmierito</strong></span> <span class='ocrx_word' id='word_1_83' title='bbox 1582 1169 1688 1207; x_wconf 93' lang='lat' dir='ltr'><strong>non</strong></span> <span class='ocrx_word' id='word_1_84' title='bbox 1720 1152 1837 1207; x_wconf 78' lang='lat' dir='ltr'><strong>suf—</strong></span> 
     </span>
    </p>
   </div>
   <div class='ocr_carea' id='block_1_13' title="bbox 264 1244 1837 1318">
    <p class='ocr_par' dir='ltr' id='par_1_13' title="bbox 264 1244 1837 1318">
     <span class='ocr_line' id='line_1_13' title="bbox 264 1244 1837 1318; baseline -0.004 -15"><span class='ocrx_word' id='word_1_85' title='bbox 264 1248 481 1303; x_wconf 81' lang='lat' dir='ltr'><strong>ﬁciente</strong></span> <span class='ocrx_word' id='word_1_86' title='bbox 496 1257 739 1318; x_wconf 88' lang='lat' dir='ltr'><strong>peccato,</strong></span> <span class='ocrx_word' id='word_1_87' title='bbox 762 1248 1091 1303; x_wconf 89' lang='lat' dir='ltr'><strong>addiderunt</strong></span> <span class='ocrx_word' id='word_1_88' title='bbox 1114 1246 1217 1299; x_wconf 91' lang='lat' dir='ltr'><strong>alia</strong></span> <span class='ocrx_word' id='word_1_89' title='bbox 1246 1247 1535 1310; x_wconf 81' lang='lat' dir='ltr'><strong>deteriora,</strong></span> <span class='ocrx_word' id='word_1_90' title='bbox 1557 1260 1677 1314; x_wconf 66' lang='lat' dir='ltr'><strong>qua:</strong></span> <span class='ocrx_word' id='word_1_91' title='bbox 1694 1244 1837 1299; x_wconf 87' lang='lat' dir='ltr'><strong>circa</strong></span> 
     </span>
    </p>
   </div>
   <div class='ocr_carea' id='block_1_14' title="bbox 264 1335 1839 1409">
    <p class='ocr_par' dir='ltr' id='par_1_14' title="bbox 264 1335 1839 1409">
     <span class='ocr_line' id='line_1_14' title="bbox 264 1335 1839 1409; baseline -0.003 -16"><span class='ocrx_word' id='word_1_92' title='bbox 264 1340 594 1408; x_wconf 81' lang='lat' dir='ltr'><strong>sepulcrum,</strong></span> <span class='ocrx_word' id='word_1_93' title='bbox 623 1348 678 1393; x_wconf 88' lang='lat' dir='ltr'><strong>et</strong></span> <span class='ocrx_word' id='word_1_94' title='bbox 704 1349 828 1409; x_wconf 88' lang='lat' dir='ltr'><strong>post</strong></span> <span class='ocrx_word' id='word_1_95' title='bbox 853 1337 1335 1401; x_wconf 82' lang='lat' dir='ltr'><strong>resurrectionem,</strong></span> <span class='ocrx_word' id='word_1_96' title='bbox 1355 1345 1409 1391; x_wconf 88' lang='lat' dir='ltr'><strong>et</strong></span> <span class='ocrx_word' id='word_1_97' title='bbox 1438 1345 1561 1405; x_wconf 91' lang='lat' dir='ltr'><strong>post</strong></span> <span class='ocrx_word' id='word_1_98' title='bbox 1590 1337 1643 1389; x_wconf 91' lang='lat' dir='ltr'><strong>in</strong></span> <span class='ocrx_word' id='word_1_99' title='bbox 1671 1335 1839 1391; x_wconf 63' lang='lat' dir='ltr'><strong>caelos</strong></span> 
     </span>
    </p>
   </div>
   <div class='ocr_carea' id='block_1_15' title="bbox 265 1423 1840 1496">
    <p class='ocr_par' dir='ltr' id='par_1_15' title="bbox 265 1423 1840 1496">
     <span class='ocr_line' id='line_1_15' title="bbox 265 1423 1840 1496; baseline -0.003 -15"><span class='ocrx_word' id='word_1_100' title='bbox 265 1429 643 1484; x_wconf 85' lang='lat' dir='ltr'><strong>ascensionem</strong></span> <span class='ocrx_word' id='word_1_101' title='bbox 663 1435 849 1481; x_wconf 88' lang='lat' dir='ltr'><strong>contra</strong></span> <span class='ocrx_word' id='word_1_102' title='bbox 874 1426 1051 1496; x_wconf 89' lang='lat' dir='ltr'><strong>ipsum</strong></span> <span class='ocrx_word' id='word_1_103' title='bbox 1076 1426 1373 1488; x_wconf 76' lang='lat' dir='ltr'><strong>Christum,</strong></span> <span class='ocrx_word' id='word_1_104' title='bbox 1404 1432 1459 1478; x_wconf 90' lang='lat' dir='ltr'><strong>et</strong></span> <span class='ocrx_word' id='word_1_105' title='bbox 1488 1431 1678 1477; x_wconf 86' lang='lat' dir='ltr'><strong>contra</strong></span> <span class='ocrx_word' id='word_1_106' title='bbox 1704 1423 1840 1477; x_wconf 84' lang='lat' dir='ltr'><strong>cho—</strong></span> 
     </span>
    </p>
   </div>
   <div class='ocr_carea' id='block_1_16' title="bbox 262 1514 1841 1587">
    <p class='ocr_par' dir='ltr' id='par_1_16' title="bbox 262 1514 1841 1587">
     <span class='ocr_line' id='line_1_16' title="bbox 262 1514 1841 1587; baseline -0.004 -14"><span class='ocrx_word' id='word_1_107' title='bbox 262 1534 383 1574; x_wconf 88' lang='lat' dir='ltr'><strong>rum</strong></span> <span class='ocrx_word' id='word_1_108' title='bbox 434 1530 797 1587; x_wconf 71' lang='lat' dir='ltr'><strong>apostomrum</strong></span> <span class='ocrx_word' id='word_1_109' title='bbox 834 1524 1318 1585; x_wconf 64' lang='lat' dir='ltr'><strong>praesumpserunt.</strong></span> <span class='ocrx_word' id='word_1_110' title='bbox 1342 1514 1685 1569; x_wconf 81' lang='lat' dir='ltr'><strong>Conﬁrmans</strong></span> <span class='ocrx_word' id='word_1_111' title='bbox 1712 1528 1841 1584; x_wconf 86' lang='lat' dir='ltr'><strong>ergo</strong></span> 
     </span>
    </p>
   </div>
   <div class='ocr_carea' id='block_1_17' title="bbox 260 1605 1841 1679">
    <p class='ocr_par' dir='ltr' id='par_1_17' title="bbox 260 1605 1841 1679">
     <span class='ocr_line' id='line_1_17' title="bbox 260 1605 1841 1679; baseline -0.004 -14"><span class='ocrx_word' id='word_1_112' title='bbox 260 1624 326 1665; x_wconf 85' lang='lat' dir='ltr'><strong>ea</strong></span> <span class='ocrx_word' id='word_1_113' title='bbox 356 1625 476 1679; x_wconf 67' lang='lat' dir='ltr'><strong>quae</strong></span> <span class='ocrx_word' id='word_1_114' title='bbox 502 1624 650 1663; x_wconf 85' lang='lat' dir='ltr'><strong>nunc</strong></span> <span class='ocrx_word' id='word_1_115' title='bbox 683 1623 712 1662; x_wconf 91' lang='lat' dir='ltr'><strong>a</strong></span> <span class='ocrx_word' id='word_1_116' title='bbox 733 1607 890 1662; x_wconf 88' lang='lat' dir='ltr'><strong>nobis</strong></span> <span class='ocrx_word' id='word_1_117' title='bbox 919 1607 1063 1661; x_wconf 90' lang='lat' dir='ltr'><strong>dicta</strong></span> <span class='ocrx_word' id='word_1_118' title='bbox 1090 1616 1219 1661; x_wconf 91' lang='lat' dir='ltr'><strong>sunt</strong></span> <span class='ocrx_word' id='word_1_119' title='bbox 1262 1605 1542 1670; x_wconf 87' lang='lat' dir='ltr'><strong>Dominus,</strong></span> <span class='ocrx_word' id='word_1_120' title='bbox 1562 1616 1628 1660; x_wconf 82' lang='lat' dir='ltr'><strong>et</strong></span> <span class='ocrx_word' id='word_1_121' title='bbox 1654 1614 1841 1660; x_wconf 84' lang='lat' dir='ltr'><strong>osten-</strong></span> 
     </span>
    </p>
   </div>
   <div class='ocr_carea' id='block_1_18' title="bbox 261 1697 1838 1771">
    <p class='ocr_par' dir='ltr' id='par_1_18' title="bbox 261 1697 1838 1771">
     <span class='ocr_line' id='line_1_18' title="bbox 261 1697 1838 1771; baseline -0.004 -13"><span class='ocrx_word' id='word_1_122' title='bbox 261 1702 400 1758; x_wconf 88' lang='lat' dir='ltr'><strong>dens</strong></span> <span class='ocrx_word' id='word_1_123' title='bbox 432 1701 556 1771; x_wconf 85' lang='lat' dir='ltr'><strong>quia</strong></span> <span class='ocrx_word' id='word_1_124' title='bbox 591 1700 900 1755; x_wconf 64' lang='lat' dir='ltr'><strong>Iudaeorum</strong></span> <span class='ocrx_word' id='word_1_125' title='bbox 919 1699 1136 1766; x_wconf 83' lang='lat' dir='ltr'><strong>domos,</strong></span> <span class='ocrx_word' id='word_1_126' title='bbox 1167 1706 1223 1753; x_wconf 89' lang='lat' dir='ltr'><strong>et</strong></span> <span class='ocrx_word' id='word_1_127' title='bbox 1244 1698 1545 1753; x_wconf 81' lang='lat' dir='ltr'><strong>Jerusalem</strong></span> <span class='ocrx_word' id='word_1_128' title='bbox 1574 1697 1838 1767; x_wconf 86' lang='lat' dir='ltr'><strong>templum</strong></span> 
     </span>
    </p>
   </div>
   <div class='ocr_carea' id='block_1_19' title="bbox 1936 513 3526 589">
    <p class='ocr_par' dir='ltr' id='par_1_19' title="bbox 1936 513 3526 589">
     <span class='ocr_line' id='line_1_19' title="bbox 1936 513 3526 589; baseline 0.004 -20"><span class='ocrx_word' id='word_1_129' title='bbox 1936 523 2049 575; x_wconf 90' lang='lat' dir='ltr'><strong>tur.</strong></span> <span class='ocrx_word' id='word_1_130' title='bbox 2083 514 2168 568; x_wconf 88' lang='lat' dir='ltr'><strong>vel</strong></span> <span class='ocrx_word' id='word_1_131' title='bbox 2214 513 2396 569; x_wconf 86' lang='lat' dir='ltr'><strong>adhuc</strong></span> <span class='ocrx_word' id='word_1_132' title='bbox 2441 529 2631 584; x_wconf 85' lang='lat' dir='ltr'><strong>agrum</strong></span> <span class='ocrx_word' id='word_1_133' title='bbox 2679 515 3115 583; x_wconf 81' lang='lat' dir='ltr'><strong>:estimabuntur,</strong></span> <span class='ocrx_word' id='word_1_134' title='bbox 3148 520 3275 589; x_wconf 89' lang='lat' dir='ltr'><strong>quia</strong></span> <span class='ocrx_word' id='word_1_135' title='bbox 3307 520 3355 574; x_wconf 88' lang='lat' dir='ltr'><strong>ei</strong></span> <span class='ocrx_word' id='word_1_136' title='bbox 3393 532 3526 577; x_wconf 87' lang='lat' dir='ltr'><strong>sunt</strong></span> 
     </span>
    </p>
   </div>
   <div class='ocr_carea' id='block_1_20' title="bbox 1938 604 3526 682">
    <p class='ocr_par' dir='ltr' id='par_1_20' title="bbox 1938 604 3526 682">
     <span class='ocr_line' id='line_1_20' title="bbox 1938 604 3526 682; baseline 0.005 -23"><span class='ocrx_word' id='word_1_137' title='bbox 1938 606 2219 677; x_wconf 60' lang='lat' dir='ltr'><strong>proximat,</strong></span> <span class='ocrx_word' id='word_1_138' title='bbox 2247 621 2357 659; x_wconf 89' lang='lat' dir='ltr'><strong>non</strong></span> <span class='ocrx_word' id='word_1_139' title='bbox 2389 606 2517 677; x_wconf 77' lang='lat' dir='ltr'><strong>legi.</strong></span> <span class='ocrx_word' id='word_1_140' title='bbox 2543 604 2909 672; x_wconf 82' lang='lat' dir='ltr'><strong>Quamobrem</strong></span> <span class='ocrx_word' id='word_1_141' title='bbox 2940 622 3158 677; x_wconf 83' lang='lat' dir='ltr'><strong>semper</strong></span> <span class='ocrx_word' id='word_1_142' title='bbox 3181 610 3377 666; x_wconf 87' lang='lat' dir='ltr'><strong>redimi</strong></span> <span class='ocrx_word' id='word_1_143' title='bbox 3398 628 3526 682; x_wconf 78' lang='lat' dir='ltr'><strong>pos-</strong></span> 
     </span>
    </p>
   </div>
   <div class='ocr_carea' id='block_1_21' title="bbox 1939 697 3524 771">
    <p class='ocr_par' dir='ltr' id='par_1_21' title="bbox 1939 697 3524 771">
     <span class='ocr_line' id='line_1_21' title="bbox 1939 697 3524 771; baseline 0.005 -19"><span class='ocrx_word' id='word_1_144' title='bbox 1939 708 2088 759; x_wconf 89' lang='lat' dir='ltr'><strong>sunt,</strong></span> <span class='ocrx_word' id='word_1_145' title='bbox 2114 698 2200 752; x_wconf 86' lang='lat' dir='ltr'><strong>vel</strong></span> <span class='ocrx_word' id='word_1_146' title='bbox 2230 698 2533 752; x_wconf 88' lang='lat' dir='ltr'><strong>secundum</strong></span> <span class='ocrx_word' id='word_1_147' title='bbox 2567 697 2922 769; x_wconf 82' lang='lat' dir='ltr'><strong>Septuaginta</strong></span> <span class='ocrx_word' id='word_1_148' title='bbox 2948 699 3193 756; x_wconf 69' lang='lat' dir='ltr'><strong>liberata:</strong></span> <span class='ocrx_word' id='word_1_149' title='bbox 3220 718 3317 771; x_wconf 86' lang='lat' dir='ltr'><strong>per</strong></span> <span class='ocrx_word' id='word_1_150' title='bbox 3342 707 3524 760; x_wconf 86' lang='lat' dir='ltr'><strong>omnia</strong></span> 
     </span>
    </p>
   </div>
   <div class='ocr_carea' id='block_1_22' title="bbox 1938 789 3525 861">
    <p class='ocr_par' dir='ltr' id='par_1_22' title="bbox 1938 789 3525 861">
     <span class='ocr_line' id='line_1_22' title="bbox 1938 789 3525 861; baseline 0.004 -18"><span class='ocrx_word' id='word_1_151' title='bbox 1938 797 2124 844; x_wconf 86' lang='lat' dir='ltr'><strong>erunt.</strong></span> <span class='ocrx_word' id='word_1_152' title='bbox 2162 789 2241 843; x_wconf 83' lang='lat' dir='ltr'><strong>Ex</strong></span> <span class='ocrx_word' id='word_1_153' title='bbox 2289 804 2400 859; x_wconf 92' lang='lat' dir='ltr'><strong>quo</strong></span> <span class='ocrx_word' id='word_1_154' title='bbox 2433 805 2564 859; x_wconf 88' lang='lat' dir='ltr'><strong>ergo</strong></span> <span class='ocrx_word' id='word_1_155' title='bbox 2600 789 2863 844; x_wconf 88' lang='lat' dir='ltr'><strong>Dominus</strong></span> <span class='ocrx_word' id='word_1_156' title='bbox 2899 791 3070 856; x_wconf 80' lang='lat' dir='ltr'><strong>venit,</strong></span> <span class='ocrx_word' id='word_1_157' title='bbox 3107 808 3279 861; x_wconf 87' lang='lat' dir='ltr'><strong>usque</strong></span> <span class='ocrx_word' id='word_1_158' title='bbox 3320 794 3388 848; x_wconf 89' lang='lat' dir='ltr'><strong>ad</strong></span> <span class='ocrx_word' id='word_1_159' title='bbox 3435 810 3525 850; x_wconf 89' lang='lat' dir='ltr'><strong>se-</strong></span> 
     </span>
    </p>
   </div>
   <div class='ocr_carea' id='block_1_23' title="bbox 1939 867 3526 952">
    <p class='ocr_par' dir='ltr' id='par_1_23' title="bbox 1939 867 3526 952">
     <span class='ocr_line' id='line_1_23' title="bbox 1939 867 3526 952; baseline 0.001 -14"><span class='ocrx_word' id='word_1_160' title='bbox 1939 883 2179 939; x_wconf 92' lang='lat' dir='ltr'><strong>cundum</strong></span> <span class='ocrx_word' id='word_1_161' title='bbox 2212 881 2507 936; x_wconf 80' lang='lat' dir='ltr'><strong>adventum</strong></span> <span class='ocrx_word' id='word_1_162' title='bbox 2532 882 2672 950; x_wconf 84' lang='lat' dir='ltr'><strong>ejus,</strong></span> <span class='ocrx_word' id='word_1_163' title='bbox 2702 897 2801 951; x_wconf 87' lang='lat' dir='ltr'><strong>per</strong></span> <span class='ocrx_word' id='word_1_164' title='bbox 2823 867 3009 951; x_wconf 69' lang='lat' dir='ltr'><strong>parter</strong></span> <span class='ocrx_word' id='word_1_165' title='bbox 3034 892 3225 952; x_wconf 89' lang='lat' dir='ltr'><strong>gentes</strong></span> <span class='ocrx_word' id='word_1_166' title='bbox 3246 884 3526 939; x_wconf 82' lang='lat' dir='ltr'><strong>redimun-</strong></span> 
     </span>
    </p>
   </div>
   <div class='ocr_carea' id='block_1_24' title="bbox 1941 972 3525 1043">
    <p class='ocr_par' dir='ltr' id='par_1_24' title="bbox 1941 972 3525 1043">
     <span class='ocr_line' id='line_1_24' title="bbox 1941 972 3525 1043; baseline 0.001 -16"><span class='ocrx_word' id='word_1_167' title='bbox 1941 983 2048 1037; x_wconf 90' lang='lat' dir='ltr'><strong>tur,</strong></span> <span class='ocrx_word' id='word_1_168' title='bbox 2081 983 2135 1027; x_wconf 90' lang='lat' dir='ltr'><strong>et</strong></span> <span class='ocrx_word' id='word_1_169' title='bbox 2181 987 2279 1042; x_wconf 86' lang='lat' dir='ltr'><strong>per</strong></span> <span class='ocrx_word' id='word_1_170' title='bbox 2309 972 2686 1026; x_wconf 87' lang='lat' dir='ltr'><strong>remissionem</strong></span> <span class='ocrx_word' id='word_1_171' title='bbox 2728 973 2988 1038; x_wconf 86' lang='lat' dir='ltr'><strong>evadunt,</strong></span> <span class='ocrx_word' id='word_1_172' title='bbox 3024 989 3187 1043; x_wconf 87' lang='lat' dir='ltr'><strong>quam</strong></span> <span class='ocrx_word' id='word_1_173' title='bbox 3223 974 3340 1043; x_wconf 86' lang='lat' dir='ltr'><strong>ipse</strong></span> <span class='ocrx_word' id='word_1_174' title='bbox 3372 975 3525 1029; x_wconf 90' lang='lat' dir='ltr'><strong>omni</strong></span> 
     </span>
    </p>
   </div>
   <div class='ocr_carea' id='block_1_25' title="bbox 1940 1063 3523 1136">
    <p class='ocr_par' dir='ltr' id='par_1_25' title="bbox 1940 1063 3523 1136">
     <span class='ocr_line' id='line_1_25' title="bbox 1940 1063 3523 1136; baseline 0 -17"><span class='ocrx_word' id='word_1_175' title='bbox 1940 1063 2125 1136; x_wconf 86' lang='lat' dir='ltr'><strong>generi</strong></span> <span class='ocrx_word' id='word_1_176' title='bbox 2168 1064 2411 1118; x_wconf 88' lang='lat' dir='ltr'><strong>humano</strong></span> <span class='ocrx_word' id='word_1_177' title='bbox 2445 1079 2543 1132; x_wconf 91' lang='lat' dir='ltr'><strong>per</strong></span> <span class='ocrx_word' id='word_1_178' title='bbox 2571 1077 2790 1117; x_wconf 89' lang='lat' dir='ltr'><strong>erucem</strong></span> <span class='ocrx_word' id='word_1_179' title='bbox 2826 1065 3139 1134; x_wconf 82' lang='lat' dir='ltr'><strong>appellavit.</strong></span> <span class='ocrx_word' id='word_1_180' title='bbox 3170 1066 3313 1119; x_wconf 75' lang='lat' dir='ltr'><strong>Crux</strong></span> <span class='ocrx_word' id='word_1_181' title='bbox 3349 1068 3523 1131; x_wconf 89' lang='lat' dir='ltr'><strong>enim,</strong></span> 
     </span>
    </p>
   </div>
   <div class='ocr_carea' id='block_1_26' title="bbox 1939 1152 3533 1227">
    <p class='ocr_par' dir='ltr' id='par_1_26' title="bbox 1939 1152 3533 1227">
     <span class='ocr_line' id='line_1_26' title="bbox 1939 1152 3533 1227; baseline 0.001 -18"><span class='ocrx_word' id='word_1_182' title='bbox 1939 1164 2026 1209; x_wconf 88' lang='lat' dir='ltr'><strong>est</strong></span> <span class='ocrx_word' id='word_1_183' title='bbox 2054 1170 2181 1208; x_wconf 87' lang='lat' dir='ltr'><strong>vera</strong></span> <span class='ocrx_word' id='word_1_184' title='bbox 2213 1152 2656 1208; x_wconf 89' lang='lat' dir='ltr'><strong>remissio.Unde</strong></span> <span class='ocrx_word' id='word_1_185' title='bbox 2683 1163 2738 1208; x_wconf 92' lang='lat' dir='ltr'><strong>et</strong></span> <span class='ocrx_word' id='word_1_186' title='bbox 2763 1153 2883 1223; x_wconf 83' lang='lat' dir='ltr'><strong>ejus</strong></span> <span class='ocrx_word' id='word_1_187' title='bbox 2908 1155 3133 1225; x_wconf 84' lang='lat' dir='ltr'><strong>ﬁguram</strong></span> <span class='ocrx_word' id='word_1_188' title='bbox 3164 1171 3359 1227; x_wconf 82' lang='lat' dir='ltr'><strong>gerens</strong></span> <span class='ocrx_word' id='word_1_189' title='bbox 3387 1157 3533 1212; x_wconf 83' lang='lat' dir='ltr'><strong>aries</strong></span> 
     </span>
    </p>
   </div>
   <div class='ocr_carea' id='block_1_27' title="bbox 1939 1244 3530 1317">
    <p class='ocr_par' dir='ltr' id='par_1_27' title="bbox 1939 1244 3530 1317">
     <span class='ocr_line' id='line_1_27' title="bbox 1939 1244 3530 1317; baseline 0 -16"><span class='ocrx_word' id='word_1_190' title='bbox 1939 1246 2031 1317; x_wconf 87' lang='lat' dir='ltr'><strong>qui</strong></span> <span class='ocrx_word' id='word_1_191' title='bbox 2064 1262 2161 1316; x_wconf 92' lang='lat' dir='ltr'><strong>pro</strong></span> <span class='ocrx_word' id='word_1_192' title='bbox 2193 1247 2343 1301; x_wconf 90' lang='lat' dir='ltr'><strong>Isaac</strong></span> <span class='ocrx_word' id='word_1_193' title='bbox 2386 1245 2439 1299; x_wconf 91' lang='lat' dir='ltr'><strong>in</strong></span> <span class='ocrx_word' id='word_1_194' title='bbox 2485 1244 2805 1300; x_wconf 89' lang='lat' dir='ltr'><strong>holocausto</strong></span> <span class='ocrx_word' id='word_1_195' title='bbox 2840 1246 3058 1301; x_wconf 88' lang='lat' dir='ltr'><strong>oblatus</strong></span> <span class='ocrx_word' id='word_1_196' title='bbox 3093 1257 3197 1309; x_wconf 84' lang='lat' dir='ltr'><strong>est,</strong></span> <span class='ocrx_word' id='word_1_197' title='bbox 3225 1250 3530 1304; x_wconf 81' lang='lat' dir='ltr'><strong>secundum</strong></span> 
     </span>
    </p>
   </div>
   <div class='ocr_carea' id='block_1_28' title="bbox 1939 1336 3530 1408">
    <p class='ocr_par' dir='ltr' id='par_1_28' title="bbox 1939 1336 3530 1408">
     <span class='ocr_line' id='line_1_28' title="bbox 1939 1336 3530 1408; baseline 0.001 -17"><span class='ocrx_word' id='word_1_198' title='bbox 1939 1339 2086 1408; x_wconf 89' lang='lat' dir='ltr'><strong>quod</strong></span> <span class='ocrx_word' id='word_1_199' title='bbox 2114 1336 2471 1407; x_wconf 81' lang='lat' dir='ltr'><strong>Septuaginta</strong></span> <span class='ocrx_word' id='word_1_200' title='bbox 2507 1337 2699 1399; x_wconf 89' lang='lat' dir='ltr'><strong>edunt,</strong></span> <span class='ocrx_word' id='word_1_201' title='bbox 2737 1337 2794 1390; x_wconf 90' lang='lat' dir='ltr'><strong>in</strong></span> <span class='ocrx_word' id='word_1_202' title='bbox 2828 1336 3053 1408; x_wconf 85' lang='lat' dir='ltr'><strong>virgulto</strong></span> <span class='ocrx_word' id='word_1_203' title='bbox 3093 1337 3291 1393; x_wconf 85' lang='lat' dir='ltr'><strong>Sabech</strong></span> <span class='ocrx_word' id='word_1_204' title='bbox 3334 1339 3530 1393; x_wconf 81' lang='lat' dir='ltr'><strong>inven-</strong></span> 
     </span>
    </p>
   </div>
   <div class='ocr_carea' id='block_1_29' title="bbox 1942 1428 3533 1500">
    <p class='ocr_par' dir='ltr' id='par_1_29' title="bbox 1942 1428 3533 1500">
     <span class='ocr_line' id='line_1_29' title="bbox 1942 1428 3533 1500; baseline 0.001 -15"><span class='ocrx_word' id='word_1_205' title='bbox 1942 1440 2032 1485; x_wconf 89' lang='lat' dir='ltr'><strong>tus</strong></span> <span class='ocrx_word' id='word_1_206' title='bbox 2058 1439 2143 1485; x_wconf 86' lang='lat' dir='ltr'><strong>est</strong></span> <span class='ocrx_word' id='word_1_207' title='bbox 2168 1430 2448 1499; x_wconf 87' lang='lat' dir='ltr'><strong>religatus.</strong></span> <span class='ocrx_word' id='word_1_208' title='bbox 2482 1428 2694 1483; x_wconf 89' lang='lat' dir='ltr'><strong>Sabech</strong></span> <span class='ocrx_word' id='word_1_209' title='bbox 2729 1438 2935 1492; x_wconf 89' lang='lat' dir='ltr'><strong>autem,</strong></span> <span class='ocrx_word' id='word_1_210' title='bbox 2971 1429 3223 1484; x_wconf 87' lang='lat' dir='ltr'><strong>remissio</strong></span> <span class='ocrx_word' id='word_1_211' title='bbox 3257 1431 3533 1500; x_wconf 59' lang='lat' dir='ltr'><strong>interpreo</strong></span> 
     </span>
    </p>
   </div>
   <div class='ocr_carea' id='block_1_30' title="bbox 1944 1520 3528 1595">
    <p class='ocr_par' dir='ltr' id='par_1_30' title="bbox 1944 1520 3528 1595">
     <span class='ocr_line' id='line_1_30' title="bbox 1944 1520 3528 1595; baseline 0.001 -19"><span class='ocrx_word' id='word_1_212' title='bbox 1944 1531 2110 1584; x_wconf 79' lang='lat' dir='ltr'><strong>tatur,</strong></span> <span class='ocrx_word' id='word_1_213' title='bbox 2142 1522 2269 1594; x_wconf 89' lang='lat' dir='ltr'><strong>quia</strong></span> <span class='ocrx_word' id='word_1_214' title='bbox 2315 1536 2558 1581; x_wconf 87' lang='lat' dir='ltr'><strong>crucem.</strong></span> <span class='ocrx_word' id='word_1_215' title='bbox 2579 1537 2701 1592; x_wconf 72' lang='lat' dir='ltr'><strong>quae</strong></span> <span class='ocrx_word' id='word_1_216' title='bbox 2724 1520 2827 1575; x_wconf 81' lang='lat' dir='ltr'><strong>fuit</strong></span> <span class='ocrx_word' id='word_1_217' title='bbox 2850 1521 3192 1577; x_wconf 76' lang='lat' dir='ltr'><strong>remissionis</strong></span> <span class='ocrx_word' id='word_1_218' title='bbox 3213 1523 3528 1595; x_wconf 88' lang='lat' dir='ltr'><strong>virgultum,</strong></span> 
     </span>
    </p>
   </div>
   <div class='ocr_carea' id='block_1_31' title="bbox 1942 1613 3536 1686">
    <p class='ocr_par' dir='ltr' id='par_1_31' title="bbox 1942 1613 3536 1686">
     <span class='ocr_line' id='line_1_31' title="bbox 1942 1613 3536 1686; baseline -0.001 -16"><span class='ocrx_word' id='word_1_219' title='bbox 1942 1615 2325 1686; x_wconf 70' lang='lat' dir='ltr'><strong>praeﬁgurabat</strong></span> <span class='ocrx_word' id='word_1_220' title='bbox 2355 1615 2459 1669; x_wconf 88' lang='lat' dir='ltr'><strong>hoc</strong></span> <span class='ocrx_word' id='word_1_221' title='bbox 2497 1614 2641 1684; x_wconf 85' lang='lat' dir='ltr'><strong>quod</strong></span> <span class='ocrx_word' id='word_1_222' title='bbox 2683 1623 2811 1667; x_wconf 90' lang='lat' dir='ltr'><strong>tunc</strong></span> <span class='ocrx_word' id='word_1_223' title='bbox 2840 1625 3055 1684; x_wconf 86' lang='lat' dir='ltr'><strong>gestum</strong></span> <span class='ocrx_word' id='word_1_224' title='bbox 3101 1623 3207 1667; x_wconf 88' lang='lat' dir='ltr'><strong>est.</strong></span> <span class='ocrx_word' id='word_1_225' title='bbox 3239 1613 3378 1685; x_wconf 86' lang='lat' dir='ltr'><strong>Ergo</strong></span> <span class='ocrx_word' id='word_1_226' title='bbox 3409 1624 3536 1669; x_wconf 71' lang='lat' dir='ltr'><strong>tan-</strong></span> 
     </span>
    </p>
   </div>
   <div class='ocr_carea' id='block_1_32' title="bbox 1943 1702 3531 1774">
    <p class='ocr_par' dir='ltr' id='par_1_32' title="bbox 1943 1702 3531 1774">
     <span class='ocr_line' id='line_1_32' title="bbox 1943 1702 3531 1774; baseline 0.001 -16"><span class='ocrx_word' id='word_1_227' title='bbox 1943 1720 2107 1774; x_wconf 88' lang='lat' dir='ltr'><strong>quam</strong></span> <span class='ocrx_word' id='word_1_228' title='bbox 2157 1705 2430 1758; x_wconf 81' lang='lat' dir='ltr'><strong>Abraham</strong></span> <span class='ocrx_word' id='word_1_229' title='bbox 2488 1703 2542 1757; x_wconf 92' lang='lat' dir='ltr'><strong>in</strong></span> <span class='ocrx_word' id='word_1_230' title='bbox 2599 1702 2769 1774; x_wconf 72' lang='lat' dir='ltr'><strong>figura</strong></span> <span class='ocrx_word' id='word_1_231' title='bbox 2822 1703 2967 1757; x_wconf 89' lang='lat' dir='ltr'><strong>diem</strong></span> <span class='ocrx_word' id='word_1_232' title='bbox 3017 1705 3197 1759; x_wconf 92' lang='lat' dir='ltr'><strong>crucis</strong></span> <span class='ocrx_word' id='word_1_233' title='bbox 3247 1715 3531 1769; x_wconf 78' lang='lat' dir='ltr'><strong>cernente.</strong></span> 
     </span>
    </p>
   </div>
   <div class='ocr_carea' id='block_1_33' title="bbox 261 1778 3533 1860">
    <p class='ocr_par' dir='ltr' id='par_1_33' title="bbox 261 1778 3533 1860">
     <span class='ocr_line' id='line_1_33' title="bbox 261 1778 3533 1860; baseline 0 -12"><span class='ocrx_word' id='word_1_234' title='bbox 261 1801 435 1849; x_wconf 84' lang='lat' dir='ltr'><strong>totum</strong></span> <span class='ocrx_word' id='word_1_235' title='bbox 470 1791 764 1846; x_wconf 78' lang='lat' dir='ltr'><strong>adversarii</strong></span> <span class='ocrx_word' id='word_1_236' title='bbox 796 1789 996 1845; x_wconf 76' lang='lat' dir='ltr'><strong>factum</strong></span> <span class='ocrx_word' id='word_1_237' title='bbox 1027 1798 1131 1849; x_wconf 79' lang='lat' dir='ltr'><strong>est.</strong></span> <span class='ocrx_word' id='word_1_238' title='bbox 1164 1800 1218 1843; x_wconf 76' lang='lat' dir='ltr'><strong>et</strong></span> <span class='ocrx_word' id='word_1_239' title='bbox 1239 1798 1447 1858; x_wconf 77' lang='lat' dir='ltr'><strong>partem</strong></span> <span class='ocrx_word' id='word_1_240' title='bbox 1474 1788 1619 1857; x_wconf 78' lang='lat' dir='ltr'><strong>apud</strong></span> <span class='ocrx_word' id='word_1_241' title='bbox 1651 1787 1837 1844; x_wconf 78' lang='lat' dir='ltr'><strong>Domi-</strong></span> <span class='ocrx_word' id='word_1_242' title='bbox 1871 1778 1909 1830; x_wconf 64' lang='grc' dir='ltr'>η</span> <span class='ocrx_word' id='word_1_243' title='bbox 1939 1794 2193 1850; x_wconf 88' lang='lat' dir='ltr'><strong>Christus</strong></span> <span class='ocrx_word' id='word_1_244' title='bbox 2221 1794 2394 1848; x_wconf 77' lang='lat' dir='ltr'><strong>dixit:</strong></span> <span class='ocrx_word' id='word_1_245' title='bbox 2434 1794 2704 1847; x_wconf 77' lang='lat' dir='ltr'><strong>Abraham</strong></span> <span class='ocrx_word' id='word_1_246' title='bbox 2729 1793 3032 1860; x_wconf 77' lang='lat' dir='ltr'><strong>exsultavit,</strong></span> <span class='ocrx_word' id='word_1_247' title='bbox 3062 1804 3120 1848; x_wconf 90' lang='lat' dir='ltr'><strong>ut</strong></span> <span class='ocrx_word' id='word_1_248' title='bbox 3147 1796 3347 1851; x_wconf 83' lang='lat' dir='ltr'><strong>videret</strong></span> <span class='ocrx_word' id='word_1_249' title='bbox 3388 1797 3533 1850; x_wconf 85' lang='lat' dir='ltr'><strong>diem</strong></span> 
     </span>
    </p>
   </div>
   <div class='ocr_carea' id='block_1_34' title="bbox 260 1879 1837 1951">
    <p class='ocr_par' dir='ltr' id='par_1_34' title="bbox 260 1879 1837 1951">
     <span class='ocr_line' id='line_1_34' title="bbox 260 1879 1837 1951; baseline -0.006 -11"><span class='ocrx_word' id='word_1_250' title='bbox 260 1900 392 1940; x_wconf 89' lang='lat' dir='ltr'><strong>num</strong></span> <span class='ocrx_word' id='word_1_251' title='bbox 415 1884 614 1938; x_wconf 88' lang='lat' dir='ltr'><strong>habere</strong></span> <span class='ocrx_word' id='word_1_252' title='bbox 636 1882 747 1951; x_wconf 88' lang='lat' dir='ltr'><strong>jam</strong></span> <span class='ocrx_word' id='word_1_253' title='bbox 777 1897 884 1935; x_wconf 92' lang='lat' dir='ltr'><strong>non</strong></span> <span class='ocrx_word' id='word_1_254' title='bbox 905 1890 1105 1950; x_wconf 79' lang='lat' dir='ltr'><strong>potest,</strong></span> <span class='ocrx_word' id='word_1_255' title='bbox 1136 1879 1262 1949; x_wconf 89' lang='lat' dir='ltr'><strong>quia</strong></span> <span class='ocrx_word' id='word_1_256' title='bbox 1289 1879 1709 1950; x_wconf 80' lang='lat' dir='ltr'><strong>evangelizatam</strong></span> <span class='ocrx_word' id='word_1_257' title='bbox 1729 1893 1837 1933; x_wconf 89' lang='lat' dir='ltr'><strong>non</strong></span> 
     </span>
    </p>
   </div>
   <div class='ocr_carea' id='block_1_35' title="bbox 261 1969 1841 2044">
    <p class='ocr_par' dir='ltr' id='par_1_35' title="bbox 261 1969 1841 2044">
     <span class='ocr_line' id='line_1_35' title="bbox 261 1969 1841 2044; baseline -0.004 -13"><span class='ocrx_word' id='word_1_258' title='bbox 261 1982 619 2044; x_wconf 80' lang='lat' dir='ltr'><strong>susceperunt</strong></span> <span class='ocrx_word' id='word_1_259' title='bbox 673 1972 1127 2041; x_wconf 89' lang='lat' dir='ltr'><strong>redemptionem,</strong></span> <span class='ocrx_word' id='word_1_260' title='bbox 1173 1971 1410 2026; x_wconf 89' lang='lat' dir='ltr'><strong>dicens:</strong></span> <span class='ocrx_word' id='word_1_261' title='bbox 1445 1969 1658 2036; x_wconf 77' lang='lat' dir='ltr'><strong>Quoties</strong></span> <span class='ocrx_word' id='word_1_262' title='bbox 1700 1972 1841 2026; x_wconf 86' lang='lat' dir='ltr'><strong>volui</strong></span> 
     </span>
    </p>
   </div>
   <div class='ocr_carea' id='block_1_36' title="bbox 261 2063 1844 2137">
    <p class='ocr_par' dir='ltr' id='par_1_36' title="bbox 261 2063 1844 2137">
     <span class='ocr_line' id='line_1_36' title="bbox 261 2063 1844 2137; baseline -0.003 -16"><span class='ocrx_word' id='word_1_263' title='bbox 261 2082 575 2137; x_wconf 85' lang='lat' dir='ltr'><strong>congregare</strong></span> <span class='ocrx_word' id='word_1_264' title='bbox 592 2081 701 2128; x_wconf 88' lang='lat' dir='ltr'><strong>vos,</strong></span> <span class='ocrx_word' id='word_1_265' title='bbox 731 2064 1169 2134; x_wconf 84' lang='lat' dir='ltr'><strong>quemadmodum</strong></span> <span class='ocrx_word' id='word_1_266' title='bbox 1190 2063 1392 2134; x_wconf 89' lang='lat' dir='ltr'><strong>gallina</strong></span> <span class='ocrx_word' id='word_1_267' title='bbox 1416 2074 1693 2134; x_wconf 83' lang='lat' dir='ltr'><strong>congregat</strong></span> <span class='ocrx_word' id='word_1_268' title='bbox 1724 2063 1844 2131; x_wconf 81' lang='lat' dir='ltr'><strong>pul-</strong></span> 
     </span>
    </p>
   </div>
   <div class='ocr_carea' id='block_1_37' title="bbox 263 2153 1837 2218">
    <p class='ocr_par' dir='ltr' id='par_1_37' title="bbox 263 2153 1837 2218">
     <span class='ocr_line' id='line_1_37' title="bbox 263 2153 1837 2218; baseline -0.002 -6"><span class='ocrx_word' id='word_1_269' title='bbox 263 2159 340 2212; x_wconf 87' lang='lat' dir='ltr'><strong>los</strong></span> <span class='ocrx_word' id='word_1_270' title='bbox 367 2175 486 2212; x_wconf 90' lang='lat' dir='ltr'><strong>suos</strong></span> <span class='ocrx_word' id='word_1_271' title='bbox 515 2157 609 2210; x_wconf 87' lang='lat' dir='ltr'><strong>sub</strong></span> <span class='ocrx_word' id='word_1_272' title='bbox 633 2155 751 2210; x_wconf 87' lang='lat' dir='ltr'><strong>alas</strong></span> <span class='ocrx_word' id='word_1_273' title='bbox 784 2172 907 2209; x_wconf 85' lang='lat' dir='ltr'><strong>suos</strong></span> <span class='ocrx_word' id='word_1_274' title='bbox 951 2164 1019 2218; x_wconf 85' lang='lat' dir='ltr'><strong>,et</strong></span> <span class='ocrx_word' id='word_1_275' title='bbox 1043 2153 1283 2207; x_wconf 85' lang='lat' dir='ltr'><strong>noluistis</strong></span> <span class='ocrx_word' id='word_1_276' title='bbox 1314 2155 1339 2208; x_wconf 82' lang='lat'><strong><em>?</em></strong></span> <span class='ocrx_word' id='word_1_277' title='bbox 1365 2155 1518 2209; x_wconf 85' lang='lat' dir='ltr'><strong>addit</strong></span> <span class='ocrx_word' id='word_1_278' title='bbox 1550 2173 1563 2207; x_wconf 86' lang='lat'><strong>:</strong></span> <span class='ocrx_word' id='word_1_279' title='bbox 1598 2154 1730 2209; x_wconf 84' lang='lat' dir='ltr'><strong>Ecce</strong></span> <span class='ocrx_word' id='word_1_280' title='bbox 1750 2170 1837 2209; x_wconf 84' lang='lat' dir='ltr'><strong>re-</strong></span> 
     </span>
    </p>
   </div>
   <div class='ocr_carea' id='block_1_38' title="bbox 265 2242 1843 2318">
    <p class='ocr_par' dir='ltr' id='par_1_38' title="bbox 265 2242 1843 2318">
     <span class='ocr_line' id='line_1_38' title="bbox 265 2242 1843 2318; baseline -0.003 -17"><span class='ocrx_word' id='word_1_281' title='bbox 265 2248 530 2318; x_wconf 81' lang='lat' dir='ltr'><strong>linquetur</strong></span> <span class='ocrx_word' id='word_1_282' title='bbox 563 2245 705 2301; x_wconf 86' lang='lat' dir='ltr'><strong>oobis</strong></span> <span class='ocrx_word' id='word_1_283' title='bbox 745 2247 929 2299; x_wconf 87' lang='lat' dir='ltr'><strong>domus</strong></span> <span class='ocrx_word' id='word_1_284' title='bbox 958 2255 1129 2298; x_wconf 87' lang='lat' dir='ltr'><strong>vestra</strong></span> <span class='ocrx_word' id='word_1_285' title='bbox 1173 2248 1377 2297; x_wconf 88' lang='lat' dir='ltr'><strong>deserta</strong></span> <span class='ocrx_word' id='word_1_286' title='bbox 1407 2244 1446 2296; x_wconf 83' lang='grc'><strong>⁸.</strong></span> <span class='ocrx_word' id='word_1_287' title='bbox 1478 2242 1843 2310; x_wconf 79' lang='lat' dir='ltr'><strong>Quemadmo-</strong></span> 
     </span>
    </p>
   </div>
   <div class='ocr_carea' id='block_1_39' title="bbox 264 2334 1847 2407">
    <p class='ocr_par' dir='ltr' id='par_1_39' title="bbox 264 2334 1847 2407">
     <span class='ocr_line' id='line_1_39' title="bbox 264 2334 1847 2407; baseline -0.001 -15"><span class='ocrx_word' id='word_1_288' title='bbox 264 2338 395 2392; x_wconf 90' lang='lat' dir='ltr'><strong>dum</strong></span> <span class='ocrx_word' id='word_1_289' title='bbox 434 2352 562 2407; x_wconf 85' lang='lat' dir='ltr'><strong>ergo</strong></span> <span class='ocrx_word' id='word_1_290' title='bbox 617 2352 680 2390; x_wconf 88' lang='lat' dir='ltr'><strong>ea</strong></span> <span class='ocrx_word' id='word_1_291' title='bbox 729 2352 849 2405; x_wconf 75' lang='lat' dir='ltr'><strong>quze</strong></span> <span class='ocrx_word' id='word_1_292' title='bbox 894 2336 961 2390; x_wconf 91' lang='lat' dir='ltr'><strong>de</strong></span> <span class='ocrx_word' id='word_1_293' title='bbox 980 2335 1221 2389; x_wconf 79' lang='lat' dir='ltr'><strong>ludaieis</strong></span> <span class='ocrx_word' id='word_1_294' title='bbox 1264 2334 1557 2405; x_wconf 78' lang='lat' dir='ltr'><strong>Synagogis</strong></span> <span class='ocrx_word' id='word_1_295' title='bbox 1599 2336 1847 2405; x_wconf 72' lang='lat' dir='ltr'><strong>praedixit</strong></span> 
     </span>
    </p>
   </div>
   <div class='ocr_carea' id='block_1_40' title="bbox 266 2426 1751 2498">
    <p class='ocr_par' dir='ltr' id='par_1_40' title="bbox 266 2426 1751 2498">
     <span class='ocr_line' id='line_1_40' title="bbox 266 2426 1751 2498; baseline -0.002 -15"><span class='ocrx_word' id='word_1_296' title='bbox 266 2427 527 2498; x_wconf 85' lang='lat' dir='ltr'><strong>Spiritus,</strong></span> <span class='ocrx_word' id='word_1_297' title='bbox 569 2428 648 2482; x_wconf 89' lang='lat' dir='ltr'><strong>sic</strong></span> <span class='ocrx_word' id='word_1_298' title='bbox 670 2427 886 2481; x_wconf 87' lang='lat' dir='ltr'><strong>intende</strong></span> <span class='ocrx_word' id='word_1_299' title='bbox 906 2443 1027 2497; x_wconf 69' lang='lat' dir='ltr'><strong>quae</strong></span> <span class='ocrx_word' id='word_1_300' title='bbox 1046 2426 1299 2481; x_wconf 64' lang='lat' dir='ltr'><strong>Ecclesia:</strong></span> <span class='ocrx_word' id='word_1_301' title='bbox 1323 2427 1564 2497; x_wconf 88' lang='lat' dir='ltr'><strong>gentium</strong></span> <span class='ocrx_word' id='word_1_302' title='bbox 1598 2427 1751 2482; x_wconf 88' lang='lat' dir='ltr'><strong>dicit.</strong></span> 
     </span>
    </p>
   </div>
   <div class='ocr_carea' id='block_1_41' title="bbox 339 2518 1846 2592">
    <p class='ocr_par' dir='ltr' id='par_1_41' title="bbox 339 2518 1846 2592">
     <span class='ocr_line' id='line_1_41' title="bbox 339 2518 1846 2592; baseline -0.001 -17"><span class='ocrx_word' id='word_1_303' title='bbox 339 2518 437 2575; x_wconf 85' lang='lat' dir='ltr'><strong>Sin</strong></span> <span class='ocrx_word' id='word_1_304' title='bbox 475 2531 656 2575; x_wconf 87' lang='lat' dir='ltr'><strong>autem</strong></span> <span class='ocrx_word' id='word_1_305' title='bbox 702 2520 756 2573; x_wconf 88' lang='lat' dir='ltr'><strong>in</strong></span> <span class='ocrx_word' id='word_1_306' title='bbox 795 2521 923 2573; x_wconf 79' lang='lat' dir='ltr'><strong>villa</strong></span> <span class='ocrx_word' id='word_1_307' title='bbox 955 2521 1113 2591; x_wconf 82' lang='lat' dir='ltr'><strong>fuerit</strong></span> <span class='ocrx_word' id='word_1_308' title='bbox 1156 2522 1364 2583; x_wconf 88' lang='lat' dir='ltr'><strong>domus,</strong></span> <span class='ocrx_word' id='word_1_309' title='bbox 1397 2537 1514 2592; x_wconf 76' lang='lat' dir='ltr'><strong>quae</strong></span> <span class='ocrx_word' id='word_1_310' title='bbox 1538 2537 1718 2574; x_wconf 88' lang='lat' dir='ltr'><strong>muros</strong></span> <span class='ocrx_word' id='word_1_311' title='bbox 1744 2536 1846 2574; x_wconf 86' lang='lat' dir='ltr'><strong>non</strong></span> 
     </span>
    </p>
   </div>
   <div class='ocr_carea' id='block_1_42' title="bbox 266 2609 1848 2681">
    <p class='ocr_par' dir='ltr' id='par_1_42' title="bbox 266 2609 1848 2681">
     <span class='ocr_line' id='line_1_42' title="bbox 266 2609 1848 2681; baseline -0.001 -16"><span class='ocrx_word' id='word_1_312' title='bbox 266 2612 442 2676; x_wconf 83' lang='lat' dir='ltr'><strong>habet,</strong></span> <span class='ocrx_word' id='word_1_313' title='bbox 475 2628 726 2681; x_wconf 85' lang='lat' dir='ltr'><strong>agrorum</strong></span> <span class='ocrx_word' id='word_1_314' title='bbox 748 2611 876 2679; x_wconf 84' lang='lat' dir='ltr'><strong>jure</strong></span> <span class='ocrx_word' id='word_1_315' title='bbox 902 2611 1171 2664; x_wconf 82' lang='lat' dir='ltr'><strong>vendctur.</strong></span> <span class='ocrx_word' id='word_1_316' title='bbox 1206 2609 1268 2673; x_wconf 83' lang='lat' dir='ltr'><strong>Si</strong></span> <span class='ocrx_word' id='word_1_317' title='bbox 1295 2620 1417 2664; x_wconf 85' lang='lat' dir='ltr'><strong>ante</strong></span> <span class='ocrx_word' id='word_1_318' title='bbox 1440 2613 1710 2679; x_wconf 84' lang='lat' dir='ltr'><strong>redempta</strong></span> <span class='ocrx_word' id='word_1_319' title='bbox 1744 2626 1848 2664; x_wconf 86' lang='lat' dir='ltr'><strong>non</strong></span> 
     </span>
    </p>
   </div>
   <div class='ocr_carea' id='block_1_43' title="bbox 269 2701 1847 2774">
    <p class='ocr_par' dir='ltr' id='par_1_43' title="bbox 269 2701 1847 2774">
     <span class='ocr_line' id='line_1_43' title="bbox 269 2701 1847 2774; baseline 0.001 -18"><span class='ocrx_word' id='word_1_320' title='bbox 269 2703 427 2774; x_wconf 76' lang='lat' dir='ltr'><strong>fuerit</strong></span> <span class='ocrx_word' id='word_1_321' title='bbox 455 2703 511 2755; x_wconf 88' lang='lat' dir='ltr'><strong>in</strong></span> <span class='ocrx_word' id='word_1_322' title='bbox 528 2701 755 2771; x_wconf 89' lang='lat' dir='ltr'><strong>jubileo,</strong></span> <span class='ocrx_word' id='word_1_323' title='bbox 784 2711 1070 2755; x_wconf 85' lang='lat' dir='ltr'><strong>revertetur</strong></span> <span class='ocrx_word' id='word_1_324' title='bbox 1095 2701 1166 2754; x_wconf 89' lang='lat' dir='ltr'><strong>ad</strong></span> <span class='ocrx_word' id='word_1_325' title='bbox 1192 2701 1493 2755; x_wconf 89' lang='lat' dir='ltr'><strong>Dominum.</strong></span> <span class='ocrx_word' id='word_1_326' title='bbox 1528 2702 1727 2755; x_wconf 87' lang='lat' dir='ltr'><strong>Domos</strong></span> <span class='ocrx_word' id='word_1_327' title='bbox 1756 2718 1847 2757; x_wconf 83' lang='lat' dir='ltr'><strong>er-</strong></span> 
     </span>
    </p>
   </div>
   <div class='ocr_carea' id='block_1_44' title="bbox 268 2791 1847 2864">
    <p class='ocr_par' dir='ltr' id='par_1_44' title="bbox 268 2791 1847 2864">
     <span class='ocr_line' id='line_1_44' title="bbox 268 2791 1847 2864; baseline 0 -17"><span class='ocrx_word' id='word_1_328' title='bbox 268 2809 335 2864; x_wconf 92' lang='lat' dir='ltr'><strong>go</strong></span> <span class='ocrx_word' id='word_1_329' title='bbox 384 2809 507 2863; x_wconf 75' lang='lat' dir='ltr'><strong>quae</strong></span> <span class='ocrx_word' id='word_1_330' title='bbox 551 2794 606 2846; x_wconf 88' lang='lat' dir='ltr'><strong>in</strong></span> <span class='ocrx_word' id='word_1_331' title='bbox 655 2792 779 2847; x_wconf 88' lang='lat' dir='ltr'><strong>villa</strong></span> <span class='ocrx_word' id='word_1_332' title='bbox 833 2801 981 2858; x_wconf 91' lang='lat' dir='ltr'><strong>sunt,</strong></span> <span class='ocrx_word' id='word_1_333' title='bbox 1015 2792 1160 2862; x_wconf 88' lang='lat' dir='ltr'><strong>quod</strong></span> <span class='ocrx_word' id='word_1_334' title='bbox 1193 2791 1446 2847; x_wconf 70' lang='lat' dir='ltr'><strong>Ecclesia:</strong></span> <span class='ocrx_word' id='word_1_335' title='bbox 1475 2793 1718 2862; x_wconf 88' lang='lat' dir='ltr'><strong>gentium</strong></span> <span class='ocrx_word' id='word_1_336' title='bbox 1749 2793 1847 2848; x_wconf 88' lang='lat' dir='ltr'><strong>de-</strong></span> 
     </span>
    </p>
   </div>
   <div class='ocr_carea' id='block_1_45' title="bbox 268 2883 1845 2955">
    <p class='ocr_par' dir='ltr' id='par_1_45' title="bbox 268 2883 1845 2955">
     <span class='ocr_line' id='line_1_45' title="bbox 268 2883 1845 2955; baseline -0.004 -15"><span class='ocrx_word' id='word_1_337' title='bbox 268 2885 434 2940; x_wconf 83' lang='lat' dir='ltr'><strong>beant</strong></span> <span class='ocrx_word' id='word_1_338' title='bbox 476 2884 705 2955; x_wconf 57' lang='lat' dir='ltr'><strong>intell‘gi</strong></span> <span class='ocrx_word' id='word_1_339' title='bbox 727 2926 742 2949; x_wconf 95' lang='lat'><strong>,</strong></span> <span class='ocrx_word' id='word_1_340' title='bbox 778 2883 947 2939; x_wconf 84' lang='lat' dir='ltr'><strong>Isaias</strong></span> <span class='ocrx_word' id='word_1_341' title='bbox 993 2884 1153 2939; x_wconf 88' lang='lat' dir='ltr'><strong>nobis</strong></span> <span class='ocrx_word' id='word_1_342' title='bbox 1184 2885 1455 2955; x_wconf 83' lang='lat' dir='ltr'><strong>propheta</strong></span> <span class='ocrx_word' id='word_1_343' title='bbox 1486 2883 1845 2950; x_wconf 81' lang='lat' dir='ltr'><strong>demonstrat,</strong></span> 
     </span>
    </p>
   </div>
   <div class='ocr_carea' id='block_1_46' title="bbox 268 2975 1850 3046">
    <p class='ocr_par' dir='ltr' id='par_1_46' title="bbox 268 2975 1850 3046">
     <span class='ocr_line' id='line_1_46' title="bbox 268 2975 1850 3046; baseline -0.001 -17"><span class='ocrx_word' id='word_1_344' title='bbox 268 2975 479 3042; x_wconf 85' lang='lat' dir='ltr'><strong>Lauda,</strong></span> <span class='ocrx_word' id='word_1_345' title='bbox 507 2976 728 3041; x_wconf 84' lang='lat' dir='ltr'><strong>sterilis,</strong></span> <span class='ocrx_word' id='word_1_346' title='bbox 765 2992 881 3046; x_wconf 69' lang='lat' dir='ltr'><strong>qum</strong></span> <span class='ocrx_word' id='word_1_347' title='bbox 926 2993 1030 3029; x_wconf 85' lang='lat' dir='ltr'><strong>non</strong></span> <span class='ocrx_word' id='word_1_348' title='bbox 1062 2976 1229 3046; x_wconf 85' lang='lat' dir='ltr'><strong>paris,</strong></span> <span class='ocrx_word' id='word_1_349' title='bbox 1261 2975 1487 3029; x_wconf 88' lang='lat' dir='ltr'><strong>decanta</strong></span> <span class='ocrx_word' id='word_1_350' title='bbox 1518 2975 1730 3029; x_wconf 87' lang='lat' dir='ltr'><strong>laudem</strong></span> <span class='ocrx_word' id='word_1_351' title='bbox 1751 3016 1766 3041; x_wconf 94' lang='lat'><strong>,</strong></span> <span class='ocrx_word' id='word_1_352' title='bbox 1800 2982 1850 3028; x_wconf 88' lang='lat' dir='ltr'><strong>et</strong></span> 
     </span>
    </p>
   </div>
   <div class='ocr_carea' id='block_1_47' title="bbox 266 3068 1923 3167">
    <p class='ocr_par' dir='ltr' id='par_1_47' title="bbox 266 3068 1923 3167">
     <span class='ocr_line' id='line_1_47' title="bbox 266 3068 1923 3167; baseline -0.002 -44"><span class='ocrx_word' id='word_1_353' title='bbox 266 3070 432 3137; x_wconf 79' lang='lat' dir='ltr'><strong>hinni,</strong></span> <span class='ocrx_word' id='word_1_354' title='bbox 458 3086 574 3134; x_wconf 74' lang='lat' dir='ltr'><strong>qua:</strong></span> <span class='ocrx_word' id='word_1_355' title='bbox 603 3086 706 3123; x_wconf 89' lang='lat' dir='ltr'><strong>non</strong></span> <span class='ocrx_word' id='word_1_356' title='bbox 737 3069 1001 3137; x_wconf 84' lang='lat' dir='ltr'><strong>pariebas,</strong></span> <span class='ocrx_word' id='word_1_357' title='bbox 1024 3073 1284 3139; x_wconf 86' lang='lat' dir='ltr'><strong>quomodo</strong></span> <span class='ocrx_word' id='word_1_358' title='bbox 1311 3068 1493 3123; x_wconf 74' lang='lat' dir='ltr'><strong>multa:</strong></span> <span class='ocrx_word' id='word_1_359' title='bbox 1519 3068 1645 3137; x_wconf 77' lang='lat' dir='ltr'><strong>ﬁlia:</strong></span> <span class='ocrx_word' id='word_1_360' title='bbox 1671 3069 1851 3122; x_wconf 88' lang='lat' dir='ltr'><strong>deser—</strong></span> <span class='ocrx_word' id='word_1_361' title='bbox 1877 3108 1923 3167; x_wconf 60' lang='grc' dir='ltr'>Ο</span> 
     </span>
    </p>
   </div>
   <div class='ocr_carea' id='block_1_48' title="bbox 268 3159 1851 3232">
    <p class='ocr_par' dir='ltr' id='par_1_48' title="bbox 268 3159 1851 3232">
     <span class='ocr_line' id='line_1_48' title="bbox 268 3159 1851 3232; baseline -0.004 -13"><span class='ocrx_word' id='word_1_362' title='bbox 268 3173 366 3227; x_wconf 72' lang='lat' dir='ltr'><strong>tte,</strong></span> <span class='ocrx_word' id='word_1_363' title='bbox 396 3163 565 3232; x_wconf 88' lang='lat' dir='ltr'><strong>ntagis</strong></span> <span class='ocrx_word' id='word_1_364' title='bbox 595 3178 757 3232; x_wconf 89' lang='lat' dir='ltr'><strong>quam</strong></span> <span class='ocrx_word' id='word_1_365' title='bbox 788 3163 901 3231; x_wconf 87' lang='lat' dir='ltr'><strong>ejus</strong></span> <span class='ocrx_word' id='word_1_366' title='bbox 932 3178 1048 3231; x_wconf 71' lang='lat' dir='ltr'><strong>qua!</strong></span> <span class='ocrx_word' id='word_1_367' title='bbox 1073 3162 1227 3215; x_wconf 88' lang='lat' dir='ltr'><strong>habet</strong></span> <span class='ocrx_word' id='word_1_368' title='bbox 1261 3161 1461 3227; x_wconf 81' lang='lat' dir='ltr'><strong>virum,</strong></span> <span class='ocrx_word' id='word_1_369' title='bbox 1504 3160 1631 3213; x_wconf 83' lang='lat' dir='ltr'><strong>dicit</strong></span> <span class='ocrx_word' id='word_1_370' title='bbox 1663 3159 1851 3213; x_wconf 88' lang='lat' dir='ltr'><strong>Domi-</strong></span> 
     </span>
    </p>
   </div>
   <div class='ocr_carea' id='block_1_49' title="bbox 268 3252 1851 3320">
    <p class='ocr_par' dir='ltr' id='par_1_49' title="bbox 268 3252 1851 3320">
     <span class='ocr_line' id='line_1_49' title="bbox 268 3252 1851 3320; baseline -0.003 -10"><span class='ocrx_word' id='word_1_371' title='bbox 268 3272 364 3310; x_wconf 86' lang='lat' dir='ltr'><strong>nus</strong></span> <span class='ocrx_word' id='word_1_372' title='bbox 383 3255 404 3286; x_wconf 79' lang='lat'>&#39;</span> <span class='ocrx_word' id='word_1_373' title='bbox 439 3272 453 3307; x_wconf 91' lang='lat'><strong>:</strong></span> <span class='ocrx_word' id='word_1_374' title='bbox 481 3254 615 3319; x_wconf 65' lang='lat' dir='ltr'><strong>Quae</strong></span> <span class='ocrx_word' id='word_1_375' title='bbox 644 3261 731 3307; x_wconf 87' lang='lat' dir='ltr'><strong>est</strong></span> <span class='ocrx_word' id='word_1_376' title='bbox 757 3262 940 3307; x_wconf 87' lang='lat' dir='ltr'><strong>autem</strong></span> <span class='ocrx_word' id='word_1_377' title='bbox 967 3252 1169 3306; x_wconf 89' lang='lat' dir='ltr'><strong>sterilis</strong></span> <span class='ocrx_word' id='word_1_378' title='bbox 1197 3260 1254 3306; x_wconf 91' lang='lat' dir='ltr'><strong>et</strong></span> <span class='ocrx_word' id='word_1_379' title='bbox 1285 3252 1505 3306; x_wconf 88' lang='lat' dir='ltr'><strong>deserta</strong></span> <span class='ocrx_word' id='word_1_380' title='bbox 1533 3259 1586 3304; x_wconf 85' lang='lat' dir='ltr'><strong>et</strong></span> <span class='ocrx_word' id='word_1_381' title='bbox 1608 3266 1719 3305; x_wconf 92' lang='lat' dir='ltr'><strong>non</strong></span> <span class='ocrx_word' id='word_1_382' title='bbox 1752 3267 1851 3320; x_wconf 59' lang='lat' dir='ltr'><strong>paa</strong></span> 
     </span>
    </p>
   </div>
   <div class='ocr_carea' id='block_1_50' title="bbox 269 3342 1852 3415">
    <p class='ocr_par' dir='ltr' id='par_1_50' title="bbox 269 3342 1852 3415">
     <span class='ocr_line' id='line_1_50' title="bbox 269 3342 1852 3415; baseline -0.002 -15"><span class='ocrx_word' id='word_1_383' title='bbox 269 3346 441 3412; x_wconf 90' lang='lat' dir='ltr'><strong>riens,</strong></span> <span class='ocrx_word' id='word_1_384' title='bbox 473 3344 581 3399; x_wconf 89' lang='lat' dir='ltr'><strong>nisi</strong></span> <span class='ocrx_word' id='word_1_385' title='bbox 617 3344 859 3415; x_wconf 86' lang='lat' dir='ltr'><strong>gentium</strong></span> <span class='ocrx_word' id='word_1_386' title='bbox 890 3343 1169 3398; x_wconf 85' lang='lat' dir='ltr'><strong>Ecclesia?</strong></span> <span class='ocrx_word' id='word_1_387' title='bbox 1202 3342 1335 3409; x_wconf 69' lang='lat' dir='ltr'><strong>Quae</strong></span> <span class='ocrx_word' id='word_1_388' title='bbox 1368 3359 1481 3398; x_wconf 93' lang='lat' dir='ltr'><strong>non</strong></span> <span class='ocrx_word' id='word_1_389' title='bbox 1507 3343 1852 3399; x_wconf 87' lang='lat' dir='ltr'><strong>Patriarchas</strong></span> 
     </span>
    </p>
   </div>
   <div class='ocr_carea' id='block_1_51' title="bbox 269 3434 1853 3505">
    <p class='ocr_par' dir='ltr' id='par_1_51' title="bbox 269 3434 1853 3505">
     <span class='ocr_line' id='line_1_51' title="bbox 269 3434 1853 3505; baseline -0.002 -13"><span class='ocrx_word' id='word_1_390' title='bbox 269 3437 480 3499; x_wconf 84' lang='lat' dir='ltr'><strong>habuit,</strong></span> <span class='ocrx_word' id='word_1_391' title='bbox 514 3450 625 3489; x_wconf 89' lang='lat' dir='ltr'><strong>non</strong></span> <span class='ocrx_word' id='word_1_392' title='bbox 673 3435 869 3505; x_wconf 85' lang='lat' dir='ltr'><strong>legem.</strong></span> <span class='ocrx_word' id='word_1_393' title='bbox 918 3449 1031 3488; x_wconf 92' lang='lat' dir='ltr'><strong>non</strong></span> <span class='ocrx_word' id='word_1_394' title='bbox 1077 3435 1412 3503; x_wconf 86' lang='lat' dir='ltr'><strong>prophetas,</strong></span> <span class='ocrx_word' id='word_1_395' title='bbox 1443 3434 1589 3489; x_wconf 92' lang='lat' dir='ltr'><strong>unde</strong></span> <span class='ocrx_word' id='word_1_396' title='bbox 1632 3444 1686 3489; x_wconf 87' lang='lat' dir='ltr'><strong>et</strong></span> <span class='ocrx_word' id='word_1_397' title='bbox 1733 3434 1853 3489; x_wconf 88' lang='lat' dir='ltr'><strong>sine</strong></span> 
     </span>
    </p>
   </div>
   <div class='ocr_carea' id='block_1_52' title="bbox 270 3522 1855 3593">
    <p class='ocr_par' dir='ltr' id='par_1_52' title="bbox 270 3522 1855 3593">
     <span class='ocr_line' id='line_1_52' title="bbox 270 3522 1855 3593; baseline -0.001 -13"><span class='ocrx_word' id='word_1_398' title='bbox 270 3541 431 3580; x_wconf 90' lang='lat' dir='ltr'><strong>muro</strong></span> <span class='ocrx_word' id='word_1_399' title='bbox 464 3533 614 3578; x_wconf 88' lang='lat' dir='ltr'><strong>recte</strong></span> <span class='ocrx_word' id='word_1_400' title='bbox 646 3525 983 3578; x_wconf 90' lang='lat' dir='ltr'><strong>nominatur.</strong></span> <span class='ocrx_word' id='word_1_401' title='bbox 1016 3522 1173 3578; x_wconf 86' lang='lat' dir='ltr'><strong>Unde</strong></span> <span class='ocrx_word' id='word_1_402' title='bbox 1201 3538 1331 3592; x_wconf 90' lang='lat' dir='ltr'><strong>ergo</strong></span> <span class='ocrx_word' id='word_1_403' title='bbox 1356 3524 1489 3593; x_wconf 90' lang='lat' dir='ltr'><strong>quid</strong></span> <span class='ocrx_word' id='word_1_404' title='bbox 1522 3532 1579 3577; x_wconf 87' lang='lat' dir='ltr'><strong>et</strong></span> <span class='ocrx_word' id='word_1_405' title='bbox 1605 3523 1753 3577; x_wconf 90' lang='lat' dir='ltr'><strong>aliud</strong></span> <span class='ocrx_word' id='word_1_406' title='bbox 1786 3524 1855 3579; x_wconf 89' lang='lat' dir='ltr'><strong>de</strong></span> 
     </span>
    </p>
   </div>
   <div class='ocr_carea' id='block_1_53' title="bbox 273 3614 1853 3687">
    <p class='ocr_par' dir='ltr' id='par_1_53' title="bbox 273 3614 1853 3687">
     <span class='ocr_line' id='line_1_53' title="bbox 273 3614 1853 3687; baseline -0.001 -18"><span class='ocrx_word' id='word_1_407' title='bbox 273 3616 391 3687; x_wconf 88' lang='lat' dir='ltr'><strong>ipsa</strong></span> <span class='ocrx_word' id='word_1_408' title='bbox 420 3615 705 3686; x_wconf 86' lang='lat' dir='ltr'><strong>prophetia</strong></span> <span class='ocrx_word' id='word_1_409' title='bbox 741 3615 1024 3670; x_wconf 87' lang='lat' dir='ltr'><strong>subdidit:</strong></span> <span class='ocrx_word' id='word_1_410' title='bbox 1062 3614 1210 3668; x_wconf 76' lang='lat' dir='ltr'><strong>Dixit</strong></span> <span class='ocrx_word' id='word_1_411' title='bbox 1254 3616 1392 3669; x_wconf 88' lang='lat' dir='ltr'><strong>enim</strong></span> <span class='ocrx_word' id='word_1_412' title='bbox 1422 3616 1677 3669; x_wconf 75' lang='lat' dir='ltr'><strong>Dominus</strong></span> <span class='ocrx_word' id='word_1_413' title='bbox 1710 3631 1729 3669; x_wconf 93' lang='lat'><strong><em>:</em></strong></span> <span class='ocrx_word' id='word_1_414' title='bbox 1756 3614 1853 3668; x_wconf 81' lang='lat' dir='ltr'><strong>Di-</strong></span> 
     </span>
    </p>
   </div>
   <div class='ocr_carea' id='block_1_54' title="bbox 274 3706 1855 3778">
    <p class='ocr_par' dir='ltr' id='par_1_54' title="bbox 274 3706 1855 3778">
     <span class='ocr_line' id='line_1_54' title="bbox 274 3706 1855 3778; baseline 0.002 -16"><span class='ocrx_word' id='word_1_415' title='bbox 274 3708 386 3762; x_wconf 85' lang='lat' dir='ltr'><strong>lata</strong></span> <span class='ocrx_word' id='word_1_416' title='bbox 422 3706 590 3760; x_wconf 86' lang='lat' dir='ltr'><strong>locum</strong></span> <span class='ocrx_word' id='word_1_417' title='bbox 626 3707 838 3761; x_wconf 87' lang='lat' dir='ltr'><strong>tentorii</strong></span> <span class='ocrx_word' id='word_1_418' title='bbox 878 3708 988 3771; x_wconf 86' lang='lat' dir='ltr'><strong>tui,</strong></span> <span class='ocrx_word' id='word_1_419' title='bbox 1033 3717 1083 3760; x_wconf 89' lang='lat' dir='ltr'><strong>et</strong></span> <span class='ocrx_word' id='word_1_420' title='bbox 1113 3707 1365 3761; x_wconf 89' lang='lat' dir='ltr'><strong>aularum</strong></span> <span class='ocrx_word' id='word_1_421' title='bbox 1396 3709 1643 3762; x_wconf 79' lang='lat' dir='ltr'><strong>tuarum&#39;</strong></span> <span class='ocrx_word' id='word_1_422' title='bbox 1679 3725 1692 3761; x_wconf 88' lang='lat'>:</span> <span class='ocrx_word' id='word_1_423' title='bbox 1725 3724 1855 3778; x_wconf 84' lang='lat' dir='ltr'><strong>ergo</strong></span> 
     </span>
    </p>
   </div>
   <div class='ocr_carea' id='block_1_55' title="bbox 273 3797 1857 3870">
    <p class='ocr_par' dir='ltr' id='par_1_55' title="bbox 273 3797 1857 3870">
     <span class='ocr_line' id='line_1_55' title="bbox 273 3797 1857 3870; baseline 0.002 -17"><span class='ocrx_word' id='word_1_424' title='bbox 273 3816 395 3870; x_wconf 67' lang='lat' dir='ltr'><strong>quae</strong></span> <span class='ocrx_word' id='word_1_425' title='bbox 421 3799 479 3853; x_wconf 89' lang='lat' dir='ltr'><strong>in</strong></span> <span class='ocrx_word' id='word_1_426' title='bbox 504 3797 667 3862; x_wconf 83' lang='lat' dir='ltr'><strong>villis,</strong></span> <span class='ocrx_word' id='word_1_427' title='bbox 699 3799 818 3853; x_wconf 87' lang='lat' dir='ltr'><strong>sive</strong></span> <span class='ocrx_word' id='word_1_428' title='bbox 844 3807 904 3853; x_wconf 91' lang='lat' dir='ltr'><strong>ut</strong></span> <span class='ocrx_word' id='word_1_429' title='bbox 932 3798 1310 3869; x_wconf 84' lang='lat' dir='ltr'><strong>Septuaginta,</strong></span> <span class='ocrx_word' id='word_1_430' title='bbox 1347 3798 1401 3853; x_wconf 93' lang='lat' dir='ltr'><strong>in</strong></span> <span class='ocrx_word' id='word_1_431' title='bbox 1430 3799 1571 3854; x_wconf 89' lang='lat' dir='ltr'><strong>aulis</strong></span> <span class='ocrx_word' id='word_1_432' title='bbox 1604 3809 1733 3856; x_wconf 88' lang='lat' dir='ltr'><strong>sunt</strong></span> <span class='ocrx_word' id='word_1_433' title='bbox 1758 3801 1857 3856; x_wconf 89' lang='lat' dir='ltr'><strong>do-</strong></span> 
     </span>
    </p>
   </div>
   <div class='ocr_carea' id='block_1_56' title="bbox 274 3890 1858 3963">
    <p class='ocr_par' dir='ltr' id='par_1_56' title="bbox 274 3890 1858 3963">
     <span class='ocr_line' id='line_1_56' title="bbox 274 3890 1858 3963; baseline 0.002 -16"><span class='ocrx_word' id='word_1_434' title='bbox 274 3907 400 3947; x_wconf 81' lang='lat' dir='ltr'><strong>mus</strong></span> <span class='ocrx_word' id='word_1_435' title='bbox 439 3894 703 3963; x_wconf 87' lang='lat' dir='ltr'><strong>gentium,</strong></span> <span class='ocrx_word' id='word_1_436' title='bbox 740 3890 997 3947; x_wconf 76' lang='lat' dir='ltr'><strong>Ecclesia:</strong></span> <span class='ocrx_word' id='word_1_437' title='bbox 1031 3892 1434 3962; x_wconf 81' lang='lat' dir='ltr'><strong>intelliguntur.</strong></span> <span class='ocrx_word' id='word_1_438' title='bbox 1475 3891 1630 3959; x_wconf 84' lang='lat' dir='ltr'><strong>Quod</strong></span> <span class='ocrx_word' id='word_1_439' title='bbox 1674 3895 1858 3950; x_wconf 91' lang='lat' dir='ltr'><strong>adhuc</strong></span> 
     </span>
    </p>
   </div>
   <div class='ocr_carea' id='block_1_57' title="bbox 273 3984 1855 4056">
    <p class='ocr_par' dir='ltr' id='par_1_57' title="bbox 273 3984 1855 4056">
     <span class='ocr_line' id='line_1_57' title="bbox 273 3984 1855 4056; baseline 0.002 -18"><span class='ocrx_word' id='word_1_440' title='bbox 273 3985 492 4056; x_wconf 88' lang='lat' dir='ltr'><strong>planius</strong></span> <span class='ocrx_word' id='word_1_441' title='bbox 524 3984 577 4037; x_wconf 91' lang='lat' dir='ltr'><strong>in</strong></span> <span class='ocrx_word' id='word_1_442' title='bbox 618 3984 1021 4054; x_wconf 89' lang='lat' dir='ltr'><strong>posterioribus</strong></span> <span class='ocrx_word' id='word_1_443' title='bbox 1042 3986 1288 4054; x_wconf 85' lang='lat' dir='ltr'><strong>ejusdem</strong></span> <span class='ocrx_word' id='word_1_444' title='bbox 1324 3986 1628 4056; x_wconf 80' lang='lat' dir='ltr'><strong>pr0pheti:e</strong></span> <span class='ocrx_word' id='word_1_445' title='bbox 1664 3996 1855 4043; x_wconf 85' lang='lat' dir='ltr'><strong>osten-</strong></span> 
     </span>
    </p>
   </div>
   <div class='ocr_carea' id='block_1_58' title="bbox 273 4073 1859 4149">
    <p class='ocr_par' dir='ltr' id='par_1_58' title="bbox 273 4073 1859 4149">
     <span class='ocr_line' id='line_1_58' title="bbox 273 4073 1859 4149; baseline 0.003 -18"><span class='ocrx_word' id='word_1_446' title='bbox 273 4076 442 4132; x_wconf 90' lang='lat' dir='ltr'><strong>ditur.</strong></span> <span class='ocrx_word' id='word_1_447' title='bbox 479 4073 629 4145; x_wconf 85' lang='lat' dir='ltr'><strong>Euge</strong></span> <span class='ocrx_word' id='word_1_448' title='bbox 673 4089 782 4127; x_wconf 91' lang='lat' dir='ltr'><strong>non</strong></span> <span class='ocrx_word' id='word_1_449' title='bbox 819 4089 1031 4143; x_wconf 87' lang='lat' dir='ltr'><strong>parcas.</strong></span> <span class='ocrx_word' id='word_1_450' title='bbox 1059 4076 1293 4131; x_wconf 84' lang='lat' dir='ltr'><strong>extende</strong></span> <span class='ocrx_word' id='word_1_451' title='bbox 1320 4076 1480 4132; x_wconf 82' lang='lat' dir='ltr'><strong>funes</strong></span> <span class='ocrx_word' id='word_1_452' title='bbox 1511 4087 1652 4146; x_wconf 88' lang='lat' dir='ltr'><strong>tuos,</strong></span> <span class='ocrx_word' id='word_1_453' title='bbox 1681 4088 1732 4134; x_wconf 90' lang='lat' dir='ltr'><strong>et</strong></span> <span class='ocrx_word' id='word_1_454' title='bbox 1761 4094 1859 4149; x_wconf 85' lang='lat' dir='ltr'><strong>pa-</strong></span> 
     </span>
    </p>
   </div>
   <div class='ocr_carea' id='block_1_59' title="bbox 276 4166 1858 4236">
    <p class='ocr_par' dir='ltr' id='par_1_59' title="bbox 276 4166 1858 4236">
     <span class='ocr_line' id='line_1_59' title="bbox 276 4166 1858 4236; baseline 0.003 -12"><span class='ocrx_word' id='word_1_455' title='bbox 276 4168 435 4224; x_wconf 80' lang='lat' dir='ltr'><strong>xillos</strong></span> <span class='ocrx_word' id='word_1_456' title='bbox 474 4176 600 4223; x_wconf 90' lang='lat' dir='ltr'><strong>tuos</strong></span> <span class='ocrx_word' id='word_1_457' title='bbox 627 4166 898 4233; x_wconf 81' lang='lat' dir='ltr'><strong>conforta,</strong></span> <span class='ocrx_word' id='word_1_458' title='bbox 929 4166 1109 4223; x_wconf 87' lang='lat' dir='ltr'><strong>adhuc</strong></span> <span class='ocrx_word' id='word_1_459' title='bbox 1151 4168 1220 4222; x_wconf 86' lang='lat' dir='ltr'><strong>ad</strong></span> <span class='ocrx_word' id='word_1_460' title='bbox 1272 4169 1578 4236; x_wconf 75' lang='lat' dir='ltr'><strong>dexteram,</strong></span> <span class='ocrx_word' id='word_1_461' title='bbox 1611 4180 1667 4227; x_wconf 91' lang='lat' dir='ltr'><strong>et</strong></span> <span class='ocrx_word' id='word_1_462' title='bbox 1716 4173 1858 4228; x_wconf 89' lang='lat' dir='ltr'><strong>sini-</strong></span> 
     </span>
    </p>
   </div>
   <div class='ocr_carea' id='block_1_60' title="bbox 275 4261 1856 4331">
    <p class='ocr_par' dir='ltr' id='par_1_60' title="bbox 275 4261 1856 4331">
     <span class='ocr_line' id='line_1_60' title="bbox 275 4261 1856 4331; baseline 0.001 -14"><span class='ocrx_word' id='word_1_463' title='bbox 275 4269 443 4317; x_wconf 83' lang='lat' dir='ltr'><strong>stram</strong></span> <span class='ocrx_word' id='word_1_464' title='bbox 474 4261 740 4325; x_wconf 82' lang='lat' dir='ltr'><strong>extende,</strong></span> <span class='ocrx_word' id='word_1_465' title='bbox 774 4267 830 4313; x_wconf 90' lang='lat' dir='ltr'><strong>et</strong></span> <span class='ocrx_word' id='word_1_466' title='bbox 861 4274 1048 4313; x_wconf 91' lang='lat' dir='ltr'><strong>semen</strong></span> <span class='ocrx_word' id='word_1_467' title='bbox 1082 4267 1236 4313; x_wconf 92' lang='lat' dir='ltr'><strong>tuum</strong></span> <span class='ocrx_word' id='word_1_468' title='bbox 1266 4271 1456 4331; x_wconf 82' lang='lat' dir='ltr'><strong>gentes</strong></span> <span class='ocrx_word' id='word_1_469' title='bbox 1490 4262 1856 4330; x_wconf 72' lang='lat' dir='ltr'><strong>haereditabit,</strong></span> 
     </span>
    </p>
   </div>
   <div class='ocr_carea' id='block_1_61' title="bbox 274 4351 1859 4411">
    <p class='ocr_par' dir='ltr' id='par_1_61' title="bbox 274 4351 1859 4411">
     <span class='ocr_line' id='line_1_61' title="bbox 274 4351 1859 4411; baseline 0.001 -2"><span class='ocrx_word' id='word_1_470' title='bbox 274 4362 331 4409; x_wconf 88' lang='lat' dir='ltr'><strong>et</strong></span> <span class='ocrx_word' id='word_1_471' title='bbox 364 4353 611 4409; x_wconf 70' lang='lat' dir='ltr'><strong>civitates</strong></span> <span class='ocrx_word' id='word_1_472' title='bbox 640 4355 887 4408; x_wconf 89' lang='lat' dir='ltr'><strong>desertas</strong></span> <span class='ocrx_word' id='word_1_473' title='bbox 919 4351 1266 4407; x_wconf 84' lang='lat' dir='ltr'><strong>inhahitabit.</strong></span> <span class='ocrx_word' id='word_1_474' title='bbox 1302 4352 1443 4408; x_wconf 84' lang='lat' dir='ltr'><strong>Ecce</strong></span> <span class='ocrx_word' id='word_1_475' title='bbox 1482 4354 1732 4411; x_wconf 85' lang='lat' dir='ltr'><strong>civitates</strong></span> <span class='ocrx_word' id='word_1_476' title='bbox 1761 4356 1859 4411; x_wconf 81' lang='lat' dir='ltr'><strong>de-</strong></span> 
     </span>
    </p>
   </div>
   <div class='ocr_carea' id='block_1_62' title="bbox 276 4441 1931 4536">
    <p class='ocr_par' dir='ltr' id='par_1_62' title="bbox 276 4441 1931 4536">
     <span class='ocr_line' id='line_1_62' title="bbox 276 4441 1931 4536; baseline 0 -37"><span class='ocrx_word' id='word_1_477' title='bbox 276 4452 469 4505; x_wconf 86' lang='lat' dir='ltr'><strong>sertas,</strong></span> <span class='ocrx_word' id='word_1_478' title='bbox 504 4444 623 4499; x_wconf 89' lang='lat' dir='ltr'><strong>sine</strong></span> <span class='ocrx_word' id='word_1_479' title='bbox 651 4457 813 4498; x_wconf 90' lang='lat' dir='ltr'><strong>muro</strong></span> <span class='ocrx_word' id='word_1_480' title='bbox 845 4441 1121 4508; x_wconf 84' lang='lat' dir='ltr'><strong>videlicet,</strong></span> <span class='ocrx_word' id='word_1_481' title='bbox 1154 4457 1247 4497; x_wconf 90' lang='lat' dir='ltr'><strong>eas</strong></span> <span class='ocrx_word' id='word_1_482' title='bbox 1282 4458 1402 4512; x_wconf 62' lang='lat' dir='ltr'><strong>quae</strong></span> <span class='ocrx_word' id='word_1_483' title='bbox 1429 4453 1558 4498; x_wconf 90' lang='lat' dir='ltr'><strong>sunt</strong></span> <span class='ocrx_word' id='word_1_484' title='bbox 1587 4445 1852 4516; x_wconf 89' lang='lat' dir='ltr'><strong>gentium,</strong></span> <span class='ocrx_word' id='word_1_485' title='bbox 1888 4482 1931 4536; x_wconf 67' lang='grc' dir='ltr'><strong>Β</strong></span> 
     </span>
    </p>
   </div>
   <div class='ocr_carea' id='block_1_63' title="bbox 276 4534 1858 4609">
    <p class='ocr_par' dir='ltr' id='par_1_63' title="bbox 276 4534 1858 4609">
     <span class='ocr_line' id='line_1_63' title="bbox 276 4534 1858 4609; baseline 0.002 -18"><span class='ocrx_word' id='word_1_486' title='bbox 276 4537 593 4607; x_wconf 85' lang='lat' dir='ltr'><strong>appellavit.</strong></span> <span class='ocrx_word' id='word_1_487' title='bbox 620 4535 811 4605; x_wconf 85' lang='lat' dir='ltr'><strong>Neque</strong></span> <span class='ocrx_word' id='word_1_488' title='bbox 858 4534 1006 4590; x_wconf 90' lang='lat' dir='ltr'><strong>enim</strong></span> <span class='ocrx_word' id='word_1_489' title='bbox 1058 4535 1334 4591; x_wconf 83' lang='lat' dir='ltr'><strong>habebant</strong></span> <span class='ocrx_word' id='word_1_490' title='bbox 1367 4536 1501 4609; x_wconf 85' lang='lat' dir='ltr'><strong>legis</strong></span> <span class='ocrx_word' id='word_1_491' title='bbox 1529 4554 1769 4605; x_wconf 89' lang='lat' dir='ltr'><strong>murum,</strong></span> <span class='ocrx_word' id='word_1_492' title='bbox 1801 4547 1858 4594; x_wconf 86' lang='lat' dir='ltr'><strong>et</strong></span> 
     </span>
    </p>
   </div>
   <div class='ocr_carea' id='block_1_64' title="bbox 277 4626 1861 4699">
    <p class='ocr_par' dir='ltr' id='par_1_64' title="bbox 277 4626 1861 4699">
     <span class='ocr_line' id='line_1_64' title="bbox 277 4626 1861 4699; baseline 0.001 -14"><span class='ocrx_word' id='word_1_493' title='bbox 277 4629 509 4685; x_wconf 76' lang='lat' dir='ltr'><strong>desertae</strong></span> <span class='ocrx_word' id='word_1_494' title='bbox 535 4637 712 4693; x_wconf 89' lang='lat' dir='ltr'><strong>erant,</strong></span> <span class='ocrx_word' id='word_1_495' title='bbox 750 4641 906 4683; x_wconf 85' lang='lat' dir='ltr'><strong>error</strong></span> <span class='ocrx_word' id='word_1_496' title='bbox 936 4628 1018 4683; x_wconf 86' lang='lat' dir='ltr'><strong>eis</strong></span> <span class='ocrx_word' id='word_1_497' title='bbox 1051 4626 1340 4693; x_wconf 90' lang='lat' dir='ltr'><strong>dolorum,</strong></span> <span class='ocrx_word' id='word_1_498' title='bbox 1385 4645 1618 4699; x_wconf 87' lang='lat' dir='ltr'><strong>quorum</strong></span> <span class='ocrx_word' id='word_1_499' title='bbox 1665 4631 1861 4687; x_wconf 89' lang='lat' dir='ltr'><strong>domus</strong></span> 
     </span>
    </p>
   </div>
   <div class='ocr_carea' id='block_1_65' title="bbox 276 4720 1862 4795">
    <p class='ocr_par' dir='ltr' id='par_1_65' title="bbox 276 4720 1862 4795">
     <span class='ocr_line' id='line_1_65' title="bbox 276 4720 1862 4795; baseline 0.001 -18"><span class='ocrx_word' id='word_1_500' title='bbox 276 4722 331 4778; x_wconf 92' lang='lat' dir='ltr'><strong>in</strong></span> <span class='ocrx_word' id='word_1_501' title='bbox 358 4720 522 4784; x_wconf 87' lang='lat' dir='ltr'><strong>villis,</strong></span> <span class='ocrx_word' id='word_1_502' title='bbox 554 4736 694 4791; x_wconf 88' lang='lat' dir='ltr'><strong>quas</strong></span> <span class='ocrx_word' id='word_1_503' title='bbox 726 4720 1087 4793; x_wconf 81' lang='lat' dir='ltr'><strong>Septuaginta</strong></span> <span class='ocrx_word' id='word_1_504' title='bbox 1131 4723 1188 4776; x_wconf 89' lang='lat' dir='ltr'><strong>in</strong></span> <span class='ocrx_word' id='word_1_505' title='bbox 1232 4721 1376 4776; x_wconf 83' lang='lat' dir='ltr'><strong>aulis</strong></span> <span class='ocrx_word' id='word_1_506' title='bbox 1417 4722 1697 4791; x_wconf 83' lang='lat' dir='ltr'><strong>dixerunt,</strong></span> <span class='ocrx_word' id='word_1_507' title='bbox 1723 4738 1862 4795; x_wconf 89' lang='lat' dir='ltr'><strong>quas</strong></span> 
     </span>
    </p>
   </div>
   <div class='ocr_carea' id='block_1_66' title="bbox 276 4812 1013 4870">
    <p class='ocr_par' dir='ltr' id='par_1_66' title="bbox 276 4812 1013 4870">
     <span class='ocr_line' id='line_1_66' title="bbox 276 4812 1013 4870; baseline -0.001 -1"><span class='ocrx_word' id='word_1_508' title='bbox 276 4828 400 4869; x_wconf 86' lang='lat' dir='ltr'><strong>esse</strong></span> <span class='ocrx_word' id='word_1_509' title='bbox 430 4812 700 4869; x_wconf 86' lang='lat' dir='ltr'><strong>Ecclesias</strong></span> <span class='ocrx_word' id='word_1_510' title='bbox 737 4814 976 4870; x_wconf 79' lang='lat' dir='ltr'><strong>diximus</strong></span> <span class='ocrx_word' id='word_1_511' title='bbox 999 4834 1013 4868; x_wconf 86' lang='lat'><strong>:</strong></span> 
     </span>
    </p>
   </div>
   <div class='ocr_carea' id='block_1_67' title="bbox 347 4897 1861 4977">
    <p class='ocr_par' dir='ltr' id='par_1_67' title="bbox 347 4897 1861 4977">
     <span class='ocr_line' id='line_1_67' title="bbox 347 4897 1861 4977; baseline 0.005 -24"><span class='ocrx_word' id='word_1_512' title='bbox 347 4898 608 4971; x_wconf 78' lang='lat' dir='ltr'><strong>Agrorum</strong></span> <span class='ocrx_word' id='word_1_513' title='bbox 644 4898 775 4970; x_wconf 84' lang='lat' dir='ltr'><strong>jure</strong></span> <span class='ocrx_word' id='word_1_514' title='bbox 810 4904 1118 4957; x_wconf 76' lang='lat' dir='ltr'><strong>vendentur.</strong></span> <span class='ocrx_word' id='word_1_515' title='bbox 1148 4897 1248 4958; x_wconf 75' lang='lat' dir='ltr'><strong>Vel</strong></span> <span class='ocrx_word' id='word_1_516' title='bbox 1290 4900 1593 4959; x_wconf 87' lang='lat' dir='ltr'><strong>secundum</strong></span> <span class='ocrx_word' id='word_1_517' title='bbox 1625 4904 1861 4977; x_wconf 59' lang='lat' dir='ltr'><strong>Septua«</strong></span> 
     </span>
    </p>
   </div>
   <div class='ocr_carea' id='block_1_68' title="bbox 276 4988 1860 5068">
    <p class='ocr_par' dir='ltr' id='par_1_68' title="bbox 276 4988 1860 5068">
     <span class='ocr_line' id='line_1_68' title="bbox 276 4988 1860 5068; baseline 0.004 -24"><span class='ocrx_word' id='word_1_518' title='bbox 276 4988 428 5061; x_wconf 82' lang='lat' dir='ltr'><strong>ginta</strong></span> <span class='ocrx_word' id='word_1_519' title='bbox 459 5008 474 5044; x_wconf 89' lang='lat'><strong>:</strong></span> <span class='ocrx_word' id='word_1_520' title='bbox 503 4991 586 5046; x_wconf 80' lang='lat' dir='ltr'><strong>Ad</strong></span> <span class='ocrx_word' id='word_1_521' title='bbox 613 5007 804 5063; x_wconf 82' lang='lat' dir='ltr'><strong>agrum</strong></span> <span class='ocrx_word' id='word_1_522' title='bbox 838 5001 994 5047; x_wconf 72' lang='lat' dir='ltr'><strong>terra:</strong></span> <span class='ocrx_word' id='word_1_523' title='bbox 1020 4994 1449 5051; x_wconf 67' lang='lat' dir='ltr'><strong>aestimabuntur.</strong></span> <span class='ocrx_word' id='word_1_524' title='bbox 1484 4996 1656 5065; x_wconf 82' lang='lat' dir='ltr'><strong>Cujus</strong></span> <span class='ocrx_word' id='word_1_525' title='bbox 1701 4997 1860 5068; x_wconf 87' lang='lat' dir='ltr'><strong>agri?</strong></span> 
     </span>
    </p>
   </div>
   <div class='ocr_carea' id='block_1_69' title="bbox 278 5078 1860 5160">
    <p class='ocr_par' dir='ltr' id='par_1_69' title="bbox 278 5078 1860 5160">
     <span class='ocr_line' id='line_1_69' title="bbox 278 5078 1860 5160; baseline 0.006 -26"><span class='ocrx_word' id='word_1_526' title='bbox 278 5078 430 5137; x_wconf 78' lang='lat' dir='ltr'><strong>Illius</strong></span> <span class='ocrx_word' id='word_1_527' title='bbox 455 5082 663 5153; x_wconf 78' lang='lat' dir='ltr'><strong>utique,</strong></span> <span class='ocrx_word' id='word_1_528' title='bbox 680 5097 845 5155; x_wconf 80' lang='lat' dir='ltr'><strong>quem</strong></span> <span class='ocrx_word' id='word_1_529' title='bbox 869 5084 1131 5141; x_wconf 86' lang='lat' dir='ltr'><strong>Dominus</strong></span> <span class='ocrx_word' id='word_1_530' title='bbox 1142 5086 1279 5143; x_wconf 86' lang='lat' dir='ltr'><strong>dicit</strong></span> <span class='ocrx_word' id='word_1_531' title='bbox 1298 5100 1316 5141; x_wconf 84' lang='lat'><strong>:</strong></span> <span class='ocrx_word' id='word_1_532' title='bbox 1338 5086 1525 5143; x_wconf 84' lang='lat' dir='ltr'><strong>Simile</strong></span> <span class='ocrx_word' id='word_1_533' title='bbox 1545 5098 1621 5143; x_wconf 88' lang='lat' dir='ltr'><strong>est</strong></span> <span class='ocrx_word' id='word_1_534' title='bbox 1640 5105 1860 5160; x_wconf 85' lang='lat' dir='ltr'><strong>regnum</strong></span> 
     </span>
    </p>
   </div>
   <div class='ocr_carea' id='block_1_70' title="bbox 278 5170 1862 5250">
    <p class='ocr_par' dir='ltr' id='par_1_70' title="bbox 278 5170 1862 5250">
     <span class='ocr_line' id='line_1_70' title="bbox 278 5170 1862 5250; baseline 0.004 -21"><span class='ocrx_word' id='word_1_535' title='bbox 278 5170 523 5229; x_wconf 61' lang='lat' dir='ltr'><strong>edorum</strong></span> <span class='ocrx_word' id='word_1_536' title='bbox 550 5175 799 5231; x_wconf 74' lang='lat' dir='ltr'><strong>thesauro</strong></span> <span class='ocrx_word' id='word_1_537' title='bbox 819 5176 1125 5232; x_wconf 76' lang='lat' dir='ltr'><strong>abscondito</strong></span> <span class='ocrx_word' id='word_1_538' title='bbox 1153 5178 1211 5231; x_wconf 81' lang='lat' dir='ltr'><strong>in</strong></span> <span class='ocrx_word' id='word_1_539' title='bbox 1239 5194 1390 5249; x_wconf 81' lang='lat' dir='ltr'><strong>agro,</strong></span> <span class='ocrx_word' id='word_1_540' title='bbox 1407 5189 1557 5247; x_wconf 79' lang='lat' dir='ltr'><strong>quem</strong></span> <span class='ocrx_word' id='word_1_541' title='bbox 1591 5180 1684 5250; x_wconf 88' lang='lat' dir='ltr'><strong>qui</strong></span> <span class='ocrx_word' id='word_1_542' title='bbox 1717 5181 1862 5236; x_wconf 78' lang='lat' dir='ltr'><strong>inve-</strong></span> 
     </span>
    </p>
   </div>
   <div class='ocr_carea' id='block_1_71' title="bbox 280 5261 1865 5333">
    <p class='ocr_par' dir='ltr' id='par_1_71' title="bbox 280 5261 1865 5333">
     <span class='ocr_line' id='line_1_71' title="bbox 280 5261 1865 5333; baseline 0.003 -19"><span class='ocrx_word' id='word_1_543' title='bbox 280 5262 358 5315; x_wconf 75' lang='lat' dir='ltr'><strong>nit</strong></span> <span class='ocrx_word' id='word_1_544' title='bbox 390 5261 545 5318; x_wconf 75' lang='lat' dir='ltr'><strong>Itonia</strong></span> <span class='ocrx_word' id='word_1_545' title='bbox 577 5265 847 5319; x_wconf 79' lang='lat' dir='ltr'><strong>abscondit</strong></span> <span class='ocrx_word' id='word_1_546' title='bbox 873 5280 992 5320; x_wconf 84' lang='lat' dir='ltr'><strong>eum</strong></span> <span class='ocrx_word' id='word_1_547' title='bbox 1034 5276 1144 5333; x_wconf 77' lang='lat' dir='ltr'><strong>prta</strong></span> <span class='ocrx_word' id='word_1_548' title='bbox 1172 5265 1370 5333; x_wconf 74' lang='lat' dir='ltr'><strong>gaudio</strong></span> <span class='ocrx_word' id='word_1_549' title='bbox 1415 5281 1434 5320; x_wconf 88' lang='lat'><strong><em>:</em></strong></span> <span class='ocrx_word' id='word_1_550' title='bbox 1467 5265 1608 5320; x_wconf 88' lang='lat' dir='ltr'><strong>alius</strong></span> <span class='ocrx_word' id='word_1_551' title='bbox 1635 5265 1788 5328; x_wconf 84' lang='lat' dir='ltr'><strong>abiit,</strong></span> <span class='ocrx_word' id='word_1_552' title='bbox 1815 5274 1865 5320; x_wconf 87' lang='lat' dir='ltr'><strong>et</strong></span> 
     </span>
    </p>
   </div>
   <div class='ocr_carea' id='block_1_72' title="bbox 279 5355 1857 5430">
    <p class='ocr_par' dir='ltr' id='par_1_72' title="bbox 279 5355 1857 5430">
     <span class='ocr_line' id='line_1_72' title="bbox 279 5355 1857 5430; baseline 0.002 -22"><span class='ocrx_word' id='word_1_553' title='bbox 279 5355 510 5411; x_wconf 76' lang='lat' dir='ltr'><strong>uendidit</strong></span> <span class='ocrx_word' id='word_1_554' title='bbox 545 5358 747 5424; x_wconf 77' lang='lat' dir='ltr'><strong>autnia,</strong></span> <span class='ocrx_word' id='word_1_555' title='bbox 774 5374 892 5428; x_wconf 70' lang='lat' dir='ltr'><strong>quae</strong></span> <span class='ocrx_word' id='word_1_556' title='bbox 920 5357 1124 5421; x_wconf 88' lang='lat' dir='ltr'><strong>habuit,</strong></span> <span class='ocrx_word' id='word_1_557' title='bbox 1149 5365 1201 5411; x_wconf 85' lang='lat' dir='ltr'><strong>et</strong></span> <span class='ocrx_word' id='word_1_558' title='bbox 1243 5358 1370 5412; x_wconf 86' lang='lat' dir='ltr'><strong>emit</strong></span> <span class='ocrx_word' id='word_1_559' title='bbox 1410 5372 1597 5430; x_wconf 85' lang='lat' dir='ltr'><strong>agrum</strong></span> <span class='ocrx_word' id='word_1_560' title='bbox 1639 5358 1792 5414; x_wconf 86' lang='lat' dir='ltr'><strong>illum</strong></span> <span class='ocrx_word' id='word_1_561' title='bbox 1814 5358 1857 5411; x_wconf 76' lang='grc'><strong>⁵.</strong></span> 
     </span>
    </p>
   </div>
   <div class='ocr_carea' id='block_1_73' title="bbox 283 5442 1861 5520">
    <p class='ocr_par' dir='ltr' id='par_1_73' title="bbox 283 5442 1861 5520">
     <span class='ocr_line' id='line_1_73' title="bbox 283 5442 1861 5520; baseline 0.004 -22"><span class='ocrx_word' id='word_1_562' title='bbox 283 5442 427 5503; x_wconf 86' lang='lat' dir='ltr'><strong>Dicit</strong></span> <span class='ocrx_word' id='word_1_563' title='bbox 457 5457 641 5504; x_wconf 89' lang='lat' dir='ltr'><strong>autem</strong></span> <span class='ocrx_word' id='word_1_564' title='bbox 670 5465 885 5520; x_wconf 86' lang='lat' dir='ltr'><strong>agrum,</strong></span> <span class='ocrx_word' id='word_1_565' title='bbox 925 5446 1277 5520; x_wconf 86' lang='lat' dir='ltr'><strong>Evangelium</strong></span> <span class='ocrx_word' id='word_1_566' title='bbox 1302 5491 1316 5515; x_wconf 93' lang='lat'><strong>,</strong></span> <span class='ocrx_word' id='word_1_567' title='bbox 1349 5449 1403 5503; x_wconf 90' lang='lat' dir='ltr'><strong>in</strong></span> <span class='ocrx_word' id='word_1_568' title='bbox 1431 5464 1542 5519; x_wconf 88' lang='lat' dir='ltr'><strong>quo</strong></span> <span class='ocrx_word' id='word_1_569' title='bbox 1570 5450 1861 5505; x_wconf 85' lang='lat' dir='ltr'><strong>thesaurus</strong></span> 
     </span>
    </p>
   </div>
   <div class='ocr_carea' id='block_1_74' title="bbox 356 5670 2053 5740">
    <p class='ocr_par' dir='ltr' id='par_1_74' title="bbox 356 5670 2053 5740">
     <span class='ocr_line' id='line_1_74' title="bbox 356 5670 2053 5740; baseline 0.008 -10"><span class='ocrx_word' id='word_1_570' title='bbox 356 5675 403 5709; x_wconf 84' lang='lat'>&quot;</span> <span class='ocrx_word' id='word_1_571' title='bbox 440 5676 572 5733; x_wconf 87' lang='lat' dir='ltr'><strong>Luc.</strong></span> <span class='ocrx_word' id='word_1_572' title='bbox 599 5690 755 5740; x_wconf 78' lang='lat' dir='ltr'><strong>mu,</strong></span> <span class='ocrx_word' id='word_1_573' title='bbox 784 5675 873 5730; x_wconf 59' lang='lat'><strong>&#39;54.</strong></span> <span class='ocrx_word' id='word_1_574' title='bbox 953 5674 967 5707; x_wconf 85' lang='grc'>¹</span> <span class='ocrx_word' id='word_1_575' title='bbox 996 5670 1186 5726; x_wconf 80' lang='lat' dir='ltr'><strong>Matth.</strong></span> <span class='ocrx_word' id='word_1_576' title='bbox 1214 5688 1375 5729; x_wconf 78' lang='lat' dir='ltr'><strong>xutt.</strong></span> <span class='ocrx_word' id='word_1_577' title='bbox 1399 5672 1490 5732; x_wconf 72' lang='lat'><strong>57.</strong></span> <span class='ocrx_word' id='word_1_578' title='bbox 1521 5673 1611 5729; x_wconf 78' lang='lat'><strong>53.</strong></span> <span class='ocrx_word' id='word_1_579' title='bbox 1690 5671 1835 5728; x_wconf 75' lang='grc'><strong>⁸15³·</strong></span> <span class='ocrx_word' id='word_1_580' title='bbox 1861 5688 1969 5740; x_wconf 64' lang='lat' dir='ltr'><strong>HV:</strong></span> <span class='ocrx_word' id='word_1_581' title='bbox 2002 5673 2053 5727; x_wconf 72' lang='grc' dir='ltr'><strong>ί·</strong></span> 
     </span>
    </p>
   </div>
   <div class='ocr_carea' id='block_1_75' title="bbox 294 5740 1515 5811">
    <p class='ocr_par' dir='ltr' id='par_1_75' title="bbox 294 5740 1515 5811">
     <span class='ocr_line' id='line_1_75' title="bbox 294 5740 1515 5811; baseline -0.002 -8"><span class='ocrx_word' id='word_1_582' title='bbox 294 5741 382 5803; x_wconf 71' lang='lat'><strong>55.</strong></span> <span class='ocrx_word' id='word_1_583' title='bbox 454 5749 476 5780; x_wconf 75' lang='grc' dir='ltr'>δ</span> <span class='ocrx_word' id='word_1_584' title='bbox 502 5746 659 5803; x_wconf 76' lang='lat' dir='ltr'><strong>Nutu.</strong></span> <span class='ocrx_word' id='word_1_585' title='bbox 697 5761 851 5811; x_wconf 78' lang='lat' dir='ltr'><strong>xvm,</strong></span> <span class='ocrx_word' id='word_1_586' title='bbox 882 5744 936 5800; x_wconf 91' lang='lat'><strong>6.</strong></span> <span class='ocrx_word' id='word_1_587' title='bbox 1010 5744 1028 5774; x_wconf 85' lang='lat'><strong><em>&quot;</em></strong></span> <span class='ocrx_word' id='word_1_588' title='bbox 1057 5740 1249 5795; x_wconf 78' lang='lat' dir='ltr'><strong>Matth.</strong></span> <span class='ocrx_word' id='word_1_589' title='bbox 1282 5759 1393 5810; x_wconf 72' lang='lat' dir='ltr'><strong>xxx,</strong></span> <span class='ocrx_word' id='word_1_590' title='bbox 1423 5744 1515 5801; x_wconf 72' lang='lat'><strong>2&#39;7.</strong></span> 
     </span>
    </p>
   </div>
   <div class='ocr_carea' id='block_1_76' title="bbox 1399 5862 1518 5877">
    <p class='ocr_par' dir='ltr' id='par_1_76' title="bbox 1399 5862 1518 5877">
     <span class='ocr_line' id='line_1_76' title="bbox 1399 5862 1518 5877; baseline -0.008 -7"><span class='ocrx_word' id='word_1_591' title='bbox 1399 5862 1518 5877; x_wconf 50' lang='grc' dir='ltr'><strong>..η-,ς</strong></span> 
     </span>
    </p>
   </div>
   <div class='ocr_carea' id='block_1_77' title="bbox 1942 1884 3529 1958">
    <p class='ocr_par' dir='ltr' id='par_1_77' title="bbox 1942 1884 3529 1958">
     <span class='ocr_line' id='line_1_77' title="bbox 1942 1884 3529 1958; baseline 0.002 -19"><span class='ocrx_word' id='word_1_592' title='bbox 1942 1902 2139 1951; x_wconf 84' lang='lat' dir='ltr'><strong>meum,</strong></span> <span class='ocrx_word' id='word_1_593' title='bbox 2168 1893 2216 1938; x_wconf 89' lang='lat' dir='ltr'><strong>et</strong></span> <span class='ocrx_word' id='word_1_594' title='bbox 2243 1885 2397 1948; x_wconf 87' lang='lat' dir='ltr'><strong>vidit,</strong></span> <span class='ocrx_word' id='word_1_595' title='bbox 2423 1893 2471 1937; x_wconf 89' lang='lat' dir='ltr'><strong>et</strong></span> <span class='ocrx_word' id='word_1_596' title='bbox 2490 1886 2700 1954; x_wconf 82' lang='lat' dir='ltr'><strong>gavisus</strong></span> <span class='ocrx_word' id='word_1_597' title='bbox 2729 1895 2802 1938; x_wconf 84' lang='lat' dir='ltr'><strong>est</strong></span> <span class='ocrx_word' id='word_1_598' title='bbox 2826 1887 2871 1939; x_wconf 82' lang='grc'><strong>⁸.</strong></span> <span class='ocrx_word' id='word_1_599' title='bbox 2889 1884 3045 1952; x_wconf 85' lang='lat' dir='ltr'><strong>Quod</strong></span> <span class='ocrx_word' id='word_1_600' title='bbox 3082 1902 3214 1957; x_wconf 89' lang='lat' dir='ltr'><strong>ergo</strong></span> <span class='ocrx_word' id='word_1_601' title='bbox 3241 1897 3359 1942; x_wconf 89' lang='lat' dir='ltr'><strong>erat</strong></span> <span class='ocrx_word' id='word_1_602' title='bbox 3385 1904 3529 1958; x_wconf 73' lang='lat' dir='ltr'><strong>pra:-</strong></span> 
     </span>
    </p>
   </div>
   <div class='ocr_carea' id='block_1_78' title="bbox 1944 1974 3531 2048">
    <p class='ocr_par' dir='ltr' id='par_1_78' title="bbox 1944 1974 3531 2048">
     <span class='ocr_line' id='line_1_78' title="bbox 1944 1974 3531 2048; baseline 0.001 -16"><span class='ocrx_word' id='word_1_603' title='bbox 1944 1978 2104 2033; x_wconf 88' lang='lat' dir='ltr'><strong>dictis</strong></span> <span class='ocrx_word' id='word_1_604' title='bbox 2147 1977 2216 2031; x_wconf 91' lang='lat' dir='ltr'><strong>de</strong></span> <span class='ocrx_word' id='word_1_605' title='bbox 2260 1974 2484 2030; x_wconf 79' lang='lat' dir='ltr'><strong>Judaica</strong></span> <span class='ocrx_word' id='word_1_606' title='bbox 2519 1976 2681 2029; x_wconf 91' lang='lat' dir='ltr'><strong>domo</strong></span> <span class='ocrx_word' id='word_1_607' title='bbox 2710 1978 3065 2040; x_wconf 88' lang='lat' dir='ltr'><strong>contrarium,</strong></span> <span class='ocrx_word' id='word_1_608' title='bbox 3100 1978 3223 2033; x_wconf 84' lang='lat' dir='ltr'><strong>vide</strong></span> <span class='ocrx_word' id='word_1_609' title='bbox 3253 1980 3531 2048; x_wconf 89' lang='lat' dir='ltr'><strong>quomodo</strong></span> 
     </span>
    </p>
   </div>
   <div class='ocr_carea' id='block_1_79' title="bbox 1943 2063 3526 2135">
    <p class='ocr_par' dir='ltr' id='par_1_79' title="bbox 1943 2063 3526 2135">
     <span class='ocr_line' id='line_1_79' title="bbox 1943 2063 3526 2135; baseline -0.002 -15"><span class='ocrx_word' id='word_1_610' title='bbox 1943 2065 2253 2135; x_wconf 64' lang='lat' dir='ltr'><strong>praividens</strong></span> <span class='ocrx_word' id='word_1_611' title='bbox 2284 2063 2560 2133; x_wconf 86' lang='lat' dir='ltr'><strong>legislator</strong></span> <span class='ocrx_word' id='word_1_612' title='bbox 2589 2063 2775 2124; x_wconf 87' lang='lat' dir='ltr'><strong>solvit.</strong></span> <span class='ocrx_word' id='word_1_613' title='bbox 2808 2063 2934 2132; x_wconf 89' lang='lat' dir='ltr'><strong>quia</strong></span> <span class='ocrx_word' id='word_1_614' title='bbox 2966 2065 3112 2117; x_wconf 90' lang='lat' dir='ltr'><strong>enim</strong></span> <span class='ocrx_word' id='word_1_615' title='bbox 3152 2072 3274 2133; x_wconf 90' lang='lat' dir='ltr'><strong>post</strong></span> <span class='ocrx_word' id='word_1_616' title='bbox 3299 2079 3526 2125; x_wconf 90' lang='lat' dir='ltr'><strong>annum,</strong></span> 
     </span>
    </p>
   </div>
   <div class='ocr_carea' id='block_1_80' title="bbox 1944 2154 3532 2224">
    <p class='ocr_par' dir='ltr' id='par_1_80' title="bbox 1944 2154 3532 2224">
     <span class='ocr_line' id='line_1_80' title="bbox 1944 2154 3532 2224; baseline -0.001 -14"><span class='ocrx_word' id='word_1_617' title='bbox 1944 2157 2000 2210; x_wconf 93' lang='lat' dir='ltr'><strong>in</strong></span> <span class='ocrx_word' id='word_1_618' title='bbox 2045 2171 2153 2224; x_wconf 90' lang='lat' dir='ltr'><strong>quo</strong></span> <span class='ocrx_word' id='word_1_619' title='bbox 2195 2154 2452 2209; x_wconf 88' lang='lat' dir='ltr'><strong>Christus</strong></span> <span class='ocrx_word' id='word_1_620' title='bbox 2479 2157 2534 2208; x_wconf 91' lang='lat' dir='ltr'><strong>in</strong></span> <span class='ocrx_word' id='word_1_621' title='bbox 2563 2169 2745 2208; x_wconf 73' lang='lat' dir='ltr'><strong>carne&#39;</strong></span> <span class='ocrx_word' id='word_1_622' title='bbox 2769 2169 3015 2223; x_wconf 65' lang='lat' dir='ltr'><strong>praesens</strong></span> <span class='ocrx_word' id='word_1_623' title='bbox 3042 2154 3308 2208; x_wconf 88' lang='lat' dir='ltr'><strong>liberabat</strong></span> <span class='ocrx_word' id='word_1_624' title='bbox 3337 2155 3532 2209; x_wconf 85' lang='lat' dir='ltr'><strong>huma-</strong></span> 
     </span>
    </p>
   </div>
   <div class='ocr_carea' id='block_1_81' title="bbox 1942 2242 3523 2317">
    <p class='ocr_par' dir='ltr' id='par_1_81' title="bbox 1942 2242 3523 2317">
     <span class='ocr_line' id='line_1_81' title="bbox 1942 2242 3523 2317; baseline -0.002 -15"><span class='ocrx_word' id='word_1_625' title='bbox 1942 2262 2076 2302; x_wconf 90' lang='lat' dir='ltr'><strong>num</strong></span> <span class='ocrx_word' id='word_1_626' title='bbox 2112 2260 2285 2317; x_wconf 87' lang='lat' dir='ltr'><strong>genus</strong></span> <span class='ocrx_word' id='word_1_627' title='bbox 2305 2285 2319 2309; x_wconf 93' lang='lat'><strong>,</strong></span> <span class='ocrx_word' id='word_1_628' title='bbox 2352 2246 2560 2315; x_wconf 88' lang='lat' dir='ltr'><strong>integre</strong></span> <span class='ocrx_word' id='word_1_629' title='bbox 2589 2244 2903 2299; x_wconf 72' lang='lat' dir='ltr'><strong>Judteorum</strong></span> <span class='ocrx_word' id='word_1_630' title='bbox 2940 2242 3234 2315; x_wconf 70' lang='lat' dir='ltr'><strong>Synagoga:</strong></span> <span class='ocrx_word' id='word_1_631' title='bbox 3266 2259 3366 2314; x_wconf 87' lang='lat' dir='ltr'><strong>per</strong></span> <span class='ocrx_word' id='word_1_632' title='bbox 3393 2261 3523 2317; x_wconf 80' lang='lat' dir='ltr'><strong>apo—</strong></span> 
     </span>
    </p>
   </div>
   <div class='ocr_carea' id='block_1_82' title="bbox 1946 2334 3530 2405">
    <p class='ocr_par' dir='ltr' id='par_1_82' title="bbox 1946 2334 3530 2405">
     <span class='ocr_line' id='line_1_82' title="bbox 1946 2334 3530 2405; baseline -0.001 -14"><span class='ocrx_word' id='word_1_633' title='bbox 1946 2337 2198 2391; x_wconf 76' lang='lat' dir='ltr'><strong>‘stolicam</strong></span> <span class='ocrx_word' id='word_1_634' title='bbox 2230 2336 2534 2390; x_wconf 86' lang='lat' dir='ltr'><strong>doctrinam</strong></span> <span class='ocrx_word' id='word_1_635' title='bbox 2561 2334 2805 2389; x_wconf 83' lang='lat' dir='ltr'><strong>liberata:</strong></span> <span class='ocrx_word' id='word_1_636' title='bbox 2834 2345 2984 2397; x_wconf 88' lang='lat' dir='ltr'><strong>sunt,</strong></span> <span class='ocrx_word' id='word_1_637' title='bbox 3006 2349 3157 2388; x_wconf 91' lang='lat' dir='ltr'><strong>nunc</strong></span> <span class='ocrx_word' id='word_1_638' title='bbox 3186 2335 3404 2405; x_wconf 83' lang='lat' dir='ltr'><strong>quidem</strong></span> <span class='ocrx_word' id='word_1_639' title='bbox 3429 2335 3530 2391; x_wconf 89' lang='lat' dir='ltr'><strong>tria</strong></span> 
     </span>
    </p>
   </div>
   <div class='ocr_carea' id='block_1_83' title="bbox 1945 2427 3533 2497">
    <p class='ocr_par' dir='ltr' id='par_1_83' title="bbox 1945 2427 3533 2497">
     <span class='ocr_line' id='line_1_83' title="bbox 1945 2427 3533 2497; baseline -0.001 -14"><span class='ocrx_word' id='word_1_640' title='bbox 1945 2429 2135 2494; x_wconf 89' lang='lat' dir='ltr'><strong>millia,</strong></span> <span class='ocrx_word' id='word_1_641' title='bbox 2170 2443 2318 2482; x_wconf 90' lang='lat' dir='ltr'><strong>nunc</strong></span> <span class='ocrx_word' id='word_1_642' title='bbox 2350 2438 2531 2482; x_wconf 88' lang='lat' dir='ltr'><strong>autem</strong></span> <span class='ocrx_word' id='word_1_643' title='bbox 2557 2427 2797 2497; x_wconf 88' lang='lat' dir='ltr'><strong>quinque</strong></span> <span class='ocrx_word' id='word_1_644' title='bbox 2821 2427 3009 2492; x_wconf 91' lang='lat' dir='ltr'><strong>millia,</strong></span> <span class='ocrx_word' id='word_1_645' title='bbox 3033 2443 3334 2497; x_wconf 86' lang='lat' dir='ltr'><strong>rursusque</strong></span> <span class='ocrx_word' id='word_1_646' title='bbox 3359 2428 3533 2483; x_wconf 89' lang='lat' dir='ltr'><strong>multo</strong></span> 
     </span>
    </p>
   </div>
   <div class='ocr_carea' id='block_1_84' title="bbox 1946 2520 3531 2591">
    <p class='ocr_par' dir='ltr' id='par_1_84' title="bbox 1946 2520 3531 2591">
     <span class='ocr_line' id='line_1_84' title="bbox 1946 2520 3531 2591; baseline 0.001 -18"><span class='ocrx_word' id='word_1_647' title='bbox 1946 2522 2132 2591; x_wconf 89' lang='lat' dir='ltr'><strong>plures</strong></span> <span class='ocrx_word' id='word_1_648' title='bbox 2160 2537 2322 2591; x_wconf 89' lang='lat' dir='ltr'><strong>quam</strong></span> <span class='ocrx_word' id='word_1_649' title='bbox 2356 2520 2487 2574; x_wconf 90' lang='lat' dir='ltr'><strong>dicti</strong></span> <span class='ocrx_word' id='word_1_650' title='bbox 2532 2528 2693 2583; x_wconf 89' lang='lat' dir='ltr'><strong>sunt,</strong></span> <span class='ocrx_word' id='word_1_651' title='bbox 2730 2535 2799 2573; x_wconf 89' lang='lat' dir='ltr'><strong>ne</strong></span> <span class='ocrx_word' id='word_1_652' title='bbox 2843 2520 2968 2589; x_wconf 89' lang='lat' dir='ltr'><strong>quis</strong></span> <span class='ocrx_word' id='word_1_653' title='bbox 3003 2520 3109 2574; x_wconf 88' lang='lat' dir='ltr'><strong>hoc</strong></span> <span class='ocrx_word' id='word_1_654' title='bbox 3140 2521 3418 2591; x_wconf 86' lang='lat' dir='ltr'><strong>ignorasse</strong></span> <span class='ocrx_word' id='word_1_655' title='bbox 3450 2521 3531 2576; x_wconf 90' lang='lat' dir='ltr'><strong>le-</strong></span> 
     </span>
    </p>
   </div>
   <div class='ocr_carea' id='block_1_85' title="bbox 1948 2614 3535 2688">
    <p class='ocr_par' dir='ltr' id='par_1_85' title="bbox 1948 2614 3535 2688">
     <span class='ocr_line' id='line_1_85' title="bbox 1948 2614 3535 2688; baseline 0.001 -18"><span class='ocrx_word' id='word_1_656' title='bbox 1948 2617 2260 2688; x_wconf 85' lang='lat' dir='ltr'><strong>gislatorem</strong></span> <span class='ocrx_word' id='word_1_657' title='bbox 2292 2617 2672 2679; x_wconf 88' lang='lat' dir='ltr'><strong>arbitraretur,</strong></span> <span class='ocrx_word' id='word_1_658' title='bbox 2698 2615 2842 2679; x_wconf 87' lang='lat' dir='ltr'><strong>vide,</strong></span> <span class='ocrx_word' id='word_1_659' title='bbox 2873 2614 3331 2683; x_wconf 88' lang='lat' dir='ltr'><strong>quemadmodum</strong></span> <span class='ocrx_word' id='word_1_660' title='bbox 3351 2624 3407 2669; x_wconf 90' lang='lat' dir='ltr'><strong>et</strong></span> <span class='ocrx_word' id='word_1_661' title='bbox 3429 2615 3535 2671; x_wconf 89' lang='lat' dir='ltr'><strong>hoc</strong></span> 
     </span>
    </p>
   </div>
   <div class='ocr_carea' id='block_1_86' title="bbox 1949 2707 2963 2778">
    <p class='ocr_par' dir='ltr' id='par_1_86' title="bbox 1949 2707 2963 2778">
     <span class='ocr_line' id='line_1_86' title="bbox 1949 2707 2963 2778; baseline -0.003 -15"><span class='ocrx_word' id='word_1_662' title='bbox 1949 2708 2220 2778; x_wconf 83' lang='lat' dir='ltr'><strong>sapientia</strong></span> <span class='ocrx_word' id='word_1_663' title='bbox 2253 2707 2515 2777; x_wconf 86' lang='lat' dir='ltr'><strong>spiritalis</strong></span> <span class='ocrx_word' id='word_1_664' title='bbox 2545 2707 2963 2762; x_wconf 88' lang='lat' dir='ltr'><strong>demonstravit.</strong></span> 
     </span>
    </p>
   </div>
   <div class='ocr_carea' id='block_1_87' title="bbox 2016 2795 3534 2869">
    <p class='ocr_par' dir='ltr' id='par_1_87' title="bbox 2016 2795 3534 2869">
     <span class='ocr_line' id='line_1_87' title="bbox 2016 2795 3534 2869; baseline 0.001 -18"><span class='ocrx_word' id='word_1_665' title='bbox 2016 2796 2179 2851; x_wconf 69' lang='lat' dir='ltr'><strong>Edes</strong></span> <span class='ocrx_word' id='word_1_666' title='bbox 2206 2795 2532 2863; x_wconf 87' lang='lat' dir='ltr'><strong>Levitarum,</strong></span> <span class='ocrx_word' id='word_1_667' title='bbox 2571 2797 2663 2867; x_wconf 86' lang='lat' dir='ltr'><strong>qui</strong></span> <span class='ocrx_word' id='word_1_668' title='bbox 2697 2797 2753 2849; x_wconf 88' lang='lat' dir='ltr'><strong>in</strong></span> <span class='ocrx_word' id='word_1_669' title='bbox 2781 2796 2994 2850; x_wconf 82' lang='lat' dir='ltr'><strong>urbibus</strong></span> <span class='ocrx_word' id='word_1_670' title='bbox 3024 2804 3147 2850; x_wconf 88' lang='lat' dir='ltr'><strong>sunt</strong></span> <span class='ocrx_word' id='word_1_671' title='bbox 3173 2812 3380 2867; x_wconf 77' lang='lat' dir='ltr'><strong>semper</strong></span> <span class='ocrx_word' id='word_1_672' title='bbox 3410 2815 3534 2869; x_wconf 83' lang='lat' dir='ltr'><strong>pos-</strong></span> 
     </span>
    </p>
   </div>
   <div class='ocr_carea' id='block_1_88' title="bbox 1947 2889 3531 2959">
    <p class='ocr_par' dir='ltr' id='par_1_88' title="bbox 1947 2889 3531 2959">
     <span class='ocr_line' id='line_1_88' title="bbox 1947 2889 3531 2959; baseline 0.001 -17"><span class='ocrx_word' id='word_1_673' title='bbox 1947 2896 2070 2942; x_wconf 86' lang='lat' dir='ltr'><strong>sunt</strong></span> <span class='ocrx_word' id='word_1_674' title='bbox 2108 2889 2320 2953; x_wconf 88' lang='lat' dir='ltr'><strong>redimi,</strong></span> <span class='ocrx_word' id='word_1_675' title='bbox 2352 2890 2397 2942; x_wconf 89' lang='lat' dir='ltr'><strong>si</strong></span> <span class='ocrx_word' id='word_1_676' title='bbox 2423 2889 2693 2957; x_wconf 85' lang='lat' dir='ltr'><strong>redempta</strong></span> <span class='ocrx_word' id='word_1_677' title='bbox 2727 2903 2833 2942; x_wconf 84' lang='lat' dir='ltr'><strong>non</strong></span> <span class='ocrx_word' id='word_1_678' title='bbox 2863 2889 3091 2957; x_wconf 82' lang='lat' dir='ltr'><strong>fuerint,</strong></span> <span class='ocrx_word' id='word_1_679' title='bbox 3128 2890 3183 2942; x_wconf 88' lang='lat' dir='ltr'><strong>in</strong></span> <span class='ocrx_word' id='word_1_680' title='bbox 3208 2890 3410 2959; x_wconf 88' lang='lat' dir='ltr'><strong>jubileo</strong></span> <span class='ocrx_word' id='word_1_681' title='bbox 3442 2907 3531 2945; x_wconf 88' lang='lat' dir='ltr'><strong>re-</strong></span> 
     </span>
    </p>
   </div>
   <div class='ocr_carea' id='block_1_89' title="bbox 1950 2979 3534 3045">
    <p class='ocr_par' dir='ltr' id='par_1_89' title="bbox 1950 2979 3534 3045">
     <span class='ocr_line' id='line_1_89' title="bbox 1950 2979 3534 3045; baseline 0.002 -12"><span class='ocrx_word' id='word_1_682' title='bbox 1950 2987 2218 3033; x_wconf 82' lang='lat' dir='ltr'><strong>vertentur</strong></span> <span class='ocrx_word' id='word_1_683' title='bbox 2254 2980 2326 3032; x_wconf 89' lang='lat' dir='ltr'><strong>ad</strong></span> <span class='ocrx_word' id='word_1_684' title='bbox 2380 2979 2638 3041; x_wconf 84' lang='lat' dir='ltr'><strong>dominos,</strong></span> <span class='ocrx_word' id='word_1_685' title='bbox 2672 2979 2797 3045; x_wconf 89' lang='lat' dir='ltr'><strong>quia</strong></span> <span class='ocrx_word' id='word_1_686' title='bbox 2842 2979 3026 3033; x_wconf 88' lang='lat' dir='ltr'><strong>domus</strong></span> <span class='ocrx_word' id='word_1_687' title='bbox 3070 2980 3278 3034; x_wconf 84' lang='lat' dir='ltr'><strong>urbium</strong></span> <span class='ocrx_word' id='word_1_688' title='bbox 3318 2981 3534 3037; x_wconf 79' lang='lat' dir='ltr'><strong>Levita-</strong></span> 
     </span>
    </p>
   </div>
   <div class='ocr_carea' id='block_1_90' title="bbox 1953 3050 3532 3140">
    <p class='ocr_par' dir='ltr' id='par_1_90' title="bbox 1953 3050 3532 3140">
     <span class='ocr_line' id='line_1_90' title="bbox 1953 3050 3532 3140; baseline 0.004 -16"><span class='ocrx_word' id='word_1_689' title='bbox 1953 3087 2072 3125; x_wconf 89' lang='lat' dir='ltr'><strong>rum</strong></span> <span class='ocrx_word' id='word_1_690' title='bbox 2105 3050 2211 3139; x_wconf 31' lang='lat' dir='ltr'><strong>pro‘</strong></span> <span class='ocrx_word' id='word_1_691' title='bbox 2228 3070 2642 3138; x_wconf 82' lang='lat' dir='ltr'><strong>possessionibus</strong></span> <span class='ocrx_word' id='word_1_692' title='bbox 2684 3080 2807 3122; x_wconf 85' lang='lat' dir='ltr'><strong>sunt</strong></span> <span class='ocrx_word' id='word_1_693' title='bbox 2848 3070 2987 3125; x_wconf 86' lang='lat' dir='ltr'><strong>inter</strong></span> <span class='ocrx_word' id='word_1_694' title='bbox 3024 3070 3163 3140; x_wconf 74' lang='lat' dir='ltr'><strong>ﬁlios</strong></span> <span class='ocrx_word' id='word_1_695' title='bbox 3192 3072 3377 3127; x_wconf 85' lang='lat' dir='ltr'><strong>Israel.</strong></span> <span class='ocrx_word' id='word_1_696' title='bbox 3411 3073 3532 3131; x_wconf 80' lang='lat' dir='ltr'><strong>Non</strong></span> 
     </span>
    </p>
   </div>
   <div class='ocr_carea' id='block_1_91' title="bbox 1952 3146 3530 3235">
    <p class='ocr_par' dir='ltr' id='par_1_91' title="bbox 1952 3146 3530 3235">
     <span class='ocr_line' id='line_1_91' title="bbox 1952 3146 3530 3235; baseline 0.003 -19"><span class='ocrx_word' id='word_1_697' title='bbox 1952 3162 2155 3217; x_wconf 84' lang='lat' dir='ltr'><strong>frustra</strong></span> <span class='ocrx_word' id='word_1_698' title='bbox 2189 3160 2405 3217; x_wconf 85' lang='lat' dir='ltr'><strong>Levitas</strong></span> <span class='ocrx_word' id='word_1_699' title='bbox 2430 3146 2699 3231; x_wconf 82' lang='lat' dir='ltr'><strong>quispiam</strong></span> <span class='ocrx_word' id='word_1_700' title='bbox 2745 3161 2890 3216; x_wconf 89' lang='lat' dir='ltr'><strong>dicat</strong></span> <span class='ocrx_word' id='word_1_701' title='bbox 2923 3163 3198 3232; x_wconf 85' lang='lat' dir='ltr'><strong>apostolos</strong></span> <span class='ocrx_word' id='word_1_702' title='bbox 3246 3164 3530 3235; x_wconf 84' lang='lat' dir='ltr'><strong>appellari,</strong></span> 
     </span>
    </p>
   </div>
   <div class='ocr_carea' id='block_1_92' title="bbox 1952 3253 3534 3322">
    <p class='ocr_par' dir='ltr' id='par_1_92' title="bbox 1952 3253 3534 3322">
     <span class='ocr_line' id='line_1_92' title="bbox 1952 3253 3534 3322; baseline 0.003 -13"><span class='ocrx_word' id='word_1_703' title='bbox 1952 3254 2047 3309; x_wconf 88' lang='lat' dir='ltr'><strong>sed</strong></span> <span class='ocrx_word' id='word_1_704' title='bbox 2086 3253 2212 3322; x_wconf 90' lang='lat' dir='ltr'><strong>quia</strong></span> <span class='ocrx_word' id='word_1_705' title='bbox 2242 3253 2310 3309; x_wconf 90' lang='lat' dir='ltr'><strong>de</strong></span> <span class='ocrx_word' id='word_1_706' title='bbox 2344 3253 2548 3308; x_wconf 85' lang='lat' dir='ltr'><strong>Levitis</strong></span> <span class='ocrx_word' id='word_1_707' title='bbox 2577 3254 2784 3309; x_wconf 90' lang='lat' dir='ltr'><strong>dictum</strong></span> <span class='ocrx_word' id='word_1_708' title='bbox 2811 3262 2896 3308; x_wconf 90' lang='lat' dir='ltr'><strong>est</strong></span> <span class='ocrx_word' id='word_1_709' title='bbox 2924 3273 2939 3310; x_wconf 90' lang='lat'><strong>:</strong></span> <span class='ocrx_word' id='word_1_710' title='bbox 2973 3255 3040 3310; x_wconf 87' lang='lat' dir='ltr'><strong>In</strong></span> <span class='ocrx_word' id='word_1_711' title='bbox 3074 3266 3216 3311; x_wconf 84' lang='lat' dir='ltr'><strong>terra</strong></span> <span class='ocrx_word' id='word_1_712' title='bbox 3238 3273 3418 3313; x_wconf 89' lang='lat' dir='ltr'><strong>eorum</strong></span> <span class='ocrx_word' id='word_1_713' title='bbox 3445 3260 3534 3313; x_wconf 85' lang='lat' dir='ltr'><strong>ni-</strong></span> 
     </span>
    </p>
   </div>
   <div class='ocr_carea' id='block_1_93' title="bbox 1952 3346 3536 3423">
    <p class='ocr_par' dir='ltr' id='par_1_93' title="bbox 1952 3346 3536 3423">
     <span class='ocr_line' id='line_1_93' title="bbox 1952 3346 3536 3423; baseline 0.005 -23"><span class='ocrx_word' id='word_1_714' title='bbox 1952 3346 2029 3400; x_wconf 86' lang='lat' dir='ltr'><strong>hil</strong></span> <span class='ocrx_word' id='word_1_715' title='bbox 2049 3346 2352 3414; x_wconf 75' lang='lat' dir='ltr'><strong>possidebis,</strong></span> <span class='ocrx_word' id='word_1_716' title='bbox 2379 3363 2472 3401; x_wconf 86' lang='lat' dir='ltr'><strong>nec</strong></span> <span class='ocrx_word' id='word_1_717' title='bbox 2500 3346 2709 3400; x_wconf 84' lang='lat' dir='ltr'><strong>habebis</strong></span> <span class='ocrx_word' id='word_1_718' title='bbox 2739 3358 2944 3413; x_wconf 84' lang='lat' dir='ltr'><strong>partem</strong></span> <span class='ocrx_word' id='word_1_719' title='bbox 2978 3349 3115 3403; x_wconf 83' lang='lat' dir='ltr'><strong>inter</strong></span> <span class='ocrx_word' id='word_1_720' title='bbox 3139 3367 3244 3405; x_wconf 84' lang='lat' dir='ltr'><strong>eos.</strong></span> <span class='ocrx_word' id='word_1_721' title='bbox 3282 3350 3391 3423; x_wconf 84' lang='lat' dir='ltr'><strong>Ego</strong></span> <span class='ocrx_word' id='word_1_722' title='bbox 3408 3369 3536 3422; x_wconf 78' lang='lat' dir='ltr'><strong>pars</strong></span> 
     </span>
    </p>
   </div>
   <div class='ocr_carea' id='block_1_94' title="bbox 1954 3438 3535 3507">
    <p class='ocr_par' dir='ltr' id='par_1_94' title="bbox 1954 3438 3535 3507">
     <span class='ocr_line' id='line_1_94' title="bbox 1954 3438 3535 3507; baseline 0.006 -17"><span class='ocrx_word' id='word_1_723' title='bbox 1954 3446 2004 3490; x_wconf 90' lang='lat' dir='ltr'><strong>et</strong></span> <span class='ocrx_word' id='word_1_724' title='bbox 2035 3438 2319 3491; x_wconf 79' lang='lat' dir='ltr'><strong>Inereditas</strong></span> <span class='ocrx_word' id='word_1_725' title='bbox 2346 3446 2461 3501; x_wconf 87' lang='lat' dir='ltr'><strong>tua,</strong></span> <span class='ocrx_word' id='word_1_726' title='bbox 2499 3438 2555 3490; x_wconf 88' lang='lat' dir='ltr'><strong>in</strong></span> <span class='ocrx_word' id='word_1_727' title='bbox 2578 3438 2750 3490; x_wconf 84' lang='lat' dir='ltr'><strong>medio</strong></span> <span class='ocrx_word' id='word_1_728' title='bbox 2776 3438 3007 3507; x_wconf 80' lang='lat' dir='ltr'><strong>ﬁliorum</strong></span> <span class='ocrx_word' id='word_1_729' title='bbox 3034 3439 3204 3495; x_wconf 83' lang='lat' dir='ltr'><strong>Israel</strong></span> <span class='ocrx_word' id='word_1_730' title='bbox 3220 3442 3260 3495; x_wconf 87' lang='grc'><strong>⁸.</strong></span> <span class='ocrx_word' id='word_1_731' title='bbox 3294 3444 3409 3500; x_wconf 82' lang='lat' dir='ltr'><strong>Hoc</strong></span> <span class='ocrx_word' id='word_1_732' title='bbox 3433 3461 3535 3499; x_wconf 85' lang='lat' dir='ltr'><strong>au-</strong></span> 
     </span>
    </p>
   </div>
   <div class='ocr_carea' id='block_1_95' title="bbox 1955 3525 3539 3601">
    <p class='ocr_par' dir='ltr' id='par_1_95' title="bbox 1955 3525 3539 3601">
     <span class='ocr_line' id='line_1_95' title="bbox 1955 3525 3539 3601; baseline 0.005 -21"><span class='ocrx_word' id='word_1_733' title='bbox 1955 3534 2065 3580; x_wconf 88' lang='lat' dir='ltr'><strong>tem</strong></span> <span class='ocrx_word' id='word_1_734' title='bbox 2101 3525 2156 3579; x_wconf 93' lang='lat' dir='ltr'><strong>in</strong></span> <span class='ocrx_word' id='word_1_735' title='bbox 2202 3525 2469 3595; x_wconf 90' lang='lat' dir='ltr'><strong>apostolis</strong></span> <span class='ocrx_word' id='word_1_736' title='bbox 2519 3525 2741 3594; x_wconf 89' lang='lat' dir='ltr'><strong>proprie</strong></span> <span class='ocrx_word' id='word_1_737' title='bbox 2790 3526 3072 3595; x_wconf 89' lang='lat' dir='ltr'><strong>impletum</strong></span> <span class='ocrx_word' id='word_1_738' title='bbox 3120 3538 3224 3590; x_wconf 88' lang='lat' dir='ltr'><strong>est.</strong></span> <span class='ocrx_word' id='word_1_739' title='bbox 3256 3533 3346 3601; x_wconf 90' lang='lat' dir='ltr'><strong>qui</strong></span> <span class='ocrx_word' id='word_1_740' title='bbox 3383 3532 3539 3588; x_wconf 86' lang='lat' dir='ltr'><strong>dicc-</strong></span> 
     </span>
    </p>
   </div>
   <div class='ocr_carea' id='block_1_96' title="bbox 1955 3615 3536 3691">
    <p class='ocr_par' dir='ltr' id='par_1_96' title="bbox 1955 3615 3536 3691">
     <span class='ocr_line' id='line_1_96' title="bbox 1955 3615 3536 3691; baseline 0.003 -20"><span class='ocrx_word' id='word_1_741' title='bbox 1955 3617 2094 3672; x_wconf 88' lang='lat' dir='ltr'><strong>bant</strong></span> <span class='ocrx_word' id='word_1_742' title='bbox 2121 3615 2481 3681; x_wconf 85' lang='lat' dir='ltr'><strong>conﬁdenter,</strong></span> <span class='ocrx_word' id='word_1_743' title='bbox 2527 3615 2594 3670; x_wconf 89' lang='lat' dir='ltr'><strong>ad</strong></span> <span class='ocrx_word' id='word_1_744' title='bbox 2633 3615 2920 3669; x_wconf 86' lang='lat' dir='ltr'><strong>Dominum</strong></span> <span class='ocrx_word' id='word_1_745' title='bbox 2952 3634 2966 3670; x_wconf 92' lang='lat'><strong>:</strong></span> <span class='ocrx_word' id='word_1_746' title='bbox 3002 3617 3135 3672; x_wconf 81' lang='lat' dir='ltr'><strong>Ecce</strong></span> <span class='ocrx_word' id='word_1_747' title='bbox 3180 3634 3273 3673; x_wconf 88' lang='lat' dir='ltr'><strong>nos</strong></span> <span class='ocrx_word' id='word_1_748' title='bbox 3314 3622 3536 3691; x_wconf 85' lang='lat' dir='ltr'><strong>reliqui-</strong></span> 
     </span>
    </p>
   </div>
   <div class='ocr_carea' id='block_1_97' title="bbox 1959 3707 3537 3776">
    <p class='ocr_par' dir='ltr' id='par_1_97' title="bbox 1959 3707 3537 3776">
     <span class='ocr_line' id='line_1_97' title="bbox 1959 3707 3537 3776; baseline -0.004 -16"><span class='ocrx_word' id='word_1_749' title='bbox 1959 3723 2075 3761; x_wconf 84' lang='lat' dir='ltr'><strong>mus</strong></span> <span class='ocrx_word' id='word_1_750' title='bbox 2107 3707 2308 3771; x_wconf 87' lang='lat' dir='ltr'><strong>omnia,</strong></span> <span class='ocrx_word' id='word_1_751' title='bbox 2342 3714 2390 3759; x_wconf 88' lang='lat' dir='ltr'><strong>et</strong></span> <span class='ocrx_word' id='word_1_752' title='bbox 2427 3707 2595 3759; x_wconf 85' lang='lat' dir='ltr'><strong>secuti</strong></span> <span class='ocrx_word' id='word_1_753' title='bbox 2621 3721 2802 3759; x_wconf 88' lang='lat' dir='ltr'><strong>sumus</strong></span> <span class='ocrx_word' id='word_1_754' title='bbox 2834 3714 2884 3759; x_wconf 88' lang='lat' dir='ltr'><strong>te</strong></span> <span class='ocrx_word' id='word_1_755' title='bbox 2904 3747 2919 3771; x_wconf 95' lang='lat'><strong>,</strong></span> <span class='ocrx_word' id='word_1_756' title='bbox 2956 3708 3084 3776; x_wconf 83' lang='lat' dir='ltr'><strong>quid</strong></span> <span class='ocrx_word' id='word_1_757' title='bbox 3116 3717 3274 3774; x_wconf 79' lang='lat' dir='ltr'><strong>putas</strong></span> <span class='ocrx_word' id='word_1_758' title='bbox 3302 3712 3409 3771; x_wconf 68' lang='lat' dir='ltr'><strong>[fit</strong></span> <span class='ocrx_word' id='word_1_759' title='bbox 3440 3727 3537 3765; x_wconf 81' lang='lat' dir='ltr'><strong>no-</strong></span> 
     </span>
    </p>
   </div>
   <div class='ocr_carea' id='block_1_98' title="bbox 1960 3798 3544 3869">
    <p class='ocr_par' dir='ltr' id='par_1_98' title="bbox 1960 3798 3544 3869">
     <span class='ocr_line' id='line_1_98' title="bbox 1960 3798 3544 3869; baseline 0.004 -16"><span class='ocrx_word' id='word_1_760' title='bbox 1960 3799 2114 3854; x_wconf 81' lang='lat' dir='ltr'><strong>bis&quot;?</strong></span> <span class='ocrx_word' id='word_1_761' title='bbox 2142 3798 2343 3853; x_wconf 89' lang='lat' dir='ltr'><strong>Horum</strong></span> <span class='ocrx_word' id='word_1_762' title='bbox 2373 3814 2503 3868; x_wconf 84' lang='lat' dir='ltr'><strong>ergo</strong></span> <span class='ocrx_word' id='word_1_763' title='bbox 2541 3798 2704 3863; x_wconf 68' lang='lat' dir='ltr'><strong>aedes,</strong></span> <span class='ocrx_word' id='word_1_764' title='bbox 2737 3814 2860 3869; x_wconf 72' lang='lat' dir='ltr'><strong>qua:</strong></span> <span class='ocrx_word' id='word_1_765' title='bbox 2891 3799 2946 3853; x_wconf 92' lang='lat' dir='ltr'><strong>in</strong></span> <span class='ocrx_word' id='word_1_766' title='bbox 2977 3799 3205 3856; x_wconf 90' lang='lat' dir='ltr'><strong>urbibus</strong></span> <span class='ocrx_word' id='word_1_767' title='bbox 3235 3812 3383 3869; x_wconf 88' lang='lat' dir='ltr'><strong>sunt,</strong></span> <span class='ocrx_word' id='word_1_768' title='bbox 3420 3803 3544 3860; x_wconf 82' lang='lat' dir='ltr'><strong>sive</strong></span> 
     </span>
    </p>
   </div>
   <div class='ocr_carea' id='block_1_99' title="bbox 1959 3890 3541 3964">
    <p class='ocr_par' dir='ltr' id='par_1_99' title="bbox 1959 3890 3541 3964">
     <span class='ocr_line' id='line_1_99' title="bbox 1959 3890 3541 3964; baseline 0.002 -16"><span class='ocrx_word' id='word_1_769' title='bbox 1959 3891 2258 3947; x_wconf 87' lang='lat' dir='ltr'><strong>secundum</strong></span> <span class='ocrx_word' id='word_1_770' title='bbox 2285 3890 2661 3960; x_wconf 85' lang='lat' dir='ltr'><strong>Septuaginta,</strong></span> <span class='ocrx_word' id='word_1_771' title='bbox 2678 3891 2856 3944; x_wconf 85' lang='lat' dir='ltr'><strong>domos</strong></span> <span class='ocrx_word' id='word_1_772' title='bbox 2882 3892 3172 3957; x_wconf 84' lang='lat' dir='ltr'><strong>civitatum,</strong></span> <span class='ocrx_word' id='word_1_773' title='bbox 3193 3907 3382 3948; x_wconf 84' lang='lat' dir='ltr'><strong>eorum</strong></span> <span class='ocrx_word' id='word_1_774' title='bbox 3407 3910 3541 3964; x_wconf 86' lang='lat' dir='ltr'><strong>pos-</strong></span> 
     </span>
    </p>
   </div>
   <div class='ocr_carea' id='block_1_100' title="bbox 1960 3982 3541 4049">
    <p class='ocr_par' dir='ltr' id='par_1_100' title="bbox 1960 3982 3541 4049">
     <span class='ocr_line' id='line_1_100' title="bbox 1960 3982 3541 4049; baseline 0.002 -12"><span class='ocrx_word' id='word_1_775' title='bbox 1960 3982 2260 4041; x_wconf 87' lang='lat' dir='ltr'><strong>sessiones.</strong></span> <span class='ocrx_word' id='word_1_776' title='bbox 2289 3988 2559 4049; x_wconf 86' lang='lat' dir='ltr'><strong>quotquot</strong></span> <span class='ocrx_word' id='word_1_777' title='bbox 2588 3994 2684 4035; x_wconf 90' lang='lat' dir='ltr'><strong>eos</strong></span> <span class='ocrx_word' id='word_1_778' title='bbox 2718 3982 2891 4036; x_wconf 88' lang='lat' dir='ltr'><strong>secuti</strong></span> <span class='ocrx_word' id='word_1_779' title='bbox 2929 3992 3059 4037; x_wconf 86' lang='lat' dir='ltr'><strong>sunt</strong></span> <span class='ocrx_word' id='word_1_780' title='bbox 3090 3984 3196 4039; x_wconf 79' lang='lat' dir='ltr'><strong>fide</strong></span> <span class='ocrx_word' id='word_1_781' title='bbox 3225 3994 3279 4039; x_wconf 91' lang='lat' dir='ltr'><strong>et</strong></span> <span class='ocrx_word' id='word_1_782' title='bbox 3307 4001 3541 4042; x_wconf 87' lang='lat' dir='ltr'><strong>conver-</strong></span> 
     </span>
    </p>
   </div>
   <div class='ocr_carea' id='block_1_101' title="bbox 1959 4070 3543 4147">
    <p class='ocr_par' dir='ltr' id='par_1_101' title="bbox 1959 4070 3543 4147">
     <span class='ocr_line' id='line_1_101' title="bbox 1959 4070 3543 4147; baseline 0.004 -21"><span class='ocrx_word' id='word_1_783' title='bbox 1959 4072 2196 4134; x_wconf 88' lang='lat' dir='ltr'><strong>satione,</strong></span> <span class='ocrx_word' id='word_1_784' title='bbox 2229 4070 2455 4125; x_wconf 80' lang='lat' dir='ltr'><strong>Judaiea</strong></span> <span class='ocrx_word' id='word_1_785' title='bbox 2508 4070 2732 4141; x_wconf 87' lang='lat' dir='ltr'><strong>collegia</strong></span> <span class='ocrx_word' id='word_1_786' title='bbox 2789 4081 2937 4127; x_wconf 88' lang='lat' dir='ltr'><strong>recte</strong></span> <span class='ocrx_word' id='word_1_787' title='bbox 2989 4073 3385 4146; x_wconf 85' lang='lat' dir='ltr'><strong>intelliguntur,</strong></span> <span class='ocrx_word' id='word_1_788' title='bbox 3415 4078 3543 4147; x_wconf 87' lang='lat' dir='ltr'><strong>quia</strong></span> 
     </span>
    </p>
   </div>
   <div class='ocr_carea' id='block_1_102' title="bbox 1958 4162 3546 4239">
    <p class='ocr_par' dir='ltr' id='par_1_102' title="bbox 1958 4162 3546 4239">
     <span class='ocr_line' id='line_1_102' title="bbox 1958 4162 3546 4239; baseline 0.004 -21"><span class='ocrx_word' id='word_1_789' title='bbox 1958 4165 2114 4236; x_wconf 87' lang='lat' dir='ltr'><strong>prius</strong></span> <span class='ocrx_word' id='word_1_790' title='bbox 2137 4173 2364 4234; x_wconf 87' lang='lat' dir='ltr'><strong>propter</strong></span> <span class='ocrx_word' id='word_1_791' title='bbox 2392 4176 2488 4218; x_wconf 92' lang='lat' dir='ltr'><strong>eos</strong></span> <span class='ocrx_word' id='word_1_792' title='bbox 2520 4162 2617 4229; x_wconf 89' lang='lat' dir='ltr'><strong>ire,</strong></span> <span class='ocrx_word' id='word_1_793' title='bbox 2652 4171 2715 4218; x_wconf 91' lang='lat' dir='ltr'><strong>ut</strong></span> <span class='ocrx_word' id='word_1_794' title='bbox 2756 4164 2823 4218; x_wconf 91' lang='lat' dir='ltr'><strong>ad</strong></span> <span class='ocrx_word' id='word_1_795' title='bbox 2855 4179 2987 4220; x_wconf 87' lang='lat' dir='ltr'><strong>oves</strong></span> <span class='ocrx_word' id='word_1_796' title='bbox 3026 4180 3148 4235; x_wconf 62' lang='lat' dir='ltr'><strong>quae</strong></span> <span class='ocrx_word' id='word_1_797' title='bbox 3195 4166 3415 4223; x_wconf 79' lang='lat' dir='ltr'><strong>fuerant</strong></span> <span class='ocrx_word' id='word_1_798' title='bbox 3441 4185 3546 4239; x_wconf 83' lang='lat' dir='ltr'><strong>per</strong></span> 
     </span>
    </p>
   </div>
   <div class='ocr_carea' id='block_1_103' title="bbox 1959 4254 3544 4331">
    <p class='ocr_par' dir='ltr' id='par_1_103' title="bbox 1959 4254 3544 4331">
     <span class='ocr_line' id='line_1_103' title="bbox 1959 4254 3544 4331; baseline 0.003 -18"><span class='ocrx_word' id='word_1_799' title='bbox 1959 4258 2117 4313; x_wconf 76' lang='lat' dir='ltr'><strong>dictae</strong></span> <span class='ocrx_word' id='word_1_800' title='bbox 2144 4257 2341 4312; x_wconf 89' lang='lat' dir='ltr'><strong>domus</strong></span> <span class='ocrx_word' id='word_1_801' title='bbox 2370 4256 2560 4322; x_wconf 86' lang='lat' dir='ltr'><strong>Israel,</strong></span> <span class='ocrx_word' id='word_1_802' title='bbox 2590 4270 2621 4310; x_wconf 91' lang='lat' dir='ltr'><strong>a</strong></span> <span class='ocrx_word' id='word_1_803' title='bbox 2665 4254 2886 4311; x_wconf 88' lang='lat' dir='ltr'><strong>Christo</strong></span> <span class='ocrx_word' id='word_1_804' title='bbox 2931 4257 3072 4326; x_wconf 88' lang='lat' dir='ltr'><strong>jussi</strong></span> <span class='ocrx_word' id='word_1_805' title='bbox 3109 4267 3259 4313; x_wconf 88' lang='lat' dir='ltr'><strong>sunt.</strong></span> <span class='ocrx_word' id='word_1_806' title='bbox 3295 4260 3440 4331; x_wconf 83' lang='lat' dir='ltr'><strong>Ergo</strong></span> <span class='ocrx_word' id='word_1_807' title='bbox 3472 4261 3544 4317; x_wconf 86' lang='lat' dir='ltr'><strong>ad</strong></span> 
     </span>
    </p>
   </div>
   <div class='ocr_carea' id='block_1_104' title="bbox 1959 4348 3540 4421">
    <p class='ocr_par' dir='ltr' id='par_1_104' title="bbox 1959 4348 3540 4421">
     <span class='ocr_line' id='line_1_104' title="bbox 1959 4348 3540 4421; baseline 0.003 -16"><span class='ocrx_word' id='word_1_808' title='bbox 1959 4359 2163 4406; x_wconf 88' lang='lat' dir='ltr'><strong>sortem</strong></span> <span class='ocrx_word' id='word_1_809' title='bbox 2198 4364 2389 4405; x_wconf 88' lang='lat' dir='ltr'><strong>eorum</strong></span> <span class='ocrx_word' id='word_1_810' title='bbox 2418 4349 2770 4419; x_wconf 88' lang='lat' dir='ltr'><strong>pertinebant</strong></span> <span class='ocrx_word' id='word_1_811' title='bbox 2799 4348 2899 4415; x_wconf 90' lang='lat' dir='ltr'><strong>illi,</strong></span> <span class='ocrx_word' id='word_1_812' title='bbox 2925 4359 3089 4419; x_wconf 89' lang='lat' dir='ltr'><strong>atque</strong></span> <span class='ocrx_word' id='word_1_813' title='bbox 3113 4353 3540 4421; x_wconf 88' lang='lat' dir='ltr'><strong>possessionem,</strong></span> 
     </span>
    </p>
   </div>
   <div class='ocr_carea' id='block_1_105' title="bbox 1960 4439 3547 4514">
    <p class='ocr_par' dir='ltr' id='par_1_105' title="bbox 1960 4439 3547 4514">
     <span class='ocr_line' id='line_1_105' title="bbox 1960 4439 3547 4514; baseline 0.002 -16"><span class='ocrx_word' id='word_1_814' title='bbox 1960 4457 2286 4514; x_wconf 85' lang='lat' dir='ltr'><strong>semperque</strong></span> <span class='ocrx_word' id='word_1_815' title='bbox 2318 4448 2572 4512; x_wconf 87' lang='lat' dir='ltr'><strong>poterant</strong></span> <span class='ocrx_word' id='word_1_816' title='bbox 2600 4439 2818 4506; x_wconf 89' lang='lat' dir='ltr'><strong>redimi,</strong></span> <span class='ocrx_word' id='word_1_817' title='bbox 2842 4448 2899 4495; x_wconf 89' lang='lat' dir='ltr'><strong>et</strong></span> <span class='ocrx_word' id='word_1_818' title='bbox 2929 4441 3033 4497; x_wconf 92' lang='lat' dir='ltr'><strong>hoc</strong></span> <span class='ocrx_word' id='word_1_819' title='bbox 3055 4442 3280 4498; x_wconf 78' lang='lat' dir='ltr'><strong>historia</strong></span> <span class='ocrx_word' id='word_1_820' title='bbox 3308 4445 3547 4501; x_wconf 83' lang='lat' dir='ltr'><strong>Actuum</strong></span> 
     </span>
    </p>
   </div>
   <div class='ocr_carea' id='block_1_106' title="bbox 1959 4533 3545 4605">
    <p class='ocr_par' dir='ltr' id='par_1_106' title="bbox 1959 4533 3545 4605">
     <span class='ocr_line' id='line_1_106' title="bbox 1959 4533 3545 4605; baseline 0.004 -17"><span class='ocrx_word' id='word_1_821' title='bbox 1959 4536 2332 4605; x_wconf 88' lang='lat' dir='ltr'><strong>apostolorum</strong></span> <span class='ocrx_word' id='word_1_822' title='bbox 2364 4533 2758 4589; x_wconf 84' lang='lat' dir='ltr'><strong>demonstravit</strong></span> <span class='ocrx_word' id='word_1_823' title='bbox 2792 4551 2807 4587; x_wconf 87' lang='lat'><strong>:</strong></span> <span class='ocrx_word' id='word_1_824' title='bbox 2839 4533 3008 4589; x_wconf 87' lang='lat' dir='ltr'><strong>multa</strong></span> <span class='ocrx_word' id='word_1_825' title='bbox 3046 4536 3194 4591; x_wconf 91' lang='lat' dir='ltr'><strong>enim</strong></span> <span class='ocrx_word' id='word_1_826' title='bbox 3224 4536 3545 4595; x_wconf 69' lang='lat' dir='ltr'><strong>Iudaeorum</strong></span> 
     </span>
    </p>
   </div>
   <div class='ocr_carea' id='block_1_107' title="bbox 1957 4624 3550 4701">
    <p class='ocr_par' dir='ltr' id='par_1_107' title="bbox 1957 4624 3550 4701">
     <span class='ocr_line' id='line_1_107' title="bbox 1957 4624 3550 4701; baseline 0.003 -20"><span class='ocrx_word' id='word_1_827' title='bbox 1957 4641 2058 4697; x_wconf 90' lang='lat' dir='ltr'><strong>per</strong></span> <span class='ocrx_word' id='word_1_828' title='bbox 2103 4626 2383 4697; x_wconf 87' lang='lat' dir='ltr'><strong>apostolos</strong></span> <span class='ocrx_word' id='word_1_829' title='bbox 2424 4625 2494 4682; x_wconf 90' lang='lat' dir='ltr'><strong>ab</strong></span> <span class='ocrx_word' id='word_1_830' title='bbox 2517 4639 2704 4680; x_wconf 88' lang='lat' dir='ltr'><strong>errore</strong></span> <span class='ocrx_word' id='word_1_831' title='bbox 2738 4624 2847 4680; x_wconf 83' lang='lat' dir='ltr'><strong>dixi</strong></span> <span class='ocrx_word' id='word_1_832' title='bbox 2882 4625 3109 4682; x_wconf 88' lang='lat' dir='ltr'><strong>liberata</strong></span> <span class='ocrx_word' id='word_1_833' title='bbox 3146 4629 3391 4701; x_wconf 86' lang='lat' dir='ltr'><strong>collegia.</strong></span> <span class='ocrx_word' id='word_1_834' title='bbox 3424 4629 3550 4686; x_wconf 80' lang='lat' dir='ltr'><strong>Non</strong></span> 
     </span>
    </p>
   </div>
   <div class='ocr_carea' id='block_1_108' title="bbox 1958 4717 3551 4793">
    <p class='ocr_par' dir='ltr' id='par_1_108' title="bbox 1958 4717 3551 4793">
     <span class='ocr_line' id='line_1_108' title="bbox 1958 4717 3551 4793; baseline 0.004 -20"><span class='ocrx_word' id='word_1_835' title='bbox 1958 4718 2089 4774; x_wconf 85' lang='lat' dir='ltr'><strong>solis</strong></span> <span class='ocrx_word' id='word_1_836' title='bbox 2124 4729 2306 4774; x_wconf 89' lang='lat' dir='ltr'><strong>autem</strong></span> <span class='ocrx_word' id='word_1_837' title='bbox 2354 4718 2512 4774; x_wconf 89' lang='lat' dir='ltr'><strong>licuit</strong></span> <span class='ocrx_word' id='word_1_838' title='bbox 2561 4718 2824 4789; x_wconf 89' lang='lat' dir='ltr'><strong>apostolis</strong></span> <span class='ocrx_word' id='word_1_839' title='bbox 2856 4717 3000 4776; x_wconf 89' lang='lat' dir='ltr'><strong>hanc</strong></span> <span class='ocrx_word' id='word_1_840' title='bbox 3028 4734 3292 4793; x_wconf 83' lang='lat' dir='ltr'><strong>peragere</strong></span> <span class='ocrx_word' id='word_1_841' title='bbox 3326 4724 3551 4779; x_wconf 81' lang='lat' dir='ltr'><strong>redem-</strong></span> 
     </span>
    </p>
   </div>
   <div class='ocr_carea' id='block_1_109' title="bbox 1959 4808 3547 4880">
    <p class='ocr_par' dir='ltr' id='par_1_109' title="bbox 1959 4808 3547 4880">
     <span class='ocr_line' id='line_1_109' title="bbox 1959 4808 3547 4880; baseline 0.003 -16"><span class='ocrx_word' id='word_1_842' title='bbox 1959 4809 2228 4879; x_wconf 82' lang='lat' dir='ltr'><strong>ptionem,</strong></span> <span class='ocrx_word' id='word_1_843' title='bbox 2263 4809 2357 4864; x_wconf 90' lang='lat' dir='ltr'><strong>sed</strong></span> <span class='ocrx_word' id='word_1_844' title='bbox 2390 4818 2446 4864; x_wconf 90' lang='lat' dir='ltr'><strong>et</strong></span> <span class='ocrx_word' id='word_1_845' title='bbox 2474 4808 2759 4880; x_wconf 87' lang='lat' dir='ltr'><strong>discipulis</strong></span> <span class='ocrx_word' id='word_1_846' title='bbox 2796 4823 3012 4865; x_wconf 87' lang='lat' dir='ltr'><strong>eorum.</strong></span> <span class='ocrx_word' id='word_1_847' title='bbox 3039 4811 3147 4867; x_wconf 82' lang='lat' dir='ltr'><strong>Sed</strong></span> <span class='ocrx_word' id='word_1_848' title='bbox 3183 4820 3364 4868; x_wconf 86' lang='lat' dir='ltr'><strong>tamen</strong></span> <span class='ocrx_word' id='word_1_849' title='bbox 3404 4814 3547 4869; x_wconf 87' lang='lat' dir='ltr'><strong>hanc</strong></span> 
     </span>
    </p>
   </div>
   <div class='ocr_carea' id='block_1_110' title="bbox 1962 4899 3555 4972">
    <p class='ocr_par' dir='ltr' id='par_1_110' title="bbox 1962 4899 3555 4972">
     <span class='ocr_line' id='line_1_110' title="bbox 1962 4899 3555 4972; baseline 0.005 -19"><span class='ocrx_word' id='word_1_850' title='bbox 1962 4901 2266 4955; x_wconf 86' lang='lat' dir='ltr'><strong>secundum</strong></span> <span class='ocrx_word' id='word_1_851' title='bbox 2311 4899 2530 4956; x_wconf 91' lang='lat' dir='ltr'><strong>illorum</strong></span> <span class='ocrx_word' id='word_1_852' title='bbox 2566 4902 2854 4972; x_wconf 89' lang='lat' dir='ltr'><strong>oportebat</strong></span> <span class='ocrx_word' id='word_1_853' title='bbox 2899 4901 3039 4958; x_wconf 81' lang='lat' dir='ltr'><strong>ellici</strong></span> <span class='ocrx_word' id='word_1_854' title='bbox 3078 4905 3382 4962; x_wconf 55' lang='lat' dir='ltr'><strong>doctrinam</strong></span> <span class='ocrx_word' id='word_1_855' title='bbox 3414 4942 3430 4970; x_wconf 90' lang='lat'><strong>,</strong></span> <span class='ocrx_word' id='word_1_856' title='bbox 3486 4912 3555 4961; x_wconf 83' lang='lat' dir='ltr'><strong>ut</strong></span> 
     </span>
    </p>
   </div>
   <div class='ocr_carea' id='block_1_111' title="bbox 1963 4989 3543 5065">
    <p class='ocr_par' dir='ltr' id='par_1_111' title="bbox 1963 4989 3543 5065">
     <span class='ocr_line' id='line_1_111' title="bbox 1963 4989 3543 5065; baseline 0.003 -20"><span class='ocrx_word' id='word_1_857' title='bbox 1963 4989 2070 5045; x_wconf 87' lang='lat' dir='ltr'><strong>illis</strong></span> <span class='ocrx_word' id='word_1_858' title='bbox 2111 4991 2476 5062; x_wconf 89' lang='lat' dir='ltr'><strong>imputaretur</strong></span> <span class='ocrx_word' id='word_1_859' title='bbox 2517 4994 2609 5064; x_wconf 92' lang='lat' dir='ltr'><strong>qui</strong></span> <span class='ocrx_word' id='word_1_860' title='bbox 2650 4994 2933 5050; x_wconf 78' lang='lat' dir='ltr'><strong>exordium</strong></span> <span class='ocrx_word' id='word_1_861' title='bbox 2985 4994 3127 5050; x_wconf 80' lang='lat' dir='ltr'><strong>facto</strong></span> <span class='ocrx_word' id='word_1_862' title='bbox 3175 4996 3543 5065; x_wconf 69' lang='lat' dir='ltr'><strong>praebuerunt,</strong></span> 
     </span>
    </p>
   </div>
   <div class='ocr_carea' id='block_1_112' title="bbox 1965 5083 3547 5158">
    <p class='ocr_par' dir='ltr' id='par_1_112' title="bbox 1965 5083 3547 5158">
     <span class='ocr_line' id='line_1_112' title="bbox 1965 5083 3547 5158; baseline 0.005 -21"><span class='ocrx_word' id='word_1_863' title='bbox 1965 5083 2061 5153; x_wconf 87' lang='lat' dir='ltr'><strong>qui</strong></span> <span class='ocrx_word' id='word_1_864' title='bbox 2112 5093 2417 5153; x_wconf 88' lang='lat' dir='ltr'><strong>posuerunt</strong></span> <span class='ocrx_word' id='word_1_865' title='bbox 2456 5086 2730 5158; x_wconf 85' lang='lat' dir='ltr'><strong>dogmata.</strong></span> <span class='ocrx_word' id='word_1_866' title='bbox 2768 5087 3043 5158; x_wconf 91' lang='lat' dir='ltr'><strong>quomodo</strong></span> <span class='ocrx_word' id='word_1_867' title='bbox 3094 5087 3167 5152; x_wconf 87' lang='lat' dir='ltr'><strong>hi,</strong></span> <span class='ocrx_word' id='word_1_868' title='bbox 3202 5089 3295 5157; x_wconf 91' lang='lat' dir='ltr'><strong>qui</strong></span> <span class='ocrx_word' id='word_1_869' title='bbox 3341 5088 3396 5143; x_wconf 92' lang='lat' dir='ltr'><strong>in</strong></span> <span class='ocrx_word' id='word_1_870' title='bbox 3433 5089 3547 5145; x_wconf 91' lang='lat' dir='ltr'><strong>cir-</strong></span> 
     </span>
    </p>
   </div>
   <div class='ocr_carea' id='block_1_113' title="bbox 1967 5174 3549 5247">
    <p class='ocr_par' dir='ltr' id='par_1_113' title="bbox 1967 5174 3549 5247">
     <span class='ocr_line' id='line_1_113' title="bbox 1967 5174 3549 5247; baseline 0.003 -16"><span class='ocrx_word' id='word_1_871' title='bbox 1967 5174 2306 5231; x_wconf 89' lang='lat' dir='ltr'><strong>cumcisione</strong></span> <span class='ocrx_word' id='word_1_872' title='bbox 2359 5185 2518 5231; x_wconf 90' lang='lat' dir='ltr'><strong>erant</strong></span> <span class='ocrx_word' id='word_1_873' title='bbox 2563 5178 2763 5233; x_wconf 78' lang='lat' dir='ltr'><strong>salvari</strong></span> <span class='ocrx_word' id='word_1_874' title='bbox 2813 5185 2870 5232; x_wconf 89' lang='lat' dir='ltr'><strong>et</strong></span> <span class='ocrx_word' id='word_1_875' title='bbox 2918 5178 3137 5232; x_wconf 87' lang='lat' dir='ltr'><strong>liberari</strong></span> <span class='ocrx_word' id='word_1_876' title='bbox 3193 5177 3421 5247; x_wconf 88' lang='lat' dir='ltr'><strong>possint.</strong></span> <span class='ocrx_word' id='word_1_877' title='bbox 3479 5179 3549 5237; x_wconf 79' lang='lat' dir='ltr'><strong>Et</strong></span> 
     </span>
    </p>
   </div>
   <div class='ocr_carea' id='block_1_114' title="bbox 1968 5269 3556 5346">
    <p class='ocr_par' dir='ltr' id='par_1_114' title="bbox 1968 5269 3556 5346">
     <span class='ocr_line' id='line_1_114' title="bbox 1968 5269 3556 5346; baseline 0.004 -25"><span class='ocrx_word' id='word_1_878' title='bbox 1968 5277 2261 5340; x_wconf 86' lang='lat' dir='ltr'><strong>propterea</strong></span> <span class='ocrx_word' id='word_1_879' title='bbox 2299 5269 2599 5324; x_wconf 87' lang='lat' dir='ltr'><strong>secundum</strong></span> <span class='ocrx_word' id='word_1_880' title='bbox 2629 5270 2986 5341; x_wconf 82' lang='lat' dir='ltr'><strong>Septuaginta</strong></span> <span class='ocrx_word' id='word_1_881' title='bbox 3013 5270 3091 5324; x_wconf 89' lang='lat' dir='ltr'><strong>ait</strong></span> <span class='ocrx_word' id='word_1_882' title='bbox 3124 5288 3137 5327; x_wconf 88' lang='lat'><strong>:</strong></span> <span class='ocrx_word' id='word_1_883' title='bbox 3168 5269 3238 5324; x_wconf 80' lang='lat' dir='ltr'><strong>Et</strong></span> <span class='ocrx_word' id='word_1_884' title='bbox 3259 5272 3556 5346; x_wconf 77' lang='lat' dir='ltr'><strong>quicunque</strong></span> 
     </span>
    </p>
   </div>
   <div class='ocr_carea' id='block_1_115' title="bbox 1969 5360 3553 5432">
    <p class='ocr_par' dir='ltr' id='par_1_115' title="bbox 1969 5360 3553 5432">
     <span class='ocr_line' id='line_1_115' title="bbox 1969 5360 3553 5432; baseline 0.005 -18"><span class='ocrx_word' id='word_1_885' title='bbox 1969 5362 2225 5416; x_wconf 84' lang='lat' dir='ltr'><strong>rediment</strong></span> <span class='ocrx_word' id='word_1_886' title='bbox 2251 5378 2284 5415; x_wconf 90' lang='lat' dir='ltr'><strong>a</strong></span> <span class='ocrx_word' id='word_1_887' title='bbox 2311 5360 2525 5424; x_wconf 83' lang='lat' dir='ltr'><strong>Levitis,</strong></span> <span class='ocrx_word' id='word_1_888' title='bbox 2560 5361 2610 5414; x_wconf 90' lang='lat' dir='ltr'><strong>id</strong></span> <span class='ocrx_word' id='word_1_889' title='bbox 2640 5370 2742 5425; x_wconf 89' lang='lat' dir='ltr'><strong>est,</strong></span> <span class='ocrx_word' id='word_1_890' title='bbox 2784 5360 2854 5415; x_wconf 88' lang='lat' dir='ltr'><strong>ab</strong></span> <span class='ocrx_word' id='word_1_891' title='bbox 2884 5361 2991 5415; x_wconf 89' lang='lat' dir='ltr'><strong>illis</strong></span> <span class='ocrx_word' id='word_1_892' title='bbox 3022 5362 3297 5432; x_wconf 85' lang='lat' dir='ltr'><strong>accipiens</strong></span> <span class='ocrx_word' id='word_1_893' title='bbox 3326 5364 3553 5423; x_wconf 84' lang='lat' dir='ltr'><strong>modum</strong></span> 
     </span>
    </p>
   </div>
   <div class='ocr_carea' id='block_1_116' title="bbox 1968 5449 3553 5526">
    <p class='ocr_par' dir='ltr' id='par_1_116' title="bbox 1968 5449 3553 5526">
     <span class='ocr_line' id='line_1_116' title="bbox 1968 5449 3553 5526; baseline 0.004 -21"><span class='ocrx_word' id='word_1_894' title='bbox 1968 5451 2260 5506; x_wconf 82' lang='lat' dir='ltr'><strong>liberandi.</strong></span> <span class='ocrx_word' id='word_1_895' title='bbox 2310 5449 2430 5505; x_wconf 86' lang='lat' dir='ltr'><strong>Non</strong></span> <span class='ocrx_word' id='word_1_896' title='bbox 2479 5449 2627 5504; x_wconf 87' lang='lat' dir='ltr'><strong>enim</strong></span> <span class='ocrx_word' id='word_1_897' title='bbox 2675 5466 2707 5504; x_wconf 86' lang='lat' dir='ltr'><strong>a</strong></span> <span class='ocrx_word' id='word_1_898' title='bbox 2762 5449 2966 5506; x_wconf 84' lang='lat' dir='ltr'><strong>Levitis</strong></span> <span class='ocrx_word' id='word_1_899' title='bbox 3013 5451 3350 5520; x_wconf 88' lang='lat' dir='ltr'><strong>liberantur,</strong></span> <span class='ocrx_word' id='word_1_900' title='bbox 3395 5454 3553 5526; x_wconf 80' lang='lat' dir='ltr'><strong>quasi</strong></span> 
     </span>
    </p>
   </div>
   <div class='ocr_carea' id='block_1_117' title="bbox 2130 5671 3556 5746">
    <p class='ocr_par' dir='ltr' id='par_1_117' title="bbox 2130 5671 3556 5746">
     <span class='ocr_line' id='line_1_117' title="bbox 2130 5671 3556 5746; baseline 0.004 -19"><span class='ocrx_word' id='word_1_901' title='bbox 2130 5673 2153 5705; x_wconf 84' lang='grc'>⁸</span> <span class='ocrx_word' id='word_1_902' title='bbox 2184 5673 2314 5729; x_wconf 90' lang='lat' dir='ltr'><strong>ibid.</strong></span> <span class='ocrx_word' id='word_1_903' title='bbox 2353 5671 2409 5728; x_wconf 76' lang='lat'><strong>2.</strong></span> <span class='ocrx_word' id='word_1_904' title='bbox 2486 5671 2721 5730; x_wconf 67' lang='lat' dir='ltr'><strong>‘Hatth.</strong></span> <span class='ocrx_word' id='word_1_905' title='bbox 2758 5690 2879 5741; x_wconf 78' lang='lat' dir='ltr'><strong>xm,</strong></span> <span class='ocrx_word' id='word_1_906' title='bbox 2906 5674 2995 5744; x_wconf 68' lang='grc'><strong>44,</strong></span> <span class='ocrx_word' id='word_1_907' title='bbox 3024 5672 3117 5730; x_wconf 75' lang='grc'><strong>45.</strong></span> <span class='ocrx_word' id='word_1_908' title='bbox 3194 5676 3217 5708; x_wconf 82' lang='grc'>⁸</span> <span class='ocrx_word' id='word_1_909' title='bbox 3243 5673 3400 5732; x_wconf 80' lang='lat' dir='ltr'><strong>Joan.</strong></span> <span class='ocrx_word' id='word_1_910' title='bbox 3431 5690 3556 5746; x_wconf 76' lang='lat' dir='ltr'><strong>mi,</strong></span> 
     </span>
    </p>
   </div>
  </div>
