4036 6200
587 280 719 346 1127
1766 270 2135 330 HESYCHII
2182 268 2659 329 PRESBYTERI
3716 263 3868 328 mg

583 395 725 466 ipsis
768 389 1208 463 possidentibus,
1247 397 1301 442 et
1350 396 1634 457 propterea
1672 384 2032 455 Symmachus
2051 423 2065 447 ,
2110 393 2166 438 et
2194 396 2239 447 Α
2268 384 2336 437 ab
2365 399 2453 447 eo,
2482 398 2583 437 nec
2605 382 2840 452 amplius
2859 397 3020 452 quam
3040 380 3439 435 dedisti.’l‘imc
3474 380 3646 435 Deum
3676 395 3882 448 tuum,

582 486 800 557 Aquila,
846 484 1161 554 quicunque
1198 478 1377 534 aﬁinis
1422 487 1506 533 est
1549 478 1620 533 de
1664 478 1901 542 Levitis,
1953 478 2160 532 dicunt.
2268 487 2329 531 ut
2349 477 2533 531 vivere
2559 475 2734 545 possit
2766 473 2934 528 frater
2962 482 3089 527 tuus
3122 471 3266 541 apud
3300 470 3684 527 te.Pecuniam
3703 482 3885 527 tuam

583 575 908 644 Quicunque
940 585 1070 641 ergo
1096 570 1204 624 illis
1230 568 1427 624 similia
1453 569 1633 633 docet,
1665 577 1722 622 et
1749 568 1978 622 redimet
2005 582 2168 636 quas—
2269 584 2376 623 non
2405 567 2562 622 dabis
2599 567 2649 620 ei
2675 565 2743 620 ad
2785 580 3026 627 usuram,
3059 574 3117 618 et
3141 563 3355 635 frugum
3397 566 3890 635 superabundan-
3926 610 3931 613 .

584 668 713 722 dam
739 665 954 726 domos,
978 662 1066 717 vel
1093 662 1138 717 si
1170 662 1224 714 in
1252 661 1569 715 civitatibus
1597 660 1843 714 Judaicis
1871 660 2003 723 sint,
2031 660 2169 723 exiit
2270 662 2400 715 tiam
2445 676 2555 715 non
2599 660 2801 729 exiges.
2837 660 2951 726 Ego
3000 658 3267 713 Dominus
3316 658 3463 712 Deus
3505 670 3711 723 vester,
3773 660 3891 730 qui

584 757 886 814 secundum
911 753 1263 824 Septuaginta
1292 752 1555 815 venditio,
1582 752 1630 805 id
1660 761 1760 817 est,
1791 752 2169 807 liberabuntur
2269 752 2432 806 eduxi
2466 767 2559 805 vos
2596 751 2665 804 de
2705 760 2847 804 terra
2873 748 3085 819 ngypti
3106 791 3121 813 ,
3157 756 3221 803 ut
3246 749 3433 804 darem
3464 750 3620 806 vobis
3656 761 3891 806 terram

584 847 640 902 in
671 844 995 902 remissione
1018 843 1143 898 ﬁdei
1171 843 1372 908 crucis,
1407 852 1462 897 et
1486 858 1761 898 concessa:
1795 858 1893 912 per
1923 858 2042 897 eam
2074 857 2168 897 vc-
2269 843 2528 899 Chanaan
2558 855 2667 898 z-et
2694 857 2869 898 essem
2896 850 3077 896 vester
3099 841 3264 897 Deus.
3297 861 3317 895 ι

586 937 714 991 uiae.
744 934 901 1002 Quod
928 943 1114 990 nostra
1145 934 1315 989 editio
1340 934 1529 988 habet.

2341 957 2400 1011 ln
2433 957 2689 1026 praesenti
2720 956 2836 1027 lege
2865 957 2976 1011 duo
3003 966 3135 1011 sunt
3157 997 3173 1022 ,
3205 971 3327 1026 qua:
3357 956 3550 1011 mirari
3576 957 3891 1029 legislato-

658 1025 722 1083 Si
751 1028 1033 1097 redempta:
1066 1042 1170 1079 non
1201 1026 1421 1096 fuerint,
1446 1026 1501 1078 in
1523 1026 1726 1095 jubileo
1751 1035 2074 1080 reuertentur
2100 1028 2171 1103 ad

587 1121 844 1176 dominos.
875 1118 1058 1185 Quare
1103 1127 1286 1173 autem
1337 1118 1542 1172 dictum
1582 1128 1685 1181 est,
1737 1120 2002 1188 sequitur.
2035 1119 2174 1183 Quia

588 1216 774 1269 domus
800 1213 1004 1267 urbium
1031 1210 1337 1265 Levitarum
1365 1227 1462 1278 pro
1489 1211 1899 1279 possessionibus
1936 1212 2177 1282 sunt_in-

595 1316 674 1360 ter
702 1306 839 1375 ﬁlios
872 1302 1064 1357 Israel.
1097 1302 1152 1356 Id
1184 1312 1288 1363 est,
1320 1310 1541 1371 propter
1568 1302 1938 1372 apostolorum
1972 1318 2174 1372 cogna-

598 1399 827 1463 tionem,
861 1394 1282 1466 intelligibilium
1336 1395 1481 1447 enim
1535 1394 1869 1459 Levitarum,
1898 1395 2175 1464 apostolo-

592 1505 716 1544 rum
752 1485 1132 1559 possessio.in
1180 1485 1360 1539 medio
1392 1484 1629 1538 ﬁliorum
1670 1484 1832 1538 lsrael
1865 1494 1999 1550 erat,
2037 1486 2178 1539 sicut

591 1579 969 1650 cognovimus,
989 1577 1116 1646 quia
1147 1577 1342 1631 Petrus
1371 1586 1426 1631 et
1452 1576 1692 1635 Joannes
1726 1586 1929 1632 sortem
1958 1587 2180 1645 aposto-

2273 1063 2388 1102 rem
2415 1058 2653 1118 Oportet,
2688 1049 2743 1103 id
2777 1059 2861 1104 est
2886 1089 2901 1112 ,
2935 1050 3203 1118 sapientia
3253 1057 3310 1103 et
3347 1050 3540 1119 pietas.
3579 1051 3889 1121 Sapientia

2271 1141 2518 1210 quidem,
2542 1143 2669 1210 quia
2697 1157 2818 1212 qua:
2846 1152 2976 1196 sunt
3001 1141 3277 1205 sublimia,
3301 1157 3398 1211 per
3426 1156 3491 1196 ea
3520 1158 3642 1212 qua:
3663 1145 3890 1198 viden-

2277 1241 2366 1286 tur
2398 1232 2647 1296 humilia,
2681 1232 2926 1301 exponit.
2962 1231 3142 1287 Pietas
3168 1241 3375 1297 autem,
3404 1248 3527 1303 qua:
3558 1243 3647 1289 est
3675 1235 3737 1288 in
3758 1243 3887 1289 'cn-

2276 1323 2450 1378 stodia
2481 1322 2704 1385 litterae,
2742 1331 2799 1376 et
2832 1323 3311 1392 contemplationis
3347 1324 3627 1392 spiritalis.
3656 1324 3885 1379 Littera

2277 1411 2568 1481 siquidem,
2606 1412 2863 1481 pauperis
2898 1412 3069 1483 exigit
3096 1412 3549 1479 subventionem,
3589 1421 3646 1467 et
3686 1429 3885 1484 neque

2278 1503 2457 1557 claudi
2488 1518 2614 1573 erga
2635 1516 2772 1557 .eum
2799 1502 3009 1557 viscera
3044 1506 3253 1572 petenti
3299 1512 3585 1567 mutuum,
3620 1520 3728 1558 nec
3780 1520 3883 1558 ne-

2279 1596 2470 1666 gotiari
2497 1597 2566 1652 de
2595 1605 2914 1666 paupertate
2959 1597 3078 1665 ejus
3099 1636 3114 1658 ,
3149 1596 3706 1665 superabundantiam
3756 1598 3887 1652 cxi-

591 1670 734 1724 ³³⁸³⁸
759 1668 813 1722 in
840 1666 1230 1777 pmdiga‘jone
1268 1682 1479 1777 (ξξπυων
1505 1666 1606 1777 ξιυί
1638 1681 1703 1720 εκ
1732 1666 2172 1777 θίᾞυωείδίοηξθν
2209 1704 2252 1777 Β
2281 1688 2476 1758 gendo,
2510 1698 2567 1741 et
2592 1702 2813 1743 usuram
2846 1688 3218 1757 percipiendo,
3242 1697 3299 1742 et
3324 1688 3535 1742 lucrum
3561 1689 3630 1742 de
3659 1698 3882 1758 pietate

591 1766 978 1829 perceperunt.
1014 1756 1121 1811 Sed
1164 1764 1220 1810 et
1251 1756 1359 1809 alio
1406 1755 1570 1810 modo
1607 1756 1869 1824 apostolis
1899 1757 2174 1826 possessio

592 1850 651 1903 in
671 1849 849 1905 medio
878 1847 1114 1904 ﬁliorum
1143 1846 1307 1902 Israel
1339 1856 1478 1903 erat.
1508 1845 2000 1902 Circumcisiouem
2027 1848 2173 1902 enim

594 1942 872 1997 habebant
909 1948 966 1995 et
994 1940 1120 2009 ipsi,
1141 1948 1197 1994 et
1226 1938 1531 1994 secundum
1555 1938 1729 2009 legem
1764 1938 1928 1994 Israel
1959 1955 2176 2010 semper

594 2029 866 2084 vixerant.
902 2028 1135 2098 Propter
1159 2028 1306 2096 quod
1338 2035 1394 2082 et
1415 2042 1605 2081 eorum
1636 2037 1793 2082 erant
1825 2028 1957 2098 ipsae
1980 2029 2177 2084 domus

592 2119 880 2194 civitatum
911 2138 925 2173 :
958 2120 1027 2174 ab
1057 2120 1192 2190 ipsis
1220 2120 1369 2175 enim
1396 2130 1557 2176 erant
1582 2119 1845 2182 liberatae,
1864 2129 1920 2175 et
1944 2120 2177 2190 quicun-

594 2225 706 2279 que
733 2210 924 2266 salvati
956 2220 1107 2276 sunt,
1143 2225 1245 2280 per
1296 2226 1392 2266 eos
1438 2210 1631 2266 salvati
1660 2219 1809 2265 sunt.
1843 2211 2062 2266 Etcum
2089 2212 2177 2266 in-

595 2303 746 2376 digni
771 2313 960 2360 essent
987 2311 1211 2375 propter
1235 2302 1657 2373 blasphemiam,
1689 2318 1854 2373 quam
1884 2303 2178 2359 commise-

594 2406 727 2453 runt
759 2397 818 2453 in
850 2410 1091 2462 crucem,
1126 2404 1184 2450 et
1225 2410 1391 2465 quam
1432 2410 1626 2451 rursus
1657 2403 1781 2465 post
1819 2394 2180 2450 resurrectio-

596 2504 724 2545 nem
770 2497 1260 2559 praesumpserunt,
1291 2487 1503 2542 honore
1553 2495 1736 2543 tamen
1781 2487 2177 2557 apostolorum,

596 2580 691 2650 qui
739 2589 796 2635 et
839 2589 967 2634 ante
1007 2592 1226 2633 crucem
1271 2577 1626 2633 crediderunt
1649 2619 1664 2643 ,
1698 2588 1754 2633 et
1788 2578 1843 2631 in
1875 2593 2059 2643 cruce,
2094 2578 2180 2632 vel

597 2670 761 2724 etiam
796 2678 919 2738 post
950 2681 1167 2723 crucem
1209 2676 1661 2737 permanserunt,
1693 2666 1748 2719 in
1791 2666 1898 2722 ﬁde
1940 2668 2180 2738 suscepti

598 2771 747 2820 sunt.
781 2762 850 2818 Et
877 2762 1004 2833 quia
1052 2763 1157 2817 hoc
1188 2777 1375 2817 verum
1423 2771 1528 2826 est,
1558 2763 1710 2819 disce
1745 2763 1882 2820 Isaia
1916 2765 2134 2821 dicente
2162 2783 2177 2819 :

596 2855 718 2911 Nisi
767 2855 1023 2910 Dominus
1068 2854 1394 2908 exercituum
1436 2854 1730 2924 reliquisset
1776 2856 1921 2910 nobis
1960 2872 2135 2912 semen
2163 2895 2179 2919 ,

598 2950 753 3021 quasi
791 2946 1021 3004 Sodoma
1052 2946 1365 3016 fuissemus,
1392 2956 1442 3001 et
1471 2948 1623 3017 quasi
1657 2945 1951 3003 Gomorrlta
1984 2950 2182 3004 similes

598 3041 875 3098 essemus”.
909 3039 968 3094 Si
1001 3040 1150 3095 enim
1185 3055 1294 3094 non
1345 3039 1593 3095 relictum
1640 3048 1787 3096 esset
1832 3056 2017 3096 semen
2048 3057 2181 3111 apo-
2207 3072 2251 3130 α

598 3132 886 3195 stolornm,
912 3130 1050 3186 nihil
1073 3130 1411 3201 prohiberet,
1447 3129 1503 3183 in
1533 3130 1754 3185 modum
1782 3130 2101 3185 Gomorrbae
2125 3141 2182 3184 et

602 3222 853 3279 Sodomae
885 3236 1103 3277 omnem
1133 3220 1346 3291 plebem
1363 3218 1644 3275 Iudaicam
1668 3219 1869 3291 perire.
1901 3219 2008 3274 Sed
2050 3234 2183 3290 apo-

598 3315 866 3371 stolorum
897 3327 1063 3369 causa
1100 3327 1211 3366 non
1240 3327 1435 3367 omnes
1466 3312 1775 3382 perierunt.
1804 3311 2048 3377 Quorum
2076 3311 2184 3365 vir-

603 3414 748 3461 tutes
796 3413 853 3459 et
891 3403 1291 3474 possessiones,
1319 3402 1510 3473 quales
1538 3411 1718 3466 erant,
1751 3404 1807 3457 in
1859 3400 2050 3472 paucis
2098 3401 2184 3455 his

600 3496 888 3552 considera
922 3495 1129 3551 verbis.

672 3586 987 3644 Suburbana
1021 3595 1199 3641 autem
1233 3602 1414 3640 eorum
1437 3602 1542 3640 non
1570 3587 1802 3651 veniunt,
1831 3585 1957 3656 quia
1985 3600 2185 3653 posses-

559 3708 565 3714 -
597 3681 678 3734 sio
703 3681 1021 3749 sempiterna
1052 3688 1146 3733 est.
1184 3677 1467 3745 Quorum?
1498 3677 1866 3748 apostolorum
1895 3675 2180 3740 videlicet,

600 3774 660 3829 hi
691 3787 813 3829 esse
842 3771 1047 3827 Levita:
1092 3770 1223 3826 dicti
1258 3779 1387 3826 sunt
1424 3787 1439 3824 :
1472 3771 1668 3825 horum
1700 3769 2037 3832 suburbana,
2068 3767 2185 3822 sive

599 3867 712 3937 agri
748 3881 863 3921 non
890 3864 1224 3929 vendantur,
1262 3862 1317 3918 id
1350 3870 1457 3925 est,
1487 3861 1958 3922 conversationes.
1989 3868 2046 3915 et
2073 3859 2185 3914 vir-

599 3968 768 4022 tutes,
798 3965 856 4012 et
905 3954 1189 4011 doctrinae.
1222 3953 1351 4009 Hinc
1396 3951 1545 4007 enim
1600 3966 1854 4022 agrorum
1888 3951 2007 4005 vice
2036 3950 2186 4005 cole-
2232 4004 2237 4009 .

600 4051 755 4115 bant,
786 4048 861 4104 ita
906 4055 964 4102 ut
1000 4045 1201 4101 Paulus
1240 4043 1310 4100 de
1355 4042 1438 4099 eis
1467 4042 1713 4099 diceret:
1748 4040 1879 4107 Quis
1908 4041 2185 4111 fplantavit

599 4146 810 4201 rineam
839 4150 889 4196 et
921 4141 985 4195 de
1014 4141 1190 4211 fructu
1218 4137 1333 4207 ejus
1366 4151 1472 4190 non
1500 4134 1687 4189 edet’?
1736 4133 1803 4189 Et
1836 4149 2061 4189 rursus:
2092 4133 2187 4188 Di-

597 4252 734 4309 gnus
759 4245 835 4290 est
857 4230 1134 4302 operarius
1164 4231 1401 4283 mercede
1433 4242 1531 4280 sua
1554 4225 1620 4280 “.
1656 4226 1725 4279 Et
1755 4239 1947 4280 rursus
1974 4242 1989 4279 :
2028 4222 2186 4278 Nun-

601 4327 728 4398 quid
755 4328 819 4381 de
851 4324 1010 4379 bobus
1051 4338 1181 4376 cura
1234 4329 1308 4374 est
1344 4317 1457 4373 Deo
1480 4319 1548 4372 “.
1589 4315 1675 4372 An
1701 4316 1771 4372 de
1801 4316 1960 4372 nobis
2000 4316 2186 4385 Utique

601 4419 774 4474 dicit?
802 4415 943 4483 Quia
973 4415 1119 4470 debet
1146 4415 1203 4467 in
1226 4429 1317 4482 spe
1340 4413 1431 4483 qui
1467 4420 1590 4465 arat
1615 4426 1796 4473 arare,
1826 4420 1877 4464 et
1912 4413 2002 4480 qui
2029 4411 2183 4464 semi-

603 4519 718 4574 nat,
756 4509 813 4563 in
837 4523 928 4575 spe
953 4506 1154 4574 fructus
1179 4504 1502 4574 percipiendi
1521 4502 1585 4555 ι’.
1607 4499 1672 4556 Et
1703 4515 1895 4556 rursus
1927 4520 1939 4555 :
1972 4498 2063 4556 Sic
2093 4517 2184 4556 nos

603 4600 749 4657 vobis
777 4596 1046 4670 spiritalia
1079 4595 1476 4658 seminavimus,
1517 4609 1768 4664 magnum
1813 4603 1889 4647 est
1925 4593 1971 4647 si
2011 4600 2184 4647 uestra

603 4691 847 4747 carnalia
892 4686 1250 4743 metamus“?
1302 4684 1395 4741 liae
1432 4699 1563 4756 ergo
1609 4684 1875 4741 doctrina:
1920 4693 2186 4754 separatae

603 4792 763 4838 erant
792 4779 1105 4839 civitatibus
1133 4792 1346 4844 eorum,
1377 4777 1469 4847 qui
1516 4792 1614 4848 per
1655 4776 1805 4846 ipsos
1833 4777 2179 4841 constabant,

603 4884 663 4930 et
711 4888 808 4945 per
852 4873 1001 4943 ipsos
1050 4868 1401 4925 salvabantur
1436 4886 1449 4922 :
1485 4878 1543 4924 et
1568 4868 1732 4924 veudi
1761 4884 1874 4923 non
1904 4877 2180 4938 poterant,
2228 4922 2235 4927 .

603 4967 735 5038 quia
769 4966 836 5021 ad
873 4965 1023 5035 ipsos
1067 4961 1349 5017 dicebatur
1382 4978 1397 5014 :
1431 4959 1615 5015 Gratis
1654 4962 1926 5030 accepistis
1949 5000 1966 5025 ,
2016 4963 2182 5033 gratis

602 5059 783 5116 date“
816 5058 973 5114 Unde
1024 5065 1080 5112 et
1120 5053 1404 5109 Simonem
1454 5068 1636 5108 emere
1676 5054 1949 5108 volentem
1979 5055 2180 5109 donum

603 5152 848 5225 spiritus,
879 5150 999 5219 ejus
1026 5147 1299 5218 portione,
1331 5146 1445 5200 sive
1471 5154 1617 5201 sorte
1646 5145 1903 5216 privavit.

670 5243 837 5299 Vsus.
871 5241 1054 5298 55-36.
1100 5259 1119 5293 ι
1153 5238 1209 5294 Si
1242 5246 1562 5315 attenuatus
1600 5237 1768 5293 fuerit
1815 5237 1984 5293 frater
2018 5247 2144 5292 tuus
2166 5277 2182 5303 ,

604 5345 661 5390 et
692 5334 943 5389 inﬁrmus
963 5348 1130 5387 manu
1153 5340 1211 5387 et
1236 5330 1542 5400 susceperis
1563 5345 1688 5385 eum
1714 5332 1869 5399 quasi
1897 5331 2184 5395 advenam,

605 5435 661 5479 et
688 5425 1148 5495 peregrinum,“
1173 5421 1367 5476 vixerit
1402 5428 1603 5486 tecum,
1635 5436 1706 5474 ne
1729 5421 1967 5491 accipias
1992 5418 2188 5477 usura‘s

664 5606 687 5638 '
723 5613 826 5670 lsa.
863 5632 904 5679 ι.
939 5618 993 5671 9.
1074 5619 1107 5667 ο.
1131 5615 1148 5669 l
1176 5617 1302 5670 Cor.
1331 5631 1406 5681 rx,
1432 5616 1487 5668 7.

610 5682 665 5739 8.
739 5682 856 5717 “°“
878 5684 1018 5739 Psal.
1052 5701 1275 5750 Lxxvtu,
1306 5686 1359 5740 8.
1440 5685 1482 5716 "
1516 5683 1707 5739 Matth.
1748 5701 1820 5754 rx,
1857 5687 1941 5741 11·

2281 1779 2573 1848 captanda.
2613 1778 2851 1849 Spiritus
2900 1788 3083 1833 autem
3129 1780 3422 1850 anagogice
3481 1779 3880 1849 demonstrat,

2280 1870 2556 1940 quomodo
2590 1877 2842 1939 oporteat
2888 1869 2964 1923 uti
3012 1869 3115 1929 eis.
3140 1870 3234 1939 qui
3267 1871 3355 1924 illa
3381 1882 3698 1940 paupertate
3727 1888 3882 1942 pau-

2281 1976 2443 2033 peres
2486 1962 2615 2017 facti
2645 1971 2795 2025 sunt,
2829 1962 2899 2017 de
2923 1974 3029 2033 qua
3067 1961 3237 2017 David
3268 1962 3537 2018 clamabat
3568 1982 3582 2017 :
3616 1964 3736 2020 Cito
3779 1982 3887 2019 an-

2283 2053 2464 2120 ticipes
2484 2067 2577 2106 nos
2596 2053 2959 2106 misericordia
2982 2060 3095 2115 tua,
3109 2054 3234 2119 quia
3256 2069 3509 2120 pauperes
3521 2057 3649 2123 [acti
3669 2072 3882 2111 sumus

2283 2145 2440 2199 nimis
2459 2143 2693 2200 "°'°.Sic
2706 2160 2838 2217 ergo
2853 2145 3152 2201 secundum
3175 2144 3418 2202 ordinem
3435 2147 3534 2211 his,
3558 2162 3680 2216 quae
3707 2148 3880 2204 dicta

2281 2246 2433 2302 sunt,
2457 2235 2811 2293 intendimus.

2354 2349 2415 2407 Si
2445 2360 2749 2408 attenuatus
2770 2354 2930 2424 fuerit
2950 2352 3119 2425 frater
3152 2358 3305 2420 tusis,
3327 2365 3376 2410 et
3406 2346 3648 2424 inﬁrmus
3676 2356 3873 2421 manu,

2284 2451 2333 2496 et
2366 2444 2656 2511 susceperis
2701 2460 2820 2498 eum
2852 2448 3005 2515 quasi
3044 2444 3303 2499 aduertam
3333 2456 3385 2499 el
3411 2447 3751 2517 peregrinum
3779 2466 3795 2511 °,
3824 2457 3872 2500 et

2284 2536 2470 2590 vixerit
2498 2544 2685 2590 tecum.
2716 2536 2957 2591 Fratrem
3004 2536 3435 2608 uniuscujusque
3470 2533 3559 2591 hic
3600 2539 3868 2607 aequalem

2286 2628 2567 2699 dignitate,
2587 2635 2641 2683 et
2667 2628 3087 2683 conversatione
3110 2629 3262 2684 dicit.
3283 2628 3383 2683 Hic
3402 2630 3446 2684 si
3470 2630 3525 2683 in
3547 2632 3867 2698 Operatioue

2286 2723 2548 2777 virtutum
2583 2723 2888 2779 inﬁrmatus
2918 2723 3085 2779 fuerit
3115 2745 3130 2779 ε
3164 2724 3269 2780 hoc
3298 2732 3384 2780 est
3424 2726 3573 2780 enim
3602 2726 3865 2781 inﬁrmari

2286 2831 2475 2881 manu,
2514 2825 2735 2886 propter
2778 2817 2922 2887 quod
2966 2816 3157 2888 Aquila
3191 2836 3205 2872 :
3242 2816 3304 2873 Si
3349 2819 3622 2885 exciderit,
3670 2820 3864 2890 inquit,

2288 2910 2453 2979 frater
2483 2918 2625 2976 tuus,
2649 2920 2694 2963 et
2717 2910 3008 2980 culpaverit
3038 2927 3224 2965 manus
3245 2911 3359 2981 ejus
3384 2921 3575 2973 tecum,
3607 2914 3867 2968 auxiliari

2288 2999 2357 3063 ei,
2389 2999 2689 3054 secundum
2722 2998 3075 3072 Septuaginta
3104 2999 3467 3071 lnterpretum
3494 3018 3746 3066 sensum,
3776 3018 3867 3058 nos

2286 3097 2542 3157 tauquam
2598 3088 2892 3159 proselyto,
2948 3097 3003 3143 et
3054 3088 3322 3158 inquilino
3366 3089 3503 3144 vult.
3558 3089 3871 3160 Proselytus

2282 3184 2467 3230 autem
2510 3186 2720 3239 noster,
2750 3178 2866 3231 sive
2913 3176 3121 3231 advena
3159 3185 3245 3231 est
3281 3176 3372 3246 qui
3419 3192 3567 3238 nunc
3595 3175 3666 3230 ad
3712 3178 3864 3231 ﬁnem

2284 3266 2457 3320 venit.
2501 3265 2813 3336 lnquilinus
2857 3274 3040 3320 autem
3087 3275 3298 3329 noster,
3328 3266 3422 3335 qui
3471 3267 3717 3322 necdum
3750 3283 3866 3337 pro-

2284 3358 2457 3428 priam
2490 3358 2711 3413 domum
2760 3358 2957 3425 habet,
3013 3358 3106 3413 sed
3148 3369 3337 3413 nostra
3377 3358 3796 3422 admonitione,
3821 3366 3867 3412 et

2286 3450 2531 3520 diligenti
2574 3449 2935 3503 instructione
2976 3458 3134 3520 eget,
3162 3456 3225 3501 ut
3281 3454 3622 3517 protegatur,
3652 3456 3717 3501 et
3768 3461 3866 3500 non

2283 3541 2743 3611 quemadmodum
2787 3540 2907 3595 sine
2938 3543 3101 3594 domo
3151 3536 3260 3593 huc
3306 3546 3363 3593 et
3409 3538 3541 3592 illuc
3579 3547 3757 3593 erret.
3789 3537 3867 3591 Sic

2285 3646 2416 3703 ergo
2444 3628 2771 3685 auxiliamur
2802 3629 3019 3684 inﬁrmo
3049 3628 3202 3683 fratri
3238 3647 3251 3682 :
3285 3638 3344 3682 ut
3385 3628 3533 3682 vivat
3562 3629 3862 3685 nobiseum.

2285 3731 2341 3776 et
2368 3720 2682 3775 nullatenus
2706 3719 2992 3783 moriatur,
3024 3734 3053 3772 a
3084 3718 3508 3773 conver5atione
3538 3717 3635 3772 Dei
3666 3720 3867 3773 alienus

2287 3814 2546 3878 eﬁ‘ectus,
2576 3814 2769 3869 vivens
2798 3812 3109 3881 nobiscum,
3160 3811 3213 3865 id
3249 3820 3355 3871 est.
3387 3825 3489 3881 per
3526 3826 3656 3876 nos,
3702 3820 3757 3865 et
3785 3827 3865 3880 per

2287 3916 2529 3961 nostram
2577 3903 2905 3970 doctrinam,
2941 3903 3406 3972 quemadmodum
3433 3903 3771 3973 quibusdam
3797 3904 3863 3956 ci-

2287 3998 2372 4055 bis
2398 3999 2558 4053 bonis
2582 3997 2946 4053 confortatus.
2968 3994 3199 4067 Oportet
3230 4007 3412 4051 autem
3440 3998 3515 4061 ei,
3551 3998 3707 4053 sicut
3736 3997 3865 4052 inﬁr-

2289 4107 2401 4155 mo,
2443 4090 2891 4146 condescendere
2917 4099 2973 4145 et
3002 4088 3244 4153 mederi,
3279 4097 3402 4160 qua:
3429 4090 3747 4145 senuttdum
3777 4090 3865 4143 vir-

2289 4190 2462 4238 tutem
2498 4182 2621 4252 ejus
2648 4190 2797 4249 sunt,
2824 4191 3114 4253 propterea
3153 4182 3398 4237 subdidit
3431 4188 3445 4237 ἑ

2363 4292 2447 4348 Ne
2476 4294 2708 4364 accipias
2733 4309 2921 4348 usuras
2946 4293 3011 4347 ab
3042 4310 3123 4358 eo,
3157 4310 3247 4348 nec
3270 4294 3502 4362 amplius
3521 4312 3695 4367 quam
3736 4294 3861 4349 dedi-

2214 4407 2259 4462 ι)
2289 4387 2379 4440 sti.
2419 4383 2497 4439 Nc
2528 4384 2668 4440 forte
2691 4399 2815 4439 cum
2850 4382 3102 4441 inﬁrmus
3137 4384 3315 4441 lactus
3342 4386 3434 4453 sit,
3455 4396 3510 4441 et
3529 4403 3563 4442 a
3591 4388 3765 4457 priori
3792 4404 3859 4443 re-

2287 4477 2411 4550 gula
2445 4477 2768 4532 imminutus
2791 4519 2806 4542 ,
2840 4475 3214 4533 abundantius
3244 4478 3313 4535 ab
3341 4494 3409 4535 eo
3437 4480 3711 4538 virtutum
3753 4498 3858 4555 ope

2287 4570 2555 4626 rationem
2587 4570 2891 4642 exigamus,
2913 4570 3023 4638 sed
3052 4576 3412 4641 provocemus
3440 4589 3590 4637 eum.
3620 4591 3859 4632 manum-

2289 4677 2393 4732 que
2426 4656 2546 4730 ejus
2571 4670 2633 4715 ut
2657 4659 2856 4715 inﬁrmi
2881 4670 3276 4727 sustentemus,
3305 4666 3579 4734 caputque
3604 4681 3739 4722 eum
3763 4674 3857 4720 tan-

2291 4752 2573 4810 tummodo
2602 4751 2759 4824 legis,
2791 4763 2848 4809 et
2883 4752 3196 4809 divinorum
3232 4756 3639 4820 mandatorum,
3688 4759 3743 4816 id
3773 4766 3856 4815 est.

2291 4858 2349 4904 ut
2379 4865 2486 4904 non
2516 4858 2706 4921 peccet
2733 4849 3033 4922 exigentes.
3067 4850 3211 4922 Ergo
3238 4850 3403 4906 nimis
3435 4855 3751 4910 necessarie
3780 4852 3856 4908 ad-

2288 4938 2424 4996 didit
2454 4956 2467 4992 :
3732 5014 3735 5015 ν

2365 5052 2515 5107 Time
2561 5052 2730 5108 Deum
2775 5063 2945 5107 tuum.
2992 5052 3105 5125 Ego
3150 5052 3412 5112 Dominus
3459 5056 3605 5114 Deus
3643 5069 3852 5118 vester:

2295 5145 2451 5214 cujus
2477 5145 2670 5215 iugum
2697 5160 2863 5200 suave
2891 5154 2995 5211 est,
3020 5145 3114 5216 qui
3146 5148 3423 5204 hominem
3472 5152 3654 5207 modis
3707 5150 3855 5208 omni-

2287 5241 2392 5296 bus
2429 5256 2539 5297 non
2572 5256 2802 5311 peccare
2845 5243 3034 5314 exigit,
3063 5244 3297 5300 virtutes
3344 5258 3527 5302 autem
3571 5250 3759 5322 exigit,
3784 5262 3855 5300 se—

2287 5332 2530 5387 cundum
2560 5333 2998 5403 possibilitatem.
3028 5337 3259 5409 Propter
3291 5340 3436 5409 quod
3473 5341 3541 5395 de
3573 5341 3856 5413 virginitate

2288 5422 2562 5478 sanciens.
2593 5422 2714 5477 Non
2764 5440 2942 5481 omnes
2989 5428 3204 5497 capiunt
3228 5431 3293 5496 ι’,
3325 5430 3524 5501 inquit.
3558 5430 3664 5486 Sed
3714 5438 3765 5485 et
3801 5428 3855 5480 d0

1599 5614 1687 5689 ut
1714 5613 1946 5689 Tim._v,
1981 5618 2068 5672 l8.
2152 5619 2184 5649 ιι

2284 5615 2394 5675 :or.
2429 5636 2505 5689 lx,
2537 5621 2591 5677 9.
2675 5624 2718 5655 η
2748 5622 2884 5679 ibid.
2919 5602 3033 5681 toﬁ
3106 5626 3150 5658 ιι
3178 5626 3307 5682 ibid.
3348 5629 3433 5683 ll.
3519 5629 3853 5689 "statim.
