4036 6200
268 281 402 351 11⁵29

1377 285 1460 347 ΙΝ
1501 282 1937 346 LEVITICUM.
1965 307 2035 317 --
2071 282 2222 342 LIB.
2255 282 2386 344 VII.

3396 281 3534 347 1130

266 422 375 461 non
431 404 759 476 possidendo
793 405 998 460 docens
1026 421 1039 457 :
1073 404 1133 458 Si
1178 419 1253 458 tus
1274 442 1288 465 ,
1337 402 1546 472 inquit,
1594 403 1850 472 perfectus
1879 407 1923 462 Α
1955 400 2330 470 Septuaginta,
2353 399 2539 454 cibos:
2576 397 2631 454 in
2677 398 2973 470 Scripturis
3006 399 3210 455 sanctis
3258 398 3534 457 intellecta

267 498 451 551 esse".
483 496 541 550 In
575 497 829 551 mandato
852 496 991 550 dixit
1023 513 1036 548 :

340 587 431 642 Sic
460 603 582 657 ergo
614 589 784 658 frater
809 597 929 640 tuus
953 586 1094 638 vivat
1118 583 1262 653 apud
1286 593 1355 638 te.
1384 584 1669 661 Pecuniam
1701 593 1847 638 tuam

268 696 370 733 non
396 680 543 733 dabis
569 680 616 733 ei
634 680 705 733 ad
732 695 972 741 usuram,
995 689 1042 731 et
1067 680 1277 747 frugum
1303 676 1849 745 superabundantiam

268 786 371 823 non
405 769 597 839 exiges.
634 767 740 825 Sed
778 767 1006 821 Paulum
1048 767 1264 823 imitare
1298 768 1571 822 dicentem
1600 785 1613 821 :
1647 766 1850 821 Factus

266 878 384 915 sum
411 862 652 930 infirmus
679 860 991 929 infirmis".
1022 859 1167 914 Nihil
1202 875 1297 914 eos
1334 861 1401 914 ad
1434 860 1652 915 virtutis
1682 861 1849 915 ratio-

268 969 394 1009 nem
423 953 627 1023 exigas,
661 952 781 1021 plus
815 967 845 1005 a
880 952 1096 1021 propria
1125 952 1346 1006 virtute.
1379 949 1435 1005 Si
1468 960 1648 1005 autem
1677 952 1847 1014 dicas,

271 1042 498 1099 forsitan
520 1059 616 1098 eos
639 1059 819 1113 posse,
851 1044 946 1097 sed
972 1044 1217 1098 inﬁrmos
1248 1059 1308 1097 se
1344 1044 1569 1114 ﬁngere,
1613 1044 1716 1098 hoc
1737 1043 1847 1113 jam

269 1151 381 1189 non
416 1144 501 1190 est
540 1145 716 1200 tuum,
750 1135 846 1190 sed
878 1135 1021 1189 illius
1040 1144 1144 1200 est,
1168 1136 1260 1205 qui
1285 1135 1387 1189 scit
1411 1135 1540 1205 quid
1564 1150 1691 1189 vere
1727 1148 1852 1203 pos-

271 1228 462 1280 simus.
490 1224 589 1292 Qui
626 1226 761 1280 dixit
786 1226 852 1280 ad
879 1227 1051 1292 illum,
1093 1228 1185 1296 qui
1215 1227 1475 1281 talentum
1513 1227 1801 1281 abscondit
1835 1245 1848 1280 :

275 1317 559 1387 Oportebat
600 1325 649 1371 te
685 1318 813 1372 dare
846 1319 1122 1388 pecuniam
1164 1336 1336 1373 meam
1370 1318 1773 1383 nummulariis,
1803 1327 1851 1371 et

270 1425 363 1479 ego
401 1411 628 1474 veniens,
662 1426 779 1463 cum
812 1411 987 1465 usuris
1014 1412 1192 1480 utique
1234 1412 1513 1481 exegissem
1549 1428 1663 1465 eam
1679 1411 1745 1463 ¹⁰.
1787 1410 1854 1464 Et

272 1516 381 1556 non
408 1510 492 1557 est
520 1503 941 1569 condemnatus,
966 1504 1092 1573 quia
1125 1520 1345 1559 usuram
1372 1520 1479 1559 non
1504 1504 1735 1574 accepit,
1758 1503 1853 1558 sed

270 1592 397 1660 quia
428 1593 716 1662 pecuniam
752 1608 862 1647 non
892 1594 1046 1649 dedit
1078 1612 1090 1647 :
1128 1594 1451 1664 sihimetipsi
1492 1595 1639 1648 enim
1671 1606 1853 1664 pater-

271 1683 504 1739 familias
556 1684 894 1739 exactionem
938 1684 1241 1740 reservavit
1285 1701 1485 1739 usuras.
1515 1687 1852 1740 Alterutrum

1952 502 2080 548 sunt
2103 498 2359 563 pecunia,
2393 501 2581 563 utpote
2610 509 2731 563 quat
2760 492 2959 547 divites
2983 491 3132 556 facit,
3164 491 3374 547 fruetus
3403 508 3534 549 vero

1952 586 2040 642 vel
2085 586 2263 649 cibus,
2296 593 2357 639 ut
2403 585 2669 639 nutriens.
2710 582 2914 639 [lorum
2962 584 3348 640 abundantiam
3389 585 3536 664 Deus

1952 676 2097 749 exigi
2140 692 2251 732 non
2277 676 2454 746 jubet,
2490 676 2587 731 sed
2634 676 2747 730 sola
2792 691 2912 744 qua:
2942 675 3244 730 secundum
3275 676 3534 731 virtutem

1953 779 2102 834 sunt,
2140 779 2200 825 ut
2243 769 2314 824 sit
2357 779 2545 824 noster
2586 768 2746 824 Deus.
2777 768 2916 835 Quia
2958 777 3015 823 et
3047 769 3164 838 ipse
3206 769 3538 851 poenitentes

1952 870 2269 931 peccatores
2309 862 2378 915 ad
2421 876 2481 915 se
2531 860 2755 931 suscipit
2782 870 2839 917 et
2870 861 3210 917 moderatum
3232 860 3422 931 jugutu
3457 860 3536 916 eis

1955 953 2208 1022 hnponh.

2024 1043 2190 1099 Vens.
2227 1044 2406 1099 39-43.
2453 1062 2472 1095 ι
2502 1042 2558 1097 Si
2590 1045 2915 1099 necessitate
2940 1044 3254 1114 compulsus
3280 1043 3542 1100 vendide-

1954 1135 2026 1190 rit
2051 1151 2111 1191 se
2142 1134 2239 1190 tibi
2278 1134 2444 1189 frater
2473 1141 2597 1189 tuus
2621 1173 2635 1196 ,
2676 1150 2787 1189 non
2817 1150 2940 1189 eum
2970 1136 3248 1205 opprimes
3275 1136 3540 1191 servitute

1954 1226 2303 1291 famulorum,
2332 1227 2427 1281 sed
2468 1225 2621 1297 quasi
2654 1226 3025 1280 mercenarius
3064 1235 3119 1281 ct
3156 1227 3383 1281 colonus
3412 1226 3536 1282 erit.

1956 1315 2140 1385 Usque
2172 1316 2240 1370 ad
2289 1331 2496 1370 annum
2543 1316 2825 1385 jubilarunt
2858 1316 3176 1386 operabitur
3204 1317 3345 1386 apud
3379 1324 3451 1379 te,
3485 1328 3540 1372 et

1953 1417 2141 1478 postea
2177 1407 2490 1478 egredietur
2520 1423 2643 1462 cum
2674 1409 2863 1463 liberis
2897 1408 3032 1471 suis,
3060 1418 3116 1463 et
3145 1418 3449 1464 revertetur
3473 1410 3541 1465 ad

1954 1501 2333 1572 cognationem
2357 1515 2533 1561 suam,
2574 1511 2627 1555 et
2644 1500 2711 1556 ad
2745 1501 3146 1570 possessionem
3174 1512 3389 1571 patrum
3413 1516 3544 1557 suo-

1954 1609 2073 1647 rum
2105 1610 2117 1645 :
2151 1592 2256 1646 mei
2281 1592 2426 1646 enim
2451 1595 2594 1647 servi
2624 1598 2771 1655 sunt,
2798 1601 2852 1646 et
2877 1607 2978 1663 ego
3004 1592 3169 1647 eduxi
3190 1608 3286 1647 eos
3304 1593 3371 1648 de
3398 1602 3541 1648 terra

1956 1683 2195 1755 Egypti,
2226 1699 2335 1738 non
2367 1683 2593 1740 venient
2622 1683 2936 1739 conditione
2969 1697 3275 1738 servorum.
3297 1683 3377 1737 Ne
3406 1682 3542 1738 ³1Ὴὶ-

272 1780 454 1829 autem
482 1790 584 1829 nos
612 1784 671 1830 ut
689 1791 979 1832 caveamus
1001 1786 1307 1846 peccatum,
1328 1777 1540 1832 solvere
1561 1785 1618 1832 et
1637 1777 1855 1847 exigere
1887 1798 1927 1852 Β
1956 1792 2049 1849 gas
2075 1793 2199 1832 eum
2229 1791 2329 1847 per
2350 1778 2673 1847 potentiam,
2696 1776 2791 1832 sed
2823 1776 3050 1830 metuito
3072 1775 3243 1831 Deum
3274 1785 3450 1831 tuum.
3482 1796 3501 1828 ι

273 1866 410 1928 vult,
437 1865 616 1920 locum
650 1867 808 1923 nobis
843 1869 1063 1925 alterum
1094 1869 1500 1938 coniunctionis
1532 1885 1642 1925 non
1675 1871 1856 1926 detra-

274 1955 553 2023 ltentibus,
588 1975 698 2014 non
749 1959 1110 2029 rapientibus,
1147 1978 1258 2018 non
1309 1963 1713 2029 occidentibus,
1744 1979 1855 2019 non

275 2049 379 2104 tale
412 2050 616 2119 aliquid
649 2053 1002 2122 peccantibus
1027 2097 1041 2121 ,
1088 2071 1186 2125 per
1217 2054 1440 2111 Paulum
1469 2057 1751 2127 praebens,
1784 2056 1859 2111 ait

274 2156 401 2212 ergo
428 2158 441 2194 :
472 2140 531 2195 Si
559 2144 676 2212 quis
707 2145 877 2214 frater
906 2146 1210 2214 appellatur
1236 2149 1546 2219 fornicator,
1582 2159 1677 2202 aut
1704 2150 1857 2203 idolis

273 2232 520 2296 serviens,
546 2243 639 2287 aut
667 2251 883 2301 avarus,
913 2247 1005 2290 aut
1042 2238 1329 2303 detractor,
1354 2248 1447 2293 aut
1478 2239 1730 2307 ebriosus,
1766 2251 1859 2294 aut

276 2340 468 2393 rapax,
502 2341 620 2378 cum
650 2326 953 2395 ltujusmodi
983 2346 1075 2383 nec
1102 2330 1272 2384 cibum
1306 2333 1590 2385 sumere“.
1630 2332 1748 2386 Non
1780 2334 1860 2388 di-

279 2417 359 2471 xit
390 2435 402 2470 :
437 2416 494 2471 Si
535 2417 657 2486 quis
682 2433 794 2473 non
829 2421 1136 2476 vendiderit
1163 2423 1522 2478 substantiam
1560 2440 1736 2487 suam,
1764 2441 1864 2480 ne-

276 2524 405 2577 que,
430 2508 485 2562 Si
508 2525 629 2563 non
660 2512 1024 2582 virginitatem
1056 2515 1331 2584 pollicitus
1354 2516 1538 2581 fuerit,
1566 2531 1744 2586 neque
1767 2533 1860 2573 su-

277 2600 459 2654 ltlimis
487 2604 924 2660 conversationis
954 2606 1135 2662 fuerit.
1172 2607 1298 2663 litae
1328 2618 1510 2663 autem
1543 2609 1711 2665 nimis
1738 2625 1860 2679 per-

278 2689 542 2745 fectorem
571 2704 892 2750 cunctorum
919 2698 1212 2753 humiliora
1253 2701 1507 2756 mandata
1537 2712 1687 2758 sunt.
1726 2700 1861 2757 Vide

277 2796 405 2852 ergo
435 2799 596 2852 quam
624 2786 1029 2843 conclusionem
1056 2791 1312 2845 mandato
1340 2793 1550 2849 addidit
1574 2814 1588 2849 :

351 2872 462 2943 Ego
497 2874 751 2929 Dominus
782 2875 922 2930 Deus
948 2888 1129 2943 vester,
1163 2882 1252 2950 qui
1282 2882 1438 2935 eduxi
1483 2901 1571 2938 vos
1610 2887 1674 2941 de
1719 2897 1860 2943 terra

277 2963 513 3035 ﬂgypti,
549 2975 606 3018 ut
647 2968 829 3021 darem
873 2971 1014 3023 vobis
1044 2980 1241 3024 (errant
1282 2969 1564 3039 Chanaan,
1596 2986 1651 3029 ut
1701 2995 1862 3034 essent

277 3067 442 3110 vester
468 3057 621 3111 Deus.
653 3057 710 3113 lit
742 3061 870 3129 quid
900 3062 953 3115 in
988 3065 1239 3131 praesenti
1268 3065 1388 3120 loco
1405 3066 1508 3121 hoc
1528 3084 1861 3126 commemo-

2029 1868 2194 1924 llulta
2245 1869 2426 1925 littera
2475 1870 2593 1940 ipsa
2639 1870 2843 1940 pietate
2888 1870 3047 1940 plena
3094 1877 3197 1935 est,
3227 1869 3321 1923 sed
3371 1868 3544 1924 multo

1960 1961 2132 2032 magis
2158 1961 2419 2031 spiritalis
2462 1960 2795 2018 intellectus.
2825 1961 3102 2028 Quantunt
3136 1962 3284 2016 enim
3322 1961 3545 2016 libertas

1960 2052 2156 2107 animat
2187 2054 2383 2108 melior
2417 2063 2501 2108 est
2533 2069 2564 2108 a
2594 2053 2847 2109 libertate
2877 2054 3153 2123 corporis,
3182 2060 3392 2108 tantum
3434 2054 3546 2124 spi-

1959 2143 2133 2199 ritalis
2176 2145 2564 2215 contemplatio
2609 2144 2730 2210 his,
2766 2145 2860 2215 qui
2906 2146 3026 2215 ejus
3060 2155 3290 2216 possunt
3332 2146 3546 2204 fructus

1962 2238 2263 2308 percipere,
2297 2238 2524 2293 clariora
2561 2239 2729 2294 donat
2769 2254 2932 2310 quam
2972 2239 3171 2293 littera.
3198 2238 3333 2306 Quia
3362 2240 3542 2296 littera

1962 2343 2090 2400 ergo
2137 2330 2445 2384 nullatenus
2486 2345 2587 2385 nos
2634 2330 2753 2392 bis,
2784 2327 2906 2400 qua:
2952 2330 3211 2387 fratribus
3255 2332 3540 2397 eveniunt,

1962 2420 2112 2475 abuti
2143 2421 2277 2487 vult,
2305 2421 2357 2476 id
2386 2430 2489 2485 est,
2509 2421 2890 2485 conlidelibus,
2911 2423 3005 2477 sed
3034 2423 3118 2478 vel
3144 2423 3188 2478 si
3208 2424 3329 2494 quis
3350 2440 3542 2480 eorum

1962 2514 2121 2569 nobis
2158 2515 2410 2570 venditus
2453 2514 2636 2578 fuerit,
2671 2531 2700 2569 a
2731 2515 2970 2585 qualibet
3003 2516 3320 2571 humiliatus
3346 2534 3544 2575 neces-

1964 2604 2140 2670 sitate,
2179 2605 2490 2660 nullatenus
2534 2607 2603 2661 ab
2647 2621 2712 2661 eo
2759 2606 3042 2661 servitium
3073 2610 3215 2664 servi
3244 2611 3542 2684 exigamus.

1963 2694 2135 2761 Quem
2159 2698 2305 2751 enim
2337 2698 2506 2753 semel
2549 2698 2772 2753 fratrem
2814 2714 2912 2771 per
2955 2701 3302 2771 ad0ptionem
3340 2703 3544 2760 Christi

1965 2789 2571 2859 habuimus,quomodo
2606 2791 2869 2862 deinceps
2917 2808 3135 2849 servum
3182 2795 3547 2853 habebimus?

1914 2916 1919 2921 ς
1963 2883 2119 2939 Unde
2136 2894 2190 2939 et
2212 2884 2432 2949 Paulus,
2454 2886 2699 2941 scribens
2718 2887 2784 2941 de
2810 2885 3067 2944 Onesiuto
3088 2890 3153 2944 ad
3171 2889 3544 2947 Philemonem

1964 2977 2210 3032 dicebat:
2240 2979 2525 3047 Propterea
2554 2982 2760 3035 recessit
2789 2983 2858 3035 ad
2877 2982 3084 3049 horam,
3106 2993 3161 3036 ut
3186 2993 3435 3039 wternum
3459 2974 3547 3041 re-J

1966 3071 2180 3138 ciperes,
2214 3088 2315 3125 non
2340 3073 2457 3143 jam
2502 3083 2554 3126 ut
2599 3090 2825 3141 servum,
2855 3082 2946 3130 sed
2993 3093 3088 3147 pro
3133 3094 3280 3131 servo
3325 3079 3546 3149 fratrem

278 3164 397 3206 rare
450 3150 721 3221 legislator
766 3152 951 3224 eguit?
980 3154 1086 3209 Sed
1117 3158 1292 3212 modis
1318 3160 1573 3215 omnibus
1604 3162 1732 3217 illud
1764 3165 1860 3219 dc-
1889 3162 1932 3221 C
1966 3160 2350 3225 charissimam,
2380 3166 2611 3218 maxime
2641 3166 2789 3232 mihi,
2806 3178 3003 3237 quanto
3034 3170 3202 3238 magis
3231 3180 3406 3224 autem
3430 3172 3543 3237 tibi,

279 3249 582 3295 monstrare
611 3243 818 3305 volens,
837 3246 986 3314 quia,
1014 3250 1472 3316 quemadmodum
1507 3256 1764 3322 populum
1793 3256 1861 3311 de

284 3334 424 3382 terra
456 3331 687 3400 .Egypti,
719 3341 771 3386 et
808 3333 875 3387 de
905 3336 1106 3403 populo
1139 3339 1441 3405 peccatoris
1470 3340 1690 3402 eduxit,
1717 3351 1769 3394 et
1806 3341 1860 3395 itt

282 3427 426 3473 terra
455 3421 715 3476 Chanaan
743 3425 967 3479 alterius
995 3428 1200 3497 populi,
1237 3445 1427 3484 rursus
1450 3433 1752 3500 peccatoris
1782 3434 1863 3486 itt-

287 3511 548 3575 troduxit,
591 3515 684 3566 sed
720 3515 864 3569 illinc
894 3518 1114 3585 quidem
1143 3534 1239 3573 eos
1264 3522 1450 3575 eduxit
1471 3563 1485 3587 ,
1523 3532 1581 3577 ut
1610 3539 1719 3577 non
1760 3526 1862 3579 sub

288 3600 680 3669 xligyptiorutn,
709 3605 755 3657 si
803 3605 984 3661 adhuc
1031 3616 1229 3663 terram
1282 3611 1609 3679 habitarent,
1642 3615 1863 3671 domino

287 3701 626 3755 tenerentur,
652 3694 704 3747 itt
753 3704 950 3750 terram
997 3710 1179 3754 autent
1210 3702 1645 3759 Chananzeorunt
1688 3706 1860 3762 intro-

284 3780 459 3846 duxit,
492 3782 618 3850 quia
653 3785 897 3854 expulsis
925 3791 1199 3859 gentibus,
1228 3807 1335 3846 non
1364 3805 1519 3848 erant
1541 3796 1653 3865 jatn
1686 3797 1739 3851 in
1766 3814 1860 3853 eo-

283 3889 402 3929 rum
433 3876 658 3931 servitio
693 3879 999 3951 redigendi,
1031 3882 1124 3937 sed
1176 3898 1228 3944 et
1260 3899 1404 3944 terra
1448 3890 1857 3951 emundata.ca-

283 3964 437 4019 rebat
466 3965 623 4021 malis
648 3967 1081 4028 habitatoribus:
1114 3973 1191 4028 sic
1235 3990 1337 4029 nos
1378 3976 1522 4032 Deus
1551 3981 1652 4034 sub
1685 3982 1860 4035 domi-

280 4058 503 4113 natione
534 4060 756 4128 quidem
792 4061 960 4133 redigi
994 4075 1339 4133 peccatorum
1371 4084 1480 4123 non
1517 4072 1740 4141 patitur,
1768 4075 1861 4129 sed

280 4160 456 4215 neque
501 4164 695 4203 eorum
727 4150 1064 4217 societatem,
1103 4158 1402 4224 usquedum
1434 4169 1560 4214 sunt
1612 4170 1861 4230 peccato-

282 4253 391 4301 res,
420 4241 673 4310 amplecti
696 4261 709 4310 ;
732 4243 952 4313 quando
979 4253 1163 4301 autem
1188 4264 1376 4303 eorum
1401 4261 1541 4306 terra
1569 4256 1862 4311 emundata

280 4330 463 4394 fuerit,
493 4336 737 4403 praecipit
769 4350 894 4391 cum
926 4338 1005 4392 eis
1034 4353 1175 4405 esse,
1208 4352 1263 4396 et
1304 4343 1467 4398 simul
1509 4346 1775 4414 habitare,
1809 4357 1864 4403 et

280 4420 409 4477 dare
444 4424 525 4478 eis
552 4437 793 4480 nostram
833 4429 1143 4499 pecuniam,
1174 4442 1231 4487 et
1274 4444 1493 4491 nostros
1539 4437 1775 4502 fructus,
1809 4441 1859 4493 id

279 4524 385 4578 est,
421 4514 635 4572 divinas
693 4520 973 4577 doctrinas
1027 4539 1164 4594 quas
1222 4528 1557 4598 accepimus.
1603 4530 1708 4586 Pro
1756 4534 1856 4588 do-
1894 4515 1936 4570 θ

278 4605 453 4660 ctrina
502 4617 682 4663 autem
730 4611 1049 4685 intelligitur
1085 4618 1336 4687 pecunia,
1367 4633 1591 4693 propter
1632 4628 1777 4696 quod
1807 4642 1861 4684 et

276 4697 480 4753 Paulus
496 4700 711 4758 dicebat
741 4721 754 4757 :
779 4702 880 4769 Qui
910 4708 1249 4778 tediﬁcaverit
1282 4729 1439 4783 super
1462 4718 1861 4786 fundamentum

276 4788 371 4843 hoc
392 4829 406 4855 ,
437 4805 632 4845 aurum
656 4833 670 4857 ,
701 4807 979 4866 argentum
1005 4840 1020 4863 ,
1066 4800 1268 4872 lapides
1297 4807 1547 4872 pretiosos
1564 4810 1630 4876 “,
1664 4810 1860 4866 bonam

275 4878 581 4937 doctrinam
631 4900 727 4954 per
757 4887 873 4942 haec
904 4889 1160 4947 innuens.
1197 4893 1311 4950 Hoc
1341 4906 1523 4952 autem
1558 4899 1736 4970 ipsum
1776 4911 1863 4958 est

274 4979 333 5026 et
359 4972 592 5040 fruetus,
620 4976 830 5042 sive,ut
856 4980 1692 5059 Septuagittta,cibi;utrumque
1716 4995 1861 5047 enim

275 5061 380 5119 hoc
407 5082 595 5124 rursus
617 5068 863 5126 invenies
884 5071 1106 5129 Paulum
1130 5091 1496 5146 exponentem
1515 5098 1530 5146 ;
1548 5079 1865 5140 Corinthios

274 5157 443 5223 enim,
473 5159 564 5214 alii
611 5163 878 5219 doctrinae
925 5181 983 5221 se
1032 5168 1331 5237 sociantes,
1358 5187 1623 5243 suamque
1676 5176 1863 5247 despi-

272 5246 502 5315 cientes,
561 5256 976 5323 reprehendens
1023 5258 1242 5328 scripsit
1276 5261 1436 5316 :Jam
1485 5265 1671 5318 satiati
1717 5268 1865 5353 estis,

264 5336 386 5407 jam
431 5342 617 5397 divites
668 5346 798 5416 facti
850 5348 991 5413 estis,
1023 5350 1137 5402 sine
1184 5352 1331 5406 nobis
1378 5356 1694 5424 regnatis".
1725 5336 1867 5431 Ergd

270 5429 577 5488 doctrinam
605 5452 704 5505 per
734 5439 1025 5505 pecuniam
1053 5449 1107 5496 et
1137 5440 1367 5512 fructus,
1402 5446 1541 5514 sive,
1563 5429 1867 5508 secundum

1963 3262 2011 3305 et
2045 3253 2099 3305 in
2129 3270 2305 3317 carne,
2338 3265 2385 3308 et
2415 3257 2468 3309 in
2513 3257 2735 3311 Domino
2751 3258 2837 3311 "?
2874 3260 2938 3313 Et
2966 3277 3156 3315 rursus
3192 3281 3205 3316 :
3240 3262 3341 3328 Qui
3371 3275 3548 3320 autem

1962 3344 2136 3412 ﬁdeles
2175 3346 2363 3401 habent
2396 3350 2630 3404 dominos
2651 3391 2664 3415 ,
2696 3368 2799 3404 non
2832 3353 3142 3423 despiciant,
3182 3358 3308 3426 quia
3355 3358 3547 3428 fratres

1962 3438 2164 3489 sunt".
2211 3436 2437 3509 Insuper
2492 3452 2674 3497 autem
2714 3453 2768 3497 et
2808 3446 3032 3514 spiritus
3077 3449 3335 3520 prmccpit
3383 3450 3548 3506 etiam

1964 3529 2130 3594 aliud,
2157 3534 2371 3600 quando
2408 3534 2641 3603 aliquem
2686 3536 2936 3603 fratrum,
2980 3549 3035 3593 et
3072 3542 3336 3610 aequalem
3385 3545 3548 3599 nobis

1964 3624 2248 3679 vocatione
2292 3634 2348 3679 ct
2389 3629 2806 3683 conversatione
2855 3632 3159 3698 venditum,
3200 3634 3545 3689 hutniliatum

1964 3722 2146 3770 tantett
2176 3718 2230 3771 in
2256 3719 2567 3787 virtutibus,
2593 3721 2645 3776 id
2680 3732 2781 3785 est,
2810 3723 3141 3780 inlirtnatum
3167 3727 3543 3797 deprehende-

1965 3807 2156 3874 rimus,
2189 3819 2243 3863 et
2277 3809 2424 3865 hunc
2449 3816 2901 3882 converterimus,
2936 3817 3319 3888 corripientes,
3355 3820 3548 3875 exhor-

1965 3908 2162 3966 tantes,
2186 3901 2499 3959 nullatenus
2520 3921 2586 3960 eo
2621 3907 2793 3972 abuti,
2824 3909 2918 3964 sed
2942 3920 2997 3964 ut
3025 3912 3264 3966 modeste
3292 3923 3344 3967 et
3371 3913 3545 3968 ltumin

1964 3990 2088 4044 liter
2117 4007 2238 4045 eum
2266 3995 2609 4062 accedamus,
2641 4009 2861 4070 prOpter
2899 4002 3044 4070 quod
3096 4003 3150 4056 in
3191 4003 3372 4059 verbis
3411 4005 3546 4076 ipsis

1966 4081 2209 4137 intende.

2036 4174 2195 4229 Vens.
2230 4177 2317 4242 59,
2344 4178 2433 4233 40.
2483 4200 2500 4231 t
2535 4178 2589 4235 Si
2614 4194 2932 4254 paupertate
2956 4189 3266 4257 compulsus
3290 4192 3548 4249 vendide-

1963 4266 2033 4320 rit
2060 4283 2118 4321 se
2148 4269 2242 4323 tibi
2286 4270 2454 4325 frater
2479 4282 2627 4336 tuus,
2659 4291 2768 4330 non
2811 4294 2937 4332 eum
2980 4280 3255 4349 opprimes
3285 4285 3547 4342 servitute

1969 4358 2318 4425 famulorum,
2340 4364 2433 4418 sed
2460 4366 2616 4435 quasi
2650 4370 3024 4425 mercenarius
3046 4381 3101 4424 et
3122 4373 3349 4428 colonus
3382 4377 3541 4431 erit.»

2037 4452 2169 4519 Quia
2201 4467 2488 4525 paupertas
2511 4458 2704 4513 animae
2730 4468 2812 4514 est
2835 4460 3118 4519 inﬁrmitas
3139 4467 3571 4537 consequenda--

1964 4558 2084 4596 runt
2122 4546 2403 4611 virtutum,
2434 4549 2782 4605 manifestum
2813 4562 2896 4607 est
2917 4570 2986 4609 ex
3014 4555 3119 4623 his,
3150 4573 3273 4627 qua:
3296 4560 3363 4613 ad
3387 4559 3544 4614 Sam~

1963 4650 2061 4689 son
2109 4635 2296 4705 Dalila,
2321 4649 2376 4694 et
2404 4640 2517 4709 ipse
2553 4641 2620 4696 ad
2652 4659 2774 4699 eam
2809 4645 3072 4717 loquitur.
3112 4634 3345 4705 Noluisti
3373 4652 3547 4707 dicere

1963 4728 2018 4780 in
2048 4745 2148 4799 quo
2189 4732 2257 4783 sit
2300 4734 2535 4787 maxima
2571 4737 2845 4806 fortitudo.
2881 4739 3116 4811 Cumque
3145 4743 3361 4797 molesta
3393 4744 3440 4797 ei
3466 4760 3546 4796 es-

1962 4827 2059 4881 set,
2088 4830 2133 4871 et
2162 4837 2253 4887 per
2284 4822 2472 4877 multos
2505 4825 2615 4878 dies
2631 4825 2835 4897 jugiter
2872 4831 3180 4895 adlta’reret,
3210 4834 3443 4903 spatium
3476 4839 3546 4887 ad

1965 4910 2186 4978 quietent
2215 4928 2315 4965 non
2341 4914 2594 4981 tribuens,
2624 4927 2747 4973 tunc
2771 4923 3011 4987 aperiens
3041 4924 3310 4977 reritatem
3338 4925 3432 4987 rei,
3462 4924 3544 4976 di-

1963 5000 2042 5052 xit
2077 5001 2148 5053 ad
2176 5019 2289 5055 eam
2323 5020 2341 5057 :
2364 5005 2584 5061 Ferrum
2624 5026 2893 5081 nunquam
2937 5013 3167 5066 ascendit
3204 5030 3359 5082 super
3390 5022 3546 5083 caput
3600 5086 3607 5093 ε

1967 5104 2161 5152 meum,
2202 5094 2326 5162 quia
2362 5094 2676 5165 Nazaru'us,
2705 5103 2758 5155 id
2787 5111 2882 5168 est,
2916 5115 3245 5157 consecratus
3271 5103 3380 5157 Deo
3404 5122 3546 5169 sum,

1967 5182 2030 5235 de
2061 5190 2209 5235 utero
2250 5189 2436 5241 matris
2465 5206 2611 5246 mea).
2649 5192 2711 5247 Si
2748 5212 2928 5248 rasum
2964 5195 3122 5263 fuerit
3151 5206 3307 5266 caput
3353 5214 3545 5263 meum,

1968 5273 2168 5326 recedet
2207 5292 2240 5328 a
2290 5293 2372 5329 me
2404 5281 2653 5346 fortitudo
2707 5302 2845 5351 mea,
2876 5295 2923 5340 et
2971 5286 3232 5355 deﬁciam,
3269 5304 3458 5361 eraque
3492 5300 3548 5346 ut

1969 5365 2143 5418 ra'teri
2177 5366 2407 5420 homines
2424 5369 2487 5422 ³⁸.
2514 5370 2640 5425 Post
2675 5373 2810 5435 lucc,
2843 5373 3066 5430 historia
3099 5376 3336 5432 subdidit
3372 5395 3386 5432 :
3413 5377 3547 5435 Item

1971 5463 2027 5508 at
2061 5454 2153 5509 illa
2187 5457 2418 5512 dormire
2444 5475 2562 5513 eum
2591 5463 2709 5532 fecit
2730 5480 2886 5535 super
2914 5482 3083 5535 genua
3124 5484 3242 5534 sua,
3273 5478 3321 5524 et
3347 5470 3402 5524 in
3427 5470 3547 5526 sinu

346 5607 874 5713 ’.ξξξξξξιξξξποὲξο
903 5618 962 5713 "2
993 5619 1156 5713 1019';-
1176 5622 1383 5713 JELQQ:
1448 5625 1495 5713 ’ξ
1526 5623 1716 5713 Matth.
1748 5646 1877 5713 xxv,
1908 5633 2082 5713 27.}:
2108 5633 2284 5713 lgor.
2314 5651 2367 5703 v,
2400 5635 2484 5705 10,
2527 5634 2608 5690 ll.
2653 5637 2698 5670 "
2730 5637 2903 5697 ICor.
2938 5657 3021 5708 ttt,
3054 5642 3139 5698 £2.
3192 5644 3238 5680 ²³
3265 5647 3428 5707 lCor.
3462 5660 3542 5713 tv,

270 5673 326 5733 8ο
421 5673 858 5772 ’δᾹΡΙιὶΙθιηξχη
902 5689 982 5743 l6.
1056 5673 1427 5764 "l'l‘iinjvvt,
1462 5673 2213 5772 ε.”’ἶέ’ξιί]‹ίιιῖ.’ὶῖίίισίιῖἶ

472 5770 726 5836 Parnm.
785 5778 901 5841 Gn.
952 5781 1154 5841 XCIII.

3147 5809 3218 5871 36
