4036 6200
342 246 477 313 1133

1474 254 1556 315 IN
1599 255 2046 319 LEVITICUM.
2077 280 2146 293 -
2186 257 2335 319 LIB.
2370 259 2505 322 VII.

3473 276 3496 340 i
3510 268 3611 343 134

335 363 478 429 apud
505 380 613 418 vos.
644 362 848 421 Gentes
875 378 996 435 qua:
1028 364 1084 419 in
1116 364 1351 421 circuitu
1383 376 1572 422 nostro
1594 376 1757 432 sunt,
1795 384 1907 440 qua

2019 369 2258 424 civitates
2307 371 2658 442 presbyteros,
2695 374 2829 445 'quos
2866 392 2960 448 ego
2995 380 3089 435 tibi
3126 384 3374 440 constitui
3396 386 3461 443 ³³.
3501 391 3608 451 Sed

334 454 569 510 necdum
611 453 986 522 crediderunt,
1020 471 1172 527 spem
1217 465 1397 513 tamen
1448 458 1595 526 fidei,
1642 466 1698 515 et
1728 461 1917 517 salutis

333 545 571 613 habent,
612 547 737 618 quia
785 546 921 617 ipsis
968 548 1198 603 missum
1235 547 1583 621 Evangelium
1618 561 1721 618 est,
1775 553 1918 608 sicut

332 635 535 694 Paulus
565 638 619 692 in
645 638 939 693 Antiochia
975 640 1044 695 ad
1092 639 1312 698 Judaeos
1342 641 1560 725 dicebat
1585 660 1598 697 :
1638 643 1771 699 Ecce
1796 661 1918 699 con-

329 729 584 783 vertimur
612 728 684 782 ad
710 740 921 800 gentes:
956 730 1032 783 sic
1070 732 1205 785 enim
1249 734 1495 802 proserpit
1539 734 1684 788 nobis
1729 736 1918 790 Domi-

330 837 429 875 nus
460 820 525 874 “.
574 819 651 874 De
701 821 786 875 his
811 821 974 876 nobis
1006 823 1149 877 servi
1180 831 1232 877 et
1260 824 1469 879 ancillae
1499 826 1913 895 conquirantur,

328 910 382 967 id
414 920 532 976 est,
572 910 665 981 qui
694 925 791 980 per
823 913 1052 968 verbum
1087 914 1373 970 docentur.
1403 914 1556 972 Unde
1580 928 1635 973 et
1666 933 1783 981 eos,
1824 921 1913 987 qui

326 998 651 1066 docuerunt,
694 1000 947 1055 dominos
985 1003 1281 1072 appellant,
1323 1006 1467 1074 quod
1496 1007 1834 1064 demonstrat
1862 1012 1914 1064 it-

326 1087 591 1160 Philippis
626 1101 813 1147 custos
843 1097 1101 1159 carceris,
1149 1096 1241 1166 qui
1273 1098 1340 1151 ad
1396 1099 1620 1154 Paulum
1655 1109 1711 1156 et
1736 1100 1915 1173 Sylam

326 1180 585 1237 dicebat:
621 1182 871 1251 Domini,
897 1187 1026 1257 quid
1057 1204 1139 1241 me
1167 1198 1365 1258 oportet
1409 1193 1605 1262 facere,
1635 1203 1691 1247 ut
1740 1194 1916 1249 salvus

325 1274 454 1344 [iam
478 1276 560 1328 "27
589 1275 694 1331 Sed
735 1278 879 1332 etde
903 1277 1150 1345 advenis,
1187 1279 1324 1346 sive,
1360 1292 1420 1335 ut
1447 1281 1822 1356 Septuaginta,
1848 1285 1916 1340 fi-

326 1366 414 1421 liis
434 1366 853 1436 inquilinorum,
884 1368 977 1439 qui
1011 1370 1431 1441 peregrinantur
1454 1373 1598 1445 apud
1643 1392 1759 1441 nos,
1784 1394 1916 1433 con-

324 1458 625 1528 quiramus.
669 1458 812 1514 Dicit
839 1470 1026 1515 autem
1070 1460 1369 1533 inquilinos
1407 1465 1496 1521 hic
1547 1467 1787 1536 Judieos,
1821 1471 1913 1541 qui

326 1549 574 1607 habitant
626 1552 679 1606 in
721 1553 926 1608 lumine
972 1564 1183 1622 nostro,
1230 1573 1346 1613 non
1387 1569 1570 1616 tamen
1622 1564 1811 1620 volunt
1862 1566 1914 1623 ei

323 1644 511 1700 oculos
539 1645 739 1700 mentis
768 1648 1203 1714 accommodare,
1249 1651 1651 1711 abscondentes
1678 1658 1801 1727 ejus
1829 1660 1913 1714 lu-

322 1750 546 1792 cernam
595 1738 696 1793 sub
730 1739 937 1794 modio.
986 1739 1216 1812 Propter
1248 1744 1391 1812 quod
1423 1761 1535 1819 non
1591 1750 1913 1820 simpliciter

322 1825 607 1896 inquilinos
649 1826 1002 1908 Septuaginta
1039 1831 1349 1900 ediderunt,
1387 1837 1483 1891 sed
1520 1837 1660 1906 ﬁlios
1689 1841 1913 1908 inquili-

322 1932 532 1982 norum,
561 1917 653 1987 qui
686 1929 815 1974 sunt
854 1920 908 1974 in
949 1922 1126 1984 vobis,
1157 1925 1302 1993 quod
1328 1942 1360 1980 a
1409 1927 1787 1988 Theodotionc
1856 1945 1914 1990 et

323 2000 650 2074 Symmacho
704 2007 923 2076 planius
950 2011 1216 2080 scriptum
1251 2024 1369 2070 est:
1401 2016 1445 2068 Α
1473 2017 1600 2084 ﬁliis
1627 2020 1912 2090 inquilino-

322 2112 462 2159 rum,
511 2098 599 2167 qui
628 2098 869 2152 habitant
917 2102 974 2154 in
1002 2103 1164 2157 vobis.
1192 2104 1268 2158 De
1297 2108 1497 2176 quibus
1537 2111 1670 2166 dixit
1702 2113 1907 2168 David:

321 2186 701 2242 lnltabitabunt
750 2200 798 2243 et
848 2192 1169 2249 abscondent
1209 2196 1276 2253 ⁸⁸.
1308 2198 1443 2252 Cum
1484 2203 1630 2257 enim
1681 2214 1811 2260 sunt
1858 2208 1911 2260 in

323 2280 505 2347 nobis,
535 2282 628 2352 qui
675 2283 847 2354 legem
893 2285 1065 2355 ipsam
1134 2292 1534 2365 etpropbetas,
1564 2310 1703 2365 quos
1728 2306 1782 2353 et
1810 2314 1913 2355 nos

322 2372 609 2439 habemus,
639 2375 863 2441 habent,
902 2378 1215 2436 inhabitant
1243 2391 1427 2439 tamen
1467 2401 1577 2442 non
1609 2389 1800 2445 eadem
1821 2408 1909 2448 sa-

319 2465 541 2536 pientes
571 2468 640 2523 de
669 2468 787 2540 iege
839 2480 891 2526 et
919 2474 1222 2542 prophetis,
1256 2491 1376 2545 quae
1404 2494 1543 2533 nos:
1576 2496 1731 2536 suam
1762 2485 1909 2539 enim

315 2562 586 2631 justitiam
637 2566 977 2621 constituere
1011 2580 1341 2638 quaerentes,
1389 2573 1617 2643 justitia:
1662 2577 1758 2633 Dei
1799 2594 1912 2634 non

320 2658 452 2704 sunt
479 2649 728 2720 subjecti,
772 2654 867 2708 sed
911 2654 1015 2710 hoc
1044 2656 1404 2726 abscondent,
1438 2670 1495 2715 et
1523 2674 1670 2719 recte
1698 2666 1912 2722 inhabi-

320 2746 460 2805 tant,
508 2740 652 2796 sicut
701 2744 796 2813 qui
850 2747 1176 2819 semctipsos
1219 2764 1251 2804 a
1295 2750 1488 2817 libera,
1526 2763 1585 2810 et
1611 2771 1640 2811 a
1671 2757 1909 2816 fiduciali

320 2827 662 2888 habitatione
695 2835 1071 2894 excludentes.
1116 2838 1273 2896 Unde
1325 2842 1611 2913 Dominus,
1645 2850 1774 2919 quia
1825 2853 1909 2907 in-

320 2919 569 2977 habitant
634 2933 858 2996 propter
920 2927 1296 2988 infidelitatem
1354 2935 1594 2993 innuens
1652 2942 1903 2999 dicebat:

2020 474 2076 520 et
2126 465 2258 535 quid
2289 476 2459 524 restet
2496 469 2642 526 inter
2668 471 2813 535 illos,
2839 488 2978 546 quos
3020 479 3224 538 deforis
3256 481 3449 543 iucrati
3484 489 3609 547 fue-

2020 555 2212 622 rimus,
2251 566 2308 613 et
2339 560 2643 630 aequalibus
2692 564 2852 621 nobis
2894 566 3175 638 fratribus,
3235 576 3330 646 qui
3380 576 3608 639 forsitan

2018 645 2288 704 humiliati
2322 652 2693 726 corriguntur,
2726 658 2871 714 scire
2900 674 3050 715 nunc
3079 645 3356 736 legislator
3377 688 3478 727 nus
3508 692 3610 732 vo-

2021 732 2159 799 lens.
2211 740 2331 797 htee
2376 745 2443 799 ad
2501 762 2846 806 communem
2900 753 3170 811 rationem
3226 762 3608 830 praedictorum

2017 830 2256 900 scripsit.

2087 920 2304 978 Fratres
2326 935 2504 981 autem
2530 940 2724 987 vestros
2748 933 2885 1003 ﬁlios
2911 935 3087 995 Israel
3114 959 3217 998 non
3246 949 3484 1021 aﬂligetis
3516 972 3613 1026 per

2016 1012 2330 1068 potentiam.
2386 1015 2509 1072 Non
2547 1024 2676 1089 quia
2714 1025 2872 1092 alios,
2920 1045 3059 1100 quos
3102 1012 3296 1093 lucrati
3338 1012 3611 1106 fuerimus

2019 1103 2286 1171 exterius,
2317 1105 2373 1160 in
2403 1110 2725 1169 servitutem
2754 1118 3022 1192 redigere,
3054 1136 3150 1183 aut
3199 1139 3488 1192 conterere
3523 1138 3608 1194 la-

2017 1190 2245 1247 boribus
2273 1198 2566 1268 praecepit:
2608 1190 2896 1275 nusquam
2920 1213 3066 1269 enim
3094 1216 3202 1275 hoc
3226 1220 3285 1275 in
3322 1227 3607 1286 sanctione

2019 1282 2120 1337 hac
2158 1284 2358 1343 dixisse
2395 1289 2652 1348 videtur:
2685 1298 2779 1353 sed
2803 1301 2932 1370 quia
2961 1319 3071 1361 non
3106 1313 3301 1382 aequali
3336 1282 3608 1386 potesta—te

2017 1373 2071 1428 in
2105 1374 2231 1445 illis,
2261 1389 2320 1434 et
2351 1380 2472 1439 istis
2509 1386 2584 1440 uti
2626 1403 2940 1459 possumus.
2970 1398 3132 1456 Aliud
3165 1373 3251 1459 est
3285 1373 3432 1465 enim
3480 1412 3607 1470 infl-

2015 1468 2170 1524 deles
2218 1471 2286 1527 ad
2326 1473 2489 1532 fidem
2540 1482 2858 1552 perductos,
2899 1487 3057 1551 aliud
3105 1492 3293 1553 ﬁdeles
3337 1468 3605 1572 lapsos,va

2017 1560 2177 1617 nobis
2204 1564 2535 1623 admonitos.

2088 1650 2255 1709 Vens.
2316 1656 2507 1715 47-49.
2546 1678 2567 1713 ς
2617 1660 2676 1717 Si
2714 1663 3010 1725 invaluerit
3064 1675 3211 1744 apud
3263 1693 3363 1735 vos
3408 1697 3605 1743 manus

2015 1741 2264 1810 adventu,
2297 1753 2463 1818 atque
2496 1754 2791 1826 peregrini,
2820 1765 2877 1814 et
2921 1741 3239 1823 attenuatus
3271 1768 3441 1830 frater
3476 1785 3606 1836 tuus

2016 1834 2324 1893 vendiderit
2359 1854 2419 1895 se
2456 1842 2526 1908 ei,
2568 1853 2665 1900 aut
2702 1847 2956 1918 cuiquam
2997 1853 3066 1909 de
3100 1857 3272 1930 stirpe
3301 1862 3446 1932 ejus,
3482 1834 3605 1937 post

2015 1926 2384 1987 venditionem
2412 1942 2590 2003 potest
2618 1938 2833 1995 redimi.
2861 1940 2964 2008 Qui
2986 1926 3221 2006 voluerit
3249 1926 3607 2019 ex'fratribus

2014 2019 2156 2084 suis,
2187 2034 2333 2079 emet
2368 2040 2515 2093 eum,
2564 2039 2623 2085 et
2668 2040 2921 2103 patruus,
2947 2047 3006 2095 et
3052 2046 3332 2116 patruelis,
3364 2059 3423 2107 et
3471 2066 3608 2110 con-

2012 2115 2366 2182 sanguineus,
2393 2129 2454 2175 et
2479 2121 2675 2179 alliuis.
2704 2143 2727 2179 ι

2085 2205 2221 2272 Quia
2256 2210 2343 2266 lex
2376 2214 2652 2282 pertinere
2698 2219 2802 2277 sibi
2837 2228 3137 2286 secundum
3159 2233 3420 2305 litteram,
3447 2239 3521 2297 de
3546 2242 3608 2297 li—

2013 2298 2228 2358 bertate
2249 2303 2629 2377 indigenarum
2655 2311 3020 2373 lsraelitarum
3038 2325 3296 2392 ostendit,
3315 2298 3603 2401 propterea

2014 2406 2145 2449 eum
2184 2397 2281 2466 qui
2325 2399 2383 2454 in
2417 2402 2499 2456 eis
2525 2402 2769 2462 deterius
2815 2421 3045 2481 propter
3082 2397 3480 2491 paupertatem,
3509 2436 3607 2483 aut

2014 2488 2249 2557 aliquam
2272 2491 2434 2551 aliam
2468 2500 2856 2557 necessitatem
2877 2514 3021 2574 aget,
3052 2510 3361 2584 proselytis,
3392 2488 3479 2572 vel
3519 2517 3606 2574 in-

2012 2582 2255 2651 quilinis,
2287 2585 2381 2655 qui
2411 2586 2480 2643 de
2510 2589 2598 2645 his
2622 2593 2843 2661 quidem
2869 2595 3005 2655 foris
3035 2610 3165 2657 sunt
3194 2582 3385 2676 geniti,
3418 2609 3604 2665 adha-

2012 2669 2165 2736 serit,
2195 2674 2402 2729 servire
2431 2691 2541 2731 non
2570 2681 2799 2749 patitur,
2834 2686 2932 2741 sed
2964 2689 3158 2746 redimi
3182 2669 3310 2749 eum
3335 2669 3407 2752 ab
3425 2698 3607 2771 aliquo

2013 2771 2239 2816 suorum
2267 2774 2627 2836 cognatorum
2656 2776 2938 2846 precepit.
2990 2779 3148 2847 Vide,
3189 2788 3465 2855 quomodo
3499 2790 3605 2847 hoc

2011 2851 2275 2906 custodiri
2309 2864 2369 2910 et
2386 2860 2689 2917 secundum
2713 2879 2993 2941 anagogen
3025 2851 3326 2943 spiritalem
3364 2890 3601 2951 oportet,

2011 2941 2089 2997 ait
2111 2944 2298 3001 enim:

320 3011 515 3070 Servus
554 3031 657 3071 non
707 3028 883 3073 manet
913 3022 970 3074 in
1001 3022 1155 3077 domo
1189 3024 1243 3078 in
1265 3036 1521 3099 wternqm
1557 3031 1619 3096 ³⁷,
1649 3036 1794 3104 quod
1826 3047 1911 3094 est
1934 3050 1980 3109 ο
2085 3036 2148 3092 δί
2176 3040 2468 3098 ἰηυαιαενὶι
2499 3048 2646 3116 apud
2676 3066 2765 3105 vos
2797 3068 2985 3110 manus
3025 3058 3240 3116 aduente
3256 3073 3422 3135 atque
3451 3084 3602 3137 pere-

320 3102 747 3137 ἰηΙιαΙιῖιαηιῖιηη
781 3110 1061 3137 n-......:.....
1121 3112 1226 3137 Ωιι
1274 3118 1344 3137 -2.
1379 3119 1480 3137 :_,-
1516 3121 1529 3137 ι
1574 3131 1586 3137 -
2089 3129 2100 3137 .
2146 3130 2158 3137 .
2215 3131 2226 3137 .
2259 3132 2270 3137 -

318 3102 747 3161 inhabitantium
780 3110 1085 3179 proprium.
1121 3112 1229 3169 Sed
1273 3118 1348 3173 ait
1377 3102 1683 3190 legislator,
1711 3141 1913 3183 secun-

313 3197 445 3251 dum
482 3195 835 3270 Septuaginta
865 3203 966 3257 :Et
995 3205 1063 3260 de
1097 3208 1344 3278 cognatis
1388 3211 1655 3280 ipsorum,
1679 3218 1914 3287 quicun-

315 3297 425 3351 que
467 3282 673 3340 fucrint
698 3287 752 3340 in
794 3298 939 3345 terra
967 3301 1165 3359 vestra,
1209 3307 1374 3352 erunt
1411 3301 1568 3357 vobis
1604 3303 1660 3359 in
1690 3321 1912 3377 posses-

318 3371 549 3454 sionem.
581 3375 808 3449 Cognati
853 3380 998 3436 enim
1026 3382 1366 3453 Judazorum,
1410 3403 1637 3464 prepter
1680 3371 1916 3471 inﬁdeli-

320 3474 514 3533 tatem,
552 3468 795 3525 haeretici
841 3483 990 3540 sunt,
1016 3477 1143 3545 quia
1183 3495 1293 3534 non
1324 3482 1507 3552 plene,
1543 3486 1685 3543 sicut
1736 3499 1792 3546 et
1836 3468 1912 3546 illi

319 3555 582 3624 sentiunt,
617 3568 673 3613 et
700 3561 889 3617 eadem
930 3565 1089 3621 nobis
1128 3569 1430 3638 pradicant
1483 3576 1764 3646 mysteria,
1793 3595 1909 3636 non

321 3656 500 3703 tamen
531 3650 587 3703 in
620 3650 827 3707 eisdem
857 3654 1046 3721 rectis,
1076 3666 1132 3713 et
1182 3659 1460 3728 perfectis,
1507 3674 1564 3720 et
1593 3666 1822 3741 integris
1853 3672 1910 3727 in

318 3738 489 3794 Deum
534 3741 922 3813 dogmatibus:
957 3748 1102 3803 unde
1133 3760 1263 3807 sunt
1286 3753 1507 3823 quidem
1538 3756 1596 3812 in
1626 3738 1770 3817 terra
1804 3780 1909 3821 no-

316 3834 448 3893 stra,
474 3832 567 3886 sed
604 3831 881 3902 inquilini.

389 3917 501 3976 llos
538 3921 813 3990 habebitis,
862 3926 1063 3999 inquit,
1114 3933 1170 3986 in
1216 3935 1538 4005 famulos,et
1566 3942 1906 4001 Iwreditario

307 4013 435 4083 jure
471 4018 838 4074 transmittetis
868 4022 939 4075 ad
980 4034 1237 4095 posteros,
1269 4046 1334 4083 ac
1363 4034 1693 4101 possidebitis
1731 4039 1788 4092 in
1841 4056 1907 4096 ar-

314 4116 542 4193 (emunt.
583 4108 948 4184 Quoscunque
998 4132 1127 4189 ergo
1168 4136 1236 4175 ex
1279 4125 1534 4194 gentibus
1569 4128 1902 4199 infidelibus,

313 4208 409 4254 aut
442 4185 507 4256 ex
536 4201 759 4265 Judmis,
790 4218 885 4261 aut
906 4222 974 4263 ex
999 4208 1270 4267 haereticis
1299 4214 1489 4271 lucrati
1517 4217 1806 4290 fuerimus,
1846 4236 1903 4281 et

314 4292 423 4345 Deo
445 4295 825 4362 ohtulerimus,
868 4313 1165 4373 servosque
1203 4314 1259 4360 et
1281 4309 1508 4365 ancillas
1543 4315 1900 4385 acquisiveri-

310 4393 454 4447 mus,
488 4382 865 4452 impendentes
897 4405 997 4460 pro
1023 4393 1103 4447 eis
1122 4393 1335 4450 doctrin
1354 4413 1385 4450 e
1408 4382 1718 4472 pecuniam,
1751 4407 1806 4461 hi
1840 4409 1898 4463 in

310 4474 498 4523 nostra
528 4474 880 4541 possessione
914 4489 1057 4535 sunt.
1089 4483 1196 4538 Sed
1223 4494 1279 4540 et
1306 4486 1430 4544 filiis
1454 4494 1677 4560 nostris,
1711 4497 1764 4552 id
1790 4509 1895 4569 est,

309 4557 622 4630 discipulis,
655 4565 899 4624 dividere
929 4587 1044 4635 eos,
1082 4574 1135 4629 id
1176 4588 1280 4643 est,
1314 4580 1531 4640 tradere
1561 4601 1750 4644 eorum
1780 4591 1896 4647 dis-

308 4648 606 4718 cipulatum
639 4670 946 4725 possumus.
971 4662 1124 4729 Quod
1156 4668 1468 4726 manifestat
1493 4674 1715 4745 Paulus,
1739 4681 1897 4752 cujus

308 4739 450 4796 sicut
484 4742 578 4798 filii
617 4759 773 4803 erant
805 4751 1056 4823 discipuli
1089 4755 1242 4816 Titus
1277 4772 1333 4816 et
1370 4739 1712 4825 Timotheus.
1757 4739 1892 4826 Niim

307 4830 622 4900 Timotheo,
648 4837 1005 4901 dilectissimo
1035 4848 1147 4905 filio
1192 4852 1245 4906 in
1282 4852 1409 4922 fide,
1457 4866 1514 4912 et
1564 4858 1689 4917 Tito
1726 4863 1894 4920 dilec-

308 4922 521 4982 tissimo
574 4927 686 4986 tilio
731 4936 1038 4993 secundum
1092 4956 1438 5002 communem
1471 4947 1654 5020 fidem,
1684 4955 1751 5009 ad
1797 4972 1892 5013 eos

305 5014 549 5073 scribens
588 5024 998 5090 prtescribebat.
1029 5030 1236 5089 Deinde
1280 5036 1412 5091 huic
1449 5014 1732 5111 Ephesios,
1767 5048 1891 5105 huic

303 5104 597 5168 Cretenses
651 5114 947 5173 distribuit.
993 5120 1129 5177 Nam
1185 5126 1260 5181 illi
1306 5104 1528 5199 quidem
1580 5104 1889 5197 scribebat:

303 5195 451 5254 Sicut
493 5207 677 5275 rogaui
722 5217 790 5274 te,
831 5220 887 5264 ut
927 5228 1225 5274 remaneres
1268 5220 1482 5291 Ephesi,
1512 5208 1637 5282 cunt
1670 5231 1801 5286 irent
1840 5235 1895 5291 in

303 5288 699 5366 Macedoniam,
746 5312 802 5357 ut
849 5310 1199 5366 annuntians
1242 5288 1597 5387 quibusdam,-
1624 5341 1689 5378 ne
1740 5326 1896 5384 aliter

300 5384 543 5442 docerent
574 5391 639 5446 ³⁸.
682 5393 806 5451 Tito
829 5407 1044 5474 autem:
1086 5402 1265 5474 Hujus
1304 5409 1381 5462 rei
1411 5384 1589 5481 gratia
1629 5417 1818 5489 reliqui
1846 5432 1897 5476 te

302 5473 497 5547 Creten,
545 5492 600 5536 ut
639 5502 702 5541 ea
744 5504 860 5558 quas
887 5473 1073 5548 desunt
1112 5498 1367 5570 corrigas,
1396 5512 1445 5556 et
1480 5473 1769 5565 constituas
1796 5529 1891 5583 per

381 5649 572 5715 "Act.
605 5678 723 5730 xm,
765 5667 855 5722 46.
934 5670 977 5703 ³⁸
1008 5672 1130 5729 Act.
1167 5693 1280 5746 xv',
1314 5681 1400 5738 '50.
1482 5683 1525 5716 "
1548 5683 1693 5741 Psal.
1728 5705 1813 5758 ιγ,
1843 5692 1894 5746 7.

2012 5696 2017 5711 '
2051 5692 2208 5751 .loan.
2242 5711 2360 5766 vin,
2394 5700 2482 5757 ὃὸ.
2563 5706 2604 5738 ³⁸
2639 5708 2656 5763 l
2695 5707 2836 5768 Tim.
2871 5731 2908 5771 ι.
2942 5716 2996 5771 5.

2016 3129 2158 3199 grim’
2205 3131 2343 3199 (sive
2375 3145 2437 3191 ut
2477 3137 2830 3212 Septuaginta
2854 3146 3160 3223 inquilini.)
3200 3164 3248 3209 et
3297 3129 3603 3217 attenuatus

2013 3221 2185 3291 frater
2235 3233 2354 3283 tuus
2397 3230 2779 3291 umdiderit‘se
2805 3239 2855 3292 ei
2904 3248 3000 3294 aut
3030 3221 3284 3313 cuiquam
3330 3249 3396 3305 de
3438 3254 3602 3326 stirpe

2016 3312 2152 3381 ejus.

2086 3404 2145 3459 id
2183 3416 2289 3475 est,
2338 3410 2383 3467 si
2434 3411 2483 3469 is
2518 3416 2610 3486 qui
2651 3418 2718 3473 ad
2768 3419 2931 3477 fidem
2964 3438 3033 3479 ex
3078 3430 3357 3498 gentibus,
3385 3444 3483 3491 aut
3532 3452 3597 3492 ex

2012 3497 2236 3569 Iudaeis,
2278 3516 2377 3560 aut
2401 3510 2627 3565 omnino
2640 3511 2949 3585 duereticis,
2979 3520 3195 3577 naviter
3224 3537 3428 3584 nostra:
3473 3531 3597 3591 fidei

2014 3592 2347 3661 conjunctus
2381 3598 2559 3654 clarus
2588 3610 2674 3657 est
2707 3605 3024 3673 virtutibus,
3054 3611 3128 3667 ita
3174 3621 3236 3669 ut
3285 3627 3484 3686 potens
3529 3623 3601 3680 sit

2014 3680 2067 3734 in
2102 3686 2401 3754 arguendo,
2420 3698 2478 3747 et
2495 3689 2836 3751 exhortando
2852 3708 3164 3768 peccantes,
3187 3680 3355 3777 hujus
3378 3713 3597 3781 proprie

2009 3792 2208 3834 manus
2240 3779 2544 3851 invalescit,
2572 3788 2707 3852 sive,
2724 3799 2784 3845 ut
2804 3791 3179 3869 Septuaginta,
3209 3800 3436 3872 invenit,
3470 3779 3596 3878 quia

2010 3883 2112 3938 per
2146 3887 2302 3927 suam
2337 3876 2609 3933 actionem
2642 3880 2889 3940 invenire
2919 3896 2976 3942 et
3015 3890 3250 3949 aliorum
3298 3876 3596 3957 conversa-

2010 3960 2216 4018 tionem
2255 3976 2311 4022 et
2363 3969 2801 4031 exhortationem
2847 3989 3048 4049 potest.
3097 3983 3303 4045 Deinde
3342 4000 3397 4047 et
3426 3993 3595 4051 frater

2008 4060 2156 4120 tuus,
2188 4058 2280 4127 qui
2311 4058 2441 4113 olim
2487 4064 2739 4120 eruditus
2777 4077 2865 4123 est
2908 4069 2964 4125 in
3013 4075 3202 4142 verbo,
3233 4080 3328 4135 sed
3359 4092 3416 4137 et
3466 4087 3591 4156 quia

2003 4147 2233 4216 aequalis
2283 4149 2379 4204 tibi
2426 4163 2511 4209 est
2554 4158 2857 4214 secundum
2896 4172 3099 4221 sortem
3138 4167 3588 4245 conversationis.

2008 4239 2111 4293 hoc
2142 4248 2228 4295 est
2279 4242 2425 4298 enim
2461 4244 2631 4303 frater
2677 4259 3013 4322 attenuatus,
3049 4258 3103 4315 id
3155 4273 3261 4330 est,
3301 4282 3410 4321 non
3450 4239 3593 4328 inve-

1932 4382 1974 4436 υ
2005 4330 2166 4387 niens
2199 4334 2604 4407 exhortantem,
2632 4350 2689 4397 et
2724 4346 3013 4405 consilium
3042 4352 3264 4412 dantem
3293 4378 3305 4413 :
3345 4361 3588 4430 adventu,

2002 4423 2118 4480 sive
2150 4429 2457 4502 peregrino,
2501 4434 2587 4489 vel
2632 4435 2901 4508 inquilino
2930 4459 2989 4498 se
3021 4450 3349 4520 vendiderit,
3392 4456 3445 4513 id
3483 4423 3588 4525 est,

2000 4516 2050 4571 ei
2094 4519 2186 4588 qui
2237 4524 2456 4580 noviter
2486 4527 2554 4583 de
2584 4531 2859 4601 gentibus,
2884 4544 2979 4590 aut
3016 4539 3084 4595 de
3112 4516 3344 4615 Iudaeis,
3370 4559 3465 4605 aut
3502 4516 3591 4608 se;

2000 4610 2240 4667 cundum
2283 4617 2432 4684 quod
2478 4619 2717 4679 diximus
2761 4625 3035 4687 haereticis
3077 4610 3344 4703 credenti,
3377 4657 3589 4697 venun-

1999 4696 2162 4753 datur
2208 4710 2393 4760 autem
2439 4705 2525 4770 ei,
2576 4709 2670 4765 illo
2715 4714 2945 4772 verbum
2993 4696 3343 4787 doetorale;
3367 4738 3591 4797 propter

1996 4790 2471 4849 conversationem
2502 4797 2624 4867 ejus
2653 4798 3036 4873 impendente:
3069 4811 3196 4879 quia
3227 4812 3587 4886 incongruum

1995 4884 2082 4932 est
2136 4892 2284 4945 eum,
2326 4884 2419 4954 qui
2473 4887 2603 4944 olim
2664 4890 2721 4947 in
2761 4895 2907 4951 clara
2945 4897 3175 4955 scientia
3206 4912 3262 4957 et
3304 4884 3591 4964 conversa-

1997 4965 2147 5022 tione
2176 4979 2340 5028 notus
2366 4974 2488 5041 fuit,
2519 4981 2622 5036 sub
2648 4996 2716 5039 eo
2743 4985 2836 5054 qui
2875 4988 3093 5043 noviter
3127 4991 3195 5046 ad
3227 4991 3389 5048 fidem
3417 4999 3584 5065 venit,

1998 5073 2179 5129 agere.
2227 5061 2347 5120 Non
2394 5077 2481 5124 est
2536 5073 2683 5128 enim
2722 5091 2889 5146 parva
2927 5095 3015 5135 res
3065 5080 3447 5154 discipulatus.
3489 5061 3587 5149 sed

1998 5151 2154 5206 multi
2198 5160 2482 5227 temporis,
2522 5165 2651 5222 vita:
2690 5168 2855 5223 etiam
2893 5186 3005 5226 non
3045 5151 3293 5233 modicus
3324 5179 3588 5240 decursus

1998 5244 2065 5299 ad
2105 5247 2501 5315 perfectionem
2543 5260 2909 5316 necessarius.
2941 5260 3113 5320 Recte
3150 5268 3453 5336 redimitur.
3491 5278 3585 5345 qui

1999 5329 2235 5386 voluerit
2273 5348 2341 5387 ex
2374 5333 2634 5394 fratribus
2671 5341 2807 5408 suis,
2841 5356 2987 5401 emet
3018 5362 3164 5416 eum,
3192 5352 3243 5407 id
3293 5364 3399 5423 est,
3435 5329 3586 5429 quis-

1999 5422 2146 5493 piam
2181 5438 2309 5479 eum
2348 5426 2544 5484 similis
2594 5430 2844 5501 honoris,
2887 5438 3192 5512 similisque
3238 5447 3502 5519 scientias,
3526 5461 3587 5510 et

1997 5519 2434 5576 conversationis
2495 5539 2594 5593 per
2641 5540 2796 5583 suam
2845 5531 3151 5591 doctrinam
3201 5541 3470 5627 redimat,
3523 5555 3582 5603 et

3095 5719 3138 5751 3°
3170 5720 3274 5776 Tit.
3310 5737 3348 5792 ι,
3382 5723 3440 5781 5.
