4036 6200
523 261 542 325 ι
565 261 664 328 135

1709 257 2072 320 IIESYCIIII
2129 253 2606 316 PRESBYTERI

3647 258 3790 323 1135

525 377 688 432 faciat
732 391 840 431 non
868 389 1006 446 Opus
1041 375 1242 429 habere
1281 373 1561 428 admoneri
1591 374 1660 427 ab
1685 374 1785 434 eis.
1818 388 1954 442 quos
1989 371 2104 439 ipse
2137 377 2175 431 Α
2279 367 2513 424 Tantum
2549 369 2616 422 de
2639 368 2887 423 libertate
2925 377 3133 436 nostra,
3168 380 3222 424 et
3249 371 3553 432 honestate,
3583 385 3632 427 et
3669 378 3789 443 gto-

523 468 712 523 debuit
747 469 1062 530 admonere,
1117 475 1304 535 utpote
1359 466 1449 534 qui
1507 465 1823 520 inscientia
1873 463 2098 535 perfecit

521 573 619 614 eos
657 559 750 629 qui
785 559 963 612 adhuc
1017 558 1178 612 modo
1228 557 1392 627 geniti
1451 566 1598 612 sunt.
1640 557 1758 610 Non
1817 566 1899 610 cst
1951 557 2096 612 enim

522 650 918 722 qualiscunque
945 647 1000 700 in
1036 647 1348 701 doctoribus
1380 646 1630 718 dignitas,
1664 647 1804 717 longi
1839 648 2100 716 temporis

521 738 766 800 screntia,
790 737 842 790 in
874 742 1082 789 tantum
1125 746 1182 790 ut
1221 735 1440 800 Paulus,
1475 737 1694 806 quando
1728 734 2098 790 Philemonem

521 827 733 881 volebat
769 825 1011 896 alligare,
1051 827 1130 881 sic
1164 827 1474 897 scripsisset
1507 845 1520 879 :
1563 826 1802 882 Obsecro
1824 842 1948 881 cum
1981 827 2099 880 talis

521 920 617 982 sis,
642 928 700 972 ut
727 918 926 971 Paulus
965 933 1153 981 senex,
1182 932 1327 972 nunc
1353 925 1614 970 autemet
1654 917 1866 971 vinctus
1896 916 2098 970 Christi

518 1006 668 1062 Jesu.
713 1007 778 1060 Et
808 1016 1137 1062 vetustatem
1175 1006 1452 1078 temporis,
1485 1006 1836 1070 confessioni,
1886 1022 2006 1075 qua:
2046 1007 2098 1060 in

523 1095 758 1150 vinculis
794 1103 932 1159 erat,
982 1096 1286 1161 conjunxit,
1321 1103 1506 1164 utpote
1547 1094 1798 1149 idoneam
1828 1097 2096 1148 exsisteu.

519 1194 626 1238 tem
669 1184 734 1238 ad
773 1185 999 1254 gloriam
1031 1199 1221 1238 eorum
1261 1183 1351 1253 qui
1375 1184 1429 1237 in
1465 1184 1691 1237 scientia
1728 1183 2095 1252 profecerunt.

517 1270 749 1326 Patruus
780 1287 928 1343 ergo,
955 1280 1010 1326 et
1037 1273 1321 1342 patruelis,
1351 1279 1404 1326 et
1434 1271 1894 1342 consanguineus,
1922 1279 1976 1324 et
2018 1271 2100 1323 af-

517 1356 666 1413 ﬁnis-
694 1360 928 1414 redimat
981 1374 1126 1412 eum.
1169 1359 1358 1414 Patres
1387 1359 1557 1414 nostri
1613 1369 1743 1412 sunt
1797 1358 2096 1412 secundum

517 1448 794 1516 spiritum,
827 1447 917 1516 qui
952 1462 1053 1501 nos
1081 1457 1506 1518 genueruntpcr
1543 1447 1746 1502 Christi
1768 1447 2096 1511 doctrinam,

517 1543 738 1604 propter
775 1535 922 1603 quod
955 1543 1010 1588 et
1050 1533 1250 1590 Paulus
1289 1535 1590 1589 Corinthiis
1622 1534 1913 1589 scribebat:
1955 1532 2097 1587 Nam

513 1623 611 1676 etsi
649 1621 838 1674 multos
865 1621 1069 1674 habetis
1097 1623 1407 1692 pa’dagogos
1459 1624 1514 1676 in
1570 1622 1794 1686 Christo,
1852 1624 1942 1675 sed
1998 1637 2100 1674 non

2203 457 2434 511 riatione
2474 457 2529 510 in
2580 459 2736 512 nobis
2761 499 2774 523 ,
2807 469 2862 514 et
2902 460 3233 515 confidentia
3282 470 3504 516 sanctus
3549 460 3789 532 Spiritus

2201 549 2297 610 ait,
2340 559 2398 602 ut
2431 565 2876 619 unumquemque
2915 565 3163 606 nostrum
3213 553 3314 607 sub
3358 553 3618 608 servitute
3655 569 3790 625 pec-

2201 643 2308 696 cati
2359 643 2740 708 constitutum,
2777 643 3072 696 virtutibus
3127 643 3411 712 praecipiat
3464 644 3679 710 redimi,
3733 655 3790 699 et

2199 735 2658 798 correctionibus,
2679 735 2724 788 si
2755 735 2906 788 verbi
2937 735 3129 806 gratia.
3166 735 3404 788 cilicium
3437 745 3494 788 et
3519 737 3781 800 cinerem,

2201 833 2254 878 et
2295 826 2577 896 lacrymas,
2614 835 2670 880 et
2717 841 2835 879 eam
2882 842 3001 896 qua:
3034 827 3090 880 in
3121 825 3207 879 his
3259 836 3343 880 est
3382 827 3782 881 confessionem

2201 915 2399 970 lucrari
2457 917 2730 979 volumus,
2791 925 2845 971 et
2882 932 3219 986 quaecunque
3272 932 3396 971 cum
3445 917 3530 970 his
3580 934 3779 972 annum

2201 1004 2485 1058 continent
2518 1004 2726 1073 jubilasi
2753 1045 2766 1068 ,
2805 1003 2919 1058 sive
2955 1004 3315 1065 remissionis,
3367 1004 3434 1058 ad
3470 1005 3778 1072 hujusmodi

2199 1095 2346 1148 enim
2389 1095 2770 1163 probationem
2817 1096 3107 1165 praesentia
3145 1097 3419 1166 exposuit.
3473 1097 3570 1150 Sin
3599 1106 3776 1152 autem

2201 1192 2256 1236 et
2299 1184 2412 1254 ipse
2459 1184 2716 1254 potuerit,
2769 1186 3002 1239 redimet
3049 1201 3107 1239 se
3159 1187 3473 1256 supputatis
3519 1187 3780 1242 duntaxat

2200 1275 2382 1339 annis,
2419 1291 2449 1328 a
2483 1285 2727 1346 tempore
2751 1277 3079 1330 venditionis
3107 1292 3240 1340 smn,
3271 1293 3446 1346 usque
3477 1277 3543 1330 ad
3577 1295 3774 1332 annum

2195 1365 2422 1434 jubila-i.
2465 1367 2522 1420 Si
2569 1367 2716 1420 enim
2761 1383 2966 1437 pauper
3012 1368 3190 1422 factus
3222 1385 3318 1438 per
3351 1381 3658 1440 peccatum,
3686 1371 3776 1440 qui

2200 1457 2352 1526 prius
2376 1457 2529 1512 dives
2553 1467 2671 1512 erat
2699 1459 2748 1510 in
2771 1457 3064 1512 virtutibus
3081 1468 3134 1512 et
3155 1451 3610 1525 correctionibus,
3635 1470 3773 1515 recte

2200 1550 2553 1617 semetipsum
2589 1549 2862 1612 liberavit,
2902 1549 3030 1602 dum
3067 1549 3297 1603 suﬂiciat
3343 1551 3411 1604 ad
3441 1551 3770 1606 exhortatio-

2201 1655 2330 1693 nem
2366 1641 2662 1710 propriam.
2701 1640 3087 1694 Verumtamen
3121 1657 3223 1695 nec
3278 1641 3366 1696 hic
3409 1642 3677 1712 integrtnn
3707 1621 3778 1698 de.

515 1714 708 1768 multos
730 1723 906 1782 patres
937 1713 1002 1765 “'.
1037 1713 1089 1764 lu
1129 1713 1352 1766 Christo
1381 1713 1527 1767 enim
1548 1713 1696 1778 Jesu,
1730 1729 1826 1783 per
1853 1715 2089 1784 Evange-

2201 1747 2260 1785 se
2295 1730 2551 1790 confidat.
2587 1743 2644 1785 ut
2673 1733 2764 1800 qui
2799 1733 2968 1786 semel
3017 1733 3324 1789 infirmatus
3370 1744 3476 1798 est,
3524 1736 3769 1788 exhorta-

516 1805 647 1858 lium
695 1819 793 1858 vos
841 1804 1022 1874 genui.
1062 1805 1356 1873 Quotquot
1395 1820 1523 1876 ergo
1557 1806 1750 1860 fratres
1791 1805 2006 1870 horum,
2045 1805 2098 1859 id

513 1906 597 1950 est
633 1895 966 1957 sacerdotes,
1016 1894 1158 1948 sicut
1203 1903 1258 1948 et
1305 1895 1406 1964 ipsi
1447 1905 1574 1949 sunt
1607 1905 1662 1948 et
1695 1895 1969 1962 doctores,
2005 1905 2099 1948 aut

511 1999 567 2042 et
625 1988 718 2042 lilii
773 1987 1028 2054 fratrum,
1083 1995 1180 2040 aut
1227 1986 1479 2056 discipuli
1528 1987 1747 2055 quidem
1784 2003 1995 2054 eorum,
2040 1989 2094 2042 in

511 2079 758 2134 eamdem
811 2089 991 2133 autem
1045 2093 1207 2147 quam
1248 2077 1338 2132 ille
1382 2077 1667 2133 scientiam
1702 2089 1757 2134 et
1790 2079 2096 2134 doctrinam

514 2173 762 2241 provecti
815 2179 966 2233 sunt,
1003 2172 1203 2225 fratres
1240 2171 1407 2240 patris
1462 2181 1611 2226 recte
1665 2172 1938 2226 dicuntur.
1993 2172 2096 2237 Qui

511 2265 656 2318 enim
693 2263 1087 2334 consanguinei
1137 2270 1193 2316 et
1231 2261 1420 2317 aiiines
1469 2270 1598 2316 sunt
1647 2263 1768 2332 ejus
1829 2263 1925 2332 qui
1975 2277 2097 2332 eget

511 2358 738 2411 consilio
769 2364 822 2409 et
857 2355 1259 2417 exhortatione,
1290 2354 1343 2408 id
1377 2362 1483 2417 est,
1518 2364 1576 2408 ut
1607 2355 1697 2423 qui
1727 2353 1970 2420 ejusdem
2010 2354 2094 2408 di-

510 2447 731 2517 gnitatis
762 2455 817 2500 et
865 2444 1300 2500 conversationis
1332 2444 1573 2509 fuerunt,
1618 2443 1673 2497 hi
1710 2458 1898 2498 rursus
1945 2444 2094 2497 redi-

513 2547 686 2600 munt,
718 2537 866 2591 Pauli
894 2551 1167 2590 memores
1197 2535 1374 2590 vocis:
1423 2535 1482 2590 Si
1507 2537 1622 2606 quis
1651 2547 1828 2590 autem
1854 2553 2090 2604 suorum,

511 2641 560 2684 et
607 2630 836 2682 maxime
887 2628 1290 2681 domesticorum
1335 2643 1520 2680 curam
1561 2644 1665 2681 non
1710 2628 1902 2692 habet,
1936 2627 2092 2696 ﬁdem

512 2719 752 2789 negavit,
782 2728 830 2770 et
861 2728 934 2770 est
965 2717 1165 2785 inﬁdeli
1212 2718 1442 2771 deterior
1470 2718 1534 2783 ιι,
1567 2729 1623 2773 et
1660 2720 1754 2785 qui
1782 2727 1997 2788 oportet
2024 2721 2090 2774 ad

509 2824 703 2866 omnes
720 2809 926 2864 bonum
957 2807 1271 2872 ostendere,
1289 2807 1521 2864 maxime
1544 2818 1725 2862 autem
1745 2809 1813 2863 ad
1842 2810 2090 2878 proprios

511 2905 656 2960 tidei.
722 2903 788 2958 lli
840 2917 970 2974 ergo
1027 2901 1190 2956 nobis
1246 2902 1639 2971 consanguinei
1711 2918 1809 2973 per
1869 2919 2088 2958 carnem

509 2998 710 3053 Christi
739 3008 885 3062 sunt,
919 2995 1045 3066 quia
1084 2995 1152 3050 de
1199 3010 1361 3049 carne
1395 2995 1516 3065 ejus
1549 3005 1604 3050 et
1629 2996 1695 3050 de
1722 2995 1937 3051 ossibus
1968 2998 2086 3067 ejus

511 3105 720 3151 sumus,
753 3085 1213 3156 quemadmodum
1240 3083 1355 3154 ipse
1385 3100 1574 3138 rursus
1609 3084 1808 3137 Paulus
1834 3085 2086 3154 Ephesiis

512 3180 748 3249 scripsit.
785 3177 844 3231 lu
890 3186 1101 3230 tantum
1142 3190 1273 3246 ergo
1311 3175 1505 3228 melius
1534 3183 1618 3228 est
1647 3175 1716 3228 ab
1739 3175 1995 3243 antiquis,
2032 3185 2087 3228 et

511 3275 755 3343 ejusdem
807 3269 931 3324 ﬁdei
983 3269 1261 3323 admoneri
1317 3283 1441 3322 eum
1475 3266 1568 3336 qui
1633 3266 1687 3320 in
1735 3267 1953 3322 actione
1994 3277 2090 3322 aut

512 3366 738 3421 scientia
769 3363 950 3418 minor
987 3372 1089 3428 est,
1121 3361 1245 3432 quia
1277 3360 1493 3430 Apelles
1528 3359 1950 3424 Alexandrinus,
1987 3361 2086 3414 do-

511 3467 632 3512 ctus
677 3456 934 3526 magister
963 3465 1080 3508 erat
1117 3462 1172 3508 et
1215 3454 1412 3517 clarus,
1453 3453 1548 3506 sed
1602 3462 1784 3506 tamen
1817 3453 2086 3506 minorem

511 3549 792 3602 scientiam
827 3546 1084 3610 habebat,
1120 3552 1175 3598 et
1215 3545 1318 3597 hoc
1353 3540 1499 3612 quod
1535 3553 1653 3597 erat
1680 3557 1974 3607 summum,
2005 3558 2088 3596 re-

512 3640 884 3712 prehensibile
934 3638 1187 3702 habebat,
1241 3637 1494 3691 nesciens
1537 3634 1742 3689 Christi
1795 3635 2083 3705 baptisma.

515 3732 666 3789 Unde
713 3729 955 3786 Priscilla
1011 3737 1067 3783 et
1113 3729 1304 3796 Aquila
1357 3735 1716 3796 susceperunt
1754 3727 1902 3781 hunc
1930 3728 1998 3791 “,
2033 3737 2088 3781 et

431 3834 436 3839 '
512 3819 770 3874 subtilius
803 3825 1178 3886 exposuerunt
1229 3815 1277 3868 ei
1310 3816 1470 3879 viam,
1523 3817 1664 3869 sicut
1699 3816 1777 3869 ait
1801 3815 1995 3880 Lucas,
2031 3817 2087 3870 id

512 3921 620 3973 est,
648 3927 732 3972 ea,
764 3927 886 3979 qu:e
918 3909 1264 3978 pertinebant
1292 3909 1356 3961 ad
1381 3908 1683 3962 doctrinam
1707 3908 2084 3964 etscientiam:

510 4001 869 4071 incongruum
901 4015 1021 4053 esse
1055 4007 1328 4067 putantes,
1364 3998 1408 4051 si
1441 3999 1509 4052 ab
1533 3998 1652 4052 aliis
1681 4007 1734 4052 et
1777 4015 1885 4053 non
1918 3999 1986 4053 ab
2009 4000 2088 4053 eis

511 4094 601 4164 qui
666 4095 720 4148 in
783 4092 1013 4147 scientia
1073 4092 1463 4162 profecerunt,
1513 4092 1700 4160 quales
1749 4100 1905 4145 erant
1961 4092 2083 4162 ipsi,

510 4184 893 4239 emendaretur
935 4183 1144 4237 doctor.
1189 4180 1294 4237 Sed
1318 4190 1526 4237 etcum
1569 4183 1686 4237 htec
1714 4181 1824 4236 sint
1855 4182 2089 4236 admira-

510 4278 661 4338 bilia,
687 4276 868 4330 adhuc
893 4266 1298 4329 admirabiliora
1321 4283 1640 4344 sequuntur.

2203 1820 2350 1872 tione
2382 1829 2436 1873 et
2463 1821 2691 1873 consilio
2715 1836 2902 1890 egens,
2921 1830 3201 1889 computet
3230 1822 3375 1890 apud
3401 1824 3762 1892 semetipsum,

2201 1913 2251 1965 id
2291 1920 2396 1977 est,
2437 1926 2622 1965 secum
2666 1922 2859 1967 tractet
2913 1923 2968 1965 et
3026 1913 3316 1980 disceptet.
3378 1913 3469 1968 Sic
3513 1916 3654 1968 enim
3695 1925 3764 1969 ‘et

2198 2003 2577 2059 'l‘heodotion:
2629 2004 2901 2058 Tractabit
2936 2023 3054 2060 cum
3089 2023 3166 2070 eo,
3203 2007 3294 2071 qui
3325 2009 3598 2076 acquisivit
3626 2025 3756 2064 eum.

2196 2095 2392 2165 Aquila
2431 2106 2632 2150 autem:
2659 2096 2977 2166 Supputabit
3001 2115 3116 2150 cum
3149 2115 3227 2160 eo,
3263 2101 3352 2168 qui
3377 2102 3590 2168 possedit
3618 2118 3752 2154 eum.

2196 2187 2258 2240 Ei
2284 2188 2375 2256 qui
2408 2189 2678 2252 tractavit,
2712 2189 2984 2258 quomodo
3018 2190 3215 2244 debeat
3247 2207 3429 2244 veram
3461 2193 3754 2246 libertatem

2196 2279 2298 2333 sibi
2349 2280 2714 2349 conquirere:
2774 2280 3108 2348 computavit
3143 2290 3325 2334 autem
3363 2282 3432 2336 ab
3479 2299 3616 2335 anno
3653 2300 3757 2352 quo

2195 2371 2547 2441 semetipsum
2577 2370 2842 2432 vendidit,
2873 2385 3043 2440 usque
3064 2372 3129 2425 ad
3161 2387 3366 2425 annum
3395 2373 3621 2442 Ῑυὺίἰωί,
3649 2378 3758 2428 sive

2195 2462 2552 2523 remissionis.
2585 2477 2615 2516 a
2648 2478 2756 2530 quo
2792 2463 3042 2517 videlicet
3076 2479 3311 2533 peccans
3341 2466 3490 2534 eguit
3537 2467 3757 2520 consilio

2192 2562 2248 2606 et
2286 2552 2570 2616 doctrina,
2618 2553 2920 2622 usquedum
2966 2553 3231 2624 integram
3301 2565 3355 2609 et
3398 2557 3755 2611 omnimodam

2190 2655 2412 2717 peragat
2463 2645 2858 2716 pmnitentiam,
2903 2649 2958 2700 in
3017 2662 3123 2715 qua
3178 2649 3561 2704 remissionem
3623 2650 3755 2705 acci-

2188 2738 2368 2808 piens,
2399 2736 2619 2805 tequalis
2667 2736 2715 2790 ei
2764 2737 2888 2801 fiat,
2936 2739 3027 2807 qui
3065 2740 3283 2808 penitus
3327 2756 3438 2793 non
3497 2743 3750 2810 peccavit.

2189 2826 2328 2891 Quid
2363 2834 2544 2878 autem
2579 2825 2865 2879 tractabit?
2905 2827 3102 2896 quibus
3150 2828 3443 2882 virtutibus
3499 2839 3556 2883 et
3584 2847 3754 2884 corre-

2188 2919 2481 2984 ctionibus,
2513 2933 2630 2971 eam
2664 2935 2786 2988 quae
2829 2936 2926 2989 per
2962 2922 3661 2990 studiosampa-nitentiatu
3679 2932 3754 2979 est

2187 3014 2583 3079 remissionem,
2605 3017 2983 3084 apprehendre
3012 3026 3066 3069 et
3099 3019 3394 3086 procedere
3416 3021 3611 3088 possit.
3642 3020 3751 3078 Sic-

2189 3115 2249 3159 ut
2301 3105 2449 3158 enim
2483 3104 2574 3173 qui
2605 3106 2889 3174 pecuniam
2915 3107 3147 3161 reddidit
3182 3112 3540 3180 redemptori,
3562 3130 3750 3167 annum

2188 3195 2525 3248 remissionis
2559 3206 2878 3264 exspectare
2909 3213 3046 3266 opus
3077 3213 3185 3251 non
3217 3199 3475 3268 habebat,
3508 3205 3608 3272 qui
3648 3215 3752 3259 erat

2186 3287 2691 3357 quinquagesimus,
2741 3291 2830 3358 qui
2881 3289 3136 3358 jubilaeus
3181 3292 3486 3358 dicebatur,
3522 3297 3609 3352 sic
3669 3299 3750 3368 qui

2188 3387 2470 3446 peceatum
2502 3377 2568 3431 ad
2613 3378 2901 3431 delendum
2951 3379 3080 3434 illud
3135 3382 3393 3450 aequales,
3433 3384 3550 3440 sive
3610 3403 3750 3457 pares

2188 3467 2414 3522 virtutes
2445 3469 2703 3538 exquirit,
2740 3470 2993 3538 pra'ccdit
3028 3472 3430 3541 pmnitentiam,
3454 3479 3750 3533 actionibus

2187 3560 2344 3614 bonis
2364 3576 2422 3616 se
2462 3561 2772 3614 redimens:
2797 3563 2938 3630 quod
2976 3554 3313 3618 demonstrat
3343 3564 3644 3634 Zachazus,
3671 3569 3750 3638 qui

2187 3668 2310 3706 cum
2357 3652 2718 3722 plurimorqu
2771 3653 3004 3722 plurima
3052 3657 3399 3719 sustulisset,
3455 3676 3576 3714 non
3623 3663 3752 3733 eguit

2187 3759 2369 3809 sacco,
2393 3754 2448 3800 et
2477 3745 2682 3809 cinere,
2712 3755 2768 3797 et
2801 3745 3076 3814 lacrymis,
3109 3757 3160 3800 et
3191 3749 3459 3804 oratione.
3489 3749 3596 3806 llic
3622 3754 3750 3806 enim

2187 3835 2346 3890 nobis
2383 3845 2561 3890 anuus
2585 3836 2944 3901 remissionis,
2976 3836 3116 3892 sicut
3150 3840 3330 3893 omnia
3383 3841 3619 3904 habens.
3648 3861 3751 3914 qua:

2190 3925 2346 3980 nobis
2375 3924 2704 3978 fructiﬁcent
2728 3926 3123 3980 remissionem.
3159 3925 3278 3980 Non
3305 3929 3536 3999 indiguit
3565 3942 3750 3998 autem,

2187 4013 2316 4082 quia
2349 4023 2572 4082 peccata
2605 4014 2828 4082 quidem
2863 4026 3018 4068 erant
3060 4017 3400 4084 pecuniaria:
3434 4019 3558 4086 ipse
3588 4032 3749 4074 autem

2189 4118 2272 4168 ea,
2314 4118 2434 4172 quae
2465 4102 2692 4172 abrepta
2732 4102 2969 4168 fuerant,
3021 4104 3269 4172 promisit
3295 4105 3520 4159 reddere
3554 4108 3608 4161 iu
3633 4123 3749 4176 qua-

2186 4195 2462 4264 druplum,
2490 4193 2774 4248 dimidium
2807 4203 2988 4250 autem
3028 4209 3249 4248 suorum
3282 4195 3617 4251 distribuere
3639 4213 3750 4266 pan-

2190 4287 2432 4355 peribus.
2476 4285 2704 4354 Propter
2759 4285 2901 4353 quod
2958 4284 3208 4339 Christus
3259 4286 3324 4340 ad
3371 4302 3543 4341 eum:
3601 4288 3748 4342 Hodie

576 4369 736 4422 \‘cns.
995 4386 1014 4418 ι
1053 4366 1108 4420 Si
1139 4377 1320 4421 autem
1350 4374 1405 4420 et
1427 4366 1541 4434 ipse
1572 4364 1828 4434 potuerit,
1858 4364 2084 4419 redimet

2192 4379 2331 4434 salus
2381 4380 2502 4432 huic
2547 4381 2726 4431 domui
2757 4381 2898 4448 facta
2950 4389 3023 4432 est
3053 4380 3119 4446 ³³,
3163 4380 3465 4448 suscipiens
3503 4382 3746 4450 pecunias

508 4475 589 4525 se,
621 4459 929 4527 supputatis
956 4458 1220 4512 duntaxat
1247 4457 1406 4512 annis
1429 4472 1460 4510 a
1493 4464 1735 4525 tempore
1755 4456 2082 4510 venditionis

509 4566 622 4605 sine
680 4563 853 4619 usque
899 4553 951 4602 in
1003 4564 1205 4602 annum
1256 4548 1560 4618 jubilmum,
1612 4557 1664 4602 et
1697 4549 1926 4617 pecunia
1975 4565 2080 4619 qua

512 4641 764 4696 venditus
799 4642 1010 4706 fuerat,
1048 4640 1204 4709 juxta
1255 4653 1525 4692 annorum
1554 4655 1844 4692 numerum
1903 4649 1960 4694 et
1992 4657 2081 4695 ra-

509 4736 716 4790 tionem
746 4734 1072 4790 mercenarii
1102 4742 1414 4803 supputata.
1447 4732 1503 4786 Si
1524 4733 1704 4802 plures
1722 4733 1921 4788 fuerint
1949 4736 2080 4788 anni

503 4829 599 4898 qui
644 4836 928 4882 retttanent
961 4841 1131 4896 usque
1165 4827 1232 4880 ad
1283 4825 1584 4896 jubilmum,
1633 4827 1931 4880 secundum
1980 4827 2080 4881 hos

505 4923 696 4978 reddet
723 4930 777 4976 et
819 4932 1072 4991 pretium.
1113 4920 1167 4974 Si
1213 4921 1390 4990 pauci,
1429 4929 1592 4990 ponet
1640 4919 1904 4975 rationem
1954 4935 2077 4975 cum

503 5030 570 5069 eo
599 5016 754 5084 juxta
787 5015 1045 5083 pretium,
1076 5023 1130 5068 et
1155 5027 1444 5067 numerum
1478 5025 1768 5074 annorum,
1803 5022 1859 5065 et
1889 5011 2078 5066 reddet

503 5108 736 5176 emptori
769 5108 913 5176 quod
959 5107 1226 5176 reliquum
1273 5113 1359 5158 est
1400 5119 1688 5166 annorum,
1722 5102 1920 5172 quibus
1948 5111 2074 5156 ante

503 5199 731 5252 servivit
779 5197 1120 5251 mercedibus
1174 5195 1472 5264 imputatis.
1525 5191 1645 5248 Non
1695 5194 1894 5263 adliget
1947 5208 2072 5246 eum

501 5289 766 5344 violenter
793 5291 846 5343 in
879 5297 1171 5358 conspectu
1215 5297 1326 5342 tuo.
1353 5287 1507 5354 Quod
1539 5286 1586 5340 si
1615 5303 1712 5357 per
1742 5287 1856 5341 haec
1885 5284 2075 5340 redimi

507 5397 614 5435 non
668 5381 919 5450 patuerit,
965 5395 1110 5435 anno
1145 5379 1368 5450 jubilaeo
1414 5379 1687 5449 egreditur
1737 5393 1860 5431 cum
1890 5376 2078 5431 liberis

503 5473 637 5526 suis.
667 5472 770 5526 Mei
801 5472 943 5525 enim
976 5481 1103 5526 sunt
1133 5471 1276 5526 servi
1311 5471 1404 5524 filii
1441 5470 1622 5533 lsrael,
1655 5483 1791 5538 quos
1820 5468 1982 5524 eduxi
2012 5468 2080 5523 de

505 5570 651 5617 terra
681 5562 914 5632 Aigypti.
948 5563 1070 5648 Ego,
1089 5562 1350 5618 Dominus
1382 5562 1526 5617 Deus
1551 5570 1746 5616 vester.
1787 5577 1808 5614 ι

2185 4465 2578 4536 redemptionis
2599 4466 2738 4534 ejus,
2756 4465 2909 4519 dixit.
2937 4466 3268 4520 Admirabile
3299 4476 3381 4520 est
3406 4477 3595 4520 autem
3623 4466 3744 4537 qqu

2185 4559 2456 4628 sequitur.

2252 4649 2319 4702 Et
2351 4649 2568 4718 pecunia
2603 4665 2707 4719 qua
2740 4650 2977 4702 venditus
3003 4650 3178 4718 fuerat
3194 4651 3354 4714 juxta
3379 4667 3638 4704 annorum
3664 4666 3738 4702 uu-

2184 4756 2405 4806 merum,
2442 4750 2488 4793 et
2523 4741 2779 4794 rationem
2810 4741 3120 4793 mercenarii
3146 4750 3509 4808 supputatom.

2261 4831 2386 4885 Sive
2416 4830 2714 4884 secundum
2749 4829 3102 4901 Septuaginta
3128 4850 3138 4883 :
3162 4833 3278 4886 Erit
3313 4837 3544 4901 pecunia
3586 4832 3743 4888 vendi-

2186 4921 2347 4977 tionis
2376 4923 2494 4992 ejus
2527 4937 2672 4976 auno
2712 4921 2854 4975 sicut
2880 4921 2998 4974 dies
3027 4922 3349 4976 mercenarii
3374 4923 3487 4978 erit
3516 4940 3634 4978 eum
3667 4938 3738 4974 eo.

2181 5015 2321 5066 Cum
2362 5028 2471 5082 quo
2503 5012 2590 5066 die
2632 5026 2761 5082 ergo
2803 5011 3076 5082 legislator
3128 5025 3237 5064 non
3293 5012 3492 5066 frustra
3526 5016 3742 5068 mentio-

2181 5121 2304 5159 nem
2329 5105 2472 5166 fccit,
2492 5103 2583 5159 sed
2611 5105 2754 5158 illam
2783 5104 3036 5165 innuens,
3056 5119 3218 5172 quam
3241 5113 3427 5174 aperte
3443 5106 3496 5159 in
3517 5106 3739 5176 Evange-

2179 5194 2265 5251 liis
2280 5197 2536 5250 Dominus
2551 5195 3030 5260 ostendit;quando
3048 5195 3352 5264 parabolam
3368 5199 3736 5267 operariorum,

2182 5288 2277 5358 qui
2313 5287 2380 5342 ad
2410 5287 2622 5341 vineam
2673 5286 2927 5341 conducti
2978 5296 3144 5352 sunt,
3171 5287 3484 5358 exposuit“
3509 5285 3738 5358 :quando

2186 5381 2286 5434 hos
2304 5380 2524 5449 quidem
2543 5394 2722 5444 mane,
2743 5378 2862 5433 illos
2883 5388 3066 5433 autem
3099 5380 3228 5435 hora
3247 5382 3422 5447 tertia,
3456 5384 3553 5437 hos
3575 5390 3733 5435 autem

2186 5480 2335 5525 sexta
2366 5509 2382 5535 ,
2415 5470 2536 5524 illos
2568 5479 2750 5524 autem
2775 5485 2938 5537 nona,
2967 5470 3254 5528 aliosvero
3283 5473 3558 5528 undecima
3586 5481 3732 5540 quam

2187 5561 2417 5617 conduci
2458 5561 2704 5627 dixisset,
2745 5571 2801 5616 et
2847 5561 2961 5616 dari
3003 5564 3286 5619 mercedes
3337 5565 3441 5642 bis,
3474 5563 3560 5635 qui
3605 5559 3728 5618 circa

575 5675 672 5732 “1
710 5675 828 5730 Cor.
868 5678 1047 5741 tv,13.
1125 5678 1165 5708 δ’
1200 5677 1315 5731 Cal.
1347 5692 1418 5744 vl,
1448 5678 1533 5732 to.
1609 5678 1654 5708 δ’
1680 5677 1798 5732 Aet.
1825 5693 1943 5745 vni,
1972 5677 2062 5736 26.

2216 5680 2350 5734 Luc.
2382 5695 2492 5747 nx,
2529 5679 2581 5733 9.
2659 5679 2705 5712 “
2733 5678 2925 5734 Matth.
2963 5696 3054 5744 xx,
3097 5681 3116 5733 1
3148 5693 3263 5750 seq.
