4036 6200
353 248 514 340 1137'

1468 283 1544 345 ΙΝ
1590 281 2029 346 LEVITICUM.
2068 307 2137 318 —
2172 281 2322 342 LIB.
2360 279 2494 343 VII.

3465 281 3602 347 1138

351 384 695 441 undecimam
721 388 986 444 'conduetl
1017 398 1165 454 sunt,
1190 389 1336 444 Sicut
1359 389 1444 444 his
1463 389 1556 459 qui
1584 388 1919 444 totamdiem
1953 393 1996 450 Α
2025 385 2460 458 praedicaverunt
2489 349 2784 458 jejunium,
2837 397 2892 444 et
2944 391 3118 446 induti
3171 401 3295 448 sunt
3351 407 3512 448 sacco
3568 412 3599 450 a

349 476 554 543 operati
599 487 746 544 sunt,
779 479 963 548 jussit,
1002 481 1144 534 sicut
1177 481 1339 535 unius
1371 495 1499 551 ergo
1551 480 1788 542 illorum,
1821 479 1926 534 erit

349 567 398 620 ei
455 568 545 631 qui
598 567 882 624 redimitur
925 571 1154 640 pecunia
1210 571 1538 625 venditionis
1587 587 1748 625 sum:
1791 571 1921 625 licet

349 660 496 714 enim
527 662 576 715 ei
607 671 662 715 et
693 677 788 730 per
819 677 1048 730 parvum
1077 671 1311 732 tempus,
1343 672 1397 716 et
1423 679 1520 731 per
1536 663 1764 717 multum
1799 678 1925 732 per-

350 767 510 822 agere
552 753 1004 822 redemptionem,
1044 762 1268 822 propter
1324 753 1470 822 quod
1492 760 1548 806 ct
1588 751 1926 806 rationabili-

354 849 438 896 ter
469 842 743 912 legislator
763 843 969 897 addidit
999 861 1012 896 :

431 952 450 984 ι
478 932 534 986 Si
581 943 762 987 autem
825 933 1006 1002 plures
1053 933 1257 987 fuerint
1307 934 1458 998 anni,
1504 933 1596 1003 qui
1643 940 1930 987 remanent

359 1039 529 1092 usque
561 1024 626 1077 ad
652 1023 954 1091 jnbilaeum,
988 1023 1288 1078 secundum
1338 1024 1437 1077 hos
1478 1022 1667 1077 reddet
1718 1031 1774 1077 et
1801 1037 1927 1092 pre-

360 1114 494 1168 tium
532 1132 544 1167 :
569 1115 609 1168 si
640 1115 816 1184 pauci,
840 1125 1006 1184 ponet
1031 1115 1292 1169 rationem
1316 1130 1440 1168 cum
1471 1130 1556 1177 eo,
1577 1114 1728 1184 juxta
1753 1129 1928 1167 anno-

358 1226 478 1264 rum
513 1219 892 1274 numerum,ct
920 1209 1109 1264 reddet
1130 1209 1360 1278 emptori
1387 1209 1528 1277 quod
1561 1208 1827 1277 reliquum
1845 1189 1928 1263 est

355 1318 646 1369 annorum,
687 1303 885 1371 quibus
908 1301 1135 1356 servivit
1159 1301 1504 1356 mercedibus
1531 1301 1865 1370 imputatis»

427 1392 664 1446 Primum
695 1407 824 1463 ergo
868 1393 1170 1446 secundum
1213 1390 1332 1446 hanc
1377 1391 1528 1446 reddi
1570 1391 1826 1461 pretium;
1875 1391 1927 1445 id

353 1493 458 1546 est,
487 1485 786 1539 secundum
816 1500 903 1550 ea,
933 1501 1056 1553 qua:
1093 1486 1354 1553 peccavit,
1391 1485 1537 1554 quod
1572 1485 1928 1554 semetipsum

326 1575 625 1629 'redimere
647 1575 762 1628 vult
784 1576 1058 1644 praecepit,
1099 1584 1156 1629 ut
1185 1576 1229 1628 si
1257 1575 1486 1628 forsitan
1526 1591 1589 1628 ex
1641 1576 1765 1646 gula
1801 1591 1929 1642 pec-

356 1666 519 1730 cavit,
551 1683 646 1736 per
671 1668 939 1736 jejunium
971 1668 1206 1736 corrigat
1232 1668 1352 1721 :sin
1376 1675 1557 1720 autem
1590 1683 1656 1720 ex
1685 1667 1930 1720 verbosi-

357 1765 486 1820 tatc,
523 1759 738 1812 studeat
767 1760 1208 1813 taciturnitatem.
1242 1759 1298 1814 Si
1334 1775 1398 1813 ex
1433 1759 1700 1812 incautela
1741 1759 1930 1812 oculo-

355 1858 473 1896 rum
505 1843 559 1897 in
599 1845 841 1898 mulieris
863 1847 1362 1914 concupiscentiam
1413 1847 1626 1909 cecidit,
1658 1851 1780 1914 agat
1821 1861 1930 1898 non

353 1937 539 1990 videre
580 1937 856 2002 mulieres,
887 1952 1064 2005 neque
1129 1937 1354 1992 omnino
1397 1938 1477 1990 eis
1501 1938 1722 1990 obvium
1790 1937 1926 1990 ﬂeri.

357 2029 562 2082 Deinde
591 2030 634 2083 si
669 2029 782 2082 vult
809 2030 1040 2083 celerem
1072 2030 1172 2084 sibi
1217 2030 1647 2098 redemptionem
1715 2045 1928 2098 parare,

357 2119 606 2173 intendat
641 2119 885 2187 pecuniis
911 2118 1329 2186 conquisitionis
1357 2133 1489 2181 suze,
1543 2119 1708 2172 verbo
1738 2117 1931 2173 videli-

358 2221 446 2265 cet
491 2211 774 2275 doc1rinae,
799 2211 942 2280 quod
975 2226 1102 2264 eum
1151 2211 1453 2279 intelligere
1486 2212 1764 2279 p:0prium
1804 2226 1932 2281 pec-

357 2316 538 2362 eatum
578 2318 632 2362 et
661 2308 820 2362 subdi
849 2308 1162 2362 admonenti
1191 2307 1337 2362 fecit.
1379 2307 1442 2362 Et
1469 2307 1513 2361 si
1549 2306 1742 2360 viderit
1781 2305 1935 2357 ‘nml—

360 2409 474 2454 tum
510 2401 690 2456 minus
711 2418 836 2455 esse
861 2401 927 2454 ad
955 2417 1160 2455 annum
1201 2402 1560 2463 remissionis,
1597 2410 1652 2453 et
1678 2400 1747 2454 ad
1807 2415 1931 2454 cor-

361 2493 682 2556 rectionem,
714 2493 966 2546 videlicet
997 2493 1236 2547 delinitte
1272 2493 1320 2545 ei
1359 2492 1712 2562 pmnitcntiue,
1763 2493 1938 2564 magis

359 2592 616 2652 operetur
641 2583 888 2646 virtutes,
912 2593 965 2638 et
995 2584 1317 2638 lab0riosam
1386 2585 1626 2638 lncratur
1663 2585 1932 2652 paeniten-

361 2676 511 2728 tiam.
550 2676 606 2729 Si
631 2686 813 2730 autem
840 2679 943 2732 hoc
976 2694 1165 2733 rursus
1195 2694 1384 2748 parum
1413 2686 1670 2747 operatus
1710 2678 1834 2742 fuit,
1887 2677 1934 2735 si

359 2784 468 2822 non
507 2784 605 2838 per
625 2769 878 2834 virtutes,
910 2785 1008 2838 per
1041 2771 1306 2838 laerymas
1334 2781 1541 2835 autem,
1570 2781 1624 2824 et
1673 2771 1930 2838 suspiria,

356 2871 414 2914 et
443 2859 661 2924 similia,
723 2859 830 2914 illis
871 2861 1106 2914 remedia
1157 2875 1416 2930 peragere
1472 2876 1696 2916 necesse
1749 2861 1934 2915 habet.

358 2953 698 3006 Conlirmans
719 2963 901 3008 autem
941 2953 1080 3022 quod
1113 2953 1316 3008 dictum
1348 2961 1452 3018 est,
1479 2952 1778 3006 secundum
1834 2952 1934 3006 Se-

2025 479 2232 548 majore
2281 493 2454 548 usque
2514 479 2582 534 ad
2619 488 2874 550 patruum
2927 485 3599 547 eorum,etcxclamave-

2025 577 2157 623 runt
2189 570 2256 622 ad
2291 569 2461 624 Deum
2498 569 2726 636 intente,
2757 579 2814 626 et
2851 574 2976 626 eum
3002 582 3114 628 toto
3139 575 3340 638 animo,
3370 586 3425 629 et
3447 591 3601 630 aver-

2028 667 2208 713 terunt
2242 674 2300 714 se
2329 660 2711 730 unusquisque
2735 676 2766 715 a
2800 662 2883 716 via
2905 677 3002 717 sua
3045 664 3206 729 mala,
3232 674 3284 718 et
3311 665 3380 719 ab
3446 667 3605 733 inju-

2027 749 2172 802 stitia
2214 765 2338 819 qua:
2371 751 2425 804 in
2452 751 2706 806 manibus
2736 763 3092 808 eorum-erat.
3137 753 3227 808 Sic
3246 755 3394 809 enim
3457 755 3603 810 Deus

2026 855 2217 895 eorum
2280 843 2656 912 paenitentiam
2683 845 2946 914 suscepit,
2979 851 3052 900 “ut
3087 847 3353 916 propheta
3406 847 3608 901 subde-

2027 943 2148 987 ret:
2175 933 2414 988 Misertus
2439 944 2516 988 est
2555 935 2695 989 Deus
2716 951 2872 1004 super
2924 937 3210 1002 malitiam,
3244 955 3404 1004 quam
3463 939 3608 993 locu-

2029 1035 2112 1079 tus
2132 1028 2328 1096 fuerat,
2361 1037 2414 1079 at
2447 1032 2640 1097 faceret
2677 1029 2772 1094 eis,
2805 1039 2852 1082 et
2894 1047 2994 1084 non
3019 1032 3140 1100 fecit
3173 1033 3244 1085 “.
3273 1031 3477 1101 thna:
3526 1043 3610 1086 est

2029 1129 2215 1179 causa,
2245 1130 2368 1183 qua:
2399 1117 2776 1184 paenitentiam
2809 1119 2992 1173 delere
3033 1129 3255 1190 peccata
3316 1121 3496 1184 faciat,
3553 1133 3608 1178 et

2029 1203 2160 1258 facit
2189 1203 2446 1266 mundam
2485 1205 2768 1274 ptenitenti
2823 1209 3093 1279 proﬂigari
3153 1211 3604 1282 redemptionem,

2028 1295 2101 1349 ita
2121 1303 2178 1349 ut
2207 1311 2308 1350 nec
2329 1310 2469 1364 opus
2500 1297 2695 1351 habeat
2725 1298 2891 1352 alium
2923 1301 3031 1368 iam
3061 1303 3481 1366 admonentem,
3509 1320 3606 1360 ne-

2030 1401 2135 1456 que
2163 1387 2266 1440 sub
2291 1387 2420 1456 jugo
2454 1387 2678 1442 alterius
2711 1405 2870 1458 agere
2903 1393 3184 1448 doctrinm.

2095 1478 2196 1532 Hei
2224 1487 2344 1532 sunt
2371 1479 2510 1531 enim
2531 1481 2670 1532 servi
2701 1482 2802 1549 ﬁlii
2819 1482 3008 1549 Israel,
3042 1501 3169 1553 quos
3197 1487 3354 1538 eduxi
3383 1489 3444 1539 de
3468 1497 3610 1540 terra

2031 1569 2268 1638 Egypti.
2301 1568 2584 1634 Quomodo
2635 1579 2818 1626 autem
2849 1589 2946 1628 eos
3000 1576 3234 1629 eduxit?
3263 1576 3612 1644 Suspirantes

2033 1661 2466 1727 videlicet,sicut
2489 1662 2625 1717 liber
2647 1665 2805 1720 nobis
2841 1667 3012 1720 Exodi
3041 1667 3441 1722 demonstravit
3467 1688 3477 1722 :
3507 1669 3614 1723 Per

2035 1754 2256 1806 multum
2285 1755 2530 1821 temporis
2555 1765 2793 1809 mortuus
2853 1769 2927 1810 est
2961 1775 3052 1810 rea:
3090 1756 3329 1828 nggpti.
3361 1770 3410 1812 et
3463 1760 3612 1830 inge-

2034 1845 2302 1899 miscentcs
2339 1845 2436 1913 lilii
2467 1845 2634 1899 Israel
2662 1858 2873 1916 propter
2933 1865 3116 1917 opera,
3172 1851 3440 1921 vociferati
3467 1860 3609 1914 sunt,

2033 1937 2364 2005 ascenditque
2417 1937 2618 1991 clamor
2664 1955 2842 1992 eorum
2903 1943 2975 1994 ad
3025 1941 3189 1994 Deum
3220 1943 3283 1995 ".
3313 1941 3416 2007 Qui
3483 1958 3614 2013 ergo

2037 2036 2164 2083 tunc
2203 2029 2383 2098 populi
2415 2030 2707 2100 suspirium
2740 2033 3000 2102 suscepit,
3046 2033 3406 2103 liberavitque
3437 2049 3532 2088 eos
3582 2048 3614 2089 a

2034 2119 2294 2175 servitute
2321 2119 2812 2195 EgyptiaJpSeet
2860 2139 3008 2178 nunc
3071 2140 3513 2195 unumquemque
3557 2127 3613 2180 in

2035 2210 2355 2279 pcenitentia
2399 2192 2766 2280 suspirantem
2825 2214 3037 2278 liberat,
3067 2224 3124 2269 ct
3159 2216 3228 2270 ab
3260 2192 3614 2286 intelligibili

2034 2301 2266 2372 {Egypto
2290 2303 2538 2358 redimet.
2571 2304 2712 2359 Dicit
2737 2305 2803 2360 ad
2835 2322 2934 2362 nos
2965 2325 2979 2362 :
3011 2306 3124 2378 Ego
3155 2309 3416 2364 Dominus
3475 2311 3618 2364 Deus

2035 2403 2236 2462 vester,
2252 2396 2343 2466 qui
2378 2396 2472 2451 illa
2493 2397 2598 2468 egi,
2634 2406 2689 2452 et
2716 2398 2833 2453 haec
2856 2401 3124 2470 praecepi.

2601 2555 2827 2612 CAPUT
2852 2555 3044 2612 XXVI.

2106 2666 2267 2720 Vens.
2299 2667 2348 2728 Ι.
2367 2667 2422 2721 2.
2452 2667 2569 2723 Non
2593 2668 2805 2723 facietis
2835 2670 2989 2724 vobis
3023 2669 3248 2736 idolum,
3274 2681 3330 2725 et
3346 2669 3616 2740 sculptile,

2037 2772 2137 2812 nec
2172 2758 2356 2813 titulos
2382 2758 2622 2830 erigetis,
2655 2776 2757 2814 nec
2786 2761 3058 2832 insignem
3103 2761 3338 2831 lapidem
3399 2762 3618 2832 ponetis

2037 2852 2092 2905 in
2129 2860 2268 2906 terra
2299 2861 2500 2915 vestra,
2531 2861 2590 2906 ut
2616 2852 2852 2907 adoretis
2879 2869 3028 2916 eum,
3064 2870 3164 2924 ego
3188 2853 3333 2909 enim
3361 2869 3481 2908 sum
3519 2853 3620 2908 Do-

2037 2942 2216 2995 minus
2250 2940 2390 2996 Deus
2415 2951 2614 2996 vester.
2645 2940 2930 2997 Custodite
2977 2942 3210 2998 Sabbata
3241 2957 3380 3006 mea,
3411 2951 3472 2996 et
3521 2958 3617 3012 pa-

360 3045 642 3114 ptuaginta
669 3044 834 3098 infert
873 3061 886 3096 :
919 3044 1058 3110 Quia
1103 3043 1474 3099 mercenarius
1525 3060 1670 3098 anno
1690 3061 1755 3098 ex
1789 3060 1936 3098 anno
1963 3053 2004 3108 c
2040 3043 2160 3088 γεω
2181 3033 2546 3088 εὓηοιυπίυιιι
2585 3050 2788 3090 meum.
2813 3035 2926 3107 E30
2955 3035 3242 3090 DONiIWS-
3285 3053 3304 3086 ³

357 3153 482 3192 cum
515 3153 580 3191 eo
603 3144 707 3200 est,
737 3153 844 3192 non
868 3137 1072 3206 allliges
1087 3151 1210 3190 eum
1243 3137 1298 3190 in
1327 3137 1532 3198 labore,
1561 3137 1614 3192 in
1638 3147 1934 3206 conspectu

359 3237 472 3286 tuo.
508 3227 587 3280 Ad
623 3227 772 3280 illum
806 3226 1104 3295 respiciens
1132 3227 1550 3289 mercenarium,
1581 3241 1814 3294 quorum
1849 3226 1938 3280 hic

359 3319 578 3386 quidem
625 3333 722 3386 per
761 3334 926 3370 unam
963 3317 1174 3379 horam,
1207 3317 1294 3370 ille
1333 3326 1513 3370 autem
1544 3333 1638 3386 per
1663 3327 1772 3371 tres
1825 3318 1938 3372 for—

361 3409 500 3460 sitan
526 3406 660 3458 alter
685 3405 961 3473 aliquanto
993 3405 1228 3473 amplius
1268 3391 1574 3460 mercedem
1607 3409 1792 3476 operis
1843 3424 1936 3464 ac-

359 3498 508 3567 cepit
536 3498 602 3550 ⁸⁸.
637 3496 820 3564 Neque
850 3499 996 3551 enim
1051 3497 1287 3566 injustus
1344 3510 1483 3564 erat,
1527 3501 1618 3568 qui
1651 3503 1934 3567 conduxit,

363 3590 458 3642 sed
483 3589 623 3642 sicut
643 3590 849 3656 justus,
879 3605 987 3643 non
1019 3590 1193 3644 solum
1216 3592 1280 3644 ad
1314 3603 1528 3660 tempus
1565 3595 1933 3662 operantium,

363 3679 457 3732 sed
489 3687 545 3732 et
581 3680 646 3733 ad
682 3695 847 3748 opera
885 3679 1142 3749 respexit,
1173 3679 1250 3734 sic
1300 3682 1540 3737 metieris
1569 3684 1640 3747 ci,
1675 3685 1775 3753 qui
1823 3686 1933 3741 vult

363 3788 460 3842 per
490 3773 734 3826 actiones
758 3774 924 3828 bonas
955 3774 1328 3843 semetipsum,
1367 3785 1422 3829 et
1453 3776 1816 3845 perfectiones
1848 3795 1935 3834 re-

361 3863 588 3928 dimere,
617 3873 674 3919 nt
699 3881 903 3919 annum
925 3880 991 3920 ex
1025 3881 1170 3920 anno
1196 3867 1262 3920 sit
1283 3881 1405 3920 cum
1437 3882 1522 3931 eo,
1549 3869 1938 3938 redemptionis

361 3957 592 4026 propria:
620 3956 845 4027 pecunia
879 3957 932 4011 in
964 3965 1372 4018 momento,aat
1397 3976 1495 4031 per
1522 3961 1720 4014 multos
1741 3976 1934 4024 annos,

360 4058 454 4104 aut
482 4065 578 4120 per
600 4066 802 4120 paucos
824 4051 1079 4105 virtutem
1109 4052 1368 4120 Operandi
1403 4053 1758 4122 redemptioni
1791 4053 1938 4106 simi-

362 4143 490 4196 lem.

437 4238 503 4291 Et
534 4255 637 4294 non
667 4240 862 4308 effliges
888 4255 1006 4292 eum
1056 4241 1110 4292 in
1143 4239 1316 4299 labore
1375 4241 1431 4293 in
1477 4249 1752 4309 conspectu
1821 4250 1927 4293 tuo.

360 4333 502 4396 Quid
536 4342 717 4386 autem
747 4333 848 4384 hoc
869 4332 990 4384 est?
1017 4330 1086 4384 Ut
1109 4347 1256 4393 eum,
1281 4331 1372 4401 qui
1409 4348 1504 4400 per
1531 4333 1784 4385 virtutem
1810 4348 1936 4401 pec-

2106 3125 2225 3179 Non
2249 3125 2422 3179 solum
2449 3125 2620 3189 nobis,
2675 3127 2948 3196 quomodo
2972 3136 3260 3197 peccantes
3315 3126 3618 3183 libertatem

2039 3216 2354 3283 habeamus,
2388 3233 2492 3272 nec
2544 3217 2770 3272 aliorum
2827 3218 3074 3274 doctrina
3099 3229 3194 3272 aut
3235 3220 3619 3274 exhortatione

2037 3321 2315 3377 egeamus,
2349 3307 2432 3362 lex
2487 3309 2730 3372 mandat,
2764 3320 2825 3364 ut
2869 3311 3246 3381 propheticum
3287 3311 3419 3366 illud
3463 3310 3620 3366 nobis

2038 3399 2391 3469 impleretur:
2428 3402 2500 3474 Et.
2548 3419 2650 3456 non
2707 3403 2908 3456 docebit
2976 3406 3336 3474 unusquisque
3395 3407 3618 3474 fratrem

2037 3507 2210 3554 suum,
2281 3493 2500 3546 dicens:
2555 3493 2816 3562 Cognosce
2876 3493 3160 3548 Dominum
3197 3511 3216 3547 :
3265 3497 3391 3565 quia
3442 3511 3617 3549 omnes

2037 3583 2198 3636 scient
2227 3601 2329 3647 me,
2361 3601 2393 3636 a
2413 3585 2613 3638 minore
2639 3601 2800 3654 usque
2832 3585 2903 3638 ad
2953 3585 3206 3654 majorem
3263 3602 3462 3648 eorum,
3492 3588 3616 3654 quia

2037 3676 2292 3744 propitius
2317 3692 2404 3730 ero
2427 3677 2790 3746 iniquitatibus
2813 3693 2992 3730 eorum
3016 3687 3062 3731 et
3111 3687 3442 3745 peccatorum
3498 3677 3619 3731 illo-

2038 3783 2155 3821 rum
2176 3767 2296 3836 jam
2331 3783 2432 3820 nou
2460 3769 2773 3823 recordabar
2792 3769 3022 3839 amplius
3047 3769 3110 3824 ⁵⁸.
3131 3768 3414 3834 Quomodo
3436 3778 3615 3824 autem

2038 3859 2142 3914 hoc
2167 3869 2302 3922 erat,
2325 3860 2367 3914 si
2396 3877 2502 3914 non
2538 3861 2712 3916 solum
2740 3862 2810 3916 ab
2865 3871 3055 3932 aperto
3108 3862 3378 3918 idolorum
3441 3861 3613 3927 cultu,

2036 3964 2198 4019 quem
2238 3950 2490 4019 prohibet
2521 3951 2650 4020 legis
2676 3951 2876 4013 littera,
2909 3951 3004 4006 sed
3033 3960 3092 4006 et
3118 3952 3186 4006 ab
3208 3951 3424 4006 occulto
3449 3951 3618 4005 absti-

2036 4040 2308 4094 neamus?
2336 4041 2403 4096 dc
2433 4057 2542 4110 quo
2575 4039 2775 4096 Paulus
2829 4041 3046 4097 dicebat
3078 4061 3090 4096 :
3149 4041 3330 4096 Radix
3382 4041 3618 4096 omnium

2037 4130 2300 4184 malorum
2353 4132 2580 4186 avaritia
2627 4131 2836 4202 ‘°,qnae
2895 4143 2982 4188 est
3035 4133 3300 4188 idolorum
3341 4133 3612 4189 servitus:

2037 4221 2494 4290 quemadmodum
2551 4223 2706 4276 nobis
2755 4223 2916 4278 etiam
2977 4239 3124 4278 nunc
3190 4223 3325 4292 legis
3391 4223 3616 4292 spiritus

2037 4312 2420 4368 abstinentiam
2441 4314 2678 4369 mandat.
2705 4314 2772 4368 Et
2797 4330 2903 4368 non
2926 4315 3188 4369 facieinus
3203 4314 3360 4370 nobis
3390 4314 3614 4374 idolum,

359 4429 540 4474 (mum
581 4422 808 4488 respui“
842 4437 951 4474 ηοη
983 4421 1032 4474 ci
1067 4421 1480 4490 superimponas
1517 4421 1775 4476 ἀίειτίοιω
1822 4437 1936 4490 μω.
1970 4413 2010 4467 ι)
2039 4412 2094 4458 et
2143 4403 2416 4472 sculptile,
2445 4405 2578 4471 sive,
2607 4413 2667 4458 ut
2693 4404 3066 4476 Septuaginta,
3123 4405 3482 4477 manufactile,
3515 4405 3615 4460 do-

359 4511 604 4565 nitentize
627 4513 856 4580 pondus.
891 4513 1068 4566 Semel
1101 4512 1246 4567 enim
1271 4514 1624 4583 semetipsum
1678 4514 1936 4582 operibus

358 4600 517 4655 bonis
543 4602 790 4656 redemit.
822 4602 962 4673 Ergo
1001 4603 1165 4657 nimis
1191 4613 1338 4658 recte
1371 4603 1633 4669 subdidit,
1668 4619 1790 4670 quae
1845 4619 1933 4658 se-

362 4699 570 4760 quuntu
581 4707 626 4744 r.

431 4780 582 4846 Quod
606 4783 652 4834 si
678 4799 769 4850 per
795 4785 902 4836 [nec
932 4785 1116 4838 redimi
1142 4800 1242 4838 non
1282 4795 1529 4852 potuerit.
1555 4803 1694 4841 anno
1729 4787 1945 4841 iubila'o

362 4873 655 4943 egredietur
700 4889 814 4926 cum
867 4873 1044 4929 liberis
1086 4877 1214 4931 suis.
1269 4876 1371 4942 Qui
1403 4891 1584 4932 autem
1636 4879 1940 4948 aequalibus

361 4974 584 5033 peccato
607 4964 898 5019 virtutibus
921 4968 1274 5036 semetipsum
1304 4985 1414 5022 non
1452 4970 1702 5034 redemit,
1734 4971 1788 5022 in
1836 4987 1937 5024 an-

357 5071 432 5109 no
457 5057 685 5124 jubihei,
721 5057 836 5111 sive
866 5059 1230 5122 remissionis,
1264 5061 1317 5114 id
1360 5069 1464 5124 est,
1521 5061 1574 5114 in
1604 5061 1842 5130 perfecta
1881 5072 1940 5118 et

357 5147 602 5200 districta
678 5149 1024 5216 pten’tentia,
1083 5153 1540 5218 quemadmodum
1620 5153 1935 5223 frequenter

357 5235 617 5301 diximus,
641 5249 696 5292 et
726 5240 902 5307 ipsum
924 5239 1114 5293 redimi
1149 5243 1425 5310 prcccepit,
1445 5243 1538 5297 sed
1561 5251 1615 5296 et
1639 5243 1776 5298 bona
1797 5261 1932 5314 ope-

358 5341 437 5390 ra,
467 5343 588 5396 qna:
623 5329 940 5399 priusquam
996 5341 1296 5400 peccasset,
1321 5332 1452 5404 egit,
1477 5351 1596 5403 qua:
1625 5336 1716 5390 lilii
1752 5337 1932 5390 unius-

355 5420 622 5490 cujusque
660 5431 907 5477 nostrum
940 5433 1086 5477 sum.
1127 5422 1220 5478 Sin
1252 5439 1430 5480 autem
1456 5427 1538 5482 vis
1581 5443 1928 5498 cognoscere,

355 5525 478 5582 qum
510 5513 581 5567 sit
623 5513 861 5570 '-.erfccta
894 5515 1236 5584 paenitentia,
1269 5516 1534 5573 Ninivitas
1572 5520 1812 5588 intende,
1839 5522 1930 5591 qui

430 5689 477 5721 ιδ
508 5691 692 5747 Matth.
720 5708 804 5756 xv,
843 5693 999 5762 Iseq.
1096 5693 1138 5726 ⁸⁸
1165 5695 1333 5752 Jonas.
1371 5713 1445 5753 ιιι.
1485 5698 1564 5752 l0.

1645 5699 1686 5729 ιτ
1721 5699 1886 5754 Exod.
1927 5699 2113 5770 21,25.

2034 4511 2151 4548 mos
2181 4495 2526 4560 :edilicantcs,
2559 4507 2612 4550 et
2659 4513 2818 4567 agros
2843 4497 3052 4566 aliquos
3110 4497 3477 4566 possidentes,
3516 4512 3618 4552 nec

2035 4584 2282 4654 sculptile
2337 4585 2392 4638 in
2425 4585 2506 4638 eis
2557 4586 2872 4657 ﬁgurantcs,
2923 4597 3165 4642 nostram
3211 4588 3616 4657 quodammodo

2034 4682 2330 4733 atterentes
2369 4694 2554 4733 amore
2589 4696 2776 4734 eorum
2835 4689 3095 4737 tuentem.
3120 4680 3232 4736 Nec
3273 4682 3459 4736 titulos
3515 4696 3615 4734 no-

2037 4767 2142 4831 bis,
2197 4768 2310 4822 sive
2373 4776 2606 4822 statuam
2634 4769 2685 4822 in
2726 4769 2808 4822 his
2873 4770 3164 4840 erigamus,
3226 4765 3473 4824 volentes
3525 4783 3618 4835 per

2041 4874 2160 4913 eam
2187 4859 2502 4914 memoriam
2546 4870 2787 4914 nostram
2818 4863 3112 4916 extendere
3173 4861 3224 4914 in
3281 4860 3493 4913 futuras
3521 4874 3621 4927 ge-

2041 4950 2351 5004 nerationes
2385 4969 2398 5004 :
2443 4950 2538 5005 sed
2568 4966 2672 5006 nec
2709 4953 2944 5020 lapidem
2995 4951 3264 5021 insignem
3301 4949 3613 5020 erigamus,

2039 5043 2182 5104 auri,
2219 5043 2368 5097 verbi
2396 5042 2586 5114 gratia,
2619 5053 2711 5098 aut
2742 5043 2951 5114 argenti
2993 5043 3302 5106 cumulum,
3336 5051 3430 5095 aut
3477 5043 3619 5111 lapi-

2038 5131 2191 5196 dum,
2222 5132 2312 5200 qui
2349 5132 2600 5185 vidcntnr
2632 5148 2753 5186 esse
2779 5131 3001 5202 pretiosi
3027 5131 3252 5200 lapides,
3282 5132 3445 5184 etiam
3474 5132 3523 5185 bi
3551 5133 3618 5186 de

2039 5233 2179 5280 terra
2227 5223 2461 5291 aequales
2507 5223 2643 5278 albis
2694 5223 2964 5292 lapidibus
3005 5230 3154 5284 sunt,
3183 5222 3282 5275 etsi
3333 5237 3618 5276 avarorum

2041 5315 2190 5370 visus
2240 5315 2294 5367 in
2345 5314 2449 5378 his,
2487 5314 2943 5382 quemadmodum
2975 5328 3306 5381 paganorum
3343 5312 3397 5366 in
3439 5312 3615 5378 idolis,

2041 5408 2414 5462 seducuntur:
2449 5413 2671 5474 propter
2716 5407 2856 5474 quod
2911 5412 2962 5459 et
3015 5403 3242 5476 insignis
3279 5405 3414 5475 lapis
3441 5405 3620 5459 dictus

2040 5509 2140 5554 est.
2172 5497 2281 5554 Nos
2309 5506 2491 5553 autem
2523 5497 2660 5551 nihil
2691 5497 2793 5551 tale
2828 5497 3112 5567 patiamur,
3137 5515 3238 5552 nec
3270 5499 3494 5571 insignis
3523 5515 3620 5551 un-

2191 5702 2234 5733 δτ
2262 5699 2460 5756 Jercm.
2503 5716 2647 5768 xxxi,
2677 5700 2762 5757 δι.
2845 5703 2883 5733 ’τη
2916 5699 2936 5755 l
2972 5700 3108 5756 Tim.
3145 5717 3216 5766 vt,
3250 5699 3334 5755 l0.
