4036 6200
466 272 604 338 1ἱ39

1701 269 2064 331 HESYCHII
2105 272 2577 332 PRESBYTERI

3599 263 3749 331 11ίο

458 388 547 444 bis
575 388 714 460 lapis
741 387 1045 444 eﬂieiantur
1071 388 1293 452 divitiae,
1329 397 1388 442 ut
1425 387 1728 443 secundum
1775 387 2050 443 intentio-
2080 394 2121 449 Α
2152 403 2269 452 vos,
2293 393 2349 443 et
2375 401 2623 443 crescere
2645 385 2865 451 faciam,
2890 382 3412 456 multiplicabimini,
3437 391 3494 437 et
3515 381 3751 438 ﬁrmabo

459 492 586 534 nem
612 492 802 533 earum
829 478 1095 542 vivamus,
1118 478 1422 532 secundum
1452 477 1790 533 intellectum
1816 475 2052 546 Septua-

459 572 608 643 ginta
638 573 996 640 interpretum
1023 588 1036 637 ;
1065 572 1256 624 etnon
1291 585 1634 640 quaecunque
1666 570 2047 640 praeceperint,

459 664 745 728 faciamus,
763 673 819 718 et
845 662 1138 718 desideriis
1164 677 1353 717 earum
1385 663 1706 728 serviamus,
1731 663 2053 717 adoremus-

457 771 566 824 que
596 771 718 819 eas,
751 764 808 810 et
845 755 1090 810 colamus
1123 755 1179 810 in
1211 756 1591 811 conservando
1615 770 1728 810 eas.
1761 755 2052 810 Custodia-

457 859 581 898 mus
609 851 792 898 autem
819 853 874 898 et
899 842 1156 912 Sabbata,
1187 845 1257 900 ab
1282 845 1429 899 omni
1460 845 1566 900 alio
1595 845 1738 900 malo
1768 845 2053 899 abstinen-

460 942 589 996 tiam
624 941 1078 1010 vaeationemque
1136 941 1444 1008 studentes,
1475 950 1530 996 et
1557 951 1780 1012 agentes
1808 950 1868 996 ut
1919 956 2053 1010 ope-

459 1033 613 1086 ribus
643 1032 930 1102 prtesentis
956 1033 1141 1088 mundi
1167 1049 1471 1098 careamus,
1495 1043 1660 1102 atque
1686 1033 1755 1087 ab
1783 1033 1866 1087 eis
1893 1033 2053 1102 quie-

458 1136 696 1177 scamus.
727 1121 843 1177 Hoc
877 1122 1024 1178 enim
1059 1123 1398 1194 intelligibile
1433 1131 1486 1178 et
1518 1138 1706 1178 verum
1755 1121 2053 1178 Sabbatum

459 1222 563 1277 est,
595 1213 742 1281 quod
791 1228 902 1267 non
953 1213 1138 1283 populi
1187 1222 1273 1268 est
1317 1213 1533 1285 ingrati,
1567 1214 1662 1268 sed
1709 1213 1884 1284 ipsius
1933 1215 2050 1279 Dei,

458 1304 919 1373 quemadmodum
947 1305 1000 1359 in
1032 1305 1168 1361 Isaia
1195 1305 1412 1361 dicebat
1443 1323 1456 1360 :
1486 1306 1680 1361 Beatus
1710 1309 1791 1360 vir
1816 1308 1906 1377 qui
1933 1309 2053 1378 fecit

459 1395 577 1457 hac,
610 1405 659 1448 et
692 1395 836 1464 ﬁlius
882 1396 1110 1450 hominis
1157 1398 1247 1466 qui
1289 1397 1633 1466 apprehendit
1678 1398 1840 1462 istud,
1877 1407 2054 1451 custo-

457 1486 605 1538 diens
638 1483 928 1540 Sabbatum
957 1503 1020 1542 ne
1038 1487 1242 1558 polluat
1269 1488 1402 1542 illud
1421 1489 1489 1543 ⁸⁰.
1526 1487 1682 1544 Unde
1717 1488 2053 1560 distinguere

458 1576 529 1632 ab
556 1579 664 1632 illis
692 1579 924 1642 volebat,
950 1580 1018 1634 de
1048 1581 1247 1649 quibus
1279 1581 1437 1635 initio
1467 1581 1771 1651 prephetiae
1801 1583 2048 1639 dicebat:

458 1668 804 1731 Neomenias.
836 1681 882 1725 et
916 1671 1227 1736 Sabbatum,
1263 1683 1310 1726 et
1334 1674 1641 1744 festivitates
1668 1675 1806 1727 alias
1837 1692 1937 1728 non
1975 1678 2052 1748 fe-

458 1763 658 1814 ram“.
677 1761 832 1825 Quod
867 1772 1048 1818 autem
1079 1764 1172 1819 Dei
1200 1773 1282 1820 est
1312 1763 1631 1828 Sabbatum,
1656 1773 1750 1820 aut
1779 1769 2052 1836 quomodo

461 1849 592 1905 illud
623 1852 746 1922 quis
790 1854 1079 1922 profanare
1115 1871 1222 1908 non
1259 1865 1477 1926 potest,
1531 1857 1802 1912 subinfert
1835 1876 1846 1911 :
1881 1857 2043 1923 Quie-

457 1944 586 1998 scite
613 1961 770 2014 agere
801 1962 1036 2012 perverse
1053 1948 1118 2000 ".
1154 1947 1293 2017 Ergo
1331 1963 1361 2002 a
1391 1948 1548 2002 malis
1573 1949 1849 2004 abstinere
1873 1992 1888 2017 ,
1922 1952 2045 2006 sab-

457 2033 568 2088 bati
603 2044 688 2091 cst
719 2037 946 2106 impleti.
976 2037 1080 2093 Sed
1108 2045 1163 2092 et
1192 2041 1562 2094 sanctuarium
1593 2041 1712 2110 ejus
1747 2057 2045 2111 paveamus

457 2128 870 2184 sanctimoniam
903 2130 1206 2195 studentes,
1244 2131 1297 2186 id
1321 2140 1430 2199 est,
1457 2133 1764 2188 castitatem
1795 2150 1859 2188 ac
1885 2135 2044 2204 pndi-

456 2220 639 2275 t-itiam
671 2239 684 2276 :
716 2222 834 2277 haec
864 2223 1011 2280 enim
1043 2225 1275 2279 estvita:
1303 2209 1639 2294 imperfectae
1685 2236 1740 2281 et
1788 2242 2044 2282 consum-

459 2321 618 2368 matae
663 2313 994 2383 capitulum,
1025 2315 1144 2370 sive
1189 2331 1423 2370 summa.
1460 2315 1692 2387 Pr0pter
1738 2319 1883 2388 quod
1941 2321 2044 2376 hoc

455 2401 618 2456 etiam
651 2405 1008 2460 novissimum
1043 2407 1252 2475 posuit,
1282 2415 1413 2462 tunc
1445 2408 1580 2464 dicit
1618 2409 1684 2464 ad
1715 2425 1816 2465 nos
1850 2411 1992 2467 Deus
2025 2430 2038 2466 :

456 2493 566 2562 Ego
589 2492 854 2550 Dominus
879 2496 1023 2551 Deus
1046 2506 1244 2562 vester,
1273 2499 1362 2567 qui
1395 2514 1514 2553 sum
1541 2500 1766 2568 quidem
1797 2511 2039 2566 sanctus,

454 2581 551 2635 sed
584 2591 638 2637 et
669 2583 722 2635 in
755 2585 958 2638 sanctis
991 2586 1276 2654 requiesco
1298 2626 1314 2651 ,
1365 2589 1690 2644 interimens
1735 2600 1792 2646 et
1829 2592 2041 2661 disper-

453 2671 593 2724 dens
617 2686 832 2736 omnes,
865 2673 957 2743 qui
990 2675 1402 2732 tabernaculum
1431 2693 1613 2734 meum
1644 2681 1960 2750 polluerint,
1989 2694 2044 2740 et

455 2761 719 2830 templum
767 2778 950 2818 meum
992 2765 1391 2835 pollutionibus
1429 2771 1770 2840 voluptatum
1807 2774 2042 2829 violave-

453 2853 596 2909 rint:
621 2855 764 2925 quod
796 2862 1032 2912 testatur
1064 2858 1265 2916 Paulus
1295 2863 1522 2919 dicens:
1552 2864 1612 2919 Si
1643 2868 1760 2936 quis
1789 2868 2041 2937 templum

455 2949 554 3003 Dei
584 2952 880 3019 violaverit,
915 2956 1181 3025 disperdat
1209 2957 1362 3012 illum
1392 2958 1612 3014 Deus".
1643 2959 1870 3031 Propter
1894 2965 2038 3033 quod

454 3042 822 3098 sanctuarium
850 3045 969 3114 ejus
1002 3060 1317 3115 paveamus,
1352 3054 1413 3101 ut
1440 3062 1541 3102 nec
1569 3063 1766 3118 corpus
1791 3058 2039 3104 nostrum

453 3130 780 3200 polluamus,
805 3148 985 3203 neque
1017 3135 1082 3189 ad
1113 3150 1314 3206 corpus
1345 3137 1568 3203 Christi,
1596 3137 1648 3191 in
1679 3153 1787 3208 quo
1813 3147 1896 3192 est
1922 3154 2038 3193 om-
2067 3121 2109 3176 Ο

454 3221 542 3278 nis
591 3225 953 3282 sanctiﬁcatio
989 3227 1064 3298 (in
1109 3229 1227 3298 ipso
1261 3230 1408 3284 enim
1437 3231 1618 3285 omnis
1643 3232 1925 3301 plenitudo
1955 3233 2040 3286 in-

457 3315 664 3372 habitat
687 3317 1174 3391 divinitatis),sine
1207 3321 1392 3377 subtili
1416 3323 1809 3394 dijudicatione
1839 3327 2036 3391 nostri,

455 3417 664 3465 temere
706 3414 1031 3469 accedamus
1057 3456 1071 3480 ,
1109 3417 1202 3471 sed
1236 3417 1390 3486 prius
1425 3419 1791 3487 nosmetipsos
1837 3419 2038 3488 probe-

456 3517 599 3566 mus,
643 3503 1060 3562 reminiscentes
1107 3509 1226 3579 ejus
1277 3510 1366 3580 qui
1395 3510 1530 3565 dixit
1566 3527 1580 3564 :
1618 3511 1926 3578 Quicunque
1953 3529 2040 3566 co-

455 3593 675 3645 mederit
719 3611 911 3662 panem
957 3605 1052 3650 aut
1100 3597 1284 3652 biberit
1313 3601 1530 3655 calicem
1562 3601 1774 3656 Domini
1808 3603 2035 3673 indigne,

455 3701 575 3738 reus
603 3688 702 3740 erit
731 3689 966 3757 corporis
991 3699 1040 3744 et
1087 3694 1362 3763 sangui'tis
1384 3693 1621 3752 Domini.
1645 3695 1830 3750 Probet
1859 3706 2037 3750 autem

454 3778 789 3847 semetipsum
817 3781 990 3850 homo,
1023 3793 1072 3836 et
1100 3784 1176 3838 sic
1204 3786 1267 3838 de
1300 3802 1436 3854 pane
1469 3789 1726 3850 comedat,
1759 3797 1807 3841 et
1849 3791 1913 3842 de
1947 3805 2039 3842 ca-

460 3867 556 3920 lice
601 3869 741 3922 bibat
759 3871 824 3923 ⁵⁸.
855 3871 1082 3938 Qualem
1115 3874 1491 3945 probationem
1527 3878 1696 3932 dicit?
1734 3879 1791 3934 ld
1837 3891 1940 3942 est,
1979 3889 2036 3934 ut

463 3959 516 4012 in
548 3961 711 4016 corde
739 3964 964 4030 mundo,
990 3973 1155 4036 atque
1185 3968 1542 4034 conscientia,
1575 3979 1630 4026 et
1660 3971 2038 4040 paenitentiam

462 4066 673 4118 eorum,
703 4070 823 4124 qua:
871 4056 1001 4110 olim
1045 4055 1272 4128 deliquit
1326 4060 1634 4116 intendenti
1684 4063 2041 4132 partieipetur

463 4146 683 4211 sanctis,
713 4149 780 4203 ad
808 4150 1142 4206 ablutionem
1169 4163 1515 4221 peccatorum
1546 4170 1790 4211 suorum.

534 4236 696 4294 Vens.
735 4239 889 4296 3-13.
939 4262 958 4295 ι
991 4241 1046 4296 Si
1094 4243 1148 4296 in
1193 4245 1481 4313 praeceptis
1510 4245 1646 4300 meis
1676 4247 2042 4302 ambulaveri-

465 4329 553 4391 tis,
579 4337 637 4384 et
681 4331 936 4387 mandata
980 4348 1099 4388 mea
1145 4334 1512 4390 custodieritis
1564 4344 1620 4390 et
1668 4335 1909 4390 feceritis
1951 4351 2036 4402 ea,

2155 487 2376 550 pactum
2433 494 2616 534 meum
2663 479 2968 534 vobiscum.
3017 475 3328 532 Comedetis
3377 474 3747 530 vetustissima

2155 577 2498 630 veterum,et
2533 579 2713 623 vetera
2753 567 2911 622 novis
2943 564 3460 636 supervenientibus
3489 564 3748 634 projicie—

2154 661 2245 715 tis.
2276 659 2478 714 Ponam
2515 659 2923 714 tabernaculum
2955 672 3137 712 meum
3174 657 3227 710 in
3260 655 3444 710 medio
3475 655 3665 718 vestri.
3690 666 3746 710 et
3779 708 3782 711 .

2153 766 2265 806 non
2295 750 2516 820 abjiciet
2546 766 2642 805 vos
2667 751 2846 805 anima
2884 766 3023 804 mea.
3058 748 3364 802 Ambulabo
3402 747 3550 802 inter
3571 763 3672 802 vos
3691 758 3746 803 et

2154 859 2248 898 ero
2281 852 2463 898 vester
2496 843 2662 908 Deus,
2691 858 2898 912 vosque
2936 842 3091 896 eritis
3134 841 3370 911 populus
3420 854 3599 894 meus.
3632 839 3745 910 Ego

2156 934 2420 989 Dominus
2453 934 2598 989 Deus
2628 944 2827 998 vester,
2859 934 2951 1003 qui
2985 933 3147 987 eduxi
3181 947 3277 986 vos
3299 931 3366 986 de
3395 941 3542 986 terra
3578 929 3742 1001 Egy-

2155 1027 2415 1097 ptiorum,
2451 1043 2521 1082 ne
2547 1026 2830 1081 serviretis
2859 1027 2962 1089 eis,
2995 1034 3052 1080 et
3092 1025 3185 1093 qui
3233 1023 3479 1094 confregi
3521 1032 3743 1077 catenas

2155 1120 2430 1174 cervicum
2461 1129 2787 1181 vestrarum,
2821 1127 2882 1172 ut
2907 1117 3236 1172 incederetis
3274 1115 3468 1169 erecti.
3502 1133 3521 1166 ι

2226 1210 2352 1266 Haec
2382 1211 2713 1266 sensibiliter
2743 1211 2986 1280 suscepit
3013 1208 3326 1264 Judzeorum
3353 1207 3614 1277 pepulus,
3657 1215 3743 1260 ut-

2154 1311 2283 1372 pote
2315 1317 2536 1372 parvam
2580 1302 2791 1356 habens
2829 1317 2982 1370 spem
3015 1301 3205 1367 futuri,
3238 1311 3294 1356 et
3322 1316 3432 1354 non
3483 1301 3620 1353 satis
3659 1301 3741 1353 in-

2156 1393 2534 1465 telligibilibus
2560 1409 2861 1463 suspensus
2896 1393 3077 1448 bonis.
3108 1393 3237 1448 Erat
3281 1393 3426 1448 enim
3481 1399 3630 1446 totus
3675 1392 3738 1446 ad

2155 1496 2403 1541 ventrem
2453 1495 2508 1540 et
2550 1486 2616 1540 ad
2663 1486 2882 1540 carnale
2930 1485 3103 1538 otium
3147 1485 3416 1546 intentus,
3447 1485 3519 1538 ita
3575 1492 3636 1537 ut
3685 1485 3735 1537 in

2154 1577 2411 1648 praesenti
2447 1579 2555 1632 vita
2577 1618 2590 1640 ,
2627 1591 2690 1631 ea
2723 1592 2845 1647 quae
2888 1576 2954 1630 ad
2989 1577 3324 1646 voluptatem
3366 1575 3732 1645 pertinebant,

2157 1675 2366 1730 etiamsi
2400 1675 2563 1729 nimis
2593 1681 2779 1728 essent
2805 1672 3061 1742 despecta
3109 1676 3164 1725 et
3215 1669 3438 1722 minima
3481 1683 3579 1737 pro
3612 1667 3731 1728 illis,

2153 1783 2274 1837 qua:
2322 1782 2515 1836 parum
2550 1766 2820 1820 laboriosa
2867 1773 3044 1827 erant,
3076 1763 3170 1817 sed
3223 1762 3455 1815 multum
3506 1761 3729 1830 majora,

2147 1861 2392 1930 eligeret,
2429 1868 2485 1914 et
2517 1868 2803 1929 propterea
2843 1865 3113 1927 qmcreret
3148 1855 3431 1925 zigyptios
3473 1868 3724 1924 pepones,

2147 1965 2342 2022 caepas,
2363 1961 2418 2006 et
2444 1952 2588 2015 allia,
2623 1951 2881 2019 quoniam
2915 1949 2970 2002 in
3003 1956 3258 2018 promptu
3291 1955 3448 2000 erant
3473 1946 3539 1999 ad
3568 1959 3723 1999 essa-

2149 2043 2360 2097 tiandos
2387 2057 2503 2105 eos,
2535 2050 2591 2096 et
2627 2042 2748 2095 sine
2787 2041 2973 2094 labore
3011 2039 3259 2092 aderant.
3305 2037 3419 2090 Nos
3447 2045 3640 2098 autem,
3672 2036 3715 2089 si

2146 2134 2414 2188 mandatis
2463 2132 2557 2188 Dei
2611 2132 2969 2194 intendimus,
3022 2131 3269 2185 dicentes
3322 2129 3462 2182 sicut
3506 2127 3711 2181 David:

2151 2229 2297 2282 Viam
2319 2229 2768 2298 justiﬁcationum
2799 2237 3010 2279 tuarum
3036 2225 3249 2278 insinua
3279 2224 3488 2277 mihi".
3518 2220 3582 2275 Et
3604 2237 3722 2274 rur-

2145 2336 2237 2376 sus
2266 2339 2279 2373 :
2311 2319 2489 2374 Deduc
2537 2337 2616 2373 me
2653 2321 2706 2372 in
2737 2319 2924 2372 semita
2970 2317 3342 2370 mandatorum
3389 2325 3629 2376 tuorum;
3677 2323 3723 2366 et

2144 2412 2543 2465 custodierimus
2571 2411 2826 2464 mandata
2857 2409 2967 2478 ejus
2993 2408 3060 2472 ³⁸,
3096 2407 3234 2461 nihil
3263 2422 3454 2461 eorum
3485 2421 3726 2460 corrum-

2143 2512 2337 2574 pentes
2357 2543 2372 2566 ,
2405 2519 2582 2572 neque
2611 2502 2914 2557 secundum
2933 2508 3174 2554 nostram
3211 2499 3601 2559 intentionem,
3636 2495 3727 2552 sed

2143 2595 2443 2649 Secundum
2500 2594 2624 2664 ejus
2647 2633 2661 2658 ,
2697 2601 2754 2647 et
2803 2608 2925 2662 quae
2973 2593 3093 2662 ejus
3142 2600 3292 2654 sunt,
3327 2600 3554 2661 agentes
3583 2609 3597 2642 :
3631 2590 3728 2643 hoc

2140 2687 2286 2742 enim
2321 2695 2408 2742 est
2446 2685 2666 2756 proprie
2697 2683 2816 2752 ejus
2848 2682 3124 2737 custodire
3155 2681 3444 2747 mandata;
3477 2679 3728 2748 intelligi-

2140 2779 2328 2834 bilitcr
2355 2787 2737 2848 exspectemus
2767 2776 3194 2845 unumquodque
3218 2789 3573 2843 eorum,qu:e
3598 2787 3727 2843 pra?

2141 2873 2283 2927 dicta
2321 2879 2470 2925 sunt.
2506 2871 2640 2936 Quia
2690 2879 2872 2924 autem
2908 2885 2938 2923 a
2967 2869 3172 2924 Judteis
3204 2867 3558 2922 inveniemus
3585 2865 3725 2921 omni

2141 2964 2303 3018 modo
2337 2963 2453 3017 haec
2482 2961 2783 3016 secundum
2817 2962 3051 3014 litteram
3091 2959 3312 3030 impleta
3345 2977 3358 3012 :
3398 2959 3557 3013 multi
3589 2958 3726 3013 enim

2146 3052 2237 3107 Dei
2262 3053 2564 3122 prophetae,
2593 3051 2964 3107 custodientes
2986 3053 3102 3121 ejus
3133 3050 3406 3116 mandata,
3429 3057 3488 3104 et
3513 3050 3576 3103 in
3600 3042 3732 3120 pri-

2143 3147 2314 3217 ceptis
2343 3149 2461 3217 ejus
2497 3146 2859 3209 ambulantes,
2899 3146 2955 3200 in
2987 3145 3155 3198 multa
3183 3143 3406 3199 fuerunt
3435 3143 3728 3198 afllictione

2142 3239 2445 3302 constituti,
2479 3254 2582 3293 nec
2610 3253 2806 3308 panem
2841 3253 3000 3292 suum
3031 3253 3154 3292 cum
3188 3237 3463 3298 satietate,
3489 3237 3592 3291 sed
3615 3250 3729 3290 cum

2142 3340 2382 3402 egestate
2423 3331 2802 3396 comederunt,
2844 3329 3302 3400 quemadmodum
3335 3328 3618 3391 Ezechiel,
3648 3326 3730 3380 cui

2141 3426 2209 3478 ab
2237 3426 2357 3494 ipso
2387 3425 2491 3478 hoc
2522 3424 2634 3478 Deo
2663 3431 2995 3492 praeceptum
3028 3429 3132 3476 est.
3160 3421 3268 3476 Sed
3300 3431 3356 3476 et
3389 3421 3600 3476 Paulus
3620 3435 3727 3480 eos,

2139 3517 2232 3586 qui
2267 3517 2319 3569 in
2356 3516 2472 3586 lege
2497 3523 2554 3569 et
2586 3514 2870 3584 prophetis
2913 3513 3196 3582 jnstifieati
3258 3523 3408 3575 sunt,
3447 3527 3729 3582 exponens

2139 3607 2388 3660 dicebat:
2420 3607 2750 3661 Circuierunt
2784 3606 2838 3658 in
2869 3605 3090 3667 melolis,
3124 3605 3178 3656 in
3208 3604 3430 3673 pellibus
3473 3605 3728 3673 caprinis.

2137 3699 2425 3763 lmmiliati,
2454 3698 2633 3768 afﬂicti
2657 3739 2672 3762 ,
2705 3697 2892 3767 quibus
2923 3697 3111 3765 dignus
3141 3713 3242 3748 non
3267 3705 3381 3750 erat
3417 3700 3651 3750 mundus
3669 3695 3728 3749 ⁸⁷.

2141 3792 2275 3847 illud
2306 3801 2487 3846 autem
2521 3790 2694 3861 magis
2727 3790 3014 3844 intendere
3048 3789 3102 3844 in
3140 3790 3243 3852 his,
3273 3804 3394 3858 quae
3415 3789 3568 3843 dicta
3592 3798 3731 3854 sunt,

2139 3891 2375 3952 oportet,
2437 3882 2566 3950 quia
2599 3882 3039 3937 custodientibus
3067 3881 3162 3936 Dei
3195 3882 3471 3944 mandata,
3507 3883 3732 3952 triginta

2140 3972 2553 4029 benedictiones
2595 3972 2646 4025 in
2692 3973 2948 4042 praesenti
2978 3973 3060 4026 lex
3096 3972 3300 4042 posuit.
3335 3973 3426 4026 Sic
3458 3972 3614 4027 enim
3646 3987 3732 4026 eas

2142 4077 2375 4118 numero
2411 4062 2681 4127 invenies,
2718 4078 3165 4133 unamquamque
3195 4063 3644 4118 benedictionem
3670 4062 3732 4116 ab

2141 4154 2247 4208 alia
2293 4169 2392 4222 per
2435 4153 2904 4222 conjunctionem,
2936 4154 2992 4208 in
3044 4155 3342 4209 secundum
3375 4154 3732 4226 Septuaginta

2141 4246 2384 4302 editione
2430 4246 2774 4311 discernens,
2831 4247 2958 4316 quia
3007 4256 3084 4301 tot
3137 4263 3408 4301 annorum
3461 4249 3731 4302 exsistens

2144 4337 2427 4402 Dominus,
2455 4337 2526 4392 de
2560 4353 2669 4407 quo
2699 4339 2776 4392 ait
2803 4339 3026 4402 Paulus,
3057 4337 3124 4392 Ut
3170 4355 3509 4393 occurramus
3563 4354 3730 4394 omnes

465 4420 607 4475 dabo
653 4423 810 4477 vobis
855 4425 1092 4494 pluviam
1146 4427 1202 4482 in
1241 4427 1577 4498 temporibus
1609 4428 1722 4483 suis
1757 4438 1851 4484 :et
1896 4438 2039 4484 terra
2076 4467 2120 4524 υ
2144 4433 2200 4484 in
2243 4431 2414 4484 virum
2459 4433 2746 4502 perfectum
2766 4432 2831 4498 ⁸⁸,
2863 4431 2917 4485 ἰη
2947 4447 3262 4486 mensuram
3289 4431 3460 4486 anatis
3495 4432 3732 4501 plenitu-

467 4512 650 4582 gignet
671 4512 907 4571 fructum
932 4532 1112 4583 suum,
1138 4528 1193 4573 et
1219 4519 1394 4589 pomis
1418 4520 1644 4574 arbores
1666 4521 2041 4590 replebuntur,

466 4611 522 4656 et
551 4603 929 4671 apprehendet
950 4607 1205 4662 messium
1244 4608 1436 4662 tritura
1464 4609 1809 4675 vindemiam,
1839 4621 1893 4666 et
1927 4612 2046 4665 vin-

469 4694 646 4749 demia
699 4696 982 4765 occupabit
1031 4707 1375 4752 sementem:
1421 4707 1475 4754 et
1502 4701 1801 4756 comedetis
1855 4719 2047 4772 panem

469 4795 710 4842 vestrum
744 4787 797 4840 in
826 4789 1187 4854 saturitatem,
1222 4797 1278 4843 et
1311 4789 1512 4860 absque
1545 4806 1743 4860 pavore
1775 4795 2049 4850 habitabi-

472 4879 540 4934 tis
565 4879 620 4933 in
654 4888 798 4933 terra
830 4890 1028 4934 vestra.
1079 4879 1226 4936 Dabo
1255 4896 1442 4951 pacem
1483 4881 1535 4934 in
1572 4881 1770 4938 finibus
1796 4885 1999 4940 vestris
2033 4905 2045 4940 :

468 4972 775 5038 dormietis,
797 4981 852 5027 et
878 4987 986 5026 non
1017 4972 1120 5027 erit
1150 4974 1239 5042 qui
1276 4975 1840 5032 exterreat.Auferam
1877 4979 2046 5032 malas

472 5064 705 5129 bestias,
734 5073 790 5118 et
824 5064 1036 5135 gladius
1077 5079 1187 5119 non
1220 5066 1472 5120 transibit
1507 5067 1769 5123 terminos
1811 5079 2044 5124 vestros.

471 5155 868 5226 Persequimini
913 5157 1165 5212 inimicos
1194 5167 1421 5219 vestros,
1453 5167 1508 5211 et
1558 5167 1815 5212 corruent
1867 5175 2047 5215 coram

472 5249 646 5304 vobis.
670 5248 1073 5319 Persequentur
1097 5249 1338 5318 quinque
1363 5249 1431 5303 de
1455 5249 1651 5304 vestris
1675 5260 1894 5304 centum
1919 5253 2051 5305 alic-

474 5355 596 5405 t‘os,
630 5349 686 5396 et
717 5351 936 5396 centum
967 5357 1032 5395 ex
1067 5341 1223 5396 vobis
1251 5341 1440 5396 decem
1491 5341 1676 5395 millia.
1713 5342 1919 5397 Cadent
1944 5343 2050 5396 ini-

475 5434 602 5489 mici
634 5435 800 5490 vestri
850 5436 903 5490 in
947 5449 1242 5506 conspeCtu
1289 5446 1470 5490 vestro
1503 5435 1699 5506 gladio.
1740 5433 2049 5504 Despiciam

1051 5637 1092 5666 "
1127 5637 1226 5688 lsa.
1262 5651 1298 5689 r.
1335 5635 1418 5688 15.
1520 5637 1566 5668 ⁵⁸
1592 5638 1723 5688 ihiu.
1762 5636 1842 5692 l6.

893 5705 935 5734 "
972 5701 1132 5757 llebr.
1169 5721 1244 5771 ιι,
1276 5707 1362 5758 57.
1440 5705 1486 5737 ⁸⁸
1514 5705 1710 5774 liphes.
1747 5723 1816 5767 tv,
1855 5709 1934 5761 l3.

544 5635 592 5667 '°
619 5634 722 5686 lsa.
757 5649 864 5696 Lvt,
890 5635 943 5688 Ξ,

470 5704 513 5733 ⁸⁸
555 5703 669 5757 Ibid
728 5702 813 5756 55.

1954 5638 2043 5692 ⁸³1
2078 5639 2200 5698 Cor.
2239 5656 2316 5707 ιιι,
2361 5641 2444 5695 17.

2151 4523 2294 4576 (linis
2321 4521 2522 4578 Christi
2558 4541 2570 4577 :
2612 4524 2765 4578 venit
2817 4523 2884 4577 ad
2929 4523 3260 4593 baptismum
3296 4531 3615 4592 :quatenus
3638 4522 3730 4576 do-

2152 4613 2391 4667 nationis
2421 4613 2840 4683 perfectionem,
2870 4629 2968 4683 per
2987 4622 3224 4677 aetatem,
3256 4629 3418 4683 quam
3447 4628 3619 4684 agens
3643 4613 3732 4666 ba-

2153 4705 2389 4774 ptizatus
2417 4714 2528 4769 est,
2559 4706 2837 4759 nuntiaret
2867 4713 2922 4759 et
2955 4704 3268 4759 ostenderet
3303 4724 3316 4758 :
3354 4713 3410 4758 et
3441 4705 3519 4758 sic
3555 4703 3732 4775 perfe-

2153 4807 2275 4853 ctus
2320 4797 2619 4852 secundum
2669 4806 2885 4867 tempus
2930 4796 3128 4862 factus,
3164 4796 3460 4866 prmdicat‘e
3486 4797 3728 4864 Evange-

2154 4890 2285 4943 lium
2313 4890 2480 4958 cmpit
2519 4909 2530 4943 :
2566 4890 2620 4943 in
2647 4904 2757 4958 quo
2785 4889 3043 4944 omnibus
3081 4897 3166 4942 est
3191 4887 3312 4941 vitae
3341 4897 3397 4940 et
3423 4885 3732 4941 donationis

2155 4982 2455 5052 plenitudo,
2489 4992 2543 5037 et
2577 4981 3032 5046 conversationis,
3067 4979 3571 5048 retributionisque.
3603 4979 3728 5043 Qua:

2156 5074 2243 5127 hic
2274 5073 2634 5145 significavit;
2673 5075 2747 5128 ait
2774 5074 2959 5128 enim:

2227 5165 2296 5219 Et
2344 5168 2480 5221 dabo
2522 5167 2664 5222 vobis
2711 5168 2946 5238 pluviam
2981 5169 3035 5220 in
3071 5169 3388 5236 temporibus
3420 5167 3548 5219 suis.
3594 5162 3729 5216 Dicit

2155 5265 2338 5312 autem
2369 5257 2594 5312 verbum
2631 5259 2724 5314 Dei
2753 5298 2767 5322 ,
2802 5267 2991 5327 utpote
3035 5257 3461 5312 descendentem
3496 5256 3562 5309 de
3597 5253 3731 5308 cuzlo

2155 5349 2358 5419 gratiae,
2391 5350 2459 5404 de
2503 5364 2611 5419 quo
2641 5349 2848 5421 Moyses
2879 5351 2956 5404 sic
2982 5350 3118 5404 dixit
3149 5367 3162 5404 :
3196 5348 3438 5412 Attende,
3454 5345 3653 5406 caelum,
3683 5349 3728 5393 et

2157 5439 2364 5508 loquar,
2392 5448 2440 5493 et
2473 5441 2660 5494 audiat
2692 5450 2834 5494 terra
2861 5441 3014 5495 verba
3051 5457 3114 5494 ea
3141 5456 3229 5494 ore
3259 5455 3394 5504 meo,
3417 5445 3726 5507 exspectetur

2551 5643 2597 5672 "
2625 5643 2644 5696 l
2674 5643 2801 5697 Cor.
2845 5655 2918 5708 ιι,
2955 5640 3044 5695 ‘28.
3143 5643 3187 5672 "
3215 5639 3358 5693 Psal.
3389 5651 3570 5701 csvm,
3634 5632 3725 5710 27..
