4036 6200
341 270 473 342 Illi

1438 287 1520 347 IN
1565 289 2007 351 LEVITICUM.
2048 314 2116 324 ·-·
2154 292 2304 351 LIB.
2340 292 2474 351 VII.

3459 295 3598 362 1142

341 391 472 444 sicut
502 390 679 461 pluvia
708 391 973 464 eloquium
1008 397 1260 450 meum”.
1306 395 1422 453 Hoc
1468 415 1579 455 non
1613 402 1912 470 qualecun-
1941 410 1985 463 Α
2015 402 2139 456 stris
2153 391 2235 457 “1’
2262 403 2472 469 Quibus
2509 404 2804 461 destructis
2844 422 2946 477 pax
2985 407 3041 461 in
3089 417 3234 464 terra
3264 416 3446 466 vestra
3478 408 3597 484 lege

340 498 447 552 quc
475 484 675 540 bonum
705 495 788 541 est
830 488 884 542 in
916 497 1160 557 tempore
1188 504 1288 544 suo
1337 492 1640 561 percipere,
1675 494 1768 548 sed
1797 508 1912 549 ma-

342 574 537 630 nifesta
587 586 670 632 est
718 579 811 633 Dei
865 564 1125 635 bonitatis
1163 582 1427 647 ostensio,
1455 585 1915 652 quemadmodum

339 680 450 720 non
500 668 750 738 accipere
792 670 1149 725 aversationis
1195 681 1299 727 est.
1336 670 1567 743 Pmpter
1594 676 1737 744 quod
1772 676 1914 731 Deus

340 755 583 814 irascens
632 762 833 830 [mpulo
879 762 1212 824 Iudaeorum.
1246 780 1344 833 per
1369 765 1557 820 Isaiam
1591 768 1913 837 prophetam

338 850 581 907 minatus
627 862 733 917 est,
769 854 958 910 dicens
993 874 1004 909 :
1041 854 1109 909 Et
1157 856 1451 928 relinquam
1484 859 1689 913 vineam
1722 875 1912 928 meam,

338 952 390 994 et
420 959 523 997 non
551 945 842 1013 putabitur,
876 963 968 1001 nec
1000 947 1250 1017 fodietur,
1277 959 1327 1003 et
1353 952 1631 1005 ascendant
1679 953 1734 1005 in
1775 969 1913 1018 eam,

337 1036 472 1089 sicut
502 1036 557 1089 in
580 1053 708 1106 agro
738 1038 953 1099 inculto,
979 1040 1175 1107 spinae;
1209 1048 1258 1094 et
1286 1041 1505 1095 nubibus
1536 1044 1817 1109 mandabo,
1854 1061 1917 1099 ne

337 1126 526 1193 pluant
575 1144 736 1194 super
768 1145 885 1183 eam
914 1129 1232 1198 pluviam”.
1264 1132 1403 1197 Quid
1450 1134 1595 1189 enim
1649 1135 1807 1190 nobis
1850 1152 1916 1191 ex

337 1216 650 1285 accipienda
678 1216 854 1287 pluvia
883 1220 937 1273 in
974 1229 1217 1291 tempore
1248 1238 1350 1276 suo
1379 1224 1638 1293 prolicit?

408 1309 477 1363 Et
506 1321 648 1364 terra
679 1313 853 1381 gignat
880 1314 1110 1383 fructum
1140 1330 1312 1368 suum.
1347 1314 1402 1370 Id
1432 1326 1535 1381 est,
1573 1332 1773 1387 corpus
1812 1334 1913 1374 no-

337 1409 532 1465 strum,
565 1403 728 1472 hujus
776 1403 922 1456 enim
971 1404 1100 1459 doni
1143 1404 1350 1459 fructus
1379 1417 1527 1470 sunt,
1554 1408 1795 1474 castitas,
1827 1424 1916 1464 so-

337 1488 560 1552 brietas,
594 1491 942 1546 abstinentia.
972 1492 1037 1546 Et
1086 1494 1253 1562 pomis
1304 1494 1515 1550 arbores
1557 1496 1909 1565 rapiebantur.

339 1577 486 1646 Sive,
523 1590 582 1635 ut
622 1582 975 1653 Septuaginta
1014 1601 1026 1637 :
1059 1584 1229 1654 Ligna
1257 1588 1430 1654 campi
1457 1589 1654 1642 dabunt
1684 1590 1913 1656 fructum

334 1686 509 1725 suum.
539 1670 704 1743 Ligna
753 1684 935 1727 autem
969 1676 1141 1744 campi
1201 1685 1329 1731 sunt
1367 1678 1561 1732 anima:
1592 1692 1790 1745 motus,
1827 1692 1913 1737 ut-

335 1770 459 1830 pote
493 1764 583 1833 qui
618 1774 747 1818 sunt
779 1766 1016 1820 motibus
1044 1768 1367 1839 intelligibili
1402 1781 1600 1826 nostra:
1631 1780 1808 1837 terna,
1834 1773 1913 1828 vi-

334 1853 532 1909 delicet
559 1871 724 1911 enrnc
755 1858 1121 1914 sublimiores.
1160 1861 1365 1915 Horum
1394 1877 1521 1932 ergo
1553 1862 1781 1929 fructus,
1816 1882 1909 1921 ve-

336 1946 489 2011 ritas,
521 1948 757 2017 justitia,
786 1952 1171 2016 mansuetudo,
1200 1955 1524 2023 compassio,
1563 1965 1617 2010 et
1648 1957 1732 2011 his
1758 1958 1911 2012 simi—

334 2037 403 2092 lia
431 2056 446 2105 ;
476 2049 698 2111 propter
726 2042 868 2111 quod
917 2053 1320 2113 consequenter
1369 2046 1726 2118 subjungens,
1756 2049 1910 2104 addi-

337 2131 436 2185 dit.

404 2223 762 2293 Appreltendet
788 2228 1032 2282 messium
1060 2229 1253 2284 tritura
1284 2231 1621 2295 vindemiam,
1647 2241 1696 2287 et
1733 2234 1914 2288 vinde-

334 2319 441 2372 mia
497 2320 767 2387 occupabit
817 2333 1120 2378 sementem.
1161 2322 1300 2389 Quia
1341 2325 1490 2379 enim
1531 2325 1723 2380 tritura
1756 2334 1913 2381 terra:

331 2410 537 2482 colligit
583 2410 813 2476 fructus,
860 2413 1133 2469 vindemia
1184 2417 1465 2481 arborum,
1508 2427 1656 2473 recte
1704 2418 1913 2475 fructus

332 2502 579 2572 corporis
625 2511 718 2558 aut
765 2503 974 2561 fructus
1019 2507 1216 2562 anima:
1266 2509 1764 2578 comprehendere,
1798 2511 1913 2565 sive

329 2608 599 2663 occupare
628 2594 861 2648 dicimus
882 2636 897 2660 ,
929 2597 1054 2664 quia
1086 2597 1189 2651 hoc
1220 2598 1440 2666 quidem
1471 2600 1716 2654 maxima:
1744 2600 1913 2655 bene-

329 2670 587 2740 dictionis
627 2694 729 2750 est,
794 2701 905 2740 uno
971 2688 1275 2756 eodemque
1325 2698 1571 2759 tempore
1619 2691 1810 2746 stabile
1856 2699 1910 2746 et

326 2774 620 2830 fecundum
678 2791 897 2846 corpus,
928 2785 1090 2846 atque
1113 2778 1350 2832 animam
1384 2780 1438 2833 in
1473 2779 1763 2836 virtutibus
1786 2797 1909 2847 pos-

325 2864 526 2921 sidere.
561 2866 995 2934 Comprehendit
1023 2879 1227 2935 autem,
1255 2871 1371 2925 sive
1402 2872 1688 2942 occupavit
1720 2874 1911 2930 vinde-

325 2958 434 3013 mia
483 2968 821 3029 sementem;
872 2976 1208 3032 congregans
1262 2963 1407 3017 enim
1456 2964 1636 3019 anima
1681 2966 1911 3021 virtutes

2016 494 2108 548 Dei
2140 494 2427 551 relraenata
2457 496 2811 568 proﬂigetur."

2088 585 2157 640 Et
2178 588 2475 652 dormietis,
2502 590 2692 659 inquit.
2716 591 2773 646 In
2803 592 3176 649 retributionis
3193 601 3371 651 autem
3392 595 3593 667 specie,

2014 678 2181 732 etiam
2222 680 2329 734 hoc
2375 679 2657 750 Scriptura
2712 698 2862 738 sacra
2912 686 3112 753 posuit.
3152 686 3417 744 Dormitio
3449 692 3594 748 enim

2018 779 2205 839 utpote
2240 771 2485 841 requies,
2518 788 2668 828 mors
2695 784 3009 830 sanctorum
3037 776 3256 840 dicitur,
3288 778 3593 848 iniquorum

2015 868 2197 915 autem
2228 876 2337 917 non
2370 872 2452 918 est
2480 863 2573 929 ita,
2595 865 2683 919 cui
2718 865 2872 920 teetis
2904 875 2989 920 est
3019 867 3405 925 Ecclesiastes:
3431 870 3595 925 Satu-

2016 952 2150 1005 ritas
2185 960 2366 1007 autem
2395 954 2573 1008 divitis
2603 971 2703 1008 non
2742 956 2867 1010 sinit
2893 957 3123 1010 dormire
3146 958 3346 1014 eum“.
3369 961 3597 1032 Propter

2016 1041 2159 1111 quod
2190 1057 2340 1098 nunc
2368 1054 2768 1113 consequenter
2795 1045 3004 1100 addidit
3051 1064 3065 1100 :

2089 1132 2158 1186 Et
2186 1150 2288 1188 non
2319 1144 2392 1187 est
2418 1136 2506 1204 qui
2535 1144 2815 1191 exterreat.
2839 1136 2942 1202 Qui
2961 1137 3106 1191 enim
3134 1137 3211 1193 sic
3233 1139 3384 1205 vixit,
3405 1155 3597 1209 quem-

2019 1220 2307 1276 admodum
2342 1223 2397 1275 in
2431 1222 2801 1293 superioribus
2830 1225 3037 1280 dictum
3069 1233 3185 1290 est,
3219 1241 3329 1280 non
3376 1227 3598 1282 habebit

2015 1312 2105 1382 qui
2132 1328 2256 1367 eum
2288 1321 2490 1369 terreat
2521 1323 2764 1384 tempore
2792 1318 3003 1382 mortis,
3033 1333 3155 1388 quae
3200 1318 3360 1374 nobis
3390 1319 3596 1375 dormi-

2016 1404 2091 1459 tio
2140 1413 2243 1471 est,
2284 1416 2506 1475 propter
2553 1420 2705 1476 spem
2758 1414 3099 1464 mortuorum
3149 1411 3594 1466 resurrectionis.

2015 1492 2132 1548 Non
2186 1494 2407 1549 habebit
2451 1504 2635 1549 autem
2684 1496 2775 1565 qui
2816 1506 3106 1564 exterreat,
3144 1498 3278 1553 nihil
3312 1498 3417 1554 sibi
3463 1514 3595 1555 con—

2017 1586 2179 1648 scius,
2211 1585 2279 1640 de
2310 1601 2418 1654 quo
2448 1594 2733 1641 terreatur.

2083 1675 2335 1747 Auferam
2389 1677 2560 1731 malas
2611 1678 2823 1732 bestias.
2858 1678 3123 1734 Videlicet
3166 1681 3461 1737 dmmones.
3490 1681 3593 1737 Be-

2018 1768 2137 1823 stia:
2165 1769 2312 1822 enim
2343 1778 2473 1824 sunt
2501 1784 2567 1824 ex
2600 1771 2763 1825 simili
2804 1772 3028 1838 malitia,
3060 1774 3297 1843 primum
3345 1773 3487 1829 sicut
3514 1774 3594 1830 la-

2018 1866 2211 1923 tentes,
2246 1859 2441 1915 deinde
2476 1868 2536 1914 ut
2563 1875 2832 1915 venenum
2885 1862 3231 1933 importabile
3266 1873 3322 1920 et
3349 1865 3595 1921 mortife-

2016 1966 2133 2004 rum
2168 1950 2454 2006 habentes.
2504 1951 2892 2021 Prosequimini
2934 1954 3174 2008 inimicos
3218 1964 3432 2010 vestros.
3471 1955 3591 2010 Non

2014 2047 2244 2107 possunt
2267 2041 2410 2094 enim
2441 2049 2567 2096 ante
2599 2039 2792 2095 faciem
2819 2055 3030 2107 eorum,
3053 2043 3146 2112 qui
3178 2044 3479 2099 secundum
3510 2044 3590 2100 le-

2014 2144 2132 2198 gem
2186 2128 2399 2191 vivunt,
2425 2139 2591 2187 stare.
2639 2130 2708 2185 Et
2755 2142 2997 2186 corruant
3049 2147 3225 2184 coram
3271 2133 3431 2185 vobis.
3475 2133 3592 2197 Qua

2014 2222 2231 2275 morte?
2260 2220 2391 2287 Quae
2425 2232 2506 2278 est
2541 2224 2725 2293 utique
2757 2240 2856 2295 per
2887 2224 3155 2294 jejunium
3187 2234 3242 2279 et
3266 2225 3590 2280 orationem.

2016 2311 2130 2368 lloc
2152 2314 2296 2368 enim
2325 2305 2487 2368 medo
2511 2315 2680 2369 nostri
2709 2315 3075 2386 intelligibiles
3098 2316 3299 2370 inimici
3317 2316 3593 2371 daemones

2013 2405 2424 2471 interimuntur,
2456 2416 2516 2462 ut
2561 2422 2903 2477 nequaquam
2942 2409 3082 2463 ultra
3107 2418 3299 2464 contra
3330 2424 3431 2465 nos
3458 2424 3588 2480 pos-

2012 2496 2121 2550 sint
2151 2496 2498 2553 reviviscere.
2534 2496 2687 2554 Unde
2732 2509 2788 2554 et
2835 2501 3096 2556 Dominus
3119 2503 3379 2572 apostolis
3408 2503 3591 2573 inqui.

2013 2587 2278 2650 rentibus,
2315 2604 2412 2642 cur
2438 2598 2647 2643 mutum
2689 2600 2745 2645 et
2779 2592 3003 2646 surdum
3034 2593 3361 2649 daemonium
3393 2594 3591 2664 ejicere

2012 2678 2236 2733 minime
2270 2680 2596 2750 potuissent,
2626 2682 2939 2753 respondit:
2967 2684 3075 2738 Hoc
3110 2687 3248 2740 enim
3286 2704 3449 2757 genus
3488 2703 3591 2742 non

2012 2770 2246 2839 ejicitur,
2287 2771 2387 2825 nisi
2426 2788 2518 2842 per
2545 2772 2817 2842 jejunium
2856 2782 2907 2829 et
2944 2778 3236 2831 orationem
3257 2778 3325 2830 ⁸⁸.

2081 2862 2466 2933 Persequentur
2516 2866 2745 2936 quinque
2790 2867 2855 2920 de
2910 2869 3054 2922 vobis
3093 2880 3301 2924 centum
3360 2870 3588 2926 alienos.

2013 2955 2141 3011 Sive
2170 2964 2230 3011 ut
2256 2955 2607 3028 Septuaginta
2628 2974 2642 3011 :
2662 2958 2939 3028 Expellam
2964 2961 3348 3032 quinquaginta
3382 2970 3590 3017 centum

328 3065 477 3115 suas,
513 3066 638 3107 mox
669 3052 804 3107 alias
832 3054 1126 3119 desiderat,
1167 3071 1337 3124 usque
1365 3056 1493 3110 dum
1522 3057 1643 3113 illas
1671 3058 1912 3129 attigerit
1940 3064 1982 3121 c
2014 3049 2417 3119 quinquaginm-
2470 3050 2710 3106 Dicimus
2762 3066 2884 3106 esse
2935 3052 3233 3123 spiritalem
3292 3053 3588 3120 hominem.

326 3142 568 3206 divitias,
594 3144 661 3197 ad
695 3159 830 3214 quas
856 3144 1056 3200 l'aulus
1092 3144 1391 3211 festinavit,
1428 3155 1483 3200 et
1510 3156 1798 3217 prepterea
1824 3146 1913 3201 di-

325 3237 524 3292 cebat:
562 3236 803 3303 Fratres,
834 3254 927 3308 ego
974 3255 1056 3292 mc
1103 3254 1205 3291 non
1243 3238 1473 3291 arbitror
1498 3240 1914 3308 comprehendis-

326 3344 382 3383 se
398 3330 465 3393 ",
499 3346 666 3385 unum
695 3338 903 3392 autem,
932 3345 1055 3400 quae
1087 3330 1308 3399 quidem
1341 3338 1487 3384 retro
1516 3340 1644 3385 sunt
1689 3331 1910 3394 oblitus,

331 3420 386 3473 in
418 3421 505 3474 his
534 3430 738 3485 autem,
775 3436 896 3489 quae
930 3422 1113 3490 priora
1145 3430 1274 3475 sunt
1302 3430 1577 3486 extentus,
1611 3422 1911 3477 secundum

332 3507 693 3562 intentionem
728 3522 929 3576 sequor
958 3508 1025 3563 ad
1058 3508 1291 3577 palmam
1324 3522 1577 3577 supernae
1617 3509 1915 3564 vocationis

327 3599 558 3654 Christi.
588 3598 816 3668 Pr0pter
859 3600 1003 3668 quod
1055 3609 1109 3653 ct
1158 3600 1361 3654 bonum
1412 3600 1661 3669 sequitur
1705 3615 1914 3667 semen,

333 3672 555 3759 plenum
598 3690 930 3746 salutaribus
969 3688 1302 3755 actionibus,
1334 3700 1394 3745 ut
1438 3690 1580 3745 bene
1625 3692 1916 3745 conveniat

330 3780 482 3849 quod
513 3780 782 3850 sequitur.

403 3872 471 3927 Et
497 3874 774 3928 comedetis
798 3888 989 3943 panem
1018 3880 1244 3926 vestrum
1270 3872 1323 3926 in
1352 3873 1654 3928 saturitate.
1688 3874 1743 3929 Si
1768 3875 1912 3931 enim

331 3966 491 4039 panis
519 3972 707 4021 noster
737 3966 914 4020 virtus
953 3973 1058 4029 est,
1095 3964 1164 4018 de
1203 3979 1309 4034 qua
1352 3964 1615 4021 Dominus
1647 3966 1864 4022 dicebat
1898 3986 1910 4021 :

333 4058 639 4129 Operamini
665 4073 768 4111 non
805 4056 974 4111 cibum
1006 4056 1096 4127 qui
1124 4057 1293 4125 perit,
1328 4057 1419 4124 sed
1447 4058 1536 4127 qui
1564 4069 1831 4126 permanet
1859 4059 1915 4111 in

334 4153 501 4207 vitam
530 4162 786 4207 reternam
806 4151 851 4182 ⁶²
879 4167 892 4202 :
925 4148 1010 4204 hic
1038 4148 1189 4203 illum
1210 4149 1277 4203 ad
1307 4149 1610 4203 satietatem
1638 4150 1909 4213 comedet,

333 4241 388 4296 id
419 4239 929 4312 est,operatur,qui
955 4238 1009 4292 in
1042 4246 1307 4308 perpetuo
1335 4239 1458 4307 ejus
1485 4241 1786 4308 appetitum
1816 4240 1914 4295 ha-

332 4332 447 4387 bet.

2015 3143 2140 3211 quia
2186 3142 2273 3197 die
2304 3141 2653 3198 Pentecostes
2701 3142 2936 3215 Spiritus
2975 3146 3048 3199 de
3095 3146 3236 3201 coelo
3286 3147 3590 3203 descendit.

2016 3233 2154 3302 Ergo
2181 3233 2436 3302 spiritalis
2465 3235 2554 3287 ille
2577 3234 2757 3304 qualis
2772 3234 2861 3299 sit,
2901 3233 3102 3291 Paulus
3127 3235 3341 3292 dicebat
3366 3255 3379 3291 :
3411 3238 3594 3309 Spiri-

2018 3322 2143 3375 talis
2180 3332 2355 3377 autem
2381 3323 2597 3392 judicat
2623 3326 2822 3387 omnia,
2854 3334 2902 3378 et
2928 3326 3038 3394 ipse
3070 3342 3103 3379 a
3136 3328 3344 3381 nemine
3373 3329 3592 3397 judica-

2016 3422 2103 3465 tur
2128 3412 2172 3445 ⁸⁵
2209 3430 2222 3467 :
2262 3413 2317 3468 id
2349 3424 2451 3480 est,
2494 3415 2585 3481 qui
2616 3414 2899 3469 scientiam
2928 3416 3224 3485 perfectam
3262 3418 3465 3484 habet,
3522 3419 3591 3474 ad

2015 3500 2272 3555 subtilem
2304 3516 2515 3567 eorum,
2538 3516 2659 3570 qua:
2686 3502 2893 3572 agenda
2925 3512 3054 3556 sunt
3079 3503 3482 3572 discretionem,
3504 3506 3593 3563 hic

2015 3592 2261 3661 quamvis
2292 3592 2526 3647 validum
2561 3592 2885 3658 daemonem,
2911 3593 3060 3648 verbi
3091 3595 3395 3665 gratia,qui
3419 3612 3486 3651 ex
3514 3598 3601 3652 eis

2017 3697 2181 3752 supra
2211 3691 2457 3747 centum,
2494 3692 2549 3736 et
2583 3684 2687 3753 qui,
2705 3683 2844 3753 legio
2872 3685 3177 3753 appellatur
3204 3695 3427 3757 propter
3452 3689 3594 3743 mul-

2020 3774 2306 3828 titudinem
2350 3775 2721 3830 obedientium
2774 3775 2824 3829 ei
2869 3777 3137 3831 malorum
3189 3778 3479 3849 spirituum
3538 3789 3603 3836 et.

2017 3868 2457 3936 coeperantium,
2482 3868 2625 3923 valet
2653 3882 2915 3937 superare
2944 3877 3108 3937 atque
3133 3869 3375 3924 vincere.

2091 3957 2156 4012 Et
2183 3968 2391 4012 centum
2422 3974 2486 4011 cx
2515 3957 2654 4012 vobis
2696 3959 2870 4012 decem
2911 3959 3102 4014 millia.
3138 3960 3241 4025 Qui
3290 3960 3434 4015 enim
3481 3977 3590 4016 non

2017 4049 2193 4103 solum
2221 4049 2508 4105 scientiam
2546 4050 2712 4105 habet
2736 4051 3013 4117 subtilem,
3071 4052 3165 4106 sed
3195 4061 3250 4129 et
3274 4052 3438 4106 vitam
3468 4068 3594 4122 per-

2015 4141 2211 4196 fectam
2249 4148 2412 4212 atque
2455 4152 2910 4209 consummatam,
2957 4145 3047 4199 hic
3076 4146 3273 4217 duplex
3329 4146 3596 4216 quodam-

2017 4232 2180 4288 modo
2210 4232 2470 4303 spiritalis
2493 4242 2597 4299 est,
2630 4244 2687 4289 et
2710 4243 2999 4305 prepterea
3027 4237 3341 4292 centenario
3363 4254 3595 4294 numero

2017 4326 2371 4381 honorandus
2413 4336 2516 4392 est,
2552 4326 2694 4381 sicut
2719 4327 2992 4396 duplicem
3036 4327 3271 4384 fructum
3310 4330 3492 4387 ferens
3537 4332 3592 4387 in

406 4424 474 4479 Et
505 4425 698 4495 absque
723 4441 915 4493 pavore
944 4424 1250 4478 habitabilis
1284 4425 1339 4477 in
1370 4432 1513 4478 terra
1544 4434 1737 4480 vestra.
1762 4424 1913 4480 Dabo
1947 4420 1988 4475 D
2017 4418 2234 4488 Spiritu,
2266 4427 2427 4487 atque
2455 4418 2776 4488 perfectum,
2815 4429 2870 4475 et
2897 4434 3007 4489 quo
3050 4421 3314 4490 majorem
3344 4422 3597 4480 Christus

333 4532 515 4588 pacem
545 4518 597 4569 in
628 4515 818 4584 ﬁnibus
848 4518 1053 4570 vestris.
1080 4514 1176 4569 Vel
1205 4515 1506 4570 secundum
1540 4515 1912 4587 Septuaginta,

335 4614 384 4660 et
410 4605 603 4660 bellum
630 4621 733 4658 non
760 4605 1101 4674 pertransibit
1129 4615 1347 4668 terram,
1366 4605 1510 4674 quod
1528 4616 1713 4661 nostra
1736 4617 1914 4661 trans-

334 4698 470 4753 latio
503 4697 665 4768 paulo
699 4705 823 4766 post
851 4698 998 4752 dicit.
1026 4696 1245 4752 Gladius
1286 4714 1389 4750 non
1431 4700 1677 4752 transibit
1715 4698 1770 4752 in
1810 4707 1916 4752 ter-

336 4791 504 4844 minos
532 4798 749 4853 vestros,
772 4798 818 4842 et
846 4790 981 4842 dabo
1004 4806 1186 4858 pacem
1222 4792 1277 4842 in
1303 4798 1444 4843 terra
1471 4798 1664 4844 vestra.
1691 4789 1745 4842 Si
1768 4789 1914 4843 enim

334 4897 537 4951 corpus
564 4880 759 4937 stabile
793 4879 974 4944 fuerit,
1010 4887 1065 4933 et
1097 4881 1277 4934 anima
1306 4879 1618 4945 fructiticat,
1650 4880 1828 4935 securi
1861 4870 1915 4934 in

337 4981 479 5028 terra
509 4984 691 5028 nostra
723 4972 1113 5035 habitabimus,
1144 4973 1268 5042 quia
1302 4972 1441 5026 Caro
1472 4988 1573 5024 non
1603 4972 1917 5039 concupiscit

337 5075 519 5120 contra
568 5067 814 5136 spiritum
835 5063 877 5094 ³³
920 5081 932 5115 :
982 5062 1126 5117 unde
1176 5079 1277 5117 nec
1326 5062 1529 5117 bellum
1578 5078 1673 5132 per
1720 5070 1918 5115 terram

337 5155 605 5210 transibit.
633 5152 822 5224 Neque
855 5152 1003 5206 enim
1050 5151 1273 5207 habebit
1316 5160 1529 5221 tempus
1568 5152 1624 5206 in
1671 5167 1920 5207 resurre-

337 5246 518 5303 ctione
557 5245 1149 5317 concupisccntiarum,
1179 5244 1246 5300 de
1290 5244 1489 5314 quibus
1537 5243 1613 5298 ait
1642 5243 1919 5300 Iacobus:

338 5337 488 5393 Unde
549 5339 686 5393 bella
739 5347 787 5393 et
829 5339 947 5392 lites
985 5338 1042 5391 in
1079 5337 1261 5391 vobis?
1311 5335 1500 5390 Nonne
1537 5337 1658 5391 Itinc
1695 5354 1758 5391 ea:
1797 5353 1919 5391 con-

342 5431 671 5505 cupiscentiis
725 5431 946 5496 vestris,
988 5445 1104 5501 qua:
1152 5429 1385 5483 militant
1439 5428 1493 5482 in
1554 5426 1799 5483 membris
1835 5444 1921 5482 vc-

407 5631 455 5665 ³⁸
485 5632 625 5688 Deut
672 5652 843 5693 xxxii.
868 5633 923 5687 ‘2.
1003 5634 1046 5665 ⁶⁰
1074 5634 1202 5699 _lsa.
1230 5652 1283 5699 v,
1305 5634 1357 5688 6.
1439 5634 1480 5666 ⁶¹
1515 5632 1654 5689 Phil.
1683 5650 1764 5699 ιιι,
1796 5636 1883 5689 15.

1957 5635 2001 5666 ⁸⁵
2025 5632 2182 5689 Joan.
2210 5650 2286 5697 vt,
2315 5632 2407 5685 27.

2019 4525 2128 4564 non
2171 4509 2324 4575 dicit,
2358 4509 2453 4565 sed
2483 4509 2797 4579 frequenter
2845 4512 3042 4567 bonam
3074 4520 3275 4569 terram
3308 4515 3597 4571 insinuans

2020 4602 2235 4658 dicebat
2265 4622 2276 4656 :
2305 4602 2466 4673 Aﬂ'ert
2493 4605 2721 4673 fructum
2740 4605 3093 4674 trigesimum,
3117 4616 3165 4660 et
3189 4608 3592 4679 sexagesimum,

2020 4703 2067 4746 et
2099 4694 2437 4748 centesimum
2459 4694 2524 4746 ⁸⁷.
2556 4693 2655 4749 llic
2680 4710 2808 4763 ergo
2834 4695 3001 4750 millia
3031 4696 3268 4753 hostium
3298 4698 3594 4767 subjicere,

2020 4799 2212 4838 omnes
2240 4784 2496 4839 videlicet
2521 4787 2825 4841 contrarias
2854 4786 3107 4850 virtutes,
3150 4796 3337 4857 utpote
3371 4786 3464 4856 qui
3489 4785 3598 4839 vir-

2023 4883 2198 4930 tutum
2230 4875 2393 4930 habet
2420 4876 2832 4945 perl‘eetioncm,
2859 4885 3057 4945 potest.
3082 4876 3367 4942 Quomodo
3389 4884 3599 4943 autem,

2024 4967 2262 5035 subjicit.
2292 4966 2351 5020 In
2378 4967 2543 5021 verbo
2569 4967 2755 5037 utique
2789 4968 2914 5033 Dei;
2946 4969 3021 5021 ait
3052 4967 3197 5022 enim
3226 4984 3238 5019 :

2096 5055 2160 5108 Et
2187 5055 2373 5108 cadent
2400 5055 2603 5110 inimici
2636 5056 2791 5110 vestri
2819 5057 2872 5108 in
2901 5065 3174 5122 conspectu
3202 5062 3371 5109 vestro
3396 5053 3596 5124 gladio.

2024 5146 2176 5203 Illum
2209 5148 2417 5209 dicens,
2449 5165 2612 5218 quem
2644 5150 2868 5203 Paulum
2901 5149 2979 5202 sic
3023 5148 3291 5214 scribens,
3324 5148 3598 5219 exposuit.

2024 5238 2161 5294 Cum
2190 5237 2338 5292 enim
2368 5237 2519 5305 prius
2548 5237 2772 5292 dixisset
2794 5237 3137 5291 inimicorum
3164 5235 3328 5290 millia
3351 5275 3367 5299 ,
3398 5235 3448 5290 id
3477 5242 3561 5290 est
3585 5253 3597 5289 :

2027 5332 2147 5387 Non
2174 5338 2247 5385 est
2275 5328 2415 5383 vobis
2449 5327 2749 5381 colluctatio
2790 5327 3035 5381 adversus
3064 5343 3275 5382 carnem
3301 5337 3347 5382 et
3382 5329 3602 5398 sangui-

2030 5442 2167 5490 nem,
2212 5423 2301 5478 sed
2340 5421 2589 5475 adversus
2633 5420 2895 5490 principes
2927 5429 2974 5473 ct
3020 5429 3321 5490 potestates.
3353 5422 3602 5477 adversus

2455 5601 2554 5700 .-⁸³
2575 5629 2688 5689 Gal.
2725 5646 2777 5700 ι’,
2812 5628 2900 5688 Π,
2976 5626 3148 5683 “15:1,
3182 5643 3257 5694 ιν,
3294 5626 3343 5685 ί,
3407 5625 3474 5661 w
3497 5622 3604 5680 Ec,

348 5718 448 5764 cie.
499 5721 553 5774 v,
583 5705 670 5762 ll.
749 5708 792 5740 ⁰⁸
817 5692 1005 5761 Matth.
1038 5692 1145 5761 {vn
1172 5746 1186 5773 ,
1221 5692 1309 5761 ‘20.
1390 5704 1479 5761 “l
1512 5705 1639 5761 Cor.
1676 5692 1858 5772 ιιείθὶ.
1935 5706 1977 5737 ⁵⁷
2006 5704 2197 5760 Matth.
2231 5692 2348 5769 ain,
2385 5701 2438 5768 8,
2466 5697 2554 5757 ‘25.
