  <div class='ocr_page' id='page_1' title='image "/cluster/home/n/w/nwhite01/storage/ocr_20150623/93/hvd.32044054128533/585.png"; bbox 0 0 4036 6200; ppageno 0'>
   <div class='ocr_carea' id='block_1_1' title="bbox 483 304 976 380">
    <p class='ocr_par' dir='ltr' id='par_1_1' title="bbox 483 304 976 380">
     <span class='ocr_line' id='line_1_1' title="bbox 483 304 976 380; baseline 0.022 -11"><span class='ocrx_word' id='word_1_1' title='bbox 483 304 618 375; x_wconf 67' lang='grc' dir='ltr'>ιιιε</span> <span class='ocrx_word' id='word_1_2' title='bbox 962 351 976 380; x_wconf 69' lang='grc' dir='ltr'><em>κ</em></span> 
     </span>
    </p>
   </div>
   <div class='ocr_carea' id='block_1_2' title="bbox 1675 326 2549 395">
    <p class='ocr_par' dir='ltr' id='par_1_2' title="bbox 1675 326 2549 395">
     <span class='ocr_line' id='line_1_2' title="bbox 1675 326 2549 395; baseline 0.008 -7"><span class='ocrx_word' id='word_1_3' title='bbox 1675 326 2037 389; x_wconf 82' lang='lat' dir='ltr'><strong><em>HESYCHII</em></strong></span> <span class='ocrx_word' id='word_1_4' title='bbox 2075 327 2549 395; x_wconf 79' lang='lat' dir='ltr'><strong><em>PRESBYTERI</em></strong></span> 
     </span>
    </p>
   </div>
   <div class='ocr_carea' id='block_1_3' title="bbox 3612 335 3757 399">
    <p class='ocr_par' dir='ltr' id='par_1_3' title="bbox 3612 335 3757 399">
     <span class='ocr_line' id='line_1_3' title="bbox 3612 335 3757 399; baseline 0.007 -1"><span class='ocrx_word' id='word_1_5' title='bbox 3612 335 3757 399; x_wconf 64' lang='grc' dir='ltr'>ιιιι</span> 
     </span>
    </p>
   </div>
   <div class='ocr_carea' id='block_1_4' title="bbox 478 421 3761 512">
    <p class='ocr_par' dir='ltr' id='par_1_4' title="bbox 478 421 3761 512">
     <span class='ocr_line' id='line_1_4' title="bbox 478 421 3761 512; baseline 0.007 -37"><span class='ocrx_word' id='word_1_6' title='bbox 478 421 664 475; x_wconf 81' lang='lat' dir='ltr'><strong><em>mundi</em></strong></span> <span class='ocrx_word' id='word_1_7' title='bbox 694 432 918 479; x_wconf 88' lang='lat' dir='ltr'><strong><em>rectores</em></strong></span> <span class='ocrx_word' id='word_1_8' title='bbox 937 427 1272 481; x_wconf 76' lang='lat' dir='ltr'><strong><em>tenebrarum</em></strong></span> <span class='ocrx_word' id='word_1_9' title='bbox 1286 429 1499 493; x_wconf 84' lang='lat' dir='ltr'><strong><em>harum.</em></strong></span> <span class='ocrx_word' id='word_1_10' title='bbox 1524 432 1769 490; x_wconf 82' lang='lat' dir='ltr'><strong><em>adversus</em></strong></span> <span class='ocrx_word' id='word_1_11' title='bbox 1789 437 2056 507; x_wconf 73' lang='lat' dir='ltr'><strong><em>spiritalia</em></strong></span> <span class='ocrx_word' id='word_1_12' title='bbox 2085 440 2135 496; x_wconf 75' lang='grc' dir='ltr'><strong>Δ</strong></span> <span class='ocrx_word' id='word_1_13' title='bbox 2234 440 2345 512; x_wconf 83' lang='lat' dir='ltr'><strong><em>Ego</em></strong></span> <span class='ocrx_word' id='word_1_14' title='bbox 2374 440 2628 496; x_wconf 75' lang='lat' dir='ltr'><strong><em>Dominus</em></strong></span> <span class='ocrx_word' id='word_1_15' title='bbox 2670 441 2811 496; x_wconf 82' lang='lat' dir='ltr'><strong><em>Deus</em></strong></span> <span class='ocrx_word' id='word_1_16' title='bbox 2859 449 3049 505; x_wconf 88' lang='lat' dir='ltr'><strong><em>vester,</em></strong></span> <span class='ocrx_word' id='word_1_17' title='bbox 3080 439 3172 511; x_wconf 85' lang='lat' dir='ltr'><strong><em>qui</em></strong></span> <span class='ocrx_word' id='word_1_18' title='bbox 3199 440 3358 495; x_wconf 66' lang='lat' dir='ltr'><strong><em>educi</em></strong></span> <span class='ocrx_word' id='word_1_19' title='bbox 3393 457 3483 496; x_wconf 82' lang='lat' dir='ltr'><strong><em>vos</em></strong></span> <span class='ocrx_word' id='word_1_20' title='bbox 3506 443 3572 497; x_wconf 87' lang='lat' dir='ltr'><strong><em>de</em></strong></span> <span class='ocrx_word' id='word_1_21' title='bbox 3600 453 3761 500; x_wconf 74' lang='lat' dir='ltr'><strong><em>terra</em></strong></span> 
     </span>
    </p>
   </div>
   <div class='ocr_carea' id='block_1_5' title="bbox 477 513 2058 594">
    <p class='ocr_par' dir='ltr' id='par_1_5' title="bbox 477 513 2058 594">
     <span class='ocr_line' id='line_1_5' title="bbox 477 513 2058 594; baseline 0.01 -28"><span class='ocrx_word' id='word_1_22' title='bbox 477 513 729 583; x_wconf 69' lang='lat' dir='ltr'><strong><em>nequitiae</em></strong></span> <span class='ocrx_word' id='word_1_23' title='bbox 757 514 811 567; x_wconf 82' lang='lat' dir='ltr'><strong><em>in</em></strong></span> <span class='ocrx_word' id='word_1_24' title='bbox 841 514 1130 570; x_wconf 80' lang='lat' dir='ltr'><strong><em>crelestibus</em></strong></span> <span class='ocrx_word' id='word_1_25' title='bbox 1159 517 1226 583; x_wconf 81' lang='lat'><strong><em>“,</em></strong></span> <span class='ocrx_word' id='word_1_26' title='bbox 1255 519 1528 578; x_wconf 83' lang='lat' dir='ltr'><strong><em>subinfert</em></strong></span> <span class='ocrx_word' id='word_1_27' title='bbox 1557 564 1572 577; x_wconf 96' lang='lat'><strong><em>.</em></strong></span> <span class='ocrx_word' id='word_1_28' title='bbox 1596 523 1886 594; x_wconf 81' lang='lat' dir='ltr'><strong><em>Propterea</em></strong></span> <span class='ocrx_word' id='word_1_29' title='bbox 1915 529 2058 581; x_wconf 85' lang='lat' dir='ltr'><strong><em>acci-</em></strong></span> 
     </span>
    </p>
   </div>
   <div class='ocr_carea' id='block_1_6' title="bbox 480 605 2060 686">
    <p class='ocr_par' dir='ltr' id='par_1_6' title="bbox 480 605 2060 686">
     <span class='ocr_line' id='line_1_6' title="bbox 480 605 2060 686; baseline 0.011 -30"><span class='ocrx_word' id='word_1_30' title='bbox 480 605 589 671; x_wconf 87' lang='lat' dir='ltr'><strong><em>pite</em></strong></span> <span class='ocrx_word' id='word_1_31' title='bbox 653 614 987 661; x_wconf 76' lang='lat' dir='ltr'><strong><em>armaturam</em></strong></span> <span class='ocrx_word' id='word_1_32' title='bbox 1040 608 1137 662; x_wconf 80' lang='lat' dir='ltr'><strong><em>Des”</em></strong></span> <span class='ocrx_word' id='word_1_33' title='bbox 1169 608 1249 677; x_wconf 81' lang='lat'><strong><em>&quot;;</em></strong></span> <span class='ocrx_word' id='word_1_34' title='bbox 1293 626 1456 681; x_wconf 90' lang='lat' dir='ltr'><strong><em>quam</em></strong></span> <span class='ocrx_word' id='word_1_35' title='bbox 1522 614 1834 686; x_wconf 83' lang='lat' dir='ltr'><strong><em>singulatim</em></strong></span> <span class='ocrx_word' id='word_1_36' title='bbox 1896 618 2060 672; x_wconf 90' lang='lat' dir='ltr'><strong><em>dinu-</em></strong></span> 
     </span>
    </p>
   </div>
   <div class='ocr_carea' id='block_1_7' title="bbox 479 693 2058 774">
    <p class='ocr_par' dir='ltr' id='par_1_7' title="bbox 479 693 2058 774">
     <span class='ocr_line' id='line_1_7' title="bbox 479 693 2058 774; baseline 0.01 -28"><span class='ocrx_word' id='word_1_37' title='bbox 479 707 723 755; x_wconf 87' lang='lat' dir='ltr'><strong><em>merans,</em></strong></span> <span class='ocrx_word' id='word_1_38' title='bbox 767 693 843 748; x_wconf 86' lang='lat' dir='ltr'><strong><em>ait</em></strong></span> <span class='ocrx_word' id='word_1_39' title='bbox 870 712 885 751; x_wconf 91' lang='lat'><strong>:</strong></span> <span class='ocrx_word' id='word_1_40' title='bbox 914 694 983 750; x_wconf 87' lang='lat' dir='ltr'><strong><em>Et</em></strong></span> <span class='ocrx_word' id='word_1_41' title='bbox 1008 695 1252 768; x_wconf 77' lang='lat' dir='ltr'><strong><em>gladium</em></strong></span> <span class='ocrx_word' id='word_1_42' title='bbox 1284 701 1525 770; x_wconf 82' lang='lat' dir='ltr'><strong><em>spiritus,</em></strong></span> <span class='ocrx_word' id='word_1_43' title='bbox 1572 706 1712 774; x_wconf 87' lang='lat' dir='ltr'><strong><em>quod</em></strong></span> <span class='ocrx_word' id='word_1_44' title='bbox 1741 715 1817 760; x_wconf 85' lang='lat' dir='ltr'><strong><em>est</em></strong></span> <span class='ocrx_word' id='word_1_45' title='bbox 1846 706 2058 763; x_wconf 75' lang='lat' dir='ltr'><strong><em>verbum</em></strong></span> 
     </span>
    </p>
   </div>
   <div class='ocr_carea' id='block_1_8' title="bbox 478 781 650 836">
    <p class='ocr_par' dir='ltr' id='par_1_8' title="bbox 478 781 650 836">
     <span class='ocr_line' id='line_1_8' title="bbox 478 781 650 836; baseline 0 0"><span class='ocrx_word' id='word_1_46' title='bbox 478 781 577 836; x_wconf 86' lang='lat' dir='ltr'><strong><em>Dei</em></strong></span> <span class='ocrx_word' id='word_1_47' title='bbox 605 784 650 815; x_wconf 69' lang='lat'><strong><em>7°</em></strong></span> 
     </span>
    </p>
   </div>
   <div class='ocr_carea' id='block_1_9' title="bbox 544 869 2057 964">
    <p class='ocr_par' dir='ltr' id='par_1_9' title="bbox 544 869 2057 964">
     <span class='ocr_line' id='line_1_9' title="bbox 544 869 2057 964; baseline 0.016 -40"><span class='ocrx_word' id='word_1_48' title='bbox 544 869 845 964; x_wconf 68' lang='lat' dir='ltr'><strong><em>liccpiciam</em></strong></span> <span class='ocrx_word' id='word_1_49' title='bbox 866 891 973 932; x_wconf 82' lang='lat' dir='ltr'><strong><em>vos.</em></strong></span> <span class='ocrx_word' id='word_1_50' title='bbox 997 876 1137 943; x_wconf 82' lang='lat' dir='ltr'><strong><em>Quid</em></strong></span> <span class='ocrx_word' id='word_1_51' title='bbox 1161 890 1248 938; x_wconf 83' lang='lat' dir='ltr'><strong><em>est</em></strong></span> <span class='ocrx_word' id='word_1_52' title='bbox 1270 884 1417 941; x_wconf 91' lang='lat' dir='ltr'><strong><em>enim</em></strong></span> <span class='ocrx_word' id='word_1_53' title='bbox 1448 887 1663 955; x_wconf 90' lang='lat' dir='ltr'><strong><em>melius,</em></strong></span> <span class='ocrx_word' id='word_1_54' title='bbox 1680 904 1840 960; x_wconf 90' lang='lat' dir='ltr'><strong><em>quam</em></strong></span> <span class='ocrx_word' id='word_1_55' title='bbox 1862 886 2057 964; x_wconf 83' lang='lat' dir='ltr'><strong><em>respici</em></strong></span> 
     </span>
    </p>
   </div>
   <div class='ocr_carea' id='block_1_10' title="bbox 480 962 2057 1047">
    <p class='ocr_par' dir='ltr' id='par_1_10' title="bbox 480 962 2057 1047">
     <span class='ocr_line' id='line_1_10' title="bbox 480 962 2057 1047; baseline 0.016 -30"><span class='ocrx_word' id='word_1_56' title='bbox 480 977 511 1016; x_wconf 89' lang='lat' dir='ltr'><strong><em>a</em></strong></span> <span class='ocrx_word' id='word_1_57' title='bbox 539 962 653 1020; x_wconf 83' lang='lat' dir='ltr'><strong><em>Deo</em></strong></span> <span class='ocrx_word' id='word_1_58' title='bbox 675 1007 691 1032; x_wconf 91' lang='lat'><strong><em>,</em></strong></span> <span class='ocrx_word' id='word_1_59' title='bbox 722 967 883 1037; x_wconf 78' lang='lat' dir='ltr'><strong><em>cuius</em></strong></span> <span class='ocrx_word' id='word_1_60' title='bbox 927 979 1209 1040; x_wconf 84' lang='lat' dir='ltr'><strong><em>respectus</em></strong></span> <span class='ocrx_word' id='word_1_61' title='bbox 1243 976 1391 1032; x_wconf 86' lang='lat' dir='ltr'><strong><em>salus</em></strong></span> <span class='ocrx_word' id='word_1_62' title='bbox 1412 987 1533 1047; x_wconf 90' lang='lat' dir='ltr'><strong><em>est,</em></strong></span> <span class='ocrx_word' id='word_1_63' title='bbox 1574 984 1844 1039; x_wconf 84' lang='lat' dir='ltr'><strong><em>aversatio</em></strong></span> <span class='ocrx_word' id='word_1_64' title='bbox 1875 962 2057 1041; x_wconf 78' lang='lat' dir='ltr'><strong><em>autem</em></strong></span> 
     </span>
    </p>
   </div>
   <div class='ocr_carea' id='block_1_11' title="bbox 478 1058 2055 1145">
    <p class='ocr_par' dir='ltr' id='par_1_11' title="bbox 478 1058 2055 1145">
     <span class='ocr_line' id='line_1_11' title="bbox 478 1058 2055 1145; baseline 0.015 -35"><span class='ocrx_word' id='word_1_65' title='bbox 478 1070 628 1111; x_wconf 87' lang='lat' dir='ltr'><strong><em>mors</em></strong></span> <span class='ocrx_word' id='word_1_66' title='bbox 656 1058 783 1113; x_wconf 81' lang='lat' dir='ltr'><strong><em>est?</em></strong></span> <span class='ocrx_word' id='word_1_67' title='bbox 826 1058 896 1113; x_wconf 77' lang='lat' dir='ltr'><strong><em>Et</em></strong></span> <span class='ocrx_word' id='word_1_68' title='bbox 927 1078 1157 1119; x_wconf 73' lang='lat' dir='ltr'><strong><em>crescere</em></strong></span> <span class='ocrx_word' id='word_1_69' title='bbox 1181 1068 1406 1137; x_wconf 85' lang='lat' dir='ltr'><strong><em>faciam,</em></strong></span> <span class='ocrx_word' id='word_1_70' title='bbox 1456 1081 1507 1125; x_wconf 93' lang='lat' dir='ltr'><strong><em>et</em></strong></span> <span class='ocrx_word' id='word_1_71' title='bbox 1554 1074 2055 1145; x_wconf 84' lang='lat' dir='ltr'><strong><em>multiplicabimini.</em></strong></span> 
     </span>
    </p>
   </div>
   <div class='ocr_carea' id='block_1_12' title="bbox 418 1144 2056 1239">
    <p class='ocr_par' dir='ltr' id='par_1_12' title="bbox 418 1144 2056 1239">
     <span class='ocr_line' id='line_1_12' title="bbox 418 1144 2056 1239; baseline 0.015 -40"><span class='ocrx_word' id='word_1_72' title='bbox 418 1144 431 1155; x_wconf 58' lang='lat'>‘</span> <span class='ocrx_word' id='word_1_73' title='bbox 478 1146 656 1239; x_wconf 78' lang='lat' dir='ltr'><strong><em>Auget</em></strong></span> <span class='ocrx_word' id='word_1_74' title='bbox 682 1163 783 1203; x_wconf 89' lang='lat' dir='ltr'><strong><em>nos</em></strong></span> <span class='ocrx_word' id='word_1_75' title='bbox 813 1152 1056 1221; x_wconf 81' lang='lat' dir='ltr'><strong><em>quidem,</em></strong></span> <span class='ocrx_word' id='word_1_76' title='bbox 1093 1171 1218 1210; x_wconf 90' lang='lat' dir='ltr'><strong><em>cum</em></strong></span> <span class='ocrx_word' id='word_1_77' title='bbox 1252 1168 1418 1228; x_wconf 83' lang='lat' dir='ltr'><strong><em>parva</em></strong></span> <span class='ocrx_word' id='word_1_78' title='bbox 1471 1161 1633 1229; x_wconf 89' lang='lat' dir='ltr'><strong><em>bona,</em></strong></span> <span class='ocrx_word' id='word_1_79' title='bbox 1658 1180 1780 1234; x_wconf 69' lang='lat' dir='ltr'><strong><em>qua:</em></strong></span> <span class='ocrx_word' id='word_1_80' title='bbox 1825 1167 2056 1239; x_wconf 82' lang='lat' dir='ltr'><strong><em>agimus,</em></strong></span> 
     </span>
    </p>
   </div>
   <div class='ocr_carea' id='block_1_13' title="bbox 480 1238 2060 1329">
    <p class='ocr_par' dir='ltr' id='par_1_13' title="bbox 480 1238 2060 1329">
     <span class='ocr_line' id='line_1_13' title="bbox 480 1238 2060 1329; baseline 0.015 -37"><span class='ocrx_word' id='word_1_81' title='bbox 480 1238 716 1294; x_wconf 81' lang='lat' dir='ltr'><strong><em>maxima</em></strong></span> <span class='ocrx_word' id='word_1_82' title='bbox 760 1240 892 1299; x_wconf 91' lang='lat' dir='ltr'><strong><em>facit</em></strong></span> <span class='ocrx_word' id='word_1_83' title='bbox 942 1259 1227 1316; x_wconf 84' lang='lat' dir='ltr'><strong><em>apparere.</em></strong></span> <span class='ocrx_word' id='word_1_84' title='bbox 1288 1249 1609 1321; x_wconf 77' lang='lat' dir='ltr'><strong><em>Multiplicat</em></strong></span> <span class='ocrx_word' id='word_1_85' title='bbox 1653 1266 1837 1312; x_wconf 91' lang='lat' dir='ltr'><strong><em>autem</em></strong></span> <span class='ocrx_word' id='word_1_86' title='bbox 1874 1238 2060 1329; x_wconf 86' lang='lat' dir='ltr'><strong><em>pauca</em></strong></span> 
     </span>
    </p>
   </div>
   <div class='ocr_carea' id='block_1_14' title="bbox 479 1333 2062 1419">
    <p class='ocr_par' dir='ltr' id='par_1_14' title="bbox 479 1333 2062 1419">
     <span class='ocr_line' id='line_1_14' title="bbox 479 1333 2062 1419; baseline 0.013 -33"><span class='ocrx_word' id='word_1_87' title='bbox 479 1345 730 1387; x_wconf 83' lang='lat' dir='ltr'><strong><em>crescere</em></strong></span> <span class='ocrx_word' id='word_1_88' title='bbox 790 1333 997 1392; x_wconf 79' lang='lat' dir='ltr'><strong><em>faciens</em></strong></span> <span class='ocrx_word' id='word_1_89' title='bbox 1026 1338 1084 1392; x_wconf 92' lang='lat' dir='ltr'><strong><em>in</em></strong></span> <span class='ocrx_word' id='word_1_90' title='bbox 1126 1342 1330 1397; x_wconf 89' lang='lat' dir='ltr'><strong><em>multis.</em></strong></span> <span class='ocrx_word' id='word_1_91' title='bbox 1363 1345 1557 1400; x_wconf 80' lang='lat' dir='ltr'><strong>Annon</strong></span> <span class='ocrx_word' id='word_1_92' title='bbox 1600 1362 1804 1419; x_wconf 79' lang='lat' dir='ltr'><strong><em>angens</em></strong></span> <span class='ocrx_word' id='word_1_93' title='bbox 1848 1359 2062 1407; x_wconf 88' lang='lat' dir='ltr'><strong><em>nostras</em></strong></span> 
     </span>
    </p>
   </div>
   <div class='ocr_carea' id='block_1_15' title="bbox 480 1418 2063 1511">
    <p class='ocr_par' dir='ltr' id='par_1_15' title="bbox 480 1418 2063 1511">
     <span class='ocr_line' id='line_1_15' title="bbox 480 1418 2063 1511; baseline 0.015 -39"><span class='ocrx_word' id='word_1_94' title='bbox 480 1418 714 1476; x_wconf 80' lang='lat' dir='ltr'><strong><em>virtutes</em></strong></span> <span class='ocrx_word' id='word_1_95' title='bbox 765 1432 821 1478; x_wconf 91' lang='lat' dir='ltr'><strong><em>et</em></strong></span> <span class='ocrx_word' id='word_1_96' title='bbox 852 1427 1208 1496; x_wconf 86' lang='lat' dir='ltr'><strong><em>magnificans</em></strong></span> <span class='ocrx_word' id='word_1_97' title='bbox 1274 1432 1488 1488; x_wconf 89' lang='lat' dir='ltr'><strong><em>dicebat</em></strong></span> <span class='ocrx_word' id='word_1_98' title='bbox 1516 1453 1529 1489; x_wconf 89' lang='lat'><strong>:</strong></span> <span class='ocrx_word' id='word_1_99' title='bbox 1561 1418 1809 1500; x_wconf 83' lang='lat' dir='ltr'><strong><em>Quandiu</em></strong></span> <span class='ocrx_word' id='word_1_100' title='bbox 1870 1442 2063 1511; x_wconf 76' lang='lat' dir='ltr'><strong><em>fecistis</em></strong></span> 
     </span>
    </p>
   </div>
   <div class='ocr_carea' id='block_1_16' title="bbox 480 1509 2059 1602">
    <p class='ocr_par' dir='ltr' id='par_1_16' title="bbox 480 1509 2059 1602">
     <span class='ocr_line' id='line_1_16' title="bbox 480 1509 2059 1602; baseline 0.018 -42"><span class='ocrx_word' id='word_1_101' title='bbox 480 1509 576 1562; x_wconf 88' lang='lat' dir='ltr'><strong><em>uni</em></strong></span> <span class='ocrx_word' id='word_1_102' title='bbox 629 1511 693 1564; x_wconf 91' lang='lat' dir='ltr'><strong><em>de</em></strong></span> <span class='ocrx_word' id='word_1_103' title='bbox 746 1514 980 1568; x_wconf 87' lang='lat' dir='ltr'><strong><em>minimis</em></strong></span> <span class='ocrx_word' id='word_1_104' title='bbox 1005 1517 1115 1583; x_wconf 83' lang='lat' dir='ltr'><strong><em>his,</em></strong></span> <span class='ocrx_word' id='word_1_105' title='bbox 1156 1521 1286 1574; x_wconf 82' lang='lat' dir='ltr'><strong><em>mihi</em></strong></span> <span class='ocrx_word' id='word_1_106' title='bbox 1316 1524 1509 1593; x_wconf 87' lang='lat' dir='ltr'><strong><em>fecistis</em></strong></span> <span class='ocrx_word' id='word_1_107' title='bbox 1533 1527 1619 1580; x_wconf 77' lang='grc' dir='ltr'><strong><em>ἰιι</em></strong></span> <span class='ocrx_word' id='word_1_108' title='bbox 1668 1527 1733 1582; x_wconf 86' lang='lat' dir='ltr'><strong><em>Et</em></strong></span> <span class='ocrx_word' id='word_1_109' title='bbox 1802 1509 2059 1602; x_wconf 82' lang='lat' dir='ltr'><strong><em>multipli-</em></strong></span> 
     </span>
    </p>
   </div>
   <div class='ocr_carea' id='block_1_17' title="bbox 481 1605 2063 1681">
    <p class='ocr_par' dir='ltr' id='par_1_17' title="bbox 481 1605 2063 1681">
     <span class='ocr_line' id='line_1_17' title="bbox 481 1605 2063 1681; baseline 0.018 -28"><span class='ocrx_word' id='word_1_110' title='bbox 481 1612 612 1655; x_wconf 86' lang='lat' dir='ltr'><strong><em>cans</em></strong></span> <span class='ocrx_word' id='word_1_111' title='bbox 654 1617 864 1670; x_wconf 87' lang='lat' dir='ltr'><strong><em>rursus,</em></strong></span> <span class='ocrx_word' id='word_1_112' title='bbox 900 1605 1126 1663; x_wconf 88' lang='lat' dir='ltr'><strong><em>Paulum</em></strong></span> <span class='ocrx_word' id='word_1_113' title='bbox 1177 1614 1414 1670; x_wconf 84' lang='lat' dir='ltr'><strong><em>scribere</em></strong></span> <span class='ocrx_word' id='word_1_114' title='bbox 1444 1617 1712 1674; x_wconf 84' lang='lat' dir='ltr'><strong><em>faciebat:</em></strong></span> <span class='ocrx_word' id='word_1_115' title='bbox 1750 1621 1872 1677; x_wconf 87' lang='lat' dir='ltr'><strong><em>Non</em></strong></span> <span class='ocrx_word' id='word_1_116' title='bbox 1923 1628 2063 1681; x_wconf 84' lang='lat' dir='ltr'><strong><em>enim</em></strong></span> 
     </span>
    </p>
   </div>
   <div class='ocr_carea' id='block_1_18' title="bbox 481 1692 2061 1781">
    <p class='ocr_par' dir='ltr' id='par_1_18' title="bbox 481 1692 2061 1781">
     <span class='ocr_line' id='line_1_18' title="bbox 481 1692 2061 1781; baseline 0.019 -38"><span class='ocrx_word' id='word_1_117' title='bbox 481 1692 723 1759; x_wconf 85' lang='lat' dir='ltr'><strong><em>occides;</em></strong></span> <span class='ocrx_word' id='word_1_118' title='bbox 755 1711 857 1749; x_wconf 89' lang='lat' dir='ltr'><strong><em>non</em></strong></span> <span class='ocrx_word' id='word_1_119' title='bbox 915 1699 1247 1757; x_wconf 88' lang='lat' dir='ltr'><strong><em>adulterabis</em></strong></span> <span class='ocrx_word' id='word_1_120' title='bbox 1281 1721 1300 1768; x_wconf 91' lang='lat'><strong><em>;</em></strong></span> <span class='ocrx_word' id='word_1_121' title='bbox 1338 1723 1439 1760; x_wconf 87' lang='lat' dir='ltr'><strong><em>non</em></strong></span> <span class='ocrx_word' id='word_1_122' title='bbox 1497 1714 1868 1781; x_wconf 82' lang='lat' dir='ltr'><strong><em>concupisces;</em></strong></span> <span class='ocrx_word' id='word_1_123' title='bbox 1917 1728 1964 1772; x_wconf 91' lang='lat' dir='ltr'><strong><em>et</em></strong></span> <span class='ocrx_word' id='word_1_124' title='bbox 2015 1720 2061 1773; x_wconf 88' lang='lat' dir='ltr'><strong><em>si</em></strong></span> 
     </span>
    </p>
   </div>
   <div class='ocr_carea' id='block_1_19' title="bbox 482 1775 2141 1866">
    <p class='ocr_par' dir='ltr' id='par_1_19' title="bbox 482 1775 2141 1866">
     <span class='ocr_line' id='line_1_19' title="bbox 482 1775 2141 1866; baseline 0.019 -31"><span class='ocrx_word' id='word_1_125' title='bbox 482 1785 622 1851; x_wconf 89' lang='lat' dir='ltr'><strong><em>quod</em></strong></span> <span class='ocrx_word' id='word_1_126' title='bbox 642 1795 718 1840; x_wconf 92' lang='lat' dir='ltr'><strong><em>est</em></strong></span> <span class='ocrx_word' id='word_1_127' title='bbox 743 1787 895 1843; x_wconf 87' lang='lat' dir='ltr'><strong><em>aliud</em></strong></span> <span class='ocrx_word' id='word_1_128' title='bbox 921 1795 1231 1850; x_wconf 88' lang='lat' dir='ltr'><strong><em>mandatum</em></strong></span> <span class='ocrx_word' id='word_1_129' title='bbox 1254 1797 1320 1864; x_wconf 74' lang='grc'><strong><em>⁷⁸,</em></strong></span> <span class='ocrx_word' id='word_1_130' title='bbox 1356 1801 1460 1856; x_wconf 91' lang='lat' dir='ltr'><strong><em>hoc</em></strong></span> <span class='ocrx_word' id='word_1_131' title='bbox 1488 1775 1669 1858; x_wconf 39' lang='lat' dir='ltr'><strong><em>verbo&#39;</em></strong></span> <span class='ocrx_word' id='word_1_132' title='bbox 1694 1775 2058 1866; x_wconf 86' lang='lat' dir='ltr'><strong><em>restauratur:</em></strong></span> <span class='ocrx_word' id='word_1_133' title='bbox 2098 1775 2141 1834; x_wconf 73' lang='grc' dir='ltr'><strong>Β</strong></span> 
     </span>
    </p>
   </div>
   <div class='ocr_carea' id='block_1_20' title="bbox 481 1873 2061 1964">
    <p class='ocr_par' dir='ltr' id='par_1_20' title="bbox 481 1873 2061 1964">
     <span class='ocr_line' id='line_1_20' title="bbox 481 1873 2061 1964; baseline 0.02 -36"><span class='ocrx_word' id='word_1_134' title='bbox 481 1873 684 1948; x_wconf 85' lang='lat' dir='ltr'><strong><em>Diliges</em></strong></span> <span class='ocrx_word' id='word_1_135' title='bbox 709 1884 1004 1947; x_wconf 73' lang='lat' dir='ltr'><strong><em>proximum</em></strong></span> <span class='ocrx_word' id='word_1_136' title='bbox 1032 1896 1179 1942; x_wconf 85' lang='lat' dir='ltr'><strong><em>tuum</em></strong></span> <span class='ocrx_word' id='word_1_137' title='bbox 1210 1892 1344 1946; x_wconf 83' lang='lat' dir='ltr'><strong><em>sicut</em></strong></span> <span class='ocrx_word' id='word_1_138' title='bbox 1367 1895 1591 1962; x_wconf 86' lang='lat' dir='ltr'><strong><em>leipsnm</em></strong></span> <span class='ocrx_word' id='word_1_139' title='bbox 1614 1899 1678 1964; x_wconf 84' lang='grc'><strong><em>⁷³,</em></strong></span> <span class='ocrx_word' id='word_1_140' title='bbox 1710 1902 1874 1955; x_wconf 90' lang='lat' dir='ltr'><strong><em>multa</em></strong></span> <span class='ocrx_word' id='word_1_141' title='bbox 1904 1920 2061 1959; x_wconf 89' lang='lat' dir='ltr'><strong><em>man-</em></strong></span> 
     </span>
    </p>
   </div>
   <div class='ocr_carea' id='block_1_21' title="bbox 483 1962 2062 2062">
    <p class='ocr_par' dir='ltr' id='par_1_21' title="bbox 483 1962 2062 2062">
     <span class='ocr_line' id='line_1_21' title="bbox 483 1962 2062 2062; baseline 0.02 -43"><span class='ocrx_word' id='word_1_142' title='bbox 483 1962 609 2021; x_wconf 86' lang='lat' dir='ltr'><strong><em>data</em></strong></span> <span class='ocrx_word' id='word_1_143' title='bbox 639 1968 881 2026; x_wconf 69' lang='lat' dir='ltr'><strong><em>alliciens</em></strong></span> <span class='ocrx_word' id='word_1_144' title='bbox 906 1974 1012 2030; x_wconf 89' lang='lat' dir='ltr'><strong><em>hoc</em></strong></span> <span class='ocrx_word' id='word_1_145' title='bbox 1034 1992 1203 2032; x_wconf 90' lang='lat' dir='ltr'><strong><em>unum</em></strong></span> <span class='ocrx_word' id='word_1_146' title='bbox 1222 1983 1556 2051; x_wconf 87' lang='lat' dir='ltr'><strong><em>mandatum,</em></strong></span> <span class='ocrx_word' id='word_1_147' title='bbox 1578 1996 1635 2041; x_wconf 91' lang='lat' dir='ltr'><strong><em>ut</em></strong></span> <span class='ocrx_word' id='word_1_148' title='bbox 1654 2004 1750 2043; x_wconf 91' lang='lat' dir='ltr'><strong><em>nos</em></strong></span> <span class='ocrx_word' id='word_1_149' title='bbox 1765 2006 2062 2062; x_wconf 47' lang='lat' dir='ltr'><strong><em>assequené</em></strong></span> 
     </span>
    </p>
   </div>
   <div class='ocr_carea' id='block_1_22' title="bbox 486 2054 2059 2151">
    <p class='ocr_par' dir='ltr' id='par_1_22' title="bbox 486 2054 2059 2151">
     <span class='ocr_line' id='line_1_22' title="bbox 486 2054 2059 2151; baseline 0.022 -45"><span class='ocrx_word' id='word_1_150' title='bbox 486 2059 568 2108; x_wconf 91' lang='lat' dir='ltr'><strong><em>tes</em></strong></span> <span class='ocrx_word' id='word_1_151' title='bbox 592 2054 746 2122; x_wconf 90' lang='lat' dir='ltr'><strong><em>illud,</em></strong></span> <span class='ocrx_word' id='word_1_152' title='bbox 774 2060 971 2117; x_wconf 88' lang='lat' dir='ltr'><strong><em>divites</em></strong></span> <span class='ocrx_word' id='word_1_153' title='bbox 1001 2065 1319 2123; x_wconf 78' lang='lat' dir='ltr'><strong><em>efficiamur.</em></strong></span> <span class='ocrx_word' id='word_1_154' title='bbox 1370 2071 1544 2129; x_wconf 85' lang='lat' dir='ltr'><strong><em>Nimis</em></strong></span> <span class='ocrx_word' id='word_1_155' title='bbox 1586 2091 1715 2147; x_wconf 87' lang='lat' dir='ltr'><strong><em>ergo</em></strong></span> <span class='ocrx_word' id='word_1_156' title='bbox 1756 2054 2059 2151; x_wconf 72' lang='lat' dir='ltr'><strong><em>Opportuna</em></strong></span> 
     </span>
    </p>
   </div>
   <div class='ocr_carea' id='block_1_23' title="bbox 482 2155 1129 2224">
    <p class='ocr_par' dir='ltr' id='par_1_23' title="bbox 482 2155 1129 2224">
     <span class='ocr_line' id='line_1_23' title="bbox 482 2155 1129 2224; baseline 0.019 -25"><span class='ocrx_word' id='word_1_157' title='bbox 482 2155 630 2208; x_wconf 81' lang='lat' dir='ltr'><strong><em>sunt.</em></strong></span> <span class='ocrx_word' id='word_1_158' title='bbox 655 2164 777 2219; x_wconf 63' lang='lat' dir='ltr'><strong><em>qua:</em></strong></span> <span class='ocrx_word' id='word_1_159' title='bbox 807 2165 1129 2224; x_wconf 87' lang='lat' dir='ltr'><strong><em>sequuntur.</em></strong></span> 
     </span>
    </p>
   </div>
   <div class='ocr_carea' id='block_1_24' title="bbox 556 2237 2062 2332">
    <p class='ocr_par' dir='ltr' id='par_1_24' title="bbox 556 2237 2062 2332">
     <span class='ocr_line' id='line_1_24' title="bbox 556 2237 2062 2332; baseline 0.023 -41"><span class='ocrx_word' id='word_1_160' title='bbox 556 2237 812 2297; x_wconf 84' lang='lat' dir='ltr'><strong><em>Firmabo</em></strong></span> <span class='ocrx_word' id='word_1_161' title='bbox 835 2255 1048 2313; x_wconf 88' lang='lat' dir='ltr'><strong><em>pactum</em></strong></span> <span class='ocrx_word' id='word_1_162' title='bbox 1078 2266 1249 2308; x_wconf 88' lang='lat' dir='ltr'><strong><em>meum</em></strong></span> <span class='ocrx_word' id='word_1_163' title='bbox 1272 2256 1552 2313; x_wconf 83' lang='lat' dir='ltr'><strong><em>vobiscum.</em></strong></span> <span class='ocrx_word' id='word_1_164' title='bbox 1587 2262 1662 2315; x_wconf 87' lang='lat' dir='ltr'><strong><em>Ea</em></strong></span> <span class='ocrx_word' id='word_1_165' title='bbox 1690 2264 1905 2332; x_wconf 84' lang='lat' dir='ltr'><strong><em>quidem</em></strong></span> <span class='ocrx_word' id='word_1_166' title='bbox 1932 2281 2062 2327; x_wconf 89' lang='lat' dir='ltr'><strong><em>sunt</em></strong></span> 
     </span>
    </p>
   </div>
   <div class='ocr_carea' id='block_1_25' title="bbox 481 2331 2057 2430">
    <p class='ocr_par' dir='ltr' id='par_1_25' title="bbox 481 2331 2057 2430">
     <span class='ocr_line' id='line_1_25' title="bbox 481 2331 2057 2430; baseline 0.022 -47"><span class='ocrx_word' id='word_1_167' title='bbox 481 2331 761 2400; x_wconf 62' lang='lat' dir='ltr'><strong><em>praedicta,</em></strong></span> <span class='ocrx_word' id='word_1_168' title='bbox 789 2351 889 2405; x_wconf 85' lang='lat' dir='ltr'><strong><em>per</em></strong></span> <span class='ocrx_word' id='word_1_169' title='bbox 912 2340 1298 2401; x_wconf 88' lang='lat' dir='ltr'><strong><em>retributiones</em></strong></span> <span class='ocrx_word' id='word_1_170' title='bbox 1318 2359 1500 2404; x_wconf 89' lang='lat' dir='ltr'><strong><em>autem</em></strong></span> <span class='ocrx_word' id='word_1_171' title='bbox 1531 2351 1659 2408; x_wconf 88' lang='lat' dir='ltr'><strong><em>illud</em></strong></span> <span class='ocrx_word' id='word_1_172' title='bbox 1693 2331 1887 2425; x_wconf 87' lang='lat' dir='ltr'><strong><em>firmat,</em></strong></span> <span class='ocrx_word' id='word_1_173' title='bbox 1915 2364 2057 2430; x_wconf 89' lang='lat' dir='ltr'><strong><em>quod</em></strong></span> 
     </span>
    </p>
   </div>
   <div class='ocr_carea' id='block_1_26' title="bbox 480 2424 2060 2509">
    <p class='ocr_par' dir='ltr' id='par_1_26' title="bbox 480 2424 2060 2509">
     <span class='ocr_line' id='line_1_26' title="bbox 480 2424 2060 2509; baseline 0.022 -34"><span class='ocrx_word' id='word_1_174' title='bbox 480 2424 855 2496; x_wconf 88' lang='lat' dir='ltr'><strong><em>manifestant,</em></strong></span> <span class='ocrx_word' id='word_1_175' title='bbox 891 2446 1011 2503; x_wconf 83' lang='lat' dir='ltr'><strong><em>quae</em></strong></span> <span class='ocrx_word' id='word_1_176' title='bbox 1039 2447 1376 2505; x_wconf 86' lang='lat' dir='ltr'><strong><em>sequuntur:</em></strong></span> <span class='ocrx_word' id='word_1_177' title='bbox 1399 2441 1691 2500; x_wconf 85' lang='lat' dir='ltr'><strong><em>Comedetis</em></strong></span> <span class='ocrx_word' id='word_1_178' title='bbox 1712 2454 2060 2509; x_wconf 85' lang='lat' dir='ltr'><strong><em>vetustissima</em></strong></span> 
     </span>
    </p>
   </div>
   <div class='ocr_carea' id='block_1_27' title="bbox 481 2519 2054 2613">
    <p class='ocr_par' dir='ltr' id='par_1_27' title="bbox 481 2519 2054 2613">
     <span class='ocr_line' id='line_1_27' title="bbox 481 2519 2054 2613; baseline 0.021 -46"><span class='ocrx_word' id='word_1_179' title='bbox 481 2525 733 2572; x_wconf 79' lang='lat' dir='ltr'><strong><em>ueterum.</em></strong></span> <span class='ocrx_word' id='word_1_180' title='bbox 766 2519 891 2576; x_wconf 89' lang='lat' dir='ltr'><strong><em>Sive</em></strong></span> <span class='ocrx_word' id='word_1_181' title='bbox 918 2533 975 2579; x_wconf 92' lang='lat' dir='ltr'><strong><em>ut</em></strong></span> <span class='ocrx_word' id='word_1_182' title='bbox 1005 2524 1381 2600; x_wconf 87' lang='lat' dir='ltr'><strong><em>Septuaginta,</em></strong></span> <span class='ocrx_word' id='word_1_183' title='bbox 1412 2545 1583 2589; x_wconf 84' lang='lat' dir='ltr'><strong><em>vetera</em></strong></span> <span class='ocrx_word' id='word_1_184' title='bbox 1612 2544 1928 2607; x_wconf 86' lang='lat' dir='ltr'><strong><em>veterum,id</em></strong></span> <span class='ocrx_word' id='word_1_185' title='bbox 1953 2557 2054 2613; x_wconf 85' lang='lat' dir='ltr'><strong><em>est,</em></strong></span> 
     </span>
    </p>
   </div>
   <div class='ocr_carea' id='block_1_28' title="bbox 480 2610 2056 2703">
    <p class='ocr_par' dir='ltr' id='par_1_28' title="bbox 480 2610 2056 2703">
     <span class='ocr_line' id='line_1_28' title="bbox 480 2610 2056 2703; baseline 0.02 -44"><span class='ocrx_word' id='word_1_186' title='bbox 480 2620 605 2675; x_wconf 69' lang='lat' dir='ltr'><strong><em>qua:</em></strong></span> <span class='ocrx_word' id='word_1_187' title='bbox 632 2610 787 2665; x_wconf 89' lang='lat' dir='ltr'><strong><em>vobis</em></strong></span> <span class='ocrx_word' id='word_1_188' title='bbox 819 2628 917 2682; x_wconf 88' lang='lat' dir='ltr'><strong><em>per</em></strong></span> <span class='ocrx_word' id='word_1_189' title='bbox 948 2616 1122 2687; x_wconf 83' lang='lat' dir='ltr'><strong><em>legem</em></strong></span> <span class='ocrx_word' id='word_1_190' title='bbox 1174 2629 1230 2674; x_wconf 91' lang='lat' dir='ltr'><strong><em>et</em></strong></span> <span class='ocrx_word' id='word_1_191' title='bbox 1271 2626 1568 2692; x_wconf 85' lang='lat' dir='ltr'><strong><em>prephetas</em></strong></span> <span class='ocrx_word' id='word_1_192' title='bbox 1615 2632 1878 2697; x_wconf 88' lang='lat' dir='ltr'><strong><em>promissa</em></strong></span> <span class='ocrx_word' id='word_1_193' title='bbox 1909 2610 2056 2703; x_wconf 79' lang='lat' dir='ltr'><strong><em>sunt,</em></strong></span> 
     </span>
    </p>
   </div>
   <div class='ocr_carea' id='block_1_29' title="bbox 480 2706 2059 2784">
    <p class='ocr_par' dir='ltr' id='par_1_29' title="bbox 480 2706 2059 2784">
     <span class='ocr_line' id='line_1_29' title="bbox 480 2706 2059 2784; baseline 0.02 -32"><span class='ocrx_word' id='word_1_194' title='bbox 480 2706 538 2753; x_wconf 87' lang='lat' dir='ltr'><strong><em>et</em></strong></span> <span class='ocrx_word' id='word_1_195' title='bbox 565 2715 688 2770; x_wconf 80' lang='lat' dir='ltr'><strong><em>qua:</em></strong></span> <span class='ocrx_word' id='word_1_196' title='bbox 726 2719 824 2773; x_wconf 89' lang='lat' dir='ltr'><strong><em>per</em></strong></span> <span class='ocrx_word' id='word_1_197' title='bbox 849 2707 1188 2775; x_wconf 84' lang='lat' dir='ltr'><strong><em>patriarchas</em></strong></span> <span class='ocrx_word' id='word_1_198' title='bbox 1246 2714 1300 2767; x_wconf 92' lang='lat' dir='ltr'><strong><em>in</em></strong></span> <span class='ocrx_word' id='word_1_199' title='bbox 1353 2731 1543 2771; x_wconf 89' lang='lat' dir='ltr'><strong><em>eorum</em></strong></span> <span class='ocrx_word' id='word_1_200' title='bbox 1586 2720 2059 2784; x_wconf 86' lang='lat' dir='ltr'><strong><em>benedictionibus</em></strong></span> 
     </span>
    </p>
   </div>
   <div class='ocr_carea' id='block_1_30' title="bbox 480 2791 2053 2883">
    <p class='ocr_par' dir='ltr' id='par_1_30' title="bbox 480 2791 2053 2883">
     <span class='ocr_line' id='line_1_30' title="bbox 480 2791 2053 2883; baseline 0.02 -42"><span class='ocrx_word' id='word_1_201' title='bbox 480 2791 751 2858; x_wconf 83' lang='lat' dir='ltr'><strong><em>promisit.</em></strong></span> <span class='ocrx_word' id='word_1_202' title='bbox 786 2792 854 2848; x_wconf 84' lang='lat' dir='ltr'><strong><em>Et</em></strong></span> <span class='ocrx_word' id='word_1_203' title='bbox 881 2806 1054 2852; x_wconf 87' lang='lat' dir='ltr'><strong><em>vetera</em></strong></span> <span class='ocrx_word' id='word_1_204' title='bbox 1080 2801 1225 2854; x_wconf 84' lang='lat' dir='ltr'><strong><em>novis</em></strong></span> <span class='ocrx_word' id='word_1_205' title='bbox 1240 2808 1718 2872; x_wconf 86' lang='lat' dir='ltr'><strong><em>supervenientibus</em></strong></span> <span class='ocrx_word' id='word_1_206' title='bbox 1743 2816 2053 2883; x_wconf 85' lang='lat' dir='ltr'><strong><em>projicietis.</em></strong></span> 
     </span>
    </p>
   </div>
   <div class='ocr_carea' id='block_1_31' title="bbox 479 2880 2058 2970">
    <p class='ocr_par' dir='ltr' id='par_1_31' title="bbox 479 2880 2058 2970">
     <span class='ocr_line' id='line_1_31' title="bbox 479 2880 2058 2970; baseline 0.019 -33"><span class='ocrx_word' id='word_1_207' title='bbox 479 2880 614 2949; x_wconf 66' lang='lat' dir='ltr'><strong><em>Quae</em></strong></span> <span class='ocrx_word' id='word_1_208' title='bbox 628 2897 755 2940; x_wconf 87' lang='lat' dir='ltr'><strong><em>sunt</em></strong></span> <span class='ocrx_word' id='word_1_209' title='bbox 785 2891 967 2946; x_wconf 86' lang='lat' dir='ltr'><strong><em>nova?</em></strong></span> <span class='ocrx_word' id='word_1_210' title='bbox 1006 2891 1298 2965; x_wconf 86' lang='lat' dir='ltr'><strong><em>Evangelia</em></strong></span> <span class='ocrx_word' id='word_1_211' title='bbox 1330 2898 1605 2970; x_wconf 86' lang='lat' dir='ltr'><strong><em>videlicet;</em></strong></span> <span class='ocrx_word' id='word_1_212' title='bbox 1637 2919 1756 2959; x_wconf 83' lang='lat' dir='ltr'><strong><em>nam</em></strong></span> <span class='ocrx_word' id='word_1_213' title='bbox 1792 2880 1916 2963; x_wconf 85' lang='lat' dir='ltr'><strong><em>cum</em></strong></span> <span class='ocrx_word' id='word_1_214' title='bbox 1942 2928 2058 2966; x_wconf 88' lang='lat' dir='ltr'><strong><em>ma-</em></strong></span> 
     </span>
    </p>
   </div>
   <div class='ocr_carea' id='block_1_32' title="bbox 479 2976 2058 3071">
    <p class='ocr_par' dir='ltr' id='par_1_32' title="bbox 479 2976 2058 3071">
     <span class='ocr_line' id='line_1_32' title="bbox 479 2976 2058 3071; baseline 0.017 -40"><span class='ocrx_word' id='word_1_215' title='bbox 479 2976 625 3032; x_wconf 77' lang='lat' dir='ltr'><strong><em>xima</em></strong></span> <span class='ocrx_word' id='word_1_216' title='bbox 664 2987 794 3034; x_wconf 90' lang='lat' dir='ltr'><strong><em>sunt</em></strong></span> <span class='ocrx_word' id='word_1_217' title='bbox 821 2996 905 3048; x_wconf 90' lang='lat' dir='ltr'><strong><em>ea,</em></strong></span> <span class='ocrx_word' id='word_1_218' title='bbox 946 2998 1068 3053; x_wconf 64' lang='lat' dir='ltr'><strong><em>quae</em></strong></span> <span class='ocrx_word' id='word_1_219' title='bbox 1110 2995 1241 3041; x_wconf 90' lang='lat' dir='ltr'><strong><em>sunt</em></strong></span> <span class='ocrx_word' id='word_1_220' title='bbox 1262 3003 1362 3057; x_wconf 90' lang='lat' dir='ltr'><strong><em>per</em></strong></span> <span class='ocrx_word' id='word_1_221' title='bbox 1391 2992 1749 3060; x_wconf 85' lang='lat' dir='ltr'><strong><em>patriarchas.</em></strong></span> <span class='ocrx_word' id='word_1_222' title='bbox 1787 2997 1962 3071; x_wconf 83' lang='lat' dir='ltr'><strong><em>legem</em></strong></span> <span class='ocrx_word' id='word_1_223' title='bbox 2002 3014 2058 3059; x_wconf 89' lang='lat' dir='ltr'><strong><em>et</em></strong></span> 
     </span>
    </p>
   </div>
   <div class='ocr_carea' id='block_1_33' title="bbox 2160 531 3755 605">
    <p class='ocr_par' dir='ltr' id='par_1_33' title="bbox 2160 531 3755 605">
     <span class='ocr_line' id='line_1_33' title="bbox 2160 531 3755 605; baseline 0.002 -17"><span class='ocrx_word' id='word_1_224' title='bbox 2160 533 2401 604; x_wconf 64' lang='lat' dir='ltr'><strong><em>Egypti,</em></strong></span> <span class='ocrx_word' id='word_1_225' title='bbox 2438 550 2502 588; x_wconf 89' lang='lat' dir='ltr'><strong><em>ne</em></strong></span> <span class='ocrx_word' id='word_1_226' title='bbox 2534 535 2797 588; x_wconf 79' lang='lat' dir='ltr'><strong><em>serviretis</em></strong></span> <span class='ocrx_word' id='word_1_227' title='bbox 2841 534 2935 588; x_wconf 91' lang='lat' dir='ltr'><strong><em>eis.</em></strong></span> <span class='ocrx_word' id='word_1_228' title='bbox 2979 531 3136 599; x_wconf 84' lang='lat' dir='ltr'><strong><em>Quod</em></strong></span> <span class='ocrx_word' id='word_1_229' title='bbox 3181 532 3226 587; x_wconf 90' lang='lat' dir='ltr'><strong><em>si</em></strong></span> <span class='ocrx_word' id='word_1_230' title='bbox 3258 532 3342 588; x_wconf 90' lang='lat' dir='ltr'><strong><em>vis</em></strong></span> <span class='ocrx_word' id='word_1_231' title='bbox 3389 548 3755 605; x_wconf 76' lang='lat' dir='ltr'><strong><em>cognoscere,</em></strong></span> 
     </span>
    </p>
   </div>
   <div class='ocr_carea' id='block_1_34' title="bbox 2163 622 3753 694">
    <p class='ocr_par' dir='ltr' id='par_1_34' title="bbox 2163 622 3753 694">
     <span class='ocr_line' id='line_1_34' title="bbox 2163 622 3753 694; baseline 0.003 -18"><span class='ocrx_word' id='word_1_232' title='bbox 2163 622 2279 677; x_wconf 69' lang='lat' dir='ltr'><strong><em>haec</em></strong></span> <span class='ocrx_word' id='word_1_233' title='bbox 2311 623 2480 679; x_wconf 84' lang='lat' dir='ltr'><strong><em>Exodi</em></strong></span> <span class='ocrx_word' id='word_1_234' title='bbox 2525 625 2688 679; x_wconf 87' lang='lat' dir='ltr'><strong><em>verba</em></strong></span> <span class='ocrx_word' id='word_1_235' title='bbox 2730 639 2827 693; x_wconf 90' lang='lat' dir='ltr'><strong><em>per</em></strong></span> <span class='ocrx_word' id='word_1_236' title='bbox 2876 623 3150 694; x_wconf 84' lang='lat' dir='ltr'><strong><em>Evangelii</em></strong></span> <span class='ocrx_word' id='word_1_237' title='bbox 3209 624 3461 679; x_wconf 88' lang='lat' dir='ltr'><strong><em>ordinem</em></strong></span> <span class='ocrx_word' id='word_1_238' title='bbox 3509 625 3753 681; x_wconf 88' lang='lat' dir='ltr'><strong><em>discute.</em></strong></span> 
     </span>
    </p>
   </div>
   <div class='ocr_carea' id='block_1_35' title="bbox 2166 713 3754 785">
    <p class='ocr_par' dir='ltr' id='par_1_35' title="bbox 2166 713 3754 785">
     <span class='ocr_line' id='line_1_35' title="bbox 2166 713 3754 785; baseline 0.003 -19"><span class='ocrx_word' id='word_1_239' title='bbox 2166 713 2310 767; x_wconf 81' lang='lat' dir='ltr'><strong><em>Dixit</em></strong></span> <span class='ocrx_word' id='word_1_240' title='bbox 2354 730 2483 785; x_wconf 91' lang='lat' dir='ltr'><strong><em>ergo</em></strong></span> <span class='ocrx_word' id='word_1_241' title='bbox 2536 713 2799 769; x_wconf 88' lang='lat' dir='ltr'><strong><em>Dominus</em></strong></span> <span class='ocrx_word' id='word_1_242' title='bbox 2841 714 2908 768; x_wconf 91' lang='lat' dir='ltr'><strong><em>ad</em></strong></span> <span class='ocrx_word' id='word_1_243' title='bbox 2952 713 3168 784; x_wconf 81' lang='lat' dir='ltr'><strong><em>Moysen</em></strong></span> <span class='ocrx_word' id='word_1_244' title='bbox 3204 730 3218 767; x_wconf 87' lang='lat'><strong>:</strong></span> <span class='ocrx_word' id='word_1_245' title='bbox 3250 713 3367 768; x_wconf 87' lang='lat' dir='ltr'><strong><em>Vidi</em></strong></span> <span class='ocrx_word' id='word_1_246' title='bbox 3411 714 3754 785; x_wconf 73' lang='lat' dir='ltr'><strong><em>aﬂiictiouens</em></strong></span> 
     </span>
    </p>
   </div>
   <div class='ocr_carea' id='block_1_36' title="bbox 2165 804 3750 877">
    <p class='ocr_par' dir='ltr' id='par_1_36' title="bbox 2165 804 3750 877">
     <span class='ocr_line' id='line_1_36' title="bbox 2165 804 3750 877; baseline 0.002 -19"><span class='ocrx_word' id='word_1_247' title='bbox 2165 806 2346 873; x_wconf 83' lang='lat' dir='ltr'><strong><em>populi</em></strong></span> <span class='ocrx_word' id='word_1_248' title='bbox 2374 806 2477 859; x_wconf 88' lang='lat' dir='ltr'><strong><em>mei</em></strong></span> <span class='ocrx_word' id='word_1_249' title='bbox 2523 806 2580 858; x_wconf 91' lang='lat' dir='ltr'><strong><em>in</em></strong></span> <span class='ocrx_word' id='word_1_250' title='bbox 2604 804 2835 876; x_wconf 57' lang='lat' dir='ltr'><strong><em>Egi/pta</em></strong></span> <span class='ocrx_word' id='word_1_251' title='bbox 2862 846 2877 871; x_wconf 92' lang='lat'><strong><em>,</em></strong></span> <span class='ocrx_word' id='word_1_252' title='bbox 2929 807 3209 858; x_wconf 89' lang='lat' dir='ltr'><strong><em>clamorem</em></strong></span> <span class='ocrx_word' id='word_1_253' title='bbox 3241 805 3358 873; x_wconf 84' lang='lat' dir='ltr'><strong><em>ejus</em></strong></span> <span class='ocrx_word' id='word_1_254' title='bbox 3386 806 3586 871; x_wconf 83' lang='lat' dir='ltr'><strong><em>audivi,</em></strong></span> <span class='ocrx_word' id='word_1_255' title='bbox 3616 823 3750 877; x_wconf 87' lang='lat' dir='ltr'><strong><em>pro-</em></strong></span> 
     </span>
    </p>
   </div>
   <div class='ocr_carea' id='block_1_37' title="bbox 2165 895 3749 966">
    <p class='ocr_par' dir='ltr' id='par_1_37' title="bbox 2165 895 3749 966">
     <span class='ocr_line' id='line_1_37' title="bbox 2165 895 3749 966; baseline 0.004 -19"><span class='ocrx_word' id='word_1_256' title='bbox 2165 906 2282 963; x_wconf 85' lang='lat' dir='ltr'><strong><em>pter</em></strong></span> <span class='ocrx_word' id='word_1_257' title='bbox 2303 895 2561 950; x_wconf 87' lang='lat' dir='ltr'><strong><em>duritiam</em></strong></span> <span class='ocrx_word' id='word_1_258' title='bbox 2589 911 2789 959; x_wconf 88' lang='lat' dir='ltr'><strong><em>eorum,</em></strong></span> <span class='ocrx_word' id='word_1_259' title='bbox 2816 896 2907 966; x_wconf 85' lang='lat' dir='ltr'><strong><em>qui</em></strong></span> <span class='ocrx_word' id='word_1_260' title='bbox 2936 904 3167 964; x_wconf 73' lang='lat' dir='ltr'><strong><em>prazsunt</em></strong></span> <span class='ocrx_word' id='word_1_261' title='bbox 3199 895 3441 963; x_wconf 88' lang='lat' dir='ltr'><strong><em>operibus</em></strong></span> <span class='ocrx_word' id='word_1_262' title='bbox 3465 912 3484 951; x_wconf 92' lang='lat'><strong><em>:</em></strong></span> <span class='ocrx_word' id='word_1_263' title='bbox 3502 909 3554 952; x_wconf 90' lang='lat' dir='ltr'><strong><em>et</em></strong></span> <span class='ocrx_word' id='word_1_264' title='bbox 3576 899 3749 953; x_wconf 83' lang='lat' dir='ltr'><strong><em>sciens</em></strong></span> 
     </span>
    </p>
   </div>
   <div class='ocr_carea' id='block_1_38' title="bbox 2165 966 3749 1061">
    <p class='ocr_par' dir='ltr' id='par_1_38' title="bbox 2165 966 3749 1061">
     <span class='ocr_line' id='line_1_38' title="bbox 2165 966 3749 1061; baseline 0.003 -23"><span class='ocrx_word' id='word_1_265' title='bbox 2165 985 2398 1040; x_wconf 84' lang='lat' dir='ltr'><strong><em>dolorem</em></strong></span> <span class='ocrx_word' id='word_1_266' title='bbox 2424 986 2558 1056; x_wconf 89' lang='lat' dir='ltr'><strong><em>ejus,</em></strong></span> <span class='ocrx_word' id='word_1_267' title='bbox 2590 987 2830 1040; x_wconf 84' lang='lat' dir='ltr'><strong><em>descendi</em></strong></span> <span class='ocrx_word' id='word_1_268' title='bbox 2854 966 3078 1040; x_wconf 73' lang='lat' dir='ltr'><strong><em>liberare</em></strong></span> <span class='ocrx_word' id='word_1_269' title='bbox 3109 1002 3195 1040; x_wconf 88' lang='lat' dir='ltr'><strong><em>eos</em></strong></span> <span class='ocrx_word' id='word_1_270' title='bbox 3228 988 3293 1040; x_wconf 91' lang='lat' dir='ltr'><strong><em>de</em></strong></span> <span class='ocrx_word' id='word_1_271' title='bbox 3313 989 3557 1042; x_wconf 83' lang='lat' dir='ltr'><strong><em>manibus</em></strong></span> <span class='ocrx_word' id='word_1_272' title='bbox 3575 989 3749 1061; x_wconf 46' lang='lat' dir='ltr'><strong><em>(Egy-</em></strong></span> 
     </span>
    </p>
   </div>
   <div class='ocr_carea' id='block_1_39' title="bbox 2165 1078 3745 1148">
    <p class='ocr_par' dir='ltr' id='par_1_39' title="bbox 2165 1078 3745 1148">
     <span class='ocr_line' id='line_1_39' title="bbox 2165 1078 3745 1148; baseline 0.004 -17"><span class='ocrx_word' id='word_1_273' title='bbox 2165 1079 2419 1148; x_wconf 87' lang='lat' dir='ltr'><strong><em>ptiorum,</em></strong></span> <span class='ocrx_word' id='word_1_274' title='bbox 2460 1087 2509 1132; x_wconf 92' lang='lat' dir='ltr'><strong><em>et</em></strong></span> <span class='ocrx_word' id='word_1_275' title='bbox 2536 1079 2752 1132; x_wconf 87' lang='lat' dir='ltr'><strong><em>educere</em></strong></span> <span class='ocrx_word' id='word_1_276' title='bbox 2782 1079 2847 1131; x_wconf 90' lang='lat' dir='ltr'><strong><em>de</em></strong></span> <span class='ocrx_word' id='word_1_277' title='bbox 2873 1087 3014 1132; x_wconf 90' lang='lat' dir='ltr'><strong><em>terra</em></strong></span> <span class='ocrx_word' id='word_1_278' title='bbox 3043 1078 3138 1132; x_wconf 89' lang='lat' dir='ltr'><strong><em>illa</em></strong></span> <span class='ocrx_word' id='word_1_279' title='bbox 3168 1079 3223 1131; x_wconf 89' lang='lat' dir='ltr'><strong><em>in</em></strong></span> <span class='ocrx_word' id='word_1_280' title='bbox 3245 1088 3444 1133; x_wconf 87' lang='lat' dir='ltr'><strong><em>terram</em></strong></span> <span class='ocrx_word' id='word_1_281' title='bbox 3470 1081 3658 1137; x_wconf 85' lang='lat' dir='ltr'><strong><em>bonam</em></strong></span> <span class='ocrx_word' id='word_1_282' title='bbox 3691 1093 3745 1138; x_wconf 88' lang='lat' dir='ltr'><strong><em>et</em></strong></span> 
     </span>
    </p>
   </div>
   <div class='ocr_carea' id='block_1_40' title="bbox 2162 1168 3744 1243">
    <p class='ocr_par' dir='ltr' id='par_1_40' title="bbox 2162 1168 3744 1243">
     <span class='ocr_line' id='line_1_40' title="bbox 2162 1168 3744 1243; baseline 0.003 -19"><span class='ocrx_word' id='word_1_283' title='bbox 2162 1170 2475 1236; x_wconf 80' lang='lat' dir='ltr'><strong><em>speciosam,</em></strong></span> <span class='ocrx_word' id='word_1_284' title='bbox 2505 1186 2620 1239; x_wconf 69' lang='lat' dir='ltr'><strong><em>qua</em></strong></span> <span class='ocrx_word' id='word_1_285' title='bbox 2650 1170 2768 1238; x_wconf 84' lang='lat' dir='ltr'><strong><em>fluit</em></strong></span> <span class='ocrx_word' id='word_1_286' title='bbox 2794 1168 2933 1224; x_wconf 90' lang='lat' dir='ltr'><strong><em>lacte</em></strong></span> <span class='ocrx_word' id='word_1_287' title='bbox 2965 1179 3014 1222; x_wconf 85' lang='lat' dir='ltr'><strong><em>et</em></strong></span> <span class='ocrx_word' id='word_1_288' title='bbox 3046 1169 3196 1223; x_wconf 89' lang='lat' dir='ltr'><strong><em>melle</em></strong></span> <span class='ocrx_word' id='word_1_289' title='bbox 3219 1169 3283 1221; x_wconf 78' lang='grc'><strong><em>⁷⁸.</em></strong></span> <span class='ocrx_word' id='word_1_290' title='bbox 3316 1169 3383 1225; x_wconf 89' lang='lat' dir='ltr'><strong><em>Et</em></strong></span> <span class='ocrx_word' id='word_1_291' title='bbox 3411 1171 3538 1240; x_wconf 89' lang='lat' dir='ltr'><strong><em>quis</em></strong></span> <span class='ocrx_word' id='word_1_292' title='bbox 3552 1173 3617 1227; x_wconf 86' lang='lat' dir='ltr'><strong><em>sit</em></strong></span> <span class='ocrx_word' id='word_1_293' title='bbox 3646 1173 3744 1243; x_wconf 82' lang='lat' dir='ltr'><strong><em>qui</em></strong></span> 
     </span>
    </p>
   </div>
   <div class='ocr_carea' id='block_1_41' title="bbox 2162 1261 3743 1337">
    <p class='ocr_par' dir='ltr' id='par_1_41' title="bbox 2162 1261 3743 1337">
     <span class='ocr_line' id='line_1_41' title="bbox 2162 1261 3743 1337; baseline 0.003 -21"><span class='ocrx_word' id='word_1_294' title='bbox 2162 1262 2465 1317; x_wconf 89' lang='lat' dir='ltr'><strong><em>introducit</em></strong></span> <span class='ocrx_word' id='word_1_295' title='bbox 2492 1261 2546 1315; x_wconf 92' lang='lat' dir='ltr'><strong><em>in</em></strong></span> <span class='ocrx_word' id='word_1_296' title='bbox 2585 1261 2966 1331; x_wconf 89' lang='lat' dir='ltr'><strong><em>promissionis</em></strong></span> <span class='ocrx_word' id='word_1_297' title='bbox 2998 1270 3197 1315; x_wconf 90' lang='lat' dir='ltr'><strong><em>terram</em></strong></span> <span class='ocrx_word' id='word_1_298' title='bbox 3237 1262 3405 1332; x_wconf 67' lang='lat' dir='ltr'><strong><em>llpse</em></strong></span> <span class='ocrx_word' id='word_1_299' title='bbox 3442 1261 3617 1331; x_wconf 86' lang='lat' dir='ltr'><strong><em>Deus,</em></strong></span> <span class='ocrx_word' id='word_1_300' title='bbox 3651 1266 3743 1337; x_wconf 86' lang='lat' dir='ltr'><strong><em>qui</em></strong></span> 
     </span>
    </p>
   </div>
   <div class='ocr_carea' id='block_1_42' title="bbox 2164 1353 3743 1426">
    <p class='ocr_par' dir='ltr' id='par_1_42' title="bbox 2164 1353 3743 1426">
     <span class='ocr_line' id='line_1_42' title="bbox 2164 1353 3743 1426; baseline 0.003 -17"><span class='ocrx_word' id='word_1_301' title='bbox 2164 1355 2280 1410; x_wconf 71' lang='lat' dir='ltr'><strong><em>haec</em></strong></span> <span class='ocrx_word' id='word_1_302' title='bbox 2312 1353 2478 1425; x_wconf 80' lang='lat' dir='ltr'><strong><em>Moysi</em></strong></span> <span class='ocrx_word' id='word_1_303' title='bbox 2508 1354 2746 1408; x_wconf 84' lang='lat' dir='ltr'><strong><em>ostendit</em></strong></span> <span class='ocrx_word' id='word_1_304' title='bbox 2775 1371 2789 1407; x_wconf 86' lang='lat'><strong>:</strong></span> <span class='ocrx_word' id='word_1_305' title='bbox 2823 1353 2955 1410; x_wconf 84' lang='lat' dir='ltr'><strong><em>Ecce</em></strong></span> <span class='ocrx_word' id='word_1_306' title='bbox 2977 1370 3069 1424; x_wconf 88' lang='lat' dir='ltr'><strong><em>ego</em></strong></span> <span class='ocrx_word' id='word_1_307' title='bbox 3101 1354 3248 1408; x_wconf 88' lang='lat' dir='ltr'><strong><em>mitto</em></strong></span> <span class='ocrx_word' id='word_1_308' title='bbox 3276 1354 3533 1426; x_wconf 81' lang='lat' dir='ltr'><strong><em>Angelum</em></strong></span> <span class='ocrx_word' id='word_1_309' title='bbox 3572 1375 3743 1413; x_wconf 83' lang='lat' dir='ltr'><strong><em>meum</em></strong></span> 
     </span>
    </p>
   </div>
   <div class='ocr_carea' id='block_1_43' title="bbox 2163 1446 3743 1517">
    <p class='ocr_par' dir='ltr' id='par_1_43' title="bbox 2163 1446 3743 1517">
     <span class='ocr_line' id='line_1_43' title="bbox 2163 1446 3743 1517; baseline 0.003 -17"><span class='ocrx_word' id='word_1_310' title='bbox 2163 1450 2253 1517; x_wconf 86' lang='lat' dir='ltr'><strong><em>qui</em></strong></span> <span class='ocrx_word' id='word_1_311' title='bbox 2285 1446 2549 1516; x_wconf 68' lang='lat' dir='ltr'><strong><em>praecedat</em></strong></span> <span class='ocrx_word' id='word_1_312' title='bbox 2581 1456 2630 1499; x_wconf 91' lang='lat' dir='ltr'><strong><em>te</em></strong></span> <span class='ocrx_word' id='word_1_313' title='bbox 2664 1455 2710 1499; x_wconf 93' lang='lat' dir='ltr'><strong><em>et</em></strong></span> <span class='ocrx_word' id='word_1_314' title='bbox 2733 1446 2995 1499; x_wconf 81' lang='lat' dir='ltr'><strong><em>custodiat</em></strong></span> <span class='ocrx_word' id='word_1_315' title='bbox 3035 1454 3083 1499; x_wconf 89' lang='lat' dir='ltr'><strong><em>te</em></strong></span> <span class='ocrx_word' id='word_1_316' title='bbox 3114 1446 3166 1499; x_wconf 89' lang='lat' dir='ltr'><strong><em>iu</em></strong></span> <span class='ocrx_word' id='word_1_317' title='bbox 3196 1447 3304 1509; x_wconf 82' lang='lat' dir='ltr'><strong><em>via,</em></strong></span> <span class='ocrx_word' id='word_1_318' title='bbox 3341 1457 3389 1501; x_wconf 90' lang='lat' dir='ltr'><strong><em>et</em></strong></span> <span class='ocrx_word' id='word_1_319' title='bbox 3446 1450 3743 1505; x_wconf 78' lang='lat' dir='ltr'><strong><em>introducat</em></strong></span> 
     </span>
    </p>
   </div>
   <div class='ocr_carea' id='block_1_44' title="bbox 2163 1537 3738 1611">
    <p class='ocr_par' dir='ltr' id='par_1_44' title="bbox 2163 1537 3738 1611">
     <span class='ocr_line' id='line_1_44' title="bbox 2163 1537 3738 1611; baseline 0.002 -15"><span class='ocrx_word' id='word_1_320' title='bbox 2163 1544 2234 1596; x_wconf 89' lang='lat' dir='ltr'><strong><em>ad</em></strong></span> <span class='ocrx_word' id='word_1_321' title='bbox 2264 1542 2433 1595; x_wconf 88' lang='lat' dir='ltr'><strong><em>locum</em></strong></span> <span class='ocrx_word' id='word_1_322' title='bbox 2462 1556 2614 1611; x_wconf 87' lang='lat' dir='ltr'><strong><em>quem</em></strong></span> <span class='ocrx_word' id='word_1_323' title='bbox 2640 1538 2826 1608; x_wconf 80' lang='lat' dir='ltr'><strong><em>parari</em></strong></span> <span class='ocrx_word' id='word_1_324' title='bbox 2846 1538 2912 1590; x_wconf 78' lang='grc'><strong><em>⁷⁷.</em></strong></span> <span class='ocrx_word' id='word_1_325' title='bbox 2942 1537 3207 1606; x_wconf 80' lang='lat' dir='ltr'><strong><em>Angelum</em></strong></span> <span class='ocrx_word' id='word_1_326' title='bbox 3238 1537 3407 1593; x_wconf 88' lang='lat' dir='ltr'><strong><em>filium</em></strong></span> <span class='ocrx_word' id='word_1_327' title='bbox 3443 1544 3738 1611; x_wconf 85' lang='lat' dir='ltr'><strong><em>appellans,</em></strong></span> 
     </span>
    </p>
   </div>
   <div class='ocr_carea' id='block_1_45' title="bbox 2162 1630 3734 1707">
    <p class='ocr_par' dir='ltr' id='par_1_45' title="bbox 2162 1630 3734 1707">
     <span class='ocr_line' id='line_1_45' title="bbox 2162 1630 3734 1707; baseline -0.001 -17"><span class='ocrx_word' id='word_1_328' title='bbox 2162 1637 2289 1707; x_wconf 86' lang='lat' dir='ltr'><strong><em>quia</em></strong></span> <span class='ocrx_word' id='word_1_329' title='bbox 2329 1636 2663 1689; x_wconf 85' lang='lat' dir='ltr'><strong><em>voluntatem</em></strong></span> <span class='ocrx_word' id='word_1_330' title='bbox 2693 1631 2850 1686; x_wconf 85' lang='lat' dir='ltr'><strong><em>nobis</em></strong></span> <span class='ocrx_word' id='word_1_331' title='bbox 2887 1630 3059 1685; x_wconf 84' lang='lat' dir='ltr'><strong><em>Patris</em></strong></span> <span class='ocrx_word' id='word_1_332' title='bbox 3097 1633 3481 1698; x_wconf 79' lang='lat' dir='ltr'><strong><em>annuntiavit,</em></strong></span> <span class='ocrx_word' id='word_1_333' title='bbox 3532 1637 3598 1689; x_wconf 90' lang='lat' dir='ltr'><strong><em>de</em></strong></span> <span class='ocrx_word' id='word_1_334' title='bbox 3636 1652 3734 1705; x_wconf 87' lang='lat' dir='ltr'><strong><em>quo</em></strong></span> 
     </span>
    </p>
   </div>
   <div class='ocr_carea' id='block_1_46' title="bbox 2168 1724 3739 1792">
    <p class='ocr_par' dir='ltr' id='par_1_46' title="bbox 2168 1724 3739 1792">
     <span class='ocr_line' id='line_1_46' title="bbox 2168 1724 3739 1792; baseline -0.002 -10"><span class='ocrx_word' id='word_1_335' title='bbox 2168 1729 2243 1783; x_wconf 87' lang='lat' dir='ltr'><strong><em>ait</em></strong></span> <span class='ocrx_word' id='word_1_336' title='bbox 2270 1728 2436 1783; x_wconf 88' lang='lat' dir='ltr'><strong><em>lsaias</em></strong></span> <span class='ocrx_word' id='word_1_337' title='bbox 2469 1746 2481 1779; x_wconf 93' lang='lat'>:</span> <span class='ocrx_word' id='word_1_338' title='bbox 2518 1726 2659 1779; x_wconf 87' lang='lat' dir='ltr'><strong><em>Puer</em></strong></span> <span class='ocrx_word' id='word_1_339' title='bbox 2694 1734 2849 1778; x_wconf 89' lang='lat' dir='ltr'><strong><em>natus</em></strong></span> <span class='ocrx_word' id='word_1_340' title='bbox 2874 1734 2947 1777; x_wconf 89' lang='lat' dir='ltr'><strong><em>est</em></strong></span> <span class='ocrx_word' id='word_1_341' title='bbox 2983 1724 3157 1788; x_wconf 90' lang='lat' dir='ltr'><strong><em>nobis,</em></strong></span> <span class='ocrx_word' id='word_1_342' title='bbox 3191 1724 3334 1792; x_wconf 82' lang='lat' dir='ltr'><strong><em>ﬁlius</em></strong></span> <span class='ocrx_word' id='word_1_343' title='bbox 3360 1728 3520 1779; x_wconf 85' lang='lat' dir='ltr'><strong><em>datus</em></strong></span> <span class='ocrx_word' id='word_1_344' title='bbox 3547 1737 3620 1781; x_wconf 86' lang='lat' dir='ltr'><strong><em>est</em></strong></span> <span class='ocrx_word' id='word_1_345' title='bbox 3649 1745 3739 1780; x_wconf 74' lang='lat' dir='ltr'><strong><em>no-</em></strong></span> 
     </span>
    </p>
   </div>
   <div class='ocr_carea' id='block_1_47' title="bbox 2170 1817 3739 1888">
    <p class='ocr_par' dir='ltr' id='par_1_47' title="bbox 2170 1817 3739 1888">
     <span class='ocr_line' id='line_1_47' title="bbox 2170 1817 3739 1888; baseline -0.011 -13"><span class='ocrx_word' id='word_1_346' title='bbox 2170 1822 2266 1885; x_wconf 88' lang='lat' dir='ltr'><strong><em>bis,</em></strong></span> <span class='ocrx_word' id='word_1_347' title='bbox 2309 1819 2463 1888; x_wconf 85' lang='lat' dir='ltr'><strong><em>cujus</em></strong></span> <span class='ocrx_word' id='word_1_348' title='bbox 2492 1818 2816 1886; x_wconf 72' lang='lat' dir='ltr'><strong><em>principatus</em></strong></span> <span class='ocrx_word' id='word_1_349' title='bbox 2858 1832 3015 1885; x_wconf 89' lang='lat' dir='ltr'><strong><em>super</em></strong></span> <span class='ocrx_word' id='word_1_350' title='bbox 3039 1819 3281 1869; x_wconf 84' lang='lat' dir='ltr'><strong><em>humeros</em></strong></span> <span class='ocrx_word' id='word_1_351' title='bbox 3311 1817 3450 1885; x_wconf 88' lang='lat' dir='ltr'><strong><em>ejus,</em></strong></span> <span class='ocrx_word' id='word_1_352' title='bbox 3478 1827 3526 1871; x_wconf 92' lang='lat' dir='ltr'><strong><em>et</em></strong></span> <span class='ocrx_word' id='word_1_353' title='bbox 3566 1819 3739 1887; x_wconf 71' lang='lat' dir='ltr'><strong><em>appet.</em></strong></span> 
     </span>
    </p>
   </div>
   <div class='ocr_carea' id='block_1_48' title="bbox 2170 1906 3731 1979">
    <p class='ocr_par' dir='ltr' id='par_1_48' title="bbox 2170 1906 3731 1979">
     <span class='ocr_line' id='line_1_48' title="bbox 2170 1906 3731 1979; baseline -0.004 -10"><span class='ocrx_word' id='word_1_354' title='bbox 2170 1915 2366 1969; x_wconf 85' lang='lat' dir='ltr'><strong><em>labitur</em></strong></span> <span class='ocrx_word' id='word_1_355' title='bbox 2399 1928 2583 1966; x_wconf 84' lang='lat' dir='ltr'><strong><em>nomen</em></strong></span> <span class='ocrx_word' id='word_1_356' title='bbox 2616 1911 2729 1978; x_wconf 84' lang='lat' dir='ltr'><strong><em>ejus</em></strong></span> <span class='ocrx_word' id='word_1_357' title='bbox 2762 1909 2940 1979; x_wconf 84' lang='lat' dir='ltr'><strong><em>magni</em></strong></span> <span class='ocrx_word' id='word_1_358' title='bbox 2983 1908 3187 1961; x_wconf 85' lang='lat' dir='ltr'><strong><em>consilii</em></strong></span> <span class='ocrx_word' id='word_1_359' title='bbox 3216 1906 3476 1978; x_wconf 81' lang='lat' dir='ltr'><strong><em>Angelus,</em></strong></span> <span class='ocrx_word' id='word_1_360' title='bbox 3506 1910 3731 1962; x_wconf 87' lang='lat' dir='ltr'><strong><em>admira-</em></strong></span> 
     </span>
    </p>
   </div>
   <div class='ocr_carea' id='block_1_49' title="bbox 2168 1998 3728 2071">
    <p class='ocr_par' dir='ltr' id='par_1_49' title="bbox 2168 1998 3728 2071">
     <span class='ocr_line' id='line_1_49' title="bbox 2168 1998 3728 2071; baseline -0.005 -9"><span class='ocrx_word' id='word_1_361' title='bbox 2168 2008 2303 2071; x_wconf 90' lang='lat' dir='ltr'><strong><em>bilis,</em></strong></span> <span class='ocrx_word' id='word_1_362' title='bbox 2358 2003 2713 2061; x_wconf 82' lang='lat' dir='ltr'><strong><em>consiliarius,</em></strong></span> <span class='ocrx_word' id='word_1_363' title='bbox 2779 1999 2914 2052; x_wconf 83' lang='lat' dir='ltr'><strong><em>Deus</em></strong></span> <span class='ocrx_word' id='word_1_364' title='bbox 2971 1999 3122 2069; x_wconf 88' lang='lat' dir='ltr'><strong><em>fortis</em></strong></span> <span class='ocrx_word' id='word_1_365' title='bbox 3151 1999 3217 2052; x_wconf 81' lang='grc'><strong><em>⁷⁸.</em></strong></span> <span class='ocrx_word' id='word_1_366' title='bbox 3267 1998 3549 2063; x_wconf 87' lang='lat' dir='ltr'><strong><em>Quomodo</em></strong></span> <span class='ocrx_word' id='word_1_367' title='bbox 3569 2001 3728 2062; x_wconf 85' lang='lat' dir='ltr'><strong><em>enim,</em></strong></span> 
     </span>
    </p>
   </div>
   <div class='ocr_carea' id='block_1_50' title="bbox 2169 2090 3730 2168">
    <p class='ocr_par' dir='ltr' id='par_1_50' title="bbox 2169 2090 3730 2168">
     <span class='ocr_line' id='line_1_50' title="bbox 2169 2090 3730 2168; baseline -0.01 -12"><span class='ocrx_word' id='word_1_368' title='bbox 2169 2115 2293 2156; x_wconf 90' lang='lat' dir='ltr'><strong><em>cum</em></strong></span> <span class='ocrx_word' id='word_1_369' title='bbox 2328 2094 2643 2168; x_wconf 86' lang='lat' dir='ltr'><strong><em>promiserit</em></strong></span> <span class='ocrx_word' id='word_1_370' title='bbox 2692 2092 2853 2157; x_wconf 76' lang='lat' dir='ltr'><strong><em>Deus,</em></strong></span> <span class='ocrx_word' id='word_1_371' title='bbox 2893 2106 2990 2159; x_wconf 82' lang='lat' dir='ltr'><strong><em>per</em></strong></span> <span class='ocrx_word' id='word_1_372' title='bbox 3031 2105 3094 2144; x_wconf 86' lang='lat' dir='ltr'><strong><em>ea</em></strong></span> <span class='ocrx_word' id='word_1_373' title='bbox 3137 2105 3260 2158; x_wconf 78' lang='lat' dir='ltr'><strong><em>qua:</em></strong></span> <span class='ocrx_word' id='word_1_374' title='bbox 3307 2090 3550 2158; x_wconf 88' lang='lat' dir='ltr'><strong><em>superius</em></strong></span> <span class='ocrx_word' id='word_1_375' title='bbox 3591 2090 3730 2144; x_wconf 81' lang='lat' dir='ltr'><strong><em>dicta</em></strong></span> 
     </span>
    </p>
   </div>
   <div class='ocr_carea' id='block_1_51' title="bbox 2168 2181 3736 2257">
    <p class='ocr_par' dir='ltr' id='par_1_51' title="bbox 2168 2181 3736 2257">
     <span class='ocr_line' id='line_1_51' title="bbox 2168 2181 3736 2257; baseline -0.008 -11"><span class='ocrx_word' id='word_1_376' title='bbox 2168 2200 2314 2257; x_wconf 88' lang='lat' dir='ltr'><strong><em>sunt,</em></strong></span> <span class='ocrx_word' id='word_1_377' title='bbox 2354 2186 2700 2242; x_wconf 84' lang='lat' dir='ltr'><strong><em>introducere</em></strong></span> <span class='ocrx_word' id='word_1_378' title='bbox 2727 2184 2984 2252; x_wconf 88' lang='lat' dir='ltr'><strong><em>populum</em></strong></span> <span class='ocrx_word' id='word_1_379' title='bbox 3012 2181 3067 2247; x_wconf 84' lang='lat' dir='ltr'><strong><em>in</em></strong></span> <span class='ocrx_word' id='word_1_380' title='bbox 3095 2190 3318 2244; x_wconf 87' lang='lat' dir='ltr'><strong><em>terram,</em></strong></span> <span class='ocrx_word' id='word_1_381' title='bbox 3358 2181 3586 2251; x_wconf 81' lang='lat' dir='ltr'><strong><em>Angelus</em></strong></span> <span class='ocrx_word' id='word_1_382' title='bbox 3630 2182 3736 2235; x_wconf 89' lang='lat' dir='ltr'><strong><em>hoc</em></strong></span> 
     </span>
    </p>
   </div>
   <div class='ocr_carea' id='block_1_52' title="bbox 2170 2273 3739 2347">
    <p class='ocr_par' dir='ltr' id='par_1_52' title="bbox 2170 2273 3739 2347">
     <span class='ocr_line' id='line_1_52' title="bbox 2170 2273 3739 2347; baseline -0.008 -9"><span class='ocrx_word' id='word_1_383' title='bbox 2170 2285 2369 2347; x_wconf 84' lang='lat' dir='ltr'><strong><em>facere,</em></strong></span> <span class='ocrx_word' id='word_1_384' title='bbox 2396 2288 2583 2333; x_wconf 88' lang='lat' dir='ltr'><strong><em>etnon</em></strong></span> <span class='ocrx_word' id='word_1_385' title='bbox 2621 2278 2735 2345; x_wconf 86' lang='lat' dir='ltr'><strong><em>ipse</em></strong></span> <span class='ocrx_word' id='word_1_386' title='bbox 2763 2275 2854 2343; x_wconf 89' lang='lat' dir='ltr'><strong><em>qui</em></strong></span> <span class='ocrx_word' id='word_1_387' title='bbox 2883 2273 3154 2343; x_wconf 83' lang='lat' dir='ltr'><strong><em>promisit,</em></strong></span> <span class='ocrx_word' id='word_1_388' title='bbox 3195 2273 3442 2342; x_wconf 83' lang='lat' dir='ltr'><strong><em>poterat?</em></strong></span> <span class='ocrx_word' id='word_1_389' title='bbox 3469 2273 3600 2338; x_wconf 79' lang='lat' dir='ltr'><strong><em>Quis</em></strong></span> <span class='ocrx_word' id='word_1_390' title='bbox 3640 2288 3739 2325; x_wconf 87' lang='lat' dir='ltr'><strong><em>au-</em></strong></span> 
     </span>
    </p>
   </div>
   <div class='ocr_carea' id='block_1_53' title="bbox 2169 2363 3745 2443">
    <p class='ocr_par' dir='ltr' id='par_1_53' title="bbox 2169 2363 3745 2443">
     <span class='ocr_line' id='line_1_53' title="bbox 2169 2363 3745 2443; baseline -0.01 -12"><span class='ocrx_word' id='word_1_391' title='bbox 2169 2386 2299 2443; x_wconf 88' lang='lat' dir='ltr'><strong><em>tem,</em></strong></span> <span class='ocrx_word' id='word_1_392' title='bbox 2323 2382 2378 2429; x_wconf 92' lang='lat' dir='ltr'><strong><em>et</em></strong></span> <span class='ocrx_word' id='word_1_393' title='bbox 2408 2371 2504 2441; x_wconf 87' lang='lat' dir='ltr'><strong><em>qui</em></strong></span> <span class='ocrx_word' id='word_1_394' title='bbox 2528 2368 2833 2432; x_wconf 87' lang='lat' dir='ltr'><strong><em>descendit,</em></strong></span> <span class='ocrx_word' id='word_1_395' title='bbox 2868 2366 2984 2436; x_wconf 87' lang='lat' dir='ltr'><strong><em>ipse</em></strong></span> <span class='ocrx_word' id='word_1_396' title='bbox 3015 2364 3174 2419; x_wconf 87' lang='lat' dir='ltr'><strong><em>nobis</em></strong></span> <span class='ocrx_word' id='word_1_397' title='bbox 3199 2364 3386 2418; x_wconf 86' lang='lat' dir='ltr'><strong><em>dicens</em></strong></span> <span class='ocrx_word' id='word_1_398' title='bbox 3416 2365 3530 2419; x_wconf 64' lang='grc' dir='ltr'>ιιωο</span> <span class='ocrx_word' id='word_1_399' title='bbox 3558 2364 3623 2418; x_wconf 89' lang='lat' dir='ltr'><strong><em>ad</em></strong></span> <span class='ocrx_word' id='word_1_400' title='bbox 3648 2363 3745 2417; x_wconf 65' lang='lat' dir='ltr'><strong><em>Niv</em></strong></span> 
     </span>
    </p>
   </div>
   <div class='ocr_carea' id='block_1_54' title="bbox 2167 2457 3740 2525">
    <p class='ocr_par' dir='ltr' id='par_1_54' title="bbox 2167 2457 3740 2525">
     <span class='ocr_line' id='line_1_54' title="bbox 2167 2457 3740 2525; baseline -0.01 0"><span class='ocrx_word' id='word_1_401' title='bbox 2167 2469 2453 2525; x_wconf 90' lang='lat' dir='ltr'><strong><em>codemum</em></strong></span> <span class='ocrx_word' id='word_1_402' title='bbox 2491 2460 2730 2517; x_wconf 82' lang='lat' dir='ltr'><strong><em>ostendit</em></strong></span> <span class='ocrx_word' id='word_1_403' title='bbox 2759 2476 2773 2514; x_wconf 87' lang='lat'><strong>:</strong></span> <span class='ocrx_word' id='word_1_404' title='bbox 2807 2457 2975 2512; x_wconf 85' lang='lat' dir='ltr'><strong><em>Nemo</em></strong></span> <span class='ocrx_word' id='word_1_405' title='bbox 3024 2458 3259 2511; x_wconf 83' lang='lat' dir='ltr'><strong><em>ascendit</em></strong></span> <span class='ocrx_word' id='word_1_406' title='bbox 3289 2459 3343 2509; x_wconf 87' lang='lat' dir='ltr'><strong><em>in</em></strong></span> <span class='ocrx_word' id='word_1_407' title='bbox 3378 2458 3562 2511; x_wconf 66' lang='lat' dir='ltr'><strong><em>cretum</em></strong></span> <span class='ocrx_word' id='word_1_408' title='bbox 3590 2499 3603 2520; x_wconf 96' lang='lat'><strong><em>,</em></strong></span> <span class='ocrx_word' id='word_1_409' title='bbox 3643 2458 3740 2511; x_wconf 75' lang='lat' dir='ltr'><strong><em>nisi</em></strong></span> 
     </span>
    </p>
   </div>
   <div class='ocr_carea' id='block_1_55' title="bbox 2166 2548 3741 2633">
    <p class='ocr_par' dir='ltr' id='par_1_55' title="bbox 2166 2548 3741 2633">
     <span class='ocr_line' id='line_1_55' title="bbox 2166 2548 3741 2633; baseline -0.009 -18"><span class='ocrx_word' id='word_1_410' title='bbox 2166 2562 2255 2633; x_wconf 87' lang='lat' dir='ltr'><strong><em>qui</em></strong></span> <span class='ocrx_word' id='word_1_411' title='bbox 2286 2557 2546 2614; x_wconf 85' lang='lat' dir='ltr'><strong><em>descendit</em></strong></span> <span class='ocrx_word' id='word_1_412' title='bbox 2588 2555 2650 2608; x_wconf 93' lang='lat' dir='ltr'><strong><em>de</em></strong></span> <span class='ocrx_word' id='word_1_413' title='bbox 2678 2552 2823 2615; x_wconf 75' lang='lat' dir='ltr'><strong><em>ctelo,</em></strong></span> <span class='ocrx_word' id='word_1_414' title='bbox 2858 2551 3025 2633; x_wconf 84' lang='lat' dir='ltr'><strong><em>Filius</em></strong></span> <span class='ocrx_word' id='word_1_415' title='bbox 3053 2550 3279 2603; x_wconf 85' lang='lat' dir='ltr'><strong><em>hominis</em></strong></span> <span class='ocrx_word' id='word_1_416' title='bbox 3311 2550 3402 2619; x_wconf 86' lang='lat' dir='ltr'><strong><em>qui</em></strong></span> <span class='ocrx_word' id='word_1_417' title='bbox 3442 2551 3497 2602; x_wconf 90' lang='lat' dir='ltr'><strong><em>in</em></strong></span> <span class='ocrx_word' id='word_1_418' title='bbox 3524 2549 3648 2603; x_wconf 73' lang='grc' dir='ltr'><strong><em>τωιο</em></strong></span> <span class='ocrx_word' id='word_1_419' title='bbox 3672 2548 3741 2601; x_wconf 80' lang='lat'><strong><em>&quot;.</em></strong></span> 
     </span>
    </p>
   </div>
   <div class='ocr_carea' id='block_1_56' title="bbox 2165 2628 3741 2722">
    <p class='ocr_par' dir='ltr' id='par_1_56' title="bbox 2165 2628 3741 2722">
     <span class='ocr_line' id='line_1_56' title="bbox 2165 2628 3741 2722; baseline -0.009 -15"><span class='ocrx_word' id='word_1_420' title='bbox 2165 2628 2329 2722; x_wconf 57' lang='lat' dir='ltr'><strong><em>Atqui</em></strong></span> <span class='ocrx_word' id='word_1_421' title='bbox 2375 2647 2608 2703; x_wconf 89' lang='lat' dir='ltr'><strong><em>necdum</em></strong></span> <span class='ocrx_word' id='word_1_422' title='bbox 2647 2644 2703 2698; x_wconf 90' lang='lat' dir='ltr'><strong><em>in</em></strong></span> <span class='ocrx_word' id='word_1_423' title='bbox 2761 2628 2959 2699; x_wconf 79' lang='lat' dir='ltr'><strong><em>coeltim</em></strong></span> <span class='ocrx_word' id='word_1_424' title='bbox 3014 2657 3139 2697; x_wconf 89' lang='lat' dir='ltr'><strong><em>cum</em></strong></span> <span class='ocrx_word' id='word_1_425' title='bbox 3181 2656 3348 2696; x_wconf 87' lang='lat' dir='ltr'><strong><em>carne</em></strong></span> <span class='ocrx_word' id='word_1_426' title='bbox 3400 2641 3741 2707; x_wconf 82' lang='lat' dir='ltr'><strong><em>ascenderat,</em></strong></span> 
     </span>
    </p>
   </div>
   <div class='ocr_carea' id='block_1_57' title="bbox 2166 2733 3743 2805">
    <p class='ocr_par' dir='ltr' id='par_1_57' title="bbox 2166 2733 3743 2805">
     <span class='ocr_line' id='line_1_57' title="bbox 2166 2733 3743 2805; baseline -0.008 -6"><span class='ocrx_word' id='word_1_427' title='bbox 2166 2743 2397 2799; x_wconf 89' lang='lat' dir='ltr'><strong><em>necdum</em></strong></span> <span class='ocrx_word' id='word_1_428' title='bbox 2430 2739 2575 2795; x_wconf 89' lang='lat' dir='ltr'><strong><em>enim</em></strong></span> <span class='ocrx_word' id='word_1_429' title='bbox 2611 2744 2926 2805; x_wconf 86' lang='lat' dir='ltr'><strong><em>assumptus</em></strong></span> <span class='ocrx_word' id='word_1_430' title='bbox 2955 2742 3092 2799; x_wconf 89' lang='lat' dir='ltr'><strong><em>erat,</em></strong></span> <span class='ocrx_word' id='word_1_431' title='bbox 3125 2734 3220 2788; x_wconf 91' lang='lat' dir='ltr'><strong><em>sed</em></strong></span> <span class='ocrx_word' id='word_1_432' title='bbox 3251 2733 3666 2788; x_wconf 84' lang='lat' dir='ltr'><strong><em>descensionem</em></strong></span> <span class='ocrx_word' id='word_1_433' title='bbox 3689 2741 3743 2787; x_wconf 87' lang='lat' dir='ltr'><strong><em>et</em></strong></span> 
     </span>
    </p>
   </div>
   <div class='ocr_carea' id='block_1_58' title="bbox 2165 2824 3742 2898">
    <p class='ocr_par' dir='ltr' id='par_1_58' title="bbox 2165 2824 3742 2898">
     <span class='ocr_line' id='line_1_58' title="bbox 2165 2824 3742 2898; baseline -0.008 -9"><span class='ocrx_word' id='word_1_434' title='bbox 2165 2832 2541 2888; x_wconf 69' lang='lat' dir='ltr'><strong><em>ascensionem</em></strong></span> <span class='ocrx_word' id='word_1_435' title='bbox 2577 2827 2862 2898; x_wconf 88' lang='lat' dir='ltr'><strong><em>pristinam</em></strong></span> <span class='ocrx_word' id='word_1_436' title='bbox 2893 2825 3045 2890; x_wconf 90' lang='lat' dir='ltr'><strong><em>dicit,</em></strong></span> <span class='ocrx_word' id='word_1_437' title='bbox 3079 2825 3145 2878; x_wconf 85' lang='lat' dir='ltr'><strong><em>de</em></strong></span> <span class='ocrx_word' id='word_1_438' title='bbox 3161 2840 3288 2894; x_wconf 86' lang='lat' dir='ltr'><strong><em>qua,</em></strong></span> <span class='ocrx_word' id='word_1_439' title='bbox 3315 2824 3461 2878; x_wconf 89' lang='lat' dir='ltr'><strong><em>sicut</em></strong></span> <span class='ocrx_word' id='word_1_440' title='bbox 3485 2824 3742 2885; x_wconf 77' lang='lat' dir='ltr'><strong><em>diximus,</em></strong></span> 
     </span>
    </p>
   </div>
   <div class='ocr_carea' id='block_1_59' title="bbox 2168 2916 3747 2996">
    <p class='ocr_par' dir='ltr' id='par_1_59' title="bbox 2168 2916 3747 2996">
     <span class='ocr_line' id='line_1_59' title="bbox 2168 2916 3747 2996; baseline -0.008 -14"><span class='ocrx_word' id='word_1_441' title='bbox 2168 2924 2332 2996; x_wconf 79' lang='lat' dir='ltr'><strong><em>Moysi</em></strong></span> <span class='ocrx_word' id='word_1_442' title='bbox 2370 2923 2582 2977; x_wconf 87' lang='lat' dir='ltr'><strong><em>locutus</em></strong></span> <span class='ocrx_word' id='word_1_443' title='bbox 2620 2928 2746 2973; x_wconf 90' lang='lat' dir='ltr'><strong><em>est:</em></strong></span> <span class='ocrx_word' id='word_1_444' title='bbox 2782 2918 2895 2972; x_wconf 78' lang='lat' dir='ltr'><strong><em>Vidi</em></strong></span> <span class='ocrx_word' id='word_1_445' title='bbox 2918 2916 3251 2987; x_wconf 73' lang='lat' dir='ltr'><strong><em>uﬁlictionem</em></strong></span> <span class='ocrx_word' id='word_1_446' title='bbox 3292 2916 3475 2986; x_wconf 87' lang='lat' dir='ltr'><strong><em>populi</em></strong></span> <span class='ocrx_word' id='word_1_447' title='bbox 3513 2916 3613 2969; x_wconf 88' lang='lat' dir='ltr'><strong><em>mei</em></strong></span> <span class='ocrx_word' id='word_1_448' title='bbox 3638 2958 3655 2983; x_wconf 95' lang='lat'><strong><em>,</em></strong></span> <span class='ocrx_word' id='word_1_449' title='bbox 3696 2924 3747 2969; x_wconf 87' lang='lat' dir='ltr'><strong><em>et</em></strong></span> 
     </span>
    </p>
   </div>
   <div class='ocr_carea' id='block_1_60' title="bbox 2164 3006 3750 3079">
    <p class='ocr_par' dir='ltr' id='par_1_60' title="bbox 2164 3006 3750 3079">
     <span class='ocr_line' id='line_1_60' title="bbox 2164 3006 3750 3079; baseline -0.007 -5"><span class='ocrx_word' id='word_1_450' title='bbox 2164 3017 2404 3074; x_wconf 86' lang='lat' dir='ltr'><strong><em>descendi</em></strong></span> <span class='ocrx_word' id='word_1_451' title='bbox 2452 3014 2676 3067; x_wconf 88' lang='lat' dir='ltr'><strong><em>liberare</em></strong></span> <span class='ocrx_word' id='word_1_452' title='bbox 2722 3026 2806 3064; x_wconf 85' lang='lat' dir='ltr'><strong><em>eos</em></strong></span> <span class='ocrx_word' id='word_1_453' title='bbox 2846 3010 2909 3063; x_wconf 87' lang='lat' dir='ltr'><strong><em>de</em></strong></span> <span class='ocrx_word' id='word_1_454' title='bbox 2941 3009 3180 3063; x_wconf 87' lang='lat' dir='ltr'><strong><em>munibus</em></strong></span> <span class='ocrx_word' id='word_1_455' title='bbox 3206 3008 3597 3079; x_wconf 62' lang='lat' dir='ltr'><strong><em>Egyptiorum.</em></strong></span> <span class='ocrx_word' id='word_1_456' title='bbox 3646 3006 3750 3063; x_wconf 81' lang='lat' dir='ltr'><strong><em>Hic</em></strong></span> 
     </span>
    </p>
   </div>
   <div class='ocr_carea' id='block_1_61' title="bbox 478 3072 3388 3184">
    <p class='ocr_par' dir='ltr' id='par_1_61' title="bbox 478 3072 3388 3184">
     <span class='ocr_line' id='line_1_61' title="bbox 478 3072 3388 3184; baseline 0.01 -59"><span class='ocrx_word' id='word_1_457' title='bbox 478 3072 778 3141; x_wconf 86' lang='lat' dir='ltr'><strong><em>prophetas</em></strong></span> <span class='ocrx_word' id='word_1_458' title='bbox 799 3074 1059 3142; x_wconf 88' lang='lat' dir='ltr'><strong><em>pollicita,</em></strong></span> <span class='ocrx_word' id='word_1_459' title='bbox 1084 3084 1265 3134; x_wconf 89' lang='lat' dir='ltr'><strong><em>tamen</em></strong></span> <span class='ocrx_word' id='word_1_460' title='bbox 1288 3096 1385 3149; x_wconf 89' lang='lat' dir='ltr'><strong><em>per</em></strong></span> <span class='ocrx_word' id='word_1_461' title='bbox 1407 3086 1757 3155; x_wconf 78' lang='lat' dir='ltr'><strong><em>Evangelium</em></strong></span> <span class='ocrx_word' id='word_1_462' title='bbox 1786 3095 2054 3162; x_wconf 82' lang='lat' dir='ltr'><strong><em>promissa</em></strong></span> <span class='ocrx_word' id='word_1_463' title='bbox 2086 3125 2128 3184; x_wconf 70' lang='grc' dir='ltr'>ο</span> <span class='ocrx_word' id='word_1_464' title='bbox 2162 3072 2290 3182; x_wconf 54' lang='grc' dir='ltr'><strong><em>ένθο</em></strong></span> <span class='ocrx_word' id='word_1_465' title='bbox 2321 3089 2481 3162; x_wconf 70' lang='lat' dir='ltr'><strong><em>nobis</em></strong></span> <span class='ocrx_word' id='word_1_466' title='bbox 2508 3114 2563 3160; x_wconf 86' lang='lat' dir='ltr'><strong><em>et</em></strong></span> <span class='ocrx_word' id='word_1_467' title='bbox 2593 3118 2676 3168; x_wconf 88' lang='lat' dir='ltr'><strong><em>ea,</em></strong></span> <span class='ocrx_word' id='word_1_468' title='bbox 2718 3116 2838 3172; x_wconf 72' lang='lat' dir='ltr'><strong><em>qua:</em></strong></span> <span class='ocrx_word' id='word_1_469' title='bbox 2861 3108 3184 3170; x_wconf 88' lang='lat' dir='ltr'><strong><em>sequuntur,</em></strong></span> <span class='ocrx_word' id='word_1_470' title='bbox 3217 3072 3388 3155; x_wconf 73' lang='lat' dir='ltr'><strong><em>dedit.</em></strong></span> 
     </span>
    </p>
   </div>
   <div class='ocr_carea' id='block_1_62' title="bbox 480 3165 2055 3255">
    <p class='ocr_par' dir='ltr' id='par_1_62' title="bbox 480 3165 2055 3255">
     <span class='ocr_line' id='line_1_62' title="bbox 480 3165 2055 3255; baseline 0.016 -36"><span class='ocrx_word' id='word_1_471' title='bbox 480 3165 688 3236; x_wconf 85' lang='lat' dir='ltr'><strong><em>majora</em></strong></span> <span class='ocrx_word' id='word_1_472' title='bbox 719 3174 869 3231; x_wconf 85' lang='lat' dir='ltr'><strong><em>sunt,</em></strong></span> <span class='ocrx_word' id='word_1_473' title='bbox 903 3179 1128 3239; x_wconf 87' lang='lat' dir='ltr'><strong><em>propter</em></strong></span> <span class='ocrx_word' id='word_1_474' title='bbox 1174 3174 1354 3242; x_wconf 91' lang='lat' dir='ltr'><strong><em>quod,</em></strong></span> <span class='ocrx_word' id='word_1_475' title='bbox 1405 3176 1597 3232; x_wconf 89' lang='lat' dir='ltr'><strong><em>horum</em></strong></span> <span class='ocrx_word' id='word_1_476' title='bbox 1627 3188 2055 3255; x_wconf 89' lang='lat' dir='ltr'><strong><em>comparatione,</em></strong></span> 
     </span>
    </p>
   </div>
   <div class='ocr_carea' id='block_1_63' title="bbox 478 3255 2056 3345">
    <p class='ocr_par' dir='ltr' id='par_1_63' title="bbox 478 3255 2056 3345">
     <span class='ocr_line' id='line_1_63' title="bbox 478 3255 2056 3345; baseline 0.015 -36"><span class='ocrx_word' id='word_1_477' title='bbox 478 3255 572 3310; x_wconf 84' lang='lat' dir='ltr'><strong><em>illa</em></strong></span> <span class='ocrx_word' id='word_1_478' title='bbox 603 3256 759 3333; x_wconf 82' lang='lat' dir='ltr'><strong><em>nobis</em></strong></span> <span class='ocrx_word' id='word_1_479' title='bbox 785 3257 1059 3328; x_wconf 72' lang='lat' dir='ltr'><strong><em>superﬂua</em></strong></span> <span class='ocrx_word' id='word_1_480' title='bbox 1072 3261 1408 3331; x_wconf 86' lang='lat' dir='ltr'><strong><em>judicantur.</em></strong></span> <span class='ocrx_word' id='word_1_481' title='bbox 1434 3266 1573 3322; x_wconf 88' lang='lat' dir='ltr'><strong><em>Ecce</em></strong></span> <span class='ocrx_word' id='word_1_482' title='bbox 1589 3285 1717 3341; x_wconf 87' lang='lat' dir='ltr'><strong><em>ergo</em></strong></span> <span class='ocrx_word' id='word_1_483' title='bbox 1737 3274 2056 3345; x_wconf 90' lang='lat' dir='ltr'><strong><em>capitulum,</em></strong></span> 
     </span>
    </p>
   </div>
   <div class='ocr_carea' id='block_1_64' title="bbox 478 3346 2061 3433">
    <p class='ocr_par' dir='ltr' id='par_1_64' title="bbox 478 3346 2061 3433">
     <span class='ocr_line' id='line_1_64' title="bbox 478 3346 2061 3433; baseline 0.015 -34"><span class='ocrx_word' id='word_1_484' title='bbox 478 3346 624 3416; x_wconf 87' lang='lat' dir='ltr'><strong><em>quod</em></strong></span> <span class='ocrx_word' id='word_1_485' title='bbox 691 3355 858 3403; x_wconf 87' lang='lat' dir='ltr'><strong><em>totam</em></strong></span> <span class='ocrx_word' id='word_1_486' title='bbox 902 3349 1344 3408; x_wconf 88' lang='lat' dir='ltr'><strong><em>benedictionem</em></strong></span> <span class='ocrx_word' id='word_1_487' title='bbox 1370 3357 1696 3425; x_wconf 88' lang='lat' dir='ltr'><strong><em>confirmat,</em></strong></span> <span class='ocrx_word' id='word_1_488' title='bbox 1748 3363 1956 3433; x_wconf 87' lang='lat' dir='ltr'><strong><em>infert,</em></strong></span> <span class='ocrx_word' id='word_1_489' title='bbox 2007 3369 2061 3424; x_wconf 86' lang='lat' dir='ltr'><strong><em>id</em></strong></span> 
     </span>
    </p>
   </div>
   <div class='ocr_carea' id='block_1_65' title="bbox 480 3445 2060 3530">
    <p class='ocr_par' dir='ltr' id='par_1_65' title="bbox 480 3445 2060 3530">
     <span class='ocr_line' id='line_1_65' title="bbox 480 3445 2060 3530; baseline 0.013 -34"><span class='ocrx_word' id='word_1_490' title='bbox 480 3448 585 3507; x_wconf 83' lang='lat' dir='ltr'><strong><em>est,</em></strong></span> <span class='ocrx_word' id='word_1_491' title='bbox 643 3456 763 3511; x_wconf 71' lang='lat' dir='ltr'><strong><em>qua:</em></strong></span> <span class='ocrx_word' id='word_1_492' title='bbox 800 3457 900 3512; x_wconf 90' lang='lat' dir='ltr'><strong><em>per</em></strong></span> <span class='ocrx_word' id='word_1_493' title='bbox 956 3445 1323 3516; x_wconf 74' lang='lat' dir='ltr'><strong><em>evangelicum</em></strong></span> <span class='ocrx_word' id='word_1_494' title='bbox 1370 3456 1488 3505; x_wconf 88' lang='lat' dir='ltr'><strong><em>acta</em></strong></span> <span class='ocrx_word' id='word_1_495' title='bbox 1534 3460 1665 3507; x_wconf 87' lang='lat' dir='ltr'><strong><em>sunt</em></strong></span> <span class='ocrx_word' id='word_1_496' title='bbox 1736 3464 1791 3511; x_wconf 90' lang='lat' dir='ltr'><strong><em>et</em></strong></span> <span class='ocrx_word' id='word_1_497' title='bbox 1840 3457 2060 3530; x_wconf 85' lang='lat' dir='ltr'><strong><em>impleta</em></strong></span> 
     </span>
    </p>
   </div>
   <div class='ocr_carea' id='block_1_66' title="bbox 480 3532 730 3603">
    <p class='ocr_par' dir='ltr' id='par_1_66' title="bbox 480 3532 730 3603">
     <span class='ocr_line' id='line_1_66' title="bbox 480 3532 730 3603; baseline 0.008 -17"><span class='ocrx_word' id='word_1_498' title='bbox 480 3532 730 3603; x_wconf 82' lang='lat' dir='ltr'><strong><em>gratiam.</em></strong></span> 
     </span>
    </p>
   </div>
   <div class='ocr_carea' id='block_1_67' title="bbox 549 3623 2061 3700">
    <p class='ocr_par' dir='ltr' id='par_1_67' title="bbox 549 3623 2061 3700">
     <span class='ocr_line' id='line_1_67' title="bbox 549 3623 2061 3700; baseline 0.014 -21"><span class='ocrx_word' id='word_1_499' title='bbox 549 3624 753 3680; x_wconf 87' lang='lat' dir='ltr'><strong><em>Ponam</em></strong></span> <span class='ocrx_word' id='word_1_500' title='bbox 787 3629 1186 3687; x_wconf 78' lang='lat' dir='ltr'><strong><em>tabernaculum</em></strong></span> <span class='ocrx_word' id='word_1_501' title='bbox 1212 3623 1394 3689; x_wconf 53' lang='lat' dir='ltr'><strong><em>&#39;meum</em></strong></span> <span class='ocrx_word' id='word_1_502' title='bbox 1426 3637 1481 3690; x_wconf 90' lang='lat' dir='ltr'><strong><em>in</em></strong></span> <span class='ocrx_word' id='word_1_503' title='bbox 1535 3640 1704 3692; x_wconf 85' lang='lat' dir='ltr'><strong><em>medio</em></strong></span> <span class='ocrx_word' id='word_1_504' title='bbox 1750 3645 1927 3697; x_wconf 75' lang='lat' dir='ltr'><strong><em>vestri.</em></strong></span> <span class='ocrx_word' id='word_1_505' title='bbox 1965 3644 2061 3700; x_wconf 77' lang='lat' dir='ltr'><strong><em>Vel</em></strong></span> 
     </span>
    </p>
   </div>
   <div class='ocr_carea' id='block_1_68' title="bbox 476 3714 2060 3800">
    <p class='ocr_par' dir='ltr' id='par_1_68' title="bbox 476 3714 2060 3800">
     <span class='ocr_line' id='line_1_68' title="bbox 476 3714 2060 3800; baseline 0.013 -32"><span class='ocrx_word' id='word_1_506' title='bbox 476 3714 619 3770; x_wconf 75' lang='lat' dir='ltr'><strong><em>sicut</em></strong></span> <span class='ocrx_word' id='word_1_507' title='bbox 661 3717 1016 3788; x_wconf 78' lang='lat' dir='ltr'><strong><em>Septuaginta</em></strong></span> <span class='ocrx_word' id='word_1_508' title='bbox 1062 3736 1076 3773; x_wconf 88' lang='lat'><strong>:</strong></span> <span class='ocrx_word' id='word_1_509' title='bbox 1116 3720 1450 3777; x_wconf 89' lang='lat' dir='ltr'><strong><em>Constituam</em></strong></span> <span class='ocrx_word' id='word_1_510' title='bbox 1484 3734 1851 3800; x_wconf 84' lang='lat' dir='ltr'><strong><em>testamentum</em></strong></span> <span class='ocrx_word' id='word_1_511' title='bbox 1887 3750 2060 3788; x_wconf 87' lang='lat' dir='ltr'><strong><em>meum</em></strong></span> 
     </span>
    </p>
   </div>
   <div class='ocr_carea' id='block_1_69' title="bbox 477 3806 2063 3890">
    <p class='ocr_par' dir='ltr' id='par_1_69' title="bbox 477 3806 2063 3890">
     <span class='ocr_line' id='line_1_69' title="bbox 477 3806 2063 3890; baseline 0.014 -32"><span class='ocrx_word' id='word_1_512' title='bbox 477 3806 761 3861; x_wconf 78' lang='lat' dir='ltr'><strong><em>vobiscum.</em></strong></span> <span class='ocrx_word' id='word_1_513' title='bbox 799 3808 956 3874; x_wconf 89' lang='lat' dir='ltr'><strong><em>Quod</em></strong></span> <span class='ocrx_word' id='word_1_514' title='bbox 987 3820 1071 3864; x_wconf 89' lang='lat' dir='ltr'><strong><em>est</em></strong></span> <span class='ocrx_word' id='word_1_515' title='bbox 1092 3811 1229 3874; x_wconf 87' lang='lat' dir='ltr'><strong><em>hoc.</em></strong></span> <span class='ocrx_word' id='word_1_516' title='bbox 1272 3815 1326 3867; x_wconf 91' lang='lat' dir='ltr'><strong><em>in</em></strong></span> <span class='ocrx_word' id='word_1_517' title='bbox 1366 3830 1476 3885; x_wconf 87' lang='lat' dir='ltr'><strong><em>quo</em></strong></span> <span class='ocrx_word' id='word_1_518' title='bbox 1497 3832 1633 3871; x_wconf 84' lang='lat' dir='ltr'><strong><em>nova</em></strong></span> <span class='ocrx_word' id='word_1_519' title='bbox 1660 3822 1931 3890; x_wconf 91' lang='lat' dir='ltr'><strong><em>promisit,</em></strong></span> <span class='ocrx_word' id='word_1_520' title='bbox 1968 3840 2063 3879; x_wconf 90' lang='lat' dir='ltr'><strong><em>cu-</em></strong></span> 
     </span>
    </p>
   </div>
   <div class='ocr_carea' id='block_1_70' title="bbox 473 3897 2061 3971">
    <p class='ocr_par' dir='ltr' id='par_1_70' title="bbox 473 3897 2061 3971">
     <span class='ocr_line' id='line_1_70' title="bbox 473 3897 2061 3971; baseline 0.01 -18"><span class='ocrx_word' id='word_1_521' title='bbox 473 3897 567 3969; x_wconf 81' lang='lat' dir='ltr'><strong><em>jus</em></strong></span> <span class='ocrx_word' id='word_1_522' title='bbox 592 3899 671 3954; x_wconf 85' lang='lat' dir='ltr'><strong><em>sic</em></strong></span> <span class='ocrx_word' id='word_1_523' title='bbox 700 3902 967 3971; x_wconf 84' lang='lat' dir='ltr'><strong><em>propheta</em></strong></span> <span class='ocrx_word' id='word_1_524' title='bbox 993 3900 1262 3961; x_wconf 81' lang='lat' dir='ltr'><strong><em>Jeremias</em></strong></span> <span class='ocrx_word' id='word_1_525' title='bbox 1287 3909 1606 3964; x_wconf 87' lang='lat' dir='ltr'><strong><em>memoriam</em></strong></span> <span class='ocrx_word' id='word_1_526' title='bbox 1643 3912 1811 3967; x_wconf 89' lang='lat' dir='ltr'><strong><em>facit:</em></strong></span> <span class='ocrx_word' id='word_1_527' title='bbox 1839 3913 1908 3967; x_wconf 88' lang='lat' dir='ltr'><strong><em>Et</em></strong></span> <span class='ocrx_word' id='word_1_528' title='bbox 1935 3931 2061 3969; x_wconf 88' lang='lat' dir='ltr'><strong><em>con-</em></strong></span> 
     </span>
    </p>
   </div>
   <div class='ocr_carea' id='block_1_71' title="bbox 475 3991 2061 4067">
    <p class='ocr_par' dir='ltr' id='par_1_71' title="bbox 475 3991 2061 4067">
     <span class='ocr_line' id='line_1_71' title="bbox 475 3991 2061 4067; baseline 0.01 -20"><span class='ocrx_word' id='word_1_529' title='bbox 475 3991 698 4047; x_wconf 79' lang='lat' dir='ltr'><strong><em>stituam</em></strong></span> <span class='ocrx_word' id='word_1_530' title='bbox 742 3994 883 4048; x_wconf 82' lang='lat' dir='ltr'><strong><em>vobis</em></strong></span> <span class='ocrx_word' id='word_1_531' title='bbox 948 4004 1319 4052; x_wconf 89' lang='lat' dir='ltr'><strong><em>testamentum</em></strong></span> <span class='ocrx_word' id='word_1_532' title='bbox 1362 4016 1583 4067; x_wconf 89' lang='lat' dir='ltr'><strong><em>novum,</em></strong></span> <span class='ocrx_word' id='word_1_533' title='bbox 1634 4020 1737 4058; x_wconf 89' lang='lat' dir='ltr'><strong><em>non</em></strong></span> <span class='ocrx_word' id='word_1_534' title='bbox 1776 4008 2061 4063; x_wconf 86' lang='lat' dir='ltr'><strong><em>secundum</em></strong></span> 
     </span>
    </p>
   </div>
   <div class='ocr_carea' id='block_1_72' title="bbox 476 4089 2061 4162">
    <p class='ocr_par' dir='ltr' id='par_1_72' title="bbox 476 4089 2061 4162">
     <span class='ocr_line' id='line_1_72' title="bbox 476 4089 2061 4162; baseline 0.011 -24"><span class='ocrx_word' id='word_1_535' title='bbox 476 4092 878 4148; x_wconf 76' lang='lat' dir='ltr'><strong><em>testamentum.</em></strong></span> <span class='ocrx_word' id='word_1_536' title='bbox 930 4089 1070 4158; x_wconf 88' lang='lat' dir='ltr'><strong><em>quod</em></strong></span> <span class='ocrx_word' id='word_1_537' title='bbox 1112 4091 1347 4160; x_wconf 84' lang='lat' dir='ltr'><strong><em>disposui</em></strong></span> <span class='ocrx_word' id='word_1_538' title='bbox 1384 4096 1621 4162; x_wconf 89' lang='lat' dir='ltr'><strong><em>patribus</em></strong></span> <span class='ocrx_word' id='word_1_539' title='bbox 1644 4099 1826 4152; x_wconf 88' lang='lat' dir='ltr'><strong><em>vestris</em></strong></span> <span class='ocrx_word' id='word_1_540' title='bbox 1856 4100 1919 4153; x_wconf 75' lang='grc'><strong><em>⁷⁸.</em></strong></span> <span class='ocrx_word' id='word_1_541' title='bbox 1967 4099 2061 4158; x_wconf 85' lang='lat' dir='ltr'><strong><em>His</em></strong></span> 
     </span>
    </p>
   </div>
   <div class='ocr_carea' id='block_1_73' title="bbox 477 4175 2060 4259">
    <p class='ocr_par' dir='ltr' id='par_1_73' title="bbox 477 4175 2060 4259">
     <span class='ocr_line' id='line_1_73' title="bbox 477 4175 2060 4259; baseline 0.011 -28"><span class='ocrx_word' id='word_1_542' title='bbox 477 4175 625 4231; x_wconf 84' lang='lat' dir='ltr'><strong><em>enim</em></strong></span> <span class='ocrx_word' id='word_1_543' title='bbox 691 4179 982 4249; x_wconf 88' lang='lat' dir='ltr'><strong><em>conjuncta</em></strong></span> <span class='ocrx_word' id='word_1_544' title='bbox 1037 4190 1200 4245; x_wconf 87' lang='lat' dir='ltr'><strong><em>sunt,</em></strong></span> <span class='ocrx_word' id='word_1_545' title='bbox 1257 4193 1312 4239; x_wconf 87' lang='lat' dir='ltr'><strong><em>et</em></strong></span> <span class='ocrx_word' id='word_1_546' title='bbox 1366 4201 1489 4255; x_wconf 67' lang='lat' dir='ltr'><strong><em>quae</em></strong></span> <span class='ocrx_word' id='word_1_547' title='bbox 1560 4201 1865 4259; x_wconf 88' lang='lat' dir='ltr'><strong><em>sequuntur</em></strong></span> <span class='ocrx_word' id='word_1_548' title='bbox 1944 4211 2060 4249; x_wconf 87' lang='lat' dir='ltr'><strong><em>ma-</em></strong></span> 
     </span>
    </p>
   </div>
   <div class='ocr_carea' id='block_1_74' title="bbox 478 4271 639 4328">
    <p class='ocr_par' dir='ltr' id='par_1_74' title="bbox 478 4271 639 4328">
     <span class='ocr_line' id='line_1_74' title="bbox 478 4271 639 4328; baseline 0.019 -3"><span class='ocrx_word' id='word_1_549' title='bbox 478 4271 639 4328; x_wconf 84' lang='lat' dir='ltr'><strong><em>xime.</em></strong></span> 
     </span>
    </p>
   </div>
   <div class='ocr_carea' id='block_1_75' title="bbox 546 4363 2061 4432">
    <p class='ocr_par' dir='ltr' id='par_1_75' title="bbox 546 4363 2061 4432">
     <span class='ocr_line' id='line_1_75' title="bbox 546 4363 2061 4432; baseline 0.011 -16"><span class='ocrx_word' id='word_1_550' title='bbox 546 4363 615 4417; x_wconf 83' lang='lat' dir='ltr'><strong><em>Et</em></strong></span> <span class='ocrx_word' id='word_1_551' title='bbox 646 4380 746 4418; x_wconf 90' lang='lat' dir='ltr'><strong><em>non</em></strong></span> <span class='ocrx_word' id='word_1_552' title='bbox 778 4366 1169 4421; x_wconf 86' lang='lat' dir='ltr'><strong><em>abominabitur</em></strong></span> <span class='ocrx_word' id='word_1_553' title='bbox 1214 4370 1396 4423; x_wconf 78' lang='lat' dir='ltr'><strong><em>animo</em></strong></span> <span class='ocrx_word' id='word_1_554' title='bbox 1453 4388 1570 4425; x_wconf 90' lang='lat' dir='ltr'><strong><em>mea</em></strong></span> <span class='ocrx_word' id='word_1_555' title='bbox 1617 4389 1723 4427; x_wconf 86' lang='lat' dir='ltr'><strong><em>vos.</em></strong></span> <span class='ocrx_word' id='word_1_556' title='bbox 1771 4374 2061 4432; x_wconf 79' lang='lat' dir='ltr'><strong><em>Ambulabo</em></strong></span> 
     </span>
    </p>
   </div>
   <div class='ocr_carea' id='block_1_76' title="bbox 476 4454 2058 4538">
    <p class='ocr_par' dir='ltr' id='par_1_76' title="bbox 476 4454 2058 4538">
     <span class='ocr_line' id='line_1_76' title="bbox 476 4454 2058 4538; baseline 0.011 -32"><span class='ocrx_word' id='word_1_557' title='bbox 476 4454 615 4508; x_wconf 89' lang='lat' dir='ltr'><strong><em>inter</em></strong></span> <span class='ocrx_word' id='word_1_558' title='bbox 641 4471 749 4522; x_wconf 88' lang='lat' dir='ltr'><strong><em>vos,</em></strong></span> <span class='ocrx_word' id='word_1_559' title='bbox 793 4467 843 4510; x_wconf 93' lang='lat' dir='ltr'><strong><em>et</em></strong></span> <span class='ocrx_word' id='word_1_560' title='bbox 883 4474 972 4511; x_wconf 89' lang='lat' dir='ltr'><strong><em>ero</em></strong></span> <span class='ocrx_word' id='word_1_561' title='bbox 1007 4470 1175 4514; x_wconf 83' lang='lat' dir='ltr'><strong><em>vester</em></strong></span> <span class='ocrx_word' id='word_1_562' title='bbox 1208 4460 1372 4524; x_wconf 89' lang='lat' dir='ltr'><strong><em>Deus,</em></strong></span> <span class='ocrx_word' id='word_1_563' title='bbox 1401 4478 1591 4533; x_wconf 85' lang='lat' dir='ltr'><strong><em>vosque</em></strong></span> <span class='ocrx_word' id='word_1_564' title='bbox 1637 4467 1783 4521; x_wconf 88' lang='lat' dir='ltr'><strong><em>eritis</em></strong></span> <span class='ocrx_word' id='word_1_565' title='bbox 1834 4470 2058 4538; x_wconf 87' lang='lat' dir='ltr'><strong><em>populus</em></strong></span> 
     </span>
    </p>
   </div>
   <div class='ocr_carea' id='block_1_77' title="bbox 478 4548 2058 4629">
    <p class='ocr_par' dir='ltr' id='par_1_77' title="bbox 478 4548 2058 4629">
     <span class='ocr_line' id='line_1_77' title="bbox 478 4548 2058 4629; baseline 0.011 -28"><span class='ocrx_word' id='word_1_566' title='bbox 478 4563 645 4601; x_wconf 88' lang='lat' dir='ltr'><strong><em>meus.</em></strong></span> <span class='ocrx_word' id='word_1_567' title='bbox 684 4548 887 4618; x_wconf 85' lang='lat' dir='ltr'><strong><em>Aperte</em></strong></span> <span class='ocrx_word' id='word_1_568' title='bbox 910 4550 1075 4606; x_wconf 89' lang='lat' dir='ltr'><strong><em>etiam</em></strong></span> <span class='ocrx_word' id='word_1_569' title='bbox 1107 4553 1225 4608; x_wconf 57' lang='lat' dir='ltr'><strong><em>huic</em></strong></span> <span class='ocrx_word' id='word_1_570' title='bbox 1254 4556 1564 4624; x_wconf 74' lang='lat' dir='ltr'><strong><em>apraedicto</em></strong></span> <span class='ocrx_word' id='word_1_571' title='bbox 1595 4560 1881 4629; x_wconf 85' lang='lat' dir='ltr'><strong><em>prepheta,</em></strong></span> <span class='ocrx_word' id='word_1_572' title='bbox 1915 4563 2058 4618; x_wconf 88' lang='lat' dir='ltr'><strong><em>sicut</em></strong></span> 
     </span>
    </p>
   </div>
   <div class='ocr_carea' id='block_1_78' title="bbox 476 4640 2057 4718">
    <p class='ocr_par' dir='ltr' id='par_1_78' title="bbox 476 4640 2057 4718">
     <span class='ocr_line' id='line_1_78' title="bbox 476 4640 2057 4718; baseline 0.009 -22"><span class='ocrx_word' id='word_1_573' title='bbox 476 4640 834 4714; x_wconf 85' lang='lat' dir='ltr'><strong><em>Septuaginta</em></strong></span> <span class='ocrx_word' id='word_1_574' title='bbox 858 4643 1027 4697; x_wconf 86' lang='lat' dir='ltr'><strong><em>editio</em></strong></span> <span class='ocrx_word' id='word_1_575' title='bbox 1064 4643 1329 4710; x_wconf 89' lang='lat' dir='ltr'><strong><em>continet,</em></strong></span> <span class='ocrx_word' id='word_1_576' title='bbox 1378 4647 1578 4718; x_wconf 89' lang='lat' dir='ltr'><strong><em>scripta</em></strong></span> <span class='ocrx_word' id='word_1_577' title='bbox 1611 4661 1757 4705; x_wconf 88' lang='lat' dir='ltr'><strong><em>sunt.</em></strong></span> <span class='ocrx_word' id='word_1_578' title='bbox 1791 4652 1888 4707; x_wconf 87' lang='lat' dir='ltr'><strong><em>Hic</em></strong></span> <span class='ocrx_word' id='word_1_579' title='bbox 1914 4653 2057 4710; x_wconf 89' lang='lat' dir='ltr'><strong><em>Deus</em></strong></span> 
     </span>
    </p>
   </div>
   <div class='ocr_carea' id='block_1_79' title="bbox 475 4737 2057 4806">
    <p class='ocr_par' dir='ltr' id='par_1_79' title="bbox 475 4737 2057 4806">
     <span class='ocr_line' id='line_1_79' title="bbox 475 4737 2057 4806; baseline 0.008 -18"><span class='ocrx_word' id='word_1_580' title='bbox 475 4744 678 4802; x_wconf 88' lang='lat' dir='ltr'><strong><em>vester,</em></strong></span> <span class='ocrx_word' id='word_1_581' title='bbox 712 4750 824 4790; x_wconf 92' lang='lat' dir='ltr'><strong><em>non</em></strong></span> <span class='ocrx_word' id='word_1_582' title='bbox 850 4737 1198 4806; x_wconf 88' lang='lat' dir='ltr'><strong><em>reputabitur</em></strong></span> <span class='ocrx_word' id='word_1_583' title='bbox 1235 4738 1375 4794; x_wconf 88' lang='lat' dir='ltr'><strong><em>alius</em></strong></span> <span class='ocrx_word' id='word_1_584' title='bbox 1421 4741 1490 4795; x_wconf 88' lang='lat' dir='ltr'><strong><em>ad</em></strong></span> <span class='ocrx_word' id='word_1_585' title='bbox 1532 4756 1681 4797; x_wconf 88' lang='lat' dir='ltr'><strong><em>eum.</em></strong></span> <span class='ocrx_word' id='word_1_586' title='bbox 1731 4744 1967 4801; x_wconf 76' lang='lat' dir='ltr'><strong><em>Post/nec</em></strong></span> <span class='ocrx_word' id='word_1_587' title='bbox 2001 4749 2057 4801; x_wconf 88' lang='lat' dir='ltr'><strong><em>in</em></strong></span> 
     </span>
    </p>
   </div>
   <div class='ocr_carea' id='block_1_80' title="bbox 2228 3188 3750 3270">
    <p class='ocr_par' dir='ltr' id='par_1_80' title="bbox 2228 3188 3750 3270">
     <span class='ocr_line' id='line_1_80' title="bbox 2228 3188 3750 3270; baseline -0.004 -19"><span class='ocrx_word' id='word_1_588' title='bbox 2228 3203 2330 3270; x_wconf 82' lang='lat' dir='ltr'><strong><em>Qui</em></strong></span> <span class='ocrx_word' id='word_1_589' title='bbox 2374 3197 2625 3270; x_wconf 76' lang='lat' dir='ltr'><strong><em>confregit</em></strong></span> <span class='ocrx_word' id='word_1_590' title='bbox 2684 3202 2898 3247; x_wconf 87' lang='lat' dir='ltr'><strong><em>catenas</em></strong></span> <span class='ocrx_word' id='word_1_591' title='bbox 2948 3192 3203 3245; x_wconf 84' lang='lat' dir='ltr'><strong><em>cervicum</em></strong></span> <span class='ocrx_word' id='word_1_592' title='bbox 3247 3201 3562 3245; x_wconf 85' lang='lat' dir='ltr'><strong><em>vestrarum.</em></strong></span> <span class='ocrx_word' id='word_1_593' title='bbox 3605 3188 3750 3245; x_wconf 82' lang='lat' dir='ltr'><strong><em>Tam</em></strong></span> 
     </span>
    </p>
   </div>
   <div class='ocr_carea' id='block_1_81' title="bbox 2161 3270 3749 3367">
    <p class='ocr_par' dir='ltr' id='par_1_81' title="bbox 2161 3270 3749 3367">
     <span class='ocr_line' id='line_1_81' title="bbox 2161 3270 3749 3367; baseline -0.01 -17"><span class='ocrx_word' id='word_1_594' title='bbox 2161 3270 2369 3367; x_wconf 77' lang='lat' dir='ltr'><strong><em>peccati</em></strong></span> <span class='ocrx_word' id='word_1_595' title='bbox 2398 3303 2562 3361; x_wconf 91' lang='lat' dir='ltr'><strong><em>quam</em></strong></span> <span class='ocrx_word' id='word_1_596' title='bbox 2594 3284 2728 3356; x_wconf 90' lang='lat' dir='ltr'><strong><em>legis</em></strong></span> <span class='ocrx_word' id='word_1_597' title='bbox 2765 3284 2961 3338; x_wconf 72' lang='lat' dir='ltr'><strong><em>litterae</em></strong></span> <span class='ocrx_word' id='word_1_598' title='bbox 2993 3301 3006 3336; x_wconf 93' lang='lat'>:</span> <span class='ocrx_word' id='word_1_599' title='bbox 3045 3282 3107 3338; x_wconf 89' lang='lat' dir='ltr'><strong><em>Ut</em></strong></span> <span class='ocrx_word' id='word_1_600' title='bbox 3129 3283 3441 3336; x_wconf 82' lang='lat' dir='ltr'><strong><em>incederetis</em></strong></span> <span class='ocrx_word' id='word_1_601' title='bbox 3471 3283 3654 3335; x_wconf 87' lang='lat' dir='ltr'><strong><em>erecti.</em></strong></span> <span class='ocrx_word' id='word_1_602' title='bbox 3690 3280 3749 3335; x_wconf 77' lang='lat' dir='ltr'><strong><em>Id</em></strong></span> 
     </span>
    </p>
   </div>
   <div class='ocr_carea' id='block_1_82' title="bbox 2161 3375 3750 3448">
    <p class='ocr_par' dir='ltr' id='par_1_82' title="bbox 2161 3375 3750 3448">
     <span class='ocr_line' id='line_1_82' title="bbox 2161 3375 3750 3448; baseline -0.009 -4"><span class='ocrx_word' id='word_1_603' title='bbox 2161 3398 2265 3448; x_wconf 85' lang='lat' dir='ltr'><strong><em>est.</em></strong></span> <span class='ocrx_word' id='word_1_604' title='bbox 2296 3401 2420 3442; x_wconf 87' lang='lat' dir='ltr'><strong><em>cum</em></strong></span> <span class='ocrx_word' id='word_1_605' title='bbox 2444 3379 2795 3444; x_wconf 81' lang='lat' dir='ltr'><strong><em>confidentia,</em></strong></span> <span class='ocrx_word' id='word_1_606' title='bbox 2823 3378 2951 3448; x_wconf 88' lang='lat' dir='ltr'><strong><em>quia</em></strong></span> <span class='ocrx_word' id='word_1_607' title='bbox 2976 3377 3207 3432; x_wconf 85' lang='lat' dir='ltr'><strong><em>virtutes</em></strong></span> <span class='ocrx_word' id='word_1_608' title='bbox 3228 3375 3389 3430; x_wconf 88' lang='lat' dir='ltr'><strong><em>nobis</em></strong></span> <span class='ocrx_word' id='word_1_609' title='bbox 3418 3376 3539 3429; x_wconf 86' lang='lat' dir='ltr'><strong><em>sine</em></strong></span> <span class='ocrx_word' id='word_1_610' title='bbox 3561 3375 3750 3444; x_wconf 79' lang='lat' dir='ltr'><strong><em>aliqua</em></strong></span> 
     </span>
    </p>
   </div>
   <div class='ocr_carea' id='block_1_83' title="bbox 2161 3467 2958 3541">
    <p class='ocr_par' dir='ltr' id='par_1_83' title="bbox 2161 3467 2958 3541">
     <span class='ocr_line' id='line_1_83' title="bbox 2161 3467 2958 3541; baseline -0.016 -8"><span class='ocrx_word' id='word_1_611' title='bbox 2161 3476 2505 3533; x_wconf 70' lang='lat' dir='ltr'><strong><em>haesitatione</em></strong></span> <span class='ocrx_word' id='word_1_612' title='bbox 2543 3468 2756 3541; x_wconf 79' lang='lat' dir='ltr'><strong><em>operari</em></strong></span> <span class='ocrx_word' id='word_1_613' title='bbox 2787 3467 2958 3522; x_wconf 89' lang='lat' dir='ltr'><strong><em>dedit.</em></strong></span> 
     </span>
    </p>
   </div>
   <div class='ocr_carea' id='block_1_84' title="bbox 2238 3554 3749 3628">
    <p class='ocr_par' dir='ltr' id='par_1_84' title="bbox 2238 3554 3749 3628">
     <span class='ocr_line' id='line_1_84' title="bbox 2238 3554 3749 3628; baseline -0.009 -5"><span class='ocrx_word' id='word_1_614' title='bbox 2238 3570 2396 3623; x_wconf 75' lang='lat' dir='ltr'><strong><em>Vens.</em></strong></span> <span class='ocrx_word' id='word_1_615' title='bbox 2424 3564 2609 3620; x_wconf 67' lang='grc'><strong><em>14-17.</em></strong></span> <span class='ocrx_word' id='word_1_616' title='bbox 2643 3582 2661 3614; x_wconf 76' lang='grc' dir='ltr'><strong><em>ι</em></strong></span> <span class='ocrx_word' id='word_1_617' title='bbox 2692 3561 2848 3628; x_wconf 83' lang='lat' dir='ltr'><strong><em>Quod</em></strong></span> <span class='ocrx_word' id='word_1_618' title='bbox 2871 3560 2917 3614; x_wconf 91' lang='lat' dir='ltr'><strong><em>si</em></strong></span> <span class='ocrx_word' id='word_1_619' title='bbox 2948 3573 3061 3613; x_wconf 89' lang='lat' dir='ltr'><strong><em>non</em></strong></span> <span class='ocrx_word' id='word_1_620' title='bbox 3085 3557 3370 3613; x_wconf 86' lang='lat' dir='ltr'><strong><em>audieritis</em></strong></span> <span class='ocrx_word' id='word_1_621' title='bbox 3399 3571 3509 3622; x_wconf 89' lang='lat' dir='ltr'><strong><em>me,</em></strong></span> <span class='ocrx_word' id='word_1_622' title='bbox 3533 3570 3643 3611; x_wconf 85' lang='lat' dir='ltr'><strong><em>nec</em></strong></span> <span class='ocrx_word' id='word_1_623' title='bbox 3661 3554 3749 3611; x_wconf 85' lang='lat' dir='ltr'><strong><em>fe-</em></strong></span> 
     </span>
    </p>
   </div>
   <div class='ocr_carea' id='block_1_85' title="bbox 2161 3649 3752 3721">
    <p class='ocr_par' dir='ltr' id='par_1_85' title="bbox 2161 3649 3752 3721">
     <span class='ocr_line' id='line_1_85' title="bbox 2161 3649 3752 3721; baseline -0.009 -5"><span class='ocrx_word' id='word_1_624' title='bbox 2161 3661 2347 3717; x_wconf 86' lang='lat' dir='ltr'><strong><em>ceritis</em></strong></span> <span class='ocrx_word' id='word_1_625' title='bbox 2380 3656 2632 3712; x_wconf 87' lang='lat' dir='ltr'><strong><em>mandata</em></strong></span> <span class='ocrx_word' id='word_1_626' title='bbox 2655 3669 2797 3719; x_wconf 88' lang='lat' dir='ltr'><strong><em>mea,</em></strong></span> <span class='ocrx_word' id='word_1_627' title='bbox 2853 3651 2899 3706; x_wconf 91' lang='lat' dir='ltr'><strong><em>si</em></strong></span> <span class='ocrx_word' id='word_1_628' title='bbox 2940 3650 3258 3721; x_wconf 87' lang='lat' dir='ltr'><strong><em>spreveritis</em></strong></span> <span class='ocrx_word' id='word_1_629' title='bbox 3293 3649 3439 3719; x_wconf 80' lang='lat' dir='ltr'><strong><em>leges</em></strong></span> <span class='ocrx_word' id='word_1_630' title='bbox 3479 3662 3656 3712; x_wconf 84' lang='lat' dir='ltr'><strong><em>meas,</em></strong></span> <span class='ocrx_word' id='word_1_631' title='bbox 3692 3657 3752 3703; x_wconf 82' lang='lat' dir='ltr'><strong><em>et</em></strong></span> 
     </span>
    </p>
   </div>
   <div class='ocr_carea' id='block_1_86' title="bbox 2158 3741 3753 3825">
    <p class='ocr_par' dir='ltr' id='par_1_86' title="bbox 2158 3741 3753 3825">
     <span class='ocr_line' id='line_1_86' title="bbox 2158 3741 3753 3825; baseline -0.006 -18"><span class='ocrx_word' id='word_1_632' title='bbox 2158 3752 2362 3825; x_wconf 88' lang='lat' dir='ltr'><strong><em>judicia</em></strong></span> <span class='ocrx_word' id='word_1_633' title='bbox 2394 3766 2512 3804; x_wconf 89' lang='lat' dir='ltr'><strong><em>mea</em></strong></span> <span class='ocrx_word' id='word_1_634' title='bbox 2539 3745 2999 3816; x_wconf 85' lang='lat' dir='ltr'><strong><em>contempseritis,</em></strong></span> <span class='ocrx_word' id='word_1_635' title='bbox 3050 3752 3112 3798; x_wconf 89' lang='lat' dir='ltr'><strong><em>ut</em></strong></span> <span class='ocrx_word' id='word_1_636' title='bbox 3134 3758 3245 3797; x_wconf 89' lang='lat' dir='ltr'><strong><em>non</em></strong></span> <span class='ocrx_word' id='word_1_637' title='bbox 3272 3741 3483 3796; x_wconf 86' lang='lat' dir='ltr'><strong><em>faciatis</em></strong></span> <span class='ocrx_word' id='word_1_638' title='bbox 3508 3755 3594 3805; x_wconf 88' lang='lat' dir='ltr'><strong><em>ea,</em></strong></span> <span class='ocrx_word' id='word_1_639' title='bbox 3622 3756 3753 3810; x_wconf 70' lang='lat' dir='ltr'><strong><em>qua</em></strong></span> 
     </span>
    </p>
   </div>
   <div class='ocr_carea' id='block_1_87' title="bbox 2162 3834 3751 3904">
    <p class='ocr_par' dir='ltr' id='par_1_87' title="bbox 2162 3834 3751 3904">
     <span class='ocr_line' id='line_1_87' title="bbox 2162 3834 3751 3904; baseline -0.008 -6"><span class='ocrx_word' id='word_1_640' title='bbox 2162 3861 2193 3898; x_wconf 87' lang='lat' dir='ltr'><strong><em>a</em></strong></span> <span class='ocrx_word' id='word_1_641' title='bbox 2228 3859 2313 3897; x_wconf 89' lang='lat' dir='ltr'><strong><em>me</em></strong></span> <span class='ocrx_word' id='word_1_642' title='bbox 2345 3840 2640 3896; x_wconf 87' lang='lat' dir='ltr'><strong><em>constituta</em></strong></span> <span class='ocrx_word' id='word_1_643' title='bbox 2670 3846 2817 3899; x_wconf 88' lang='lat' dir='ltr'><strong><em>sunt.</em></strong></span> <span class='ocrx_word' id='word_1_644' title='bbox 2850 3846 2906 3891; x_wconf 92' lang='lat' dir='ltr'><strong><em>et</em></strong></span> <span class='ocrx_word' id='word_1_645' title='bbox 2934 3836 2999 3891; x_wconf 90' lang='lat' dir='ltr'><strong><em>ad</em></strong></span> <span class='ocrx_word' id='word_1_646' title='bbox 3048 3836 3261 3890; x_wconf 91' lang='lat' dir='ltr'><strong><em>irritum</em></strong></span> <span class='ocrx_word' id='word_1_647' title='bbox 3306 3834 3617 3904; x_wconf 76' lang='lat' dir='ltr'><strong><em>perducatis</em></strong></span> <span class='ocrx_word' id='word_1_648' title='bbox 3647 3848 3751 3902; x_wconf 78' lang='lat' dir='ltr'><strong><em>pa-</em></strong></span> 
     </span>
    </p>
   </div>
   <div class='ocr_carea' id='block_1_88' title="bbox 2163 3925 3755 4001">
    <p class='ocr_par' dir='ltr' id='par_1_88' title="bbox 2163 3925 3755 4001">
     <span class='ocr_line' id='line_1_88' title="bbox 2163 3925 3755 4001; baseline -0.006 -12"><span class='ocrx_word' id='word_1_649' title='bbox 2163 3947 2311 3989; x_wconf 90' lang='lat' dir='ltr'><strong><em>ctum</em></strong></span> <span class='ocrx_word' id='word_1_650' title='bbox 2344 3947 2548 3997; x_wconf 88' lang='lat' dir='ltr'><strong><em>meum,</em></strong></span> <span class='ocrx_word' id='word_1_651' title='bbox 2569 3945 2670 4001; x_wconf 88' lang='lat' dir='ltr'><strong><em>ego</em></strong></span> <span class='ocrx_word' id='word_1_652' title='bbox 2693 3944 2910 4000; x_wconf 88' lang='lat' dir='ltr'><strong><em>quoque</em></strong></span> <span class='ocrx_word' id='word_1_653' title='bbox 2938 3929 3055 3982; x_wconf 73' lang='lat' dir='ltr'><strong><em>htec</em></strong></span> <span class='ocrx_word' id='word_1_654' title='bbox 3084 3926 3279 3982; x_wconf 90' lang='lat' dir='ltr'><strong><em>faciam</em></strong></span> <span class='ocrx_word' id='word_1_655' title='bbox 3300 3926 3472 3981; x_wconf 78' lang='lat' dir='ltr'><strong><em>vobis.</em></strong></span> <span class='ocrx_word' id='word_1_656' title='bbox 3496 3925 3755 3982; x_wconf 75' lang='lat' dir='ltr'><strong><em>Visitabo</em></strong></span> 
     </span>
    </p>
   </div>
   <div class='ocr_carea' id='block_1_89' title="bbox 2163 4016 3755 4092">
    <p class='ocr_par' dir='ltr' id='par_1_89' title="bbox 2163 4016 3755 4092">
     <span class='ocr_line' id='line_1_89' title="bbox 2163 4016 3755 4092; baseline -0.006 -11"><span class='ocrx_word' id='word_1_657' title='bbox 2163 4041 2258 4081; x_wconf 79' lang='lat' dir='ltr'><strong><em>vos</em></strong></span> <span class='ocrx_word' id='word_1_658' title='bbox 2291 4025 2554 4080; x_wconf 81' lang='lat' dir='ltr'><strong><em>velociter</em></strong></span> <span class='ocrx_word' id='word_1_659' title='bbox 2583 4023 2638 4077; x_wconf 89' lang='lat' dir='ltr'><strong><em>in</em></strong></span> <span class='ocrx_word' id='word_1_660' title='bbox 2669 4030 2909 4092; x_wconf 83' lang='lat' dir='ltr'><strong><em>egestate</em></strong></span> <span class='ocrx_word' id='word_1_661' title='bbox 2961 4028 3018 4075; x_wconf 90' lang='lat' dir='ltr'><strong><em>et</em></strong></span> <span class='ocrx_word' id='word_1_662' title='bbox 3067 4019 3264 4073; x_wconf 89' lang='lat' dir='ltr'><strong><em>ardore</em></strong></span> <span class='ocrx_word' id='word_1_663' title='bbox 3293 4062 3307 4085; x_wconf 95' lang='lat'><strong><em>,</em></strong></span> <span class='ocrx_word' id='word_1_664' title='bbox 3364 4018 3457 4088; x_wconf 89' lang='lat' dir='ltr'><strong><em>qui</em></strong></span> <span class='ocrx_word' id='word_1_665' title='bbox 3487 4016 3755 4073; x_wconf 77' lang='lat' dir='ltr'><strong><em>conﬁciat</em></strong></span> 
     </span>
    </p>
   </div>
   <div class='ocr_carea' id='block_1_90' title="bbox 2162 4112 3751 4183">
    <p class='ocr_par' dir='ltr' id='par_1_90' title="bbox 2162 4112 3751 4183">
     <span class='ocr_line' id='line_1_90' title="bbox 2162 4112 3751 4183; baseline -0.006 -9"><span class='ocrx_word' id='word_1_666' title='bbox 2162 4120 2350 4174; x_wconf 88' lang='lat' dir='ltr'><strong><em>oculos</em></strong></span> <span class='ocrx_word' id='word_1_667' title='bbox 2375 4127 2605 4183; x_wconf 84' lang='lat' dir='ltr'><strong><em>vestros,</em></strong></span> <span class='ocrx_word' id='word_1_668' title='bbox 2639 4124 2693 4170; x_wconf 88' lang='lat' dir='ltr'><strong><em>et</em></strong></span> <span class='ocrx_word' id='word_1_669' title='bbox 2727 4122 3015 4169; x_wconf 88' lang='lat' dir='ltr'><strong><em>consumat</em></strong></span> <span class='ocrx_word' id='word_1_670' title='bbox 3034 4112 3265 4167; x_wconf 88' lang='lat' dir='ltr'><strong><em>animas.</em></strong></span> <span class='ocrx_word' id='word_1_671' title='bbox 3294 4112 3513 4166; x_wconf 86' lang='lat' dir='ltr'><strong><em>Frustra</em></strong></span> <span class='ocrx_word' id='word_1_672' title='bbox 3549 4112 3751 4166; x_wconf 86' lang='lat' dir='ltr'><strong><em>seretis</em></strong></span> 
     </span>
    </p>
   </div>
   <div class='ocr_carea' id='block_1_91' title="bbox 2164 4205 3751 4283">
    <p class='ocr_par' dir='ltr' id='par_1_91' title="bbox 2164 4205 3751 4283">
     <span class='ocr_line' id='line_1_91' title="bbox 2164 4205 3751 4283; baseline -0.008 -15"><span class='ocrx_word' id='word_1_673' title='bbox 2164 4228 2349 4269; x_wconf 87' lang='lat' dir='ltr'><strong><em>semen</em></strong></span> <span class='ocrx_word' id='word_1_674' title='bbox 2374 4254 2389 4275; x_wconf 87' lang='lat'><strong><em>,</em></strong></span> <span class='ocrx_word' id='word_1_675' title='bbox 2427 4212 2572 4283; x_wconf 89' lang='lat' dir='ltr'><strong><em>quod</em></strong></span> <span class='ocrx_word' id='word_1_676' title='bbox 2618 4211 2688 4266; x_wconf 89' lang='lat' dir='ltr'><strong><em>ab</em></strong></span> <span class='ocrx_word' id='word_1_677' title='bbox 2732 4210 2978 4264; x_wconf 89' lang='lat' dir='ltr'><strong><em>hostibus</em></strong></span> <span class='ocrx_word' id='word_1_678' title='bbox 3010 4208 3382 4263; x_wconf 84' lang='lat' dir='ltr'><strong><em>devorabitur.</em></strong></span> <span class='ocrx_word' id='word_1_679' title='bbox 3417 4207 3628 4261; x_wconf 86' lang='lat' dir='ltr'><strong><em>Ponam</em></strong></span> <span class='ocrx_word' id='word_1_680' title='bbox 3667 4205 3751 4259; x_wconf 86' lang='lat' dir='ltr'><strong><em>fa-</em></strong></span> 
     </span>
    </p>
   </div>
   <div class='ocr_carea' id='block_1_92' title="bbox 2163 4298 3751 4366">
    <p class='ocr_par' dir='ltr' id='par_1_92' title="bbox 2163 4298 3751 4366">
     <span class='ocr_line' id='line_1_92' title="bbox 2163 4298 3751 4366; baseline -0.004 -5"><span class='ocrx_word' id='word_1_681' title='bbox 2163 4307 2300 4361; x_wconf 79' lang='lat' dir='ltr'><strong><em>ciem</em></strong></span> <span class='ocrx_word' id='word_1_682' title='bbox 2333 4320 2508 4360; x_wconf 83' lang='lat' dir='ltr'><strong><em>meam</em></strong></span> <span class='ocrx_word' id='word_1_683' title='bbox 2536 4312 2725 4359; x_wconf 88' lang='lat' dir='ltr'><strong><em>contra</em></strong></span> <span class='ocrx_word' id='word_1_684' title='bbox 2752 4317 2867 4366; x_wconf 85' lang='lat' dir='ltr'><strong><em>vos,</em></strong></span> <span class='ocrx_word' id='word_1_685' title='bbox 2895 4310 2950 4355; x_wconf 90' lang='lat' dir='ltr'><strong><em>et</em></strong></span> <span class='ocrx_word' id='word_1_686' title='bbox 2979 4301 3247 4355; x_wconf 88' lang='lat' dir='ltr'><strong><em>corruetis</em></strong></span> <span class='ocrx_word' id='word_1_687' title='bbox 3272 4314 3455 4355; x_wconf 88' lang='lat' dir='ltr'><strong><em>coram</em></strong></span> <span class='ocrx_word' id='word_1_688' title='bbox 3494 4298 3751 4354; x_wconf 83' lang='lat' dir='ltr'><strong><em>hostibus</em></strong></span> 
     </span>
    </p>
   </div>
   <div class='ocr_carea' id='block_1_93' title="bbox 2163 4391 3749 4467">
    <p class='ocr_par' dir='ltr' id='par_1_93' title="bbox 2163 4391 3749 4467">
     <span class='ocr_line' id='line_1_93' title="bbox 2163 4391 3749 4467; baseline -0.007 -12"><span class='ocrx_word' id='word_1_689' title='bbox 2163 4400 2384 4467; x_wconf 78' lang='lat' dir='ltr'><strong><em>vestris,</em></strong></span> <span class='ocrx_word' id='word_1_690' title='bbox 2415 4406 2469 4451; x_wconf 86' lang='lat' dir='ltr'><strong><em>et</em></strong></span> <span class='ocrx_word' id='word_1_691' title='bbox 2491 4394 2858 4467; x_wconf 83' lang='lat' dir='ltr'><strong><em>subjiciemini</em></strong></span> <span class='ocrx_word' id='word_1_692' title='bbox 2883 4393 2949 4448; x_wconf 92' lang='lat' dir='ltr'><strong><em>iis</em></strong></span> <span class='ocrx_word' id='word_1_693' title='bbox 2969 4392 3060 4463; x_wconf 84' lang='lat' dir='ltr'><strong><em>qui</em></strong></span> <span class='ocrx_word' id='word_1_694' title='bbox 3090 4393 3326 4447; x_wconf 89' lang='lat' dir='ltr'><strong><em>oderunt</em></strong></span> <span class='ocrx_word' id='word_1_695' title='bbox 3355 4407 3467 4446; x_wconf 83' lang='lat' dir='ltr'><strong><em>vos.</em></strong></span> <span class='ocrx_word' id='word_1_696' title='bbox 3501 4391 3749 4462; x_wconf 80' lang='lat' dir='ltr'><strong><em>Fugietis</em></strong></span> 
     </span>
    </p>
   </div>
   <div class='ocr_carea' id='block_1_94' title="bbox 2164 4492 2845 4559">
    <p class='ocr_par' dir='ltr' id='par_1_94' title="bbox 2164 4492 2845 4559">
     <span class='ocr_line' id='line_1_94' title="bbox 2164 4492 2845 4559; baseline -0.016 -13"><span class='ocrx_word' id='word_1_697' title='bbox 2164 4492 2385 4546; x_wconf 87' lang='lat' dir='ltr'><strong><em>nemine</em></strong></span> <span class='ocrx_word' id='word_1_698' title='bbox 2411 4495 2794 4559; x_wconf 89' lang='lat' dir='ltr'><strong><em>persequente.</em></strong></span> <span class='ocrx_word' id='word_1_699' title='bbox 2827 4502 2845 4534; x_wconf 79' lang='grc' dir='ltr'><strong><em>ι</em></strong></span> 
     </span>
    </p>
   </div>
   <div class='ocr_carea' id='block_1_95' title="bbox 2235 4574 3750 4649">
    <p class='ocr_par' dir='ltr' id='par_1_95' title="bbox 2235 4574 3750 4649">
     <span class='ocr_line' id='line_1_95' title="bbox 2235 4574 3750 4649; baseline -0.006 -13"><span class='ocrx_word' id='word_1_700' title='bbox 2235 4584 2365 4649; x_wconf 70' lang='lat' dir='ltr'><strong><em>Qua:</em></strong></span> <span class='ocrx_word' id='word_1_701' title='bbox 2394 4582 2535 4636; x_wconf 86' lang='lat' dir='ltr'><strong><em>bona</em></strong></span> <span class='ocrx_word' id='word_1_702' title='bbox 2565 4594 2679 4645; x_wconf 87' lang='lat' dir='ltr'><strong><em>eos,</em></strong></span> <span class='ocrx_word' id='word_1_703' title='bbox 2700 4578 2794 4648; x_wconf 89' lang='lat' dir='ltr'><strong><em>qui</em></strong></span> <span class='ocrx_word' id='word_1_704' title='bbox 2819 4576 3082 4632; x_wconf 85' lang='lat' dir='ltr'><strong><em>obediunt</em></strong></span> <span class='ocrx_word' id='word_1_705' title='bbox 3109 4574 3201 4630; x_wconf 87' lang='lat' dir='ltr'><strong><em>Dei</em></strong></span> <span class='ocrx_word' id='word_1_706' title='bbox 3236 4575 3527 4640; x_wconf 88' lang='lat' dir='ltr'><strong><em>mandatis,</em></strong></span> <span class='ocrx_word' id='word_1_707' title='bbox 3547 4587 3750 4643; x_wconf 75' lang='lat' dir='ltr'><strong><em>exspe-</em></strong></span> 
     </span>
    </p>
   </div>
   <div class='ocr_carea' id='block_1_96' title="bbox 2165 4667 3749 4749">
    <p class='ocr_par' dir='ltr' id='par_1_96' title="bbox 2165 4667 3749 4749">
     <span class='ocr_line' id='line_1_96' title="bbox 2165 4667 3749 4749; baseline -0.008 -18"><span class='ocrx_word' id='word_1_708' title='bbox 2165 4686 2335 4740; x_wconf 88' lang='lat' dir='ltr'><strong><em>ctant,</em></strong></span> <span class='ocrx_word' id='word_1_709' title='bbox 2376 4672 2714 4729; x_wconf 74' lang='lat' dir='ltr'><strong><em>sufﬁcienter</em></strong></span> <span class='ocrx_word' id='word_1_710' title='bbox 2754 4670 2839 4724; x_wconf 80' lang='lat' dir='ltr'><strong><em>lex</em></strong></span> <span class='ocrx_word' id='word_1_711' title='bbox 2888 4668 3141 4749; x_wconf 72' lang='lat' dir='ltr'><strong><em>superius</em></strong></span> <span class='ocrx_word' id='word_1_712' title='bbox 3187 4668 3340 4721; x_wconf 79' lang='lat' dir='ltr'><strong><em>dixit.</em></strong></span> <span class='ocrx_word' id='word_1_713' title='bbox 3384 4667 3516 4732; x_wconf 72' lang='lat' dir='ltr'><strong><em>Quae</em></strong></span> <span class='ocrx_word' id='word_1_714' title='bbox 3560 4677 3749 4719; x_wconf 87' lang='lat' dir='ltr'><strong><em>autem</em></strong></span> 
     </span>
    </p>
   </div>
   <div class='ocr_carea' id='block_1_97' title="bbox 2165 4758 3750 4833">
    <p class='ocr_par' dir='ltr' id='par_1_97' title="bbox 2165 4758 3750 4833">
     <span class='ocr_line' id='line_1_97' title="bbox 2165 4758 3750 4833; baseline -0.006 -12"><span class='ocrx_word' id='word_1_715' title='bbox 2165 4765 2387 4821; x_wconf 81' lang='lat' dir='ltr'><strong><em>evenire</em></strong></span> <span class='ocrx_word' id='word_1_716' title='bbox 2440 4760 2965 4833; x_wconf 84' lang='lat' dir='ltr'><strong><em>transgredientibus</em></strong></span> <span class='ocrx_word' id='word_1_717' title='bbox 3016 4758 3347 4814; x_wconf 89' lang='lat' dir='ltr'><strong><em>comminata</em></strong></span> <span class='ocrx_word' id='word_1_718' title='bbox 3384 4767 3487 4822; x_wconf 90' lang='lat' dir='ltr'><strong><em>est,</em></strong></span> <span class='ocrx_word' id='word_1_719' title='bbox 3526 4771 3588 4811; x_wconf 88' lang='lat' dir='ltr'><strong><em>ea</em></strong></span> <span class='ocrx_word' id='word_1_720' title='bbox 3625 4772 3750 4827; x_wconf 69' lang='lat' dir='ltr'><strong><em>quae</em></strong></span> 
     </span>
    </p>
   </div>
   <div class='ocr_carea' id='block_1_98' title="bbox 475 4829 2059 4933">
    <p class='ocr_par' dir='ltr' id='par_1_98' title="bbox 475 4829 2054 4896">
     <span class='ocr_line' id='line_1_98' title="bbox 475 4829 2054 4896; baseline 0.008 -14"><span class='ocrx_word' id='word_1_721' title='bbox 475 4830 630 4883; x_wconf 87' lang='lat' dir='ltr'><strong><em>terris</em></strong></span> <span class='ocrx_word' id='word_1_722' title='bbox 659 4829 801 4883; x_wconf 86' lang='lat' dir='ltr'><strong><em>visus</em></strong></span> <span class='ocrx_word' id='word_1_723' title='bbox 829 4839 923 4895; x_wconf 91' lang='lat' dir='ltr'><strong><em>est,</em></strong></span> <span class='ocrx_word' id='word_1_724' title='bbox 956 4838 1004 4884; x_wconf 87' lang='lat' dir='ltr'><strong><em>et</em></strong></span> <span class='ocrx_word' id='word_1_725' title='bbox 1035 4847 1153 4884; x_wconf 87' lang='lat' dir='ltr'><strong><em>cum</em></strong></span> <span class='ocrx_word' id='word_1_726' title='bbox 1183 4832 1474 4888; x_wconf 82' lang='lat' dir='ltr'><strong><em>hominibus</em></strong></span> <span class='ocrx_word' id='word_1_727' title='bbox 1511 4848 1845 4892; x_wconf 86' lang='lat' dir='ltr'><strong><em>conversatus</em></strong></span> <span class='ocrx_word' id='word_1_728' title='bbox 1879 4851 1952 4894; x_wconf 87' lang='lat' dir='ltr'><strong><em>est</em></strong></span> <span class='ocrx_word' id='word_1_729' title='bbox 1969 4843 2013 4873; x_wconf 82' lang='grc'><strong><em>⁷⁸</em></strong></span> <span class='ocrx_word' id='word_1_730' title='bbox 2038 4856 2054 4896; x_wconf 90' lang='lat'><strong><em>:</em></strong></span> 
     </span>
    </p>
   </div>
   <div class='ocr_carea' id='block_1_99' title="bbox 2165 4829 3750 4933">
    <p class='ocr_par' dir='ltr' id='par_1_99' title="bbox 2165 4849 3750 4919">
     <span class='ocr_line' id='line_1_99' title="bbox 2165 4849 3750 4919; baseline -0.006 -8"><span class='ocrx_word' id='word_1_731' title='bbox 2165 4873 2312 4911; x_wconf 89' lang='lat' dir='ltr'><strong><em>nunc</em></strong></span> <span class='ocrx_word' id='word_1_732' title='bbox 2344 4855 2666 4911; x_wconf 77' lang='lat' dir='ltr'><strong><em>sanciantur</em></strong></span> <span class='ocrx_word' id='word_1_733' title='bbox 2692 4894 2705 4918; x_wconf 97' lang='lat'><strong><em>,</em></strong></span> <span class='ocrx_word' id='word_1_734' title='bbox 2765 4852 3079 4906; x_wconf 89' lang='lat' dir='ltr'><strong><em>ostendunt.</em></strong></span> <span class='ocrx_word' id='word_1_735' title='bbox 3129 4849 3374 4916; x_wconf 89' lang='lat' dir='ltr'><strong><em>Quorum</em></strong></span> <span class='ocrx_word' id='word_1_736' title='bbox 3420 4849 3644 4919; x_wconf 84' lang='lat' dir='ltr'><strong><em>quando</em></strong></span> <span class='ocrx_word' id='word_1_737' title='bbox 3681 4850 3750 4902; x_wconf 87' lang='lat' dir='ltr'><strong><em>ad</em></strong></span> 
     </span>
    </p>
   </div>
   <div class='ocr_carea' id='block_1_100' title="bbox 472 4922 2050 5001">
    <p class='ocr_par' dir='ltr' id='par_1_100' title="bbox 472 4922 2050 5001">
     <span class='ocr_line' id='line_1_100' title="bbox 472 4922 2050 5001; baseline 0.008 -25"><span class='ocrx_word' id='word_1_738' title='bbox 472 4922 616 4993; x_wconf 91' lang='lat' dir='ltr'><strong><em>quod</em></strong></span> <span class='ocrx_word' id='word_1_739' title='bbox 647 4938 759 4977; x_wconf 90' lang='lat' dir='ltr'><strong><em>non</em></strong></span> <span class='ocrx_word' id='word_1_740' title='bbox 791 4922 1009 4994; x_wconf 87' lang='lat' dir='ltr'><strong><em>egisset,</em></strong></span> <span class='ocrx_word' id='word_1_741' title='bbox 1040 4924 1084 4978; x_wconf 89' lang='lat' dir='ltr'><strong><em>si</em></strong></span> <span class='ocrx_word' id='word_1_742' title='bbox 1120 4939 1220 4979; x_wconf 92' lang='lat' dir='ltr'><strong><em>nos</em></strong></span> <span class='ocrx_word' id='word_1_743' title='bbox 1244 4935 1608 4982; x_wconf 86' lang='lat' dir='ltr'><strong><em>aversaretur.</em></strong></span> <span class='ocrx_word' id='word_1_744' title='bbox 1650 4930 1767 4984; x_wconf 78' lang='lat' dir='ltr'><strong><em>Non</em></strong></span> <span class='ocrx_word' id='word_1_745' title='bbox 1795 4946 1923 5001; x_wconf 81' lang='lat' dir='ltr'><strong><em>ergo</em></strong></span> <span class='ocrx_word' id='word_1_746' title='bbox 1950 4949 2050 4989; x_wconf 92' lang='lat' dir='ltr'><strong><em>nos</em></strong></span> 
     </span>
    </p>
   </div>
   <div class='ocr_carea' id='block_1_101' title="bbox 471 5013 2052 5093">
    <p class='ocr_par' dir='ltr' id='par_1_101' title="bbox 471 5013 2052 5093">
     <span class='ocr_line' id='line_1_101' title="bbox 471 5013 2052 5093; baseline 0.009 -27"><span class='ocrx_word' id='word_1_747' title='bbox 471 5013 814 5070; x_wconf 88' lang='lat' dir='ltr'><strong><em>abominatus</em></strong></span> <span class='ocrx_word' id='word_1_748' title='bbox 841 5022 943 5081; x_wconf 91' lang='lat' dir='ltr'><strong><em>est,</em></strong></span> <span class='ocrx_word' id='word_1_749' title='bbox 977 5016 1071 5071; x_wconf 87' lang='lat' dir='ltr'><strong><em>sed</em></strong></span> <span class='ocrx_word' id='word_1_750' title='bbox 1096 5026 1150 5071; x_wconf 89' lang='lat' dir='ltr'><strong><em>et</em></strong></span> <span class='ocrx_word' id='word_1_751' title='bbox 1178 5016 1514 5074; x_wconf 86' lang='lat' dir='ltr'><strong><em>inambulare</em></strong></span> <span class='ocrx_word' id='word_1_752' title='bbox 1542 5020 1594 5074; x_wconf 89' lang='lat' dir='ltr'><strong><em>in</em></strong></span> <span class='ocrx_word' id='word_1_753' title='bbox 1622 5022 1782 5077; x_wconf 87' lang='lat' dir='ltr'><strong><em>nobis</em></strong></span> <span class='ocrx_word' id='word_1_754' title='bbox 1807 5039 1903 5093; x_wconf 89' lang='lat' dir='ltr'><strong><em>per</em></strong></span> <span class='ocrx_word' id='word_1_755' title='bbox 1931 5041 2052 5080; x_wconf 90' lang='lat' dir='ltr'><strong><em>car-</em></strong></span> 
     </span>
    </p>
   </div>
   <div class='ocr_carea' id='block_1_102' title="bbox 471 5107 2046 5190">
    <p class='ocr_par' dir='ltr' id='par_1_102' title="bbox 471 5107 2046 5190">
     <span class='ocr_line' id='line_1_102' title="bbox 471 5107 2046 5190; baseline 0.01 -29"><span class='ocrx_word' id='word_1_756' title='bbox 471 5121 595 5163; x_wconf 88' lang='lat' dir='ltr'><strong><em>nem</em></strong></span> <span class='ocrx_word' id='word_1_757' title='bbox 624 5107 814 5173; x_wconf 88' lang='lat' dir='ltr'><strong><em>voluit,</em></strong></span> <span class='ocrx_word' id='word_1_758' title='bbox 849 5115 905 5162; x_wconf 89' lang='lat' dir='ltr'><strong><em>et</em></strong></span> <span class='ocrx_word' id='word_1_759' title='bbox 945 5108 1060 5162; x_wconf 86' lang='lat' dir='ltr'><strong><em>fieri</em></strong></span> <span class='ocrx_word' id='word_1_760' title='bbox 1100 5118 1290 5165; x_wconf 88' lang='lat' dir='ltr'><strong><em>noster</em></strong></span> <span class='ocrx_word' id='word_1_761' title='bbox 1315 5110 1477 5178; x_wconf 91' lang='lat' dir='ltr'><strong><em>Deus,</em></strong></span> <span class='ocrx_word' id='word_1_762' title='bbox 1524 5129 1646 5168; x_wconf 91' lang='lat' dir='ltr'><strong><em>cum</em></strong></span> <span class='ocrx_word' id='word_1_763' title='bbox 1687 5128 1831 5172; x_wconf 87' lang='lat' dir='ltr'><strong><em>esset</em></strong></span> <span class='ocrx_word' id='word_1_764' title='bbox 1871 5121 2046 5190; x_wconf 89' lang='lat' dir='ltr'><strong><em>prius,</em></strong></span> 
     </span>
    </p>
   </div>
   <div class='ocr_carea' id='block_1_103' title="bbox 469 5199 2049 5275">
    <p class='ocr_par' dir='ltr' id='par_1_103' title="bbox 469 5199 2049 5275">
     <span class='ocr_line' id='line_1_103' title="bbox 469 5199 2049 5275; baseline 0.009 -21"><span class='ocrx_word' id='word_1_765' title='bbox 469 5200 566 5255; x_wconf 86' lang='lat' dir='ltr'><strong><em>sed</em></strong></span> <span class='ocrx_word' id='word_1_766' title='bbox 600 5199 860 5270; x_wconf 90' lang='lat' dir='ltr'><strong><em>ignotus:</em></strong></span> <span class='ocrx_word' id='word_1_767' title='bbox 890 5201 1016 5270; x_wconf 89' lang='lat' dir='ltr'><strong><em>quia</em></strong></span> <span class='ocrx_word' id='word_1_768' title='bbox 1050 5216 1151 5256; x_wconf 83' lang='lat' dir='ltr'><strong><em>nos</em></strong></span> <span class='ocrx_word' id='word_1_769' title='bbox 1178 5203 1351 5256; x_wconf 87' lang='lat' dir='ltr'><strong><em>errori</em></strong></span> <span class='ocrx_word' id='word_1_770' title='bbox 1393 5203 1675 5275; x_wconf 80' lang='lat' dir='ltr'><strong><em>conjuncti</em></strong></span> <span class='ocrx_word' id='word_1_771' title='bbox 1702 5223 1940 5265; x_wconf 84' lang='lat' dir='ltr'><strong><em>eramus.</em></strong></span> <span class='ocrx_word' id='word_1_772' title='bbox 1971 5212 2049 5268; x_wconf 70' lang='lat' dir='ltr'><strong><em>Ex</em></strong></span> 
     </span>
    </p>
   </div>
   <div class='ocr_carea' id='block_1_104' title="bbox 469 5297 2050 5369">
    <p class='ocr_par' dir='ltr' id='par_1_104' title="bbox 469 5297 2050 5369">
     <span class='ocr_line' id='line_1_104' title="bbox 469 5297 2050 5369; baseline 0.01 -21"><span class='ocrx_word' id='word_1_773' title='bbox 469 5309 579 5363; x_wconf 91' lang='lat' dir='ltr'><strong><em>quo</em></strong></span> <span class='ocrx_word' id='word_1_774' title='bbox 607 5309 790 5350; x_wconf 86' lang='lat' dir='ltr'><strong><em>autem</em></strong></span> <span class='ocrx_word' id='word_1_775' title='bbox 824 5311 926 5350; x_wconf 92' lang='lat' dir='ltr'><strong><em>nos</em></strong></span> <span class='ocrx_word' id='word_1_776' title='bbox 950 5297 1170 5366; x_wconf 90' lang='lat' dir='ltr'><strong><em>proprio</em></strong></span> <span class='ocrx_word' id='word_1_777' title='bbox 1196 5299 1328 5352; x_wconf 90' lang='lat' dir='ltr'><strong><em>emit</em></strong></span> <span class='ocrx_word' id='word_1_778' title='bbox 1355 5300 1621 5369; x_wconf 85' lang='lat' dir='ltr'><strong><em>sanguine</em></strong></span> <span class='ocrx_word' id='word_1_779' title='bbox 1641 5345 1655 5368; x_wconf 93' lang='lat'><strong><em>,</em></strong></span> <span class='ocrx_word' id='word_1_780' title='bbox 1688 5304 1830 5360; x_wconf 83' lang='lat' dir='ltr'><strong><em>Deus</em></strong></span> <span class='ocrx_word' id='word_1_781' title='bbox 1861 5318 2050 5363; x_wconf 87' lang='lat' dir='ltr'><strong><em>noster</em></strong></span> 
     </span>
    </p>
   </div>
   <div class='ocr_carea' id='block_1_105' title="bbox 468 5384 2048 5473">
    <p class='ocr_par' dir='ltr' id='par_1_105' title="bbox 468 5384 2048 5473">
     <span class='ocr_line' id='line_1_105' title="bbox 468 5384 2048 5473; baseline 0.01 -32"><span class='ocrx_word' id='word_1_782' title='bbox 468 5384 646 5442; x_wconf 74' lang='lat' dir='ltr'><strong><em>factus</em></strong></span> <span class='ocrx_word' id='word_1_783' title='bbox 673 5400 775 5454; x_wconf 84' lang='lat' dir='ltr'><strong><em>est.</em></strong></span> <span class='ocrx_word' id='word_1_784' title='bbox 808 5398 864 5444; x_wconf 90' lang='lat' dir='ltr'><strong><em>et</em></strong></span> <span class='ocrx_word' id='word_1_785' title='bbox 885 5405 987 5445; x_wconf 84' lang='lat' dir='ltr'><strong><em>nos</em></strong></span> <span class='ocrx_word' id='word_1_786' title='bbox 1009 5391 1221 5460; x_wconf 87' lang='lat' dir='ltr'><strong><em>plebem</em></strong></span> <span class='ocrx_word' id='word_1_787' title='bbox 1252 5408 1404 5448; x_wconf 83' lang='lat' dir='ltr'><strong><em>suam</em></strong></span> <span class='ocrx_word' id='word_1_788' title='bbox 1438 5394 1588 5450; x_wconf 88' lang='lat' dir='ltr'><strong><em>fecit.</em></strong></span> <span class='ocrx_word' id='word_1_789' title='bbox 1618 5398 1683 5451; x_wconf 79' lang='lat' dir='ltr'><strong><em>Et</em></strong></span> <span class='ocrx_word' id='word_1_790' title='bbox 1703 5400 1826 5469; x_wconf 86' lang='lat' dir='ltr'><strong><em>quis</em></strong></span> <span class='ocrx_word' id='word_1_791' title='bbox 1846 5409 1929 5456; x_wconf 88' lang='lat' dir='ltr'><strong><em>est</em></strong></span> <span class='ocrx_word' id='word_1_792' title='bbox 1958 5403 2048 5473; x_wconf 89' lang='lat' dir='ltr'><strong><em>qui</em></strong></span> 
     </span>
    </p>
   </div>
   <div class='ocr_carea' id='block_1_106' title="bbox 469 5477 799 5539">
    <p class='ocr_par' dir='ltr' id='par_1_106' title="bbox 469 5477 799 5539">
     <span class='ocr_line' id='line_1_106' title="bbox 469 5477 799 5539; baseline 0.015 -5"><span class='ocrx_word' id='word_1_793' title='bbox 469 5477 585 5535; x_wconf 71' lang='lat' dir='ltr'><strong><em>brec</em></strong></span> <span class='ocrx_word' id='word_1_794' title='bbox 614 5478 744 5539; x_wconf 89' lang='lat' dir='ltr'><strong><em>fecit</em></strong></span> <span class='ocrx_word' id='word_1_795' title='bbox 775 5484 799 5538; x_wconf 90' lang='lat'><strong>?</strong></span> 
     </span>
    </p>
   </div>
   <div class='ocr_carea' id='block_1_107' title="bbox 2158 4939 3748 5015">
    <p class='ocr_par' dir='ltr' id='par_1_107' title="bbox 2158 4939 3748 5015">
     <span class='ocr_line' id='line_1_107' title="bbox 2158 4939 3748 5015; baseline -0.005 -14"><span class='ocrx_word' id='word_1_796' title='bbox 2158 4949 2395 5002; x_wconf 86' lang='lat' dir='ltr'><strong><em>litteram</em></strong></span> <span class='ocrx_word' id='word_1_797' title='bbox 2433 4945 2642 5015; x_wconf 88' lang='lat' dir='ltr'><strong><em>singula</em></strong></span> <span class='ocrx_word' id='word_1_798' title='bbox 2694 4943 3059 5009; x_wconf 87' lang='lat' dir='ltr'><strong><em>discutimus,</em></strong></span> <span class='ocrx_word' id='word_1_799' title='bbox 3115 4941 3428 4995; x_wconf 88' lang='lat' dir='ltr'><strong><em>invenimus</em></strong></span> <span class='ocrx_word' id='word_1_800' title='bbox 3479 4939 3748 5009; x_wconf 76' lang='lat' dir='ltr'><strong><em>populum</em></strong></span> 
     </span>
    </p>
   </div>
   <div class='ocr_carea' id='block_1_108' title="bbox 2158 5031 3748 5105">
    <p class='ocr_par' dir='ltr' id='par_1_108' title="bbox 2158 5031 3748 5105">
     <span class='ocr_line' id='line_1_108' title="bbox 2158 5031 3748 5105; baseline -0.005 -12"><span class='ocrx_word' id='word_1_801' title='bbox 2158 5039 2494 5104; x_wconf 78' lang='lat' dir='ltr'><strong><em>Judacorum,</em></strong></span> <span class='ocrx_word' id='word_1_802' title='bbox 2525 5037 2720 5091; x_wconf 89' lang='lat' dir='ltr'><strong><em>horum</em></strong></span> <span class='ocrx_word' id='word_1_803' title='bbox 2749 5049 2968 5105; x_wconf 90' lang='lat' dir='ltr'><strong><em>passum</em></strong></span> <span class='ocrx_word' id='word_1_804' title='bbox 2998 5033 3244 5103; x_wconf 64' lang='lat' dir='ltr'><strong><em>quaedam</em></strong></span> <span class='ocrx_word' id='word_1_805' title='bbox 3276 5032 3574 5087; x_wconf 88' lang='lat' dir='ltr'><strong><em>secundum</em></strong></span> <span class='ocrx_word' id='word_1_806' title='bbox 3600 5031 3748 5085; x_wconf 89' lang='lat' dir='ltr'><strong><em>litte-</em></strong></span> 
     </span>
    </p>
   </div>
   <div class='ocr_carea' id='block_1_109' title="bbox 2160 5124 3380 5197">
    <p class='ocr_par' dir='ltr' id='par_1_109' title="bbox 2160 5124 3380 5197">
     <span class='ocr_line' id='line_1_109' title="bbox 2160 5124 3380 5197; baseline -0.007 -12"><span class='ocrx_word' id='word_1_807' title='bbox 2160 5147 2295 5197; x_wconf 89' lang='lat' dir='ltr'><strong><em>ram,</em></strong></span> <span class='ocrx_word' id='word_1_808' title='bbox 2329 5129 2512 5184; x_wconf 91' lang='lat' dir='ltr'><strong><em>omnia</em></strong></span> <span class='ocrx_word' id='word_1_809' title='bbox 2542 5136 2725 5182; x_wconf 87' lang='lat' dir='ltr'><strong><em>autem</em></strong></span> <span class='ocrx_word' id='word_1_810' title='bbox 2757 5125 3058 5195; x_wconf 83' lang='lat' dir='ltr'><strong><em>secundum</em></strong></span> <span class='ocrx_word' id='word_1_811' title='bbox 3106 5124 3380 5193; x_wconf 88' lang='lat' dir='ltr'><strong><em>spiritum.</em></strong></span> 
     </span>
    </p>
   </div>
   <div class='ocr_carea' id='block_1_110' title="bbox 2230 5206 3743 5286">
    <p class='ocr_par' dir='ltr' id='par_1_110' title="bbox 2230 5206 3743 5286">
     <span class='ocr_line' id='line_1_110' title="bbox 2230 5206 3743 5286; baseline -0.005 -11"><span class='ocrx_word' id='word_1_812' title='bbox 2230 5220 2379 5286; x_wconf 84' lang='lat' dir='ltr'><strong><em>Quod</em></strong></span> <span class='ocrx_word' id='word_1_813' title='bbox 2420 5221 2466 5274; x_wconf 87' lang='lat' dir='ltr'><strong><em>si</em></strong></span> <span class='ocrx_word' id='word_1_814' title='bbox 2500 5235 2601 5273; x_wconf 90' lang='lat' dir='ltr'><strong><em>non</em></strong></span> <span class='ocrx_word' id='word_1_815' title='bbox 2646 5217 2928 5271; x_wconf 76' lang='lat' dir='ltr'><strong><em>audieritis</em></strong></span> <span class='ocrx_word' id='word_1_816' title='bbox 2944 5206 3053 5281; x_wconf 57' lang='lat' dir='ltr'><strong><em>ine,</em></strong></span> <span class='ocrx_word' id='word_1_817' title='bbox 3096 5232 3188 5268; x_wconf 89' lang='lat' dir='ltr'><strong><em>nec</em></strong></span> <span class='ocrx_word' id='word_1_818' title='bbox 3217 5214 3442 5285; x_wconf 83' lang='lat' dir='ltr'><strong><em>feceritis</em></strong></span> <span class='ocrx_word' id='word_1_819' title='bbox 3483 5214 3743 5267; x_wconf 86' lang='lat' dir='ltr'><strong><em>mandata</em></strong></span> 
     </span>
    </p>
   </div>
   <div class='ocr_carea' id='block_1_111' title="bbox 2160 5306 3738 5382">
    <p class='ocr_par' dir='ltr' id='par_1_111' title="bbox 2160 5306 3738 5382">
     <span class='ocr_line' id='line_1_111' title="bbox 2160 5306 3738 5382; baseline -0.008 -13"><span class='ocrx_word' id='word_1_820' title='bbox 2160 5332 2305 5377; x_wconf 86' lang='lat' dir='ltr'><strong><em>mea,</em></strong></span> <span class='ocrx_word' id='word_1_821' title='bbox 2358 5314 2403 5367; x_wconf 86' lang='lat' dir='ltr'><strong><em>si</em></strong></span> <span class='ocrx_word' id='word_1_822' title='bbox 2449 5312 2747 5382; x_wconf 86' lang='lat' dir='ltr'><strong><em>spreveritis</em></strong></span> <span class='ocrx_word' id='word_1_823' title='bbox 2789 5310 2922 5379; x_wconf 87' lang='lat' dir='ltr'><strong><em>leges</em></strong></span> <span class='ocrx_word' id='word_1_824' title='bbox 2952 5326 3115 5375; x_wconf 89' lang='lat' dir='ltr'><strong><em>meas,</em></strong></span> <span class='ocrx_word' id='word_1_825' title='bbox 3150 5317 3197 5361; x_wconf 89' lang='lat' dir='ltr'><strong><em>et</em></strong></span> <span class='ocrx_word' id='word_1_826' title='bbox 3223 5306 3430 5377; x_wconf 85' lang='lat' dir='ltr'><strong><em>judicia</em></strong></span> <span class='ocrx_word' id='word_1_827' title='bbox 3467 5322 3583 5359; x_wconf 85' lang='lat' dir='ltr'><strong><em>mea</em></strong></span> <span class='ocrx_word' id='word_1_828' title='bbox 3612 5322 3738 5359; x_wconf 84' lang='lat' dir='ltr'><strong><em>con-</em></strong></span> 
     </span>
    </p>
   </div>
   <div class='ocr_carea' id='block_1_112' title="bbox 2161 5399 3740 5476">
    <p class='ocr_par' dir='ltr' id='par_1_112' title="bbox 2161 5399 3740 5476">
     <span class='ocr_line' id='line_1_112' title="bbox 2161 5399 3740 5476; baseline -0.006 -16"><span class='ocrx_word' id='word_1_829' title='bbox 2161 5405 2493 5476; x_wconf 85' lang='lat' dir='ltr'><strong><em>tempseritis,</em></strong></span> <span class='ocrx_word' id='word_1_830' title='bbox 2530 5413 2585 5456; x_wconf 83' lang='lat' dir='ltr'><strong><em>ut</em></strong></span> <span class='ocrx_word' id='word_1_831' title='bbox 2618 5419 2721 5456; x_wconf 84' lang='lat' dir='ltr'><strong><em>non</em></strong></span> <span class='ocrx_word' id='word_1_832' title='bbox 2765 5402 2978 5475; x_wconf 88' lang='lat' dir='ltr'><strong><em>faciatis</em></strong></span> <span class='ocrx_word' id='word_1_833' title='bbox 3026 5418 3110 5463; x_wconf 81' lang='lat' dir='ltr'><strong><em>ea,</em></strong></span> <span class='ocrx_word' id='word_1_834' title='bbox 3145 5416 3260 5470; x_wconf 78' lang='lat' dir='ltr'><strong><em>qua:</em></strong></span> <span class='ocrx_word' id='word_1_835' title='bbox 3286 5416 3318 5452; x_wconf 87' lang='lat' dir='ltr'><strong><em>a</em></strong></span> <span class='ocrx_word' id='word_1_836' title='bbox 3342 5414 3423 5452; x_wconf 89' lang='lat' dir='ltr'><strong><em>me</em></strong></span> <span class='ocrx_word' id='word_1_837' title='bbox 3451 5399 3740 5451; x_wconf 82' lang='lat' dir='ltr'><strong><em>constituto</em></strong></span> 
     </span>
    </p>
   </div>
   <div class='ocr_carea' id='block_1_113' title="bbox 2161 5494 3520 5566">
    <p class='ocr_par' dir='ltr' id='par_1_113' title="bbox 2161 5494 3520 5566">
     <span class='ocr_line' id='line_1_113' title="bbox 2161 5494 3520 5566; baseline -0.006 -14"><span class='ocrx_word' id='word_1_838' title='bbox 2161 5507 2301 5563; x_wconf 77' lang='lat' dir='ltr'><strong><em>sunt,</em></strong></span> <span class='ocrx_word' id='word_1_839' title='bbox 2336 5507 2384 5551; x_wconf 88' lang='lat' dir='ltr'><strong><em>et</em></strong></span> <span class='ocrx_word' id='word_1_840' title='bbox 2412 5500 2482 5551; x_wconf 87' lang='lat' dir='ltr'><strong><em>ad</em></strong></span> <span class='ocrx_word' id='word_1_841' title='bbox 2515 5497 2725 5550; x_wconf 88' lang='lat' dir='ltr'><strong><em>irritum</em></strong></span> <span class='ocrx_word' id='word_1_842' title='bbox 2755 5494 3054 5566; x_wconf 86' lang='lat' dir='ltr'><strong><em>perducatis</em></strong></span> <span class='ocrx_word' id='word_1_843' title='bbox 3083 5501 3294 5563; x_wconf 88' lang='lat' dir='ltr'><strong><em>pactum</em></strong></span> <span class='ocrx_word' id='word_1_844' title='bbox 3328 5507 3520 5545; x_wconf 86' lang='lat' dir='ltr'><strong><em>meum.</em></strong></span> 
     </span>
    </p>
   </div>
   <div class='ocr_carea' id='block_1_114' title="bbox 535 5684 2059 5769">
    <p class='ocr_par' dir='ltr' id='par_1_114' title="bbox 535 5684 2059 5769">
     <span class='ocr_line' id='line_1_114' title="bbox 535 5684 2059 5769; baseline 0.012 -31"><span class='ocrx_word' id='word_1_845' title='bbox 535 5684 589 5769; x_wconf 56' lang='lat' dir='ltr'><strong><em>ff</em></strong></span> <span class='ocrx_word' id='word_1_846' title='bbox 620 5686 930 5769; x_wconf 41' lang='lat' dir='ltr'><strong><em>Ephesi”,</em></strong></span> <span class='ocrx_word' id='word_1_847' title='bbox 965 5690 1079 5769; x_wconf 74' lang='lat' dir='ltr'><strong><em>te._</em></strong></span> <span class='ocrx_word' id='word_1_848' title='bbox 1129 5692 1173 5725; x_wconf 70' lang='grc' dir='ltr'><strong><em>συ</em></strong></span> <span class='ocrx_word' id='word_1_849' title='bbox 1208 5693 1339 5769; x_wconf 61' lang='lat' dir='ltr'><strong><em>ibid.</em></strong></span> <span class='ocrx_word' id='word_1_850' title='bbox 1376 5697 1463 5769; x_wconf 69' lang='lat' dir='ltr'><strong><em>tt.</em></strong></span> <span class='ocrx_word' id='word_1_851' title='bbox 1500 5700 1599 5769; x_wconf 50' lang='lat'><strong><em>3°</em></strong></span> <span class='ocrx_word' id='word_1_852' title='bbox 1636 5698 1768 5769; x_wconf 87' lang='lat' dir='ltr'><strong><em>ibid.</em></strong></span> <span class='ocrx_word' id='word_1_853' title='bbox 1814 5702 1901 5754; x_wconf 76' lang='grc' dir='ltr'>ιι.</span> <span class='ocrx_word' id='word_1_854' title='bbox 1973 5703 2059 5757; x_wconf 72' lang='grc' dir='ltr'><strong><em>τι]</em></strong></span> 
     </span>
    </p>
   </div>
   <div class='ocr_carea' id='block_1_115' title="bbox 2165 5684 3736 5769">
    <p class='ocr_par' dir='ltr' id='par_1_115' title="bbox 2165 5698 3736 5769">
     <span class='ocr_line' id='line_1_115' title="bbox 2165 5698 3736 5769; baseline -0.003 -13"><span class='ocrx_word' id='word_1_855' title='bbox 2165 5704 2243 5757; x_wconf 90' lang='lat' dir='ltr'><strong><em>th.</em></strong></span> <span class='ocrx_word' id='word_1_856' title='bbox 2286 5720 2410 5769; x_wconf 71' lang='lat' dir='ltr'><strong><em>xxv,</em></strong></span> <span class='ocrx_word' id='word_1_857' title='bbox 2448 5705 2539 5759; x_wconf 73' lang='grc'><strong><em>40.</em></strong></span> <span class='ocrx_word' id='word_1_858' title='bbox 2611 5706 2656 5738; x_wconf 73' lang='grc' dir='ltr'>ἠ</span> <span class='ocrx_word' id='word_1_859' title='bbox 2688 5704 2849 5758; x_wconf 69' lang='lat' dir='ltr'><strong><em>item.</em></strong></span> <span class='ocrx_word' id='word_1_860' title='bbox 2884 5718 3005 5768; x_wconf 73' lang='lat' dir='ltr'><strong><em>xm,</em></strong></span> <span class='ocrx_word' id='word_1_861' title='bbox 3045 5703 3077 5757; x_wconf 85' lang='lat'><strong>9</strong></span> <span class='ocrx_word' id='word_1_862' title='bbox 3176 5703 3225 5738; x_wconf 80' lang='lat'><strong><em>&#39;-&quot;</em></strong></span> <span class='ocrx_word' id='word_1_863' title='bbox 3255 5699 3385 5755; x_wconf 65' lang='lat' dir='ltr'><strong><em>ilnid.</em></strong></span> <span class='ocrx_word' id='word_1_864' title='bbox 3463 5698 3507 5731; x_wconf 77' lang='lat'><strong><em>&quot;</em></strong></span> <span class='ocrx_word' id='word_1_865' title='bbox 3533 5698 3736 5753; x_wconf 67' lang='grc' dir='ltr'><strong><em>,ιρι-ειη.</em></strong></span> 
     </span>
    </p>
   </div>
   <div class='ocr_carea' id='block_1_116' title="bbox 464 5756 1966 5841">
    <p class='ocr_par' dir='ltr' id='par_1_116' title="bbox 464 5756 1966 5841">
     <span class='ocr_line' id='line_1_116' title="bbox 464 5756 1966 5841; baseline 0.012 -32"><span class='ocrx_word' id='word_1_866' title='bbox 464 5767 615 5822; x_wconf 73' lang='lat' dir='ltr'><strong><em>xm,</em></strong></span> <span class='ocrx_word' id='word_1_867' title='bbox 646 5756 736 5812; x_wconf 74' lang='grc'><strong>52.</strong></span> <span class='ocrx_word' id='word_1_868' title='bbox 814 5757 858 5791; x_wconf 83' lang='grc'><strong>⁷⁸</strong></span> <span class='ocrx_word' id='word_1_869' title='bbox 884 5757 1123 5816; x_wconf 88' lang='lat' dir='ltr'><strong><em>Baruch.</em></strong></span> <span class='ocrx_word' id='word_1_870' title='bbox 1155 5776 1237 5831; x_wconf 83' lang='lat' dir='ltr'><strong><em>tu,</em></strong></span> <span class='ocrx_word' id='word_1_871' title='bbox 1263 5763 1392 5841; x_wconf 25' lang='lat'><strong><em>53.&quot;</em></strong></span> <span class='ocrx_word' id='word_1_872' title='bbox 1424 5767 1468 5799; x_wconf 79' lang='grc'><strong><em>⁷⁸</em></strong></span> <span class='ocrx_word' id='word_1_873' title='bbox 1495 5766 1669 5826; x_wconf 72' lang='lat' dir='ltr'><strong><em>Exod.</em></strong></span> <span class='ocrx_word' id='word_1_874' title='bbox 1715 5786 1796 5836; x_wconf 84' lang='lat' dir='ltr'><strong><em>tn,</em></strong></span> <span class='ocrx_word' id='word_1_875' title='bbox 1825 5772 1877 5839; x_wconf 89' lang='lat'><strong><em>7,</em></strong></span> <span class='ocrx_word' id='word_1_876' title='bbox 1914 5771 1966 5830; x_wconf 89' lang='lat'><strong><em>8.</em></strong></span> 
     </span>
    </p>
   </div>
   <div class='ocr_carea' id='block_1_117' title="bbox 2082 5770 3655 5851">
    <p class='ocr_par' dir='ltr' id='par_1_117' title="bbox 2082 5770 3655 5851">
     <span class='ocr_line' id='line_1_117' title="bbox 2082 5770 3655 5851; baseline -0.004 -19"><span class='ocrx_word' id='word_1_877' title='bbox 2082 5775 2129 5807; x_wconf 81' lang='grc'><strong>⁷⁷</strong></span> <span class='ocrx_word' id='word_1_878' title='bbox 2157 5775 2330 5833; x_wconf 79' lang='lat' dir='ltr'><strong><em>Exod.</em></strong></span> <span class='ocrx_word' id='word_1_879' title='bbox 2375 5791 2529 5843; x_wconf 74' lang='lat' dir='ltr'><strong><em>nun,</em></strong></span> <span class='ocrx_word' id='word_1_880' title='bbox 2572 5775 2661 5832; x_wconf 72' lang='lat'><strong><em>20.</em></strong></span> <span class='ocrx_word' id='word_1_881' title='bbox 2738 5775 2782 5809; x_wconf 82' lang='grc'><strong>⁷⁸</strong></span> <span class='ocrx_word' id='word_1_882' title='bbox 2812 5774 2896 5831; x_wconf 86' lang='lat' dir='ltr'><strong><em>lsa</em></strong></span> <span class='ocrx_word' id='word_1_883' title='bbox 2955 5790 3033 5842; x_wconf 73' lang='lat' dir='ltr'><strong><em>ix,</em></strong></span> <span class='ocrx_word' id='word_1_884' title='bbox 3063 5772 3116 5828; x_wconf 85' lang='lat'><strong><em>6.</em></strong></span> <span class='ocrx_word' id='word_1_885' title='bbox 3174 5773 3218 5851; x_wconf 62' lang='grc' dir='ltr'><strong><em>Τ*</em></strong></span> <span class='ocrx_word' id='word_1_886' title='bbox 3251 5773 3407 5829; x_wconf 77' lang='lat' dir='ltr'><strong><em>Joan.</em></strong></span> <span class='ocrx_word' id='word_1_887' title='bbox 3444 5787 3527 5837; x_wconf 86' lang='lat' dir='ltr'><strong><em>tu,</em></strong></span> <span class='ocrx_word' id='word_1_888' title='bbox 3560 5770 3655 5828; x_wconf 60' lang='grc' dir='ltr'><strong><em>ἰδέ</em></strong></span> 
     </span>
    </p>
   </div>
  </div>
