4036 6200
304 309 439 378 1145

1422 319 1507 384 ΙΝ
1547 323 1986 388 LEVITICUM.
2013 350 2075 365 --
2114 327 2261 388 LIB.
2289 329 2423 392 VII.

3422 336 3559 403 1146

370 431 473 498 Qui
505 446 613 489 non
652 433 881 490 audiunt
912 410 1372 503 mandatumDei,
1429 434 1491 491 ei
1544 440 1635 508 qui
1669 440 1874 508 judicia
1908 448 1951 501 Α
1981 443 2320 499 abscondere
2352 453 2640 516 poterant,
2696 447 2791 503 sed
2830 448 3140 506 clamabant
3190 452 3367 524 palam
3395 465 3561 525 atque

301 526 698 581 contemnunt?
729 526 832 581 nisi
870 527 962 597 qui
1013 527 1333 603 traditiones
1363 530 1645 584 seniorum
1695 532 1876 585 inten-

301 614 495 669 dentes
515 654 529 677 ,
552 623 606 670 et
639 615 966 687 lcgislaloris
996 618 1355 673 intentionem
1391 622 1872 692 transgredientes,

302 706 370 761 ad
404 706 509 761 hoc
558 707 703 777 quod
747 709 827 763 eis
870 708 1156 764 videbatur
1180 710 1350 785 legem
1379 712 1745 781 exponebant,
1783 714 1875 783 qui

299 795 572 863 dicebant,
611 798 752 851 sicut
778 797 1160 854 aitDominus:
1181 797 1488 870 Quicunque
1517 801 1709 854 dixerit
1733 802 1877 870 patri

299 896 391 940 aut
420 887 625 940 matri:
660 886 868 941 Donum
917 890 1259 960 quodcunque
1285 906 1350 944 ea:
1381 907 1462 944 me
1492 891 1587 944 tibi
1619 892 1873 960 proderit,

299 987 349 1033 et
375 995 478 1032 non
500 979 863 1048 honeriﬁcabit
883 990 1086 1051 patrem
1129 996 1280 1035 suum
1308 992 1354 1036 et
1377 991 1597 1035 matrem
1623 999 1774 1035 suam
1793 984 1874 1035 3°:

298 1070 352 1125 id
400 1079 485 1125 est
511 1113 524 1137 ,
578 1072 890 1142 quicunque
929 1073 1127 1127 dixerit
1178 1074 1500 1143 parentibus
1538 1075 1719 1129 :Vota
1750 1085 1877 1129 sunt

301 1161 412 1215 Deo
451 1176 514 1216 ea
536 1177 657 1232 quae
685 1163 879 1231 habeo,
908 1164 1010 1233 ipsi
1045 1163 1190 1218 enim
1226 1180 1287 1218 ea
1334 1180 1529 1219 munus
1561 1173 1617 1219 et
1645 1165 1875 1219 oblatio-

294 1265 425 1305 nem
457 1252 661 1319 obtuli,
709 1268 824 1318 eos,
869 1256 961 1325 qui
1005 1264 1427 1327 generaverunt,
1462 1256 1731 1309 honorare
1763 1270 1874 1309 non

301 1343 531 1414 cogitur.
556 1344 657 1410 Qui
700 1353 830 1401 sunt
874 1348 965 1416 qui
995 1362 1103 1400 non
1132 1349 1250 1417 ejus
1279 1348 1459 1401 omnia
1490 1346 1695 1402 faciunt
1722 1362 1876 1401 man-

299 1435 463 1490 data?
490 1436 593 1491 nisi
620 1439 710 1507 qui
746 1453 959 1491 anetum
987 1448 1033 1493 et
1060 1441 1324 1509 cyminum
1348 1440 1629 1504 decimam,
1661 1450 1708 1493 et
1730 1456 1875 1493 men-

298 1524 465 1591 tham,
500 1527 799 1597 relinquunt
830 1538 1006 1581 autem
1029 1530 1328 1599 judicium,
1363 1542 1409 1584 et
1439 1532 1872 1595 miscriwrdiam,

297 1626 347 1667 et
378 1616 638 1683 ﬁdem";
694 1633 817 1671 cum
865 1618 1004 1673 Deus
1047 1620 1127 1675 eis
1183 1636 1282 1691 per
1315 1622 1633 1690 prophetam
1680 1624 1822 1675 dicat
1859 1640 1870 1674 :

294 1704 549 1760 Indicabo
580 1707 703 1773 tibi,
751 1725 781 1761 ο
808 1710 981 1775 homo,
1033 1711 1158 1781 quid
1190 1711 1443 1765 Dominus
1471 1722 1674 1782 qmerat
1726 1730 1757 1765 α
1804 1722 1868 1776 te,

296 1797 474 1867 utique
501 1800 675 1869 facere
699 1800 999 1868 judicium,
1034 1812 1082 1855 et
1112 1803 1329 1873 diligere
1357 1805 1794 1867 misericordiam,
1825 1813 1873 1857 et
1910 1783 1947 1838 Β

292 1887 577 1941 sollicitum
618 1891 895 1944 ambulare
930 1909 1049 1945 cum
1082 1893 1188 1946 Deo
1231 1902 1319 1946 tuo
1348 1895 1415 1949 θ’.
1471 1895 1701 1964 Propter
1729 1895 1873 1965 quod

295 1977 554 2034 Dominus
583 1982 649 2034 ad
676 1997 790 2047 eos,
824 1992 1013 2052 utpote
1058 2000 1166 2038 non
1194 1986 1378 2039 omnia
1416 1986 1705 2055 implentes
1743 1988 1876 2059 legis

293 2080 588 2141 praecepta,
631 2074 727 2127 sed
774 2090 896 2142 qure
948 2077 1069 2145 ejus
1099 2089 1227 2132 sunt
1264 2079 1446 2149 gravia
1481 2081 1869 2150 relinquentes.

293 2167 350 2213 et
381 2177 502 2229 quae
529 2162 752 2216 minima
780 2175 1019 2233 agentes,
1048 2166 1292 2221 dicebat:
1329 2166 1451 2222 llaec
1483 2171 1765 2237 oportebat
1794 2172 1874 2224 fa-

294 2264 442 2313 cere,
473 2262 527 2305 et
557 2251 644 2305 illa
673 2268 784 2307 non
815 2255 1087 2310 omittere.
1136 2240 1242 2310 Sed
1273 2266 1329 2310 et
1377 2258 1629 2312 mandata
1664 2258 1755 2313 Dei
1800 2261 1873 2314 illi

292 2344 516 2412 proprie
558 2346 1049 2415 transgrediuntur,
1094 2356 1145 2401 et
1177 2347 1255 2401 eis
1295 2349 1527 2407 maxime
1558 2350 1875 2406 inobedicn-

298 2442 381 2488 tes
408 2437 695 2505 sunt.quia
715 2439 1039 2493 exteriorem
1074 2441 1267 2495 faciem
1302 2455 1512 2505 eorum,
1549 2458 1657 2501 non
1689 2453 1871 2498 autem

291 2525 654 2581 intentionem
677 2525 771 2581 Dei
801 2538 1147 2583 conservant.
1173 2529 1392 2585 l‘lanius
1425 2547 1554 2602 ergo
1580 2532 1793 2600 Aquila,
1820 2542 1875 2587 ct

293 2615 634 2673 Theodotion
659 2658 673 2682 ,
719 2606 785 2674 et
825 2614 1181 2691 Symmachus
1211 2623 1446 2676 edidisse
1497 2624 1870 2682 inveniuntur.

290 2707 425 2764 Nam
455 2710 545 2764 ille
577 2711 795 2780 quidem
826 2712 901 2769 ait
926 2731 939 2765 :
976 2712 1034 2767 Si
1061 2716 1341 2768 constituta
1370 2732 1483 2769 mea
1514 2716 1873 2782 reprobaveri-

292 2800 391 2863 tis;
439 2801 515 2855 illi
547 2811 729 2856 autem
765 2821 776 2855 :
812 2801 871 2856 Si
908 2803 1224 2858 subtilitates
1256 2823 1398 2860 meas
1426 2847 1441 2870 ,
1496 2808 1547 2861 id
1592 2816 1709 2873 est,
1758 2807 1870 2877 agri

289 2890 456 2960 viam,
496 2896 794 2948 renueritis.
829 2895 1088 2967 Dogmata
1121 2907 1303 2952 autem
1335 2898 1458 2965 Dei,
1515 2907 1566 2953 et
1596 2899 1869 2954 subtilita-

291 2992 400 3038 tem
425 3024 439 3049 ,
470 2999 590 3053 quae
626 2986 680 3039 in
713 2985 940 3055 spiritali
991 2988 1370 3042 mandatorum
1424 2989 1698 3045 intellectu
1729 2999 1866 3058 erat,

293 3076 789 3145 transgrediuntur,
823 3077 947 3147 quia
981 3077 1141 3133 Novo
1171 3077 1523 3134 Testamento
1551 3082 1865 3148 concordat,

287 3163 566 3220 infirmare
598 3166 966 3238 evangelicum
1017 3168 1245 3239 gratiam
1295 3184 1392 3239 per
1446 3169 1551 3225 hoc
1598 3171 1864 3236 volentes,

285 3258 431 3328 quod
472 3273 568 3312 eos
592 3274 828 3329 arguens
867 3260 942 3315 ait
971 3280 985 3315 :

356 3348 425 3401 Et
449 3349 521 3400 ad
544 3349 755 3403 irritum
780 3352 1084 3417 perducatis
1115 3362 1329 3420 pactum
1359 3370 1551 3407 meum.
1576 3354 1715 3421 Quid
1740 3372 1866 3427 ergo

286 3452 388 3507 pro
428 3438 533 3493 hoc
566 3440 803 3494 minatus
831 3442 956 3495 est?
995 3440 1167 3495 Nimis
1191 3442 1337 3496 enim
1368 3444 1564 3497 similis
1595 3460 1751 3513 paena
1785 3454 1867 3500 est

287 3530 719 3599 prtevaricationi
747 3548 961 3586 eorum.
991 3532 1103 3604 Ego
1128 3551 1332 3604 quoque
1351 3536 1461 3589 [nec
1476 3538 1671 3607 faciant
1700 3537 1860 3592 vobis.

286 3619 613 3686 Quomodo?
646 3623 872 3678 Visitabo
910 3642 996 3680 vos
1024 3626 1266 3680 velociter
1292 3630 1347 3682 in
1407 3639 1657 3699 egestate.
1693 3631 1865 3686 Nimis

284 3713 430 3768 enim
465 3725 687 3785 egentes
709 3732 804 3771 eos
835 3716 1096 3772 Dominus
1124 3734 1222 3787 per
1254 3721 1478 3775 verbum
1511 3737 1668 3776 suum
1713 3723 1858 3791 fecit,

284 3804 340 3857 in
371 3811 579 3857 tantum
608 3815 661 3858 ut
685 3806 750 3859 ad
777 3806 1009 3861 invicem
1041 3807 1336 3891 dicerent}
1373 3809 1554 3863 Durus
1585 3820 1658 3865 est
1693 3829 1862 3867 sermo

282 3895 387 3962 hic,
427 3897 544 3966 quis
574 3907 739 3966 potest
764 3916 881 3952 eum
910 3900 1098 3953 audire
1118 3900 1209 3954 8".7
1243 3901 1397 3957 Sicut
1420 3917 1548 3974 ergo
1570 3912 1765 3974 sponte
1786 3905 1861 3960 lc-

282 3989 363 4060 gis
388 3989 723 4045 intellectum
760 3994 1301 4063 transgrediebantur
1323 4039 1336 4061 ,
1394 4008 1453 4051 ut
1482 3984 1856 4069 evangelicum

283 4090 669 4136 testamentum
729 4084 781 4137 in
842 4085 1054 4139 irritum
1087 4086 1455 4156 deducerent,
1516 4091 1660 4160 quod
1709 4091 1861 4147 illinc

280 4170 515 4226 habebat
543 4175 852 4241 exordium,
882 4176 963 4231 sic
990 4178 1072 4232 eis
1101 4187 1155 4232 et
1178 4179 1291 4248 ipse
1314 4181 1543 4237 obscura
1577 4183 1743 4238 verba
1773 4184 1854 4239 di—

278 4263 456 4329 cebat,
485 4274 538 4320 et
565 4266 836 4322 difﬁcilem
865 4284 1088 4323 suorum
1115 4271 1429 4342 dogmatum
1457 4273 1688 4329 faciebat
1709 4291 1856 4330 com-

277 4357 725 4424 prehensionem.
771 4360 875 4415 Sed
911 4362 1024 4431 jam
1055 4378 1177 4432 quae
1203 4374 1506 4434 sequuntur
1528 4383 1783 4439 agnosce.

1980 534 2353 605 predicabant
2389 557 2400 591 :
2436 538 2578 604 Quid
2607 540 2881 610 faciemus,
2935 543 3058 612 quia
3088 545 3172 597 hic
3209 545 3359 599 homo
3390 546 3558 599 multa
3612 610 3617 615 θ

1960 628 2130 697 _signa
2174 627 2348 693 facit?
2375 626 2431 681 Si
2464 627 2755 683 omittimus
2795 646 2911 683 eum
2941 632 3041 696 sic,
3078 633 3280 686 venient
3313 633 3557 699 Romani,

1928 768 1940 777 ,
1979 727 2026 772 et
2073 718 2254 771 tollent
2288 728 2521 773 nostrum
2552 728 2600 774 et
2628 720 2799 774 locum
2838 731 2884 775 et
2920 732 3123 792 gentem
3162 724 3228 777 ⁸³.
3264 725 3406 796 Ergo
3448 744 3559 783 non

1980 810 2106 879 quia
2144 810 2242 880 legi
2277 818 2372 863 aut
2397 812 2683 880 prophetis
2714 813 2987 889 contraria
3020 814 3274 879 docebat,
3307 833 3432 871 nam
3470 819 3558 873 ni-

1979 900 2082 953 mis
2111 899 2192 954 eis
2209 916 2448 954 consona
2475 900 2680 965 docuit,
2705 904 2798 957 sed
2829 902 2910 958 sui
2932 906 3135 961 amoris
3152 922 3336 973 causa,
3367 910 3560 979 suique

1977 1006 2138 1045 causa
2187 992 2435 1060 negotii,
2488 995 2838 1049 sermonibus
2887 998 3007 1065 ejus
3044 1013 3160 1052 non
3209 994 3557 1057 obediebant.

1980 1082 2091 1137 Hoc
2117 1099 2245 1154 ergo
2276 1085 2512 1153 perculsi
2535 1087 2746 1153 morbo,
2778 1089 2967 1143 oculos
3010 1105 3139 1146 suos
3171 1094 3554 1158 conﬁciebant,

1977 1184 2028 1229 et
2059 1176 2269 1229 animas
2298 1177 2727 1244 consumebant,
2773 1196 2882 1233 non
2934 1183 3110 1237 solmn
3140 1186 3557 1243 exardescentes

1978 1267 2182 1333 furore,
2212 1276 2265 1321 et
2304 1267 2504 1323 invidia
2541 1250 2815 1339 corrupti,
2851 1274 2946 1328 sed
2995 1285 3054 1329 ut
3084 1278 3254 1330 semel
3295 1279 3555 1335 infirmati

1978 1368 2182 1424 mente,
2230 1368 2282 1413 et
2310 1361 2665 1430 cogitationes
2700 1379 2811 1417 non
2843 1365 3005 1420 nimis
3043 1383 3203 1422 sanas
3233 1369 3298 1423 ad
3355 1372 3557 1426 disrre-

1980 1452 2182 1506 tionem
2216 1450 2481 1506 factorum
2542 1454 2880 1509 dictornmve
2922 1457 3186 1513 habentes
3217 1500 3232 1525 ,
3263 1460 3448 1515 verbis
3501 1472 3556 1516 et

1978 1548 2254 1601 miraculis
2282 1587 2296 1612 ,
2353 1547 2655 1603 interiores
2676 1566 2803 1605 suos
2835 1553 3023 1606 oculos
3058 1554 3444 1619 conﬁciebant,
3502 1566 3557 1611 et

1977 1639 2213 1691 animam
2257 1640 2688 1706 consumebant,
2732 1642 2804 1695 ita
2853 1650 2911 1695 ut
2941 1644 3004 1696 ad
3043 1660 3168 1698 eum
3200 1646 3503 1700 clamarent
3539 1665 3552 1700 :

1983 1731 2253 1800 Usquequo
2284 1733 2521 1785 animam
2551 1743 2784 1786 nostram
2820 1724 2997 1788 tollis?
3036 1734 3093 1789 Si
3129 1746 3183 1789 tu
3217 1753 3268 1789 cs
3299 1736 3553 1803 Christus,

1976 1825 2061 1877 dic
2090 1824 2236 1876 nobis
2273 1823 2457 1893 palam
2483 1824 2551 1877 ⁸⁵.
2597 1824 2749 1890 Quod
2785 1826 2973 1896 utique
2998 1827 3192 1881 anima:
3221 1827 3559 1882 infidelitatis

1976 1915 2379 1984 consumptioni
2430 1916 2779 1985 subjacentes
2825 1926 3002 1971 erant.
3057 1916 3163 1971 Sed
3214 1926 3269 1972 et
3314 1914 3556 1973 Joannes

1978 2006 2091 2059 lucc
2120 2004 2189 2058 de
2229 2005 2310 2058 eis
2352 2005 2480 2058 dicit
2514 2021 2526 2057 :
2561 2005 2855 2074 PrOpterca
2890 2022 2998 2058 non
3030 2015 3281 2075 poterant
3308 2006 3553 2060 credere.

1975 2098 2078 2163 Qui
2111 2114 2300 2153 rursus
2347 2097 2479 2152 dicit
2522 2097 2684 2152 Isaias
2711 2117 2723 2150 :
2751 2097 2901 2152 Caeca
2952 2115 3040 2152 cor
3083 2099 3263 2168 populi
3293 2100 3472 2168 hujus,
3507 2109 3556 2153 et

1978 2205 2132 2242 aures
2162 2189 2275 2257 ejus
2312 2205 2543 2260 aggrava
2568 2228 2583 2254 ,
2627 2206 2689 2242 ne
2719 2190 2928 2260 quando
2977 2189 3140 2242 oculis
3174 2192 3282 2243 suis
3320 2191 3553 2258 videant,

1976 2290 2024 2332 et
2064 2279 2280 2333 auribus
2330 2279 2587 2345 audiant,
2630 2289 2677 2333 et
2711 2280 2866 2333 corde
2904 2280 3200 2350 intelligant
3231 2282 3297 2335 “.
3339 2281 3551 2346 Cernis,

1975 2371 2099 2441 quia
2130 2371 2587 2441 quemadmodum
2633 2370 2882 2427 fecerunt
2928 2373 3052 2442 ipsi.
3100 2373 3178 2427 sic
3210 2382 3265 2427 et
3304 2374 3555 2429 Christus

1976 2464 2056 2518 eis
2092 2464 2242 2520 fecit.
2284 2464 2422 2530 Quia
2467 2465 2613 2518 enim
2661 2464 2780 2534 ejus
2815 2465 3029 2519 irritum
3081 2465 3260 2523 facere
3308 2475 3551 2536 pactum,

1977 2554 2091 2608 sive
2129 2563 2514 2608 testamentum
2547 2555 2899 2622 studuerunt,
2952 2566 3099 2611 recte
3133 2573 3322 2612 eorum
3366 2557 3554 2612 oeulos

1976 2655 2031 2700 et
2059 2660 2153 2701 cor
2183 2646 2496 2712 excaeeavit,
2514 2654 2568 2701 et
2584 2646 2834 2702 ardorem
2860 2647 2974 2702 sive
3006 2648 3219 2719 ἴκτερον
3253 2648 3552 2703 conficien-

1977 2745 2086 2790 tem
2119 2736 2310 2792 oeulos
2338 2752 2549 2802 eorum,
2583 2745 2635 2791 et
2663 2738 2874 2794 animas
2898 2748 3313 2794 consumenlem
3343 2740 3424 2794 eis
3455 2740 3553 2794 de-

1974 2823 2074 2877 dit.
2123 2820 2229 2877 Sed
2256 2824 2390 2892 quid
2426 2825 2491 2878 iis
2521 2824 2765 2880 addidit?

2045 2914 2268 2969 Frustra
2299 2926 2580 2971 sementem
2608 2920 2812 2984 seretis,
2845 2936 2962 2991 qua:
2985 2922 3049 2974 ab
3073 2922 3303 2976 hostibus
3329 2922 3553 2976 deuora-

1975 3004 2136 3058 bitur.
2181 3003 2403 3059 Frustra
2437 3008 2581 3061 enim
2624 3008 2731 3062 illis
2761 3011 3150 3080 prophetarum
3184 3024 3238 3068 et
3267 3013 3401 3085 legis
3424 3030 3551 3086 pro-

1974 3092 2158 3149 ferunt
2198 3095 2405 3150 semina
2433 3137 2449 3162 ,
2495 3105 2550 3151 et
2583 3099 2890 3157 doctorales
2934 3102 3084 3158 illine
3120 3105 3394 3161 seminant
3431 3121 3551 3161 ser-

1971 3200 2188 3251 mones,
2236 3201 2343 3241 non
2381 3188 2646 3243 habentes
2683 3198 2878 3245 terram
2912 3192 3145 3249 fertilem
3198 3195 3263 3248 ad
3290 3194 3552 3266 intelligi-

1969 3274 2159 3329 bilium
2192 3274 2506 3349 dogmatum
2542 3278 2777 3333 fructum
2811 3298 2823 3334 :
2857 3280 3001 3335 unde
3049 3297 3151 3336 nec
3185 3280 3308 3337 cibo
3357 3297 3547 3335 eorum

1968 3366 2249 3433 fruuntur,
2283 3368 2376 3423 sed
2406 3369 2670 3424 devorant
2706 3386 2768 3425 ea
2798 3371 3093 3425 adversarii
3127 3387 3317 3426 eorum
3364 3372 3456 3442 qui
3492 3372 3546 3426 in

1967 3459 2186 3514 Christo
2234 3461 2487 3525 credunt,
2516 3476 2653 3530 quos
2688 3462 2787 3532 ipsi
2830 3462 2933 3516 sibi
2963 3478 3059 3532 per
3089 3462 3465 3519 inﬁdelitatem
3493 3473 3549 3519 et

1968 3551 2230 3606 invidiam
2268 3554 2574 3609 contrarios
2607 3553 2874 3611 fecerunt.

2037 3641 2104 3695 Et
2139 3661 2333 3713 ponam
2364 3646 2555 3714 faciem
2593 3663 2764 3699 meum
2815 3654 2998 3700 contra
3055 3663 3164 3703 vos.
3230 3646 3544 3701 Secundum

1965 3735 2343 3807 propheticum
2394 3737 2539 3790 illam
2593 3753 2827 3793 vocem:
2874 3736 3061 3792 Vultus
3116 3749 3295 3792 autem
3332 3738 3544 3791 Domini

1962 3844 2121 3896 super
2146 3829 2395 3900 facientes
2422 3829 2567 3883 mala
2590 3871 2604 3896 ,
2634 3839 2690 3883 ut
2723 3830 2909 3898 perdat
2951 3830 3015 3884 de
3048 3839 3196 3883 terra
3235 3831 3543 3883 memoriam

1964 3935 2143 3972 eorum
2165 3919 2236 3973 ⁸⁷.
2554 3924 2562 3933 ‘

1976 4070 1979 4073 λ
2032 4011 2101 4066 Et
2128 4013 2381 4065 corruetis
2410 4028 2585 4065 coram
2611 4013 2842 4068 hostibus
2881 4014 3083 4067 vestris.
3114 4012 3354 4067 Gentiles
3370 4012 3539 4073 enim,

1961 4119 2102 4175 quos
2126 4103 2376 4158 inimicos
2411 4104 2510 4159 sibi
2547 4105 2819 4174 judicant,
2869 4122 3052 4161 coram
3085 4106 3165 4160 eis
3215 4105 3451 4167 cadunt,
3485 4104 3539 4157 in

1961 4194 2136 4250 salute
2169 4211 2358 4248 eorum
2391 4195 2757 4251 offcndentes.
2801 4196 2955 4252 Unde
2991 4196 3347 4268 Symmachus
3371 4238 3385 4260 ,
3441 4212 3541 4267 pro
3582 4186 3585 4189 ἢ

1961 4288 2174 4353 cadetis,
2219 4288 2489 4357 oﬂ‘endctis
2515 4328 2529 4351 ,
2580 4288 2674 4353 ait,
2708 4297 2830 4342 ante
2866 4290 3106 4343 inimicos
3142 4298 3355 4344 vestros.
3399 4287 3538 4354 Quid

1959 4392 2141 4435 autem
2172 4380 2318 4434 aliud
2357 4381 2606 4435 addidit?
2641 4380 3021 4452 Persequentur
3055 4399 3161 4446 vos,
3190 4380 3306 4435 odio
3339 4381 3537 4435 haben-

348 4446 415 4500 Et
450 4448 641 4501 ardore
674 4450 763 4518 qui
788 4451 1027 4520 conﬁciat
1059 4454 1233 4507 oculos
1256 4465 1466 4510 vestros.
1493 4458 1616 4511 Sive
1652 4474 1865 4522 secum,
1886 4462 1927 4516 D
1958 4485 2031 4530 ιεε
2061 4492 2168 4539 vos,
2197 4485 2245 4529 ει
2278 4476 2487 4547 fugietis
2515 4474 2659 4528 nullo
2682 4446 3039 4546 persequente.

277 4536 406 4591 dum
440 4537 792 4610 Septuaginta
818 4561 831 4598 :
860 4542 1125 4609 Scabiem,
1162 4555 1210 4601 et
1236 4548 1469 4602 morbum
1498 4552 1696 4621 regium
1730 4569 1853 4605 con-

274 4640 535 4684 sumentes
563 4632 735 4686 oculos
754 4647 967 4702 vestros,
997 4638 1287 4706 obfirmabo
1318 4656 1475 4709 super
1495 4658 1601 4696 vos.
1628 4642 1852 4697 Scabies

274 4731 459 4776 autem
489 4724 713 4780 morbus
742 4737 823 4782 est
852 4731 1122 4797 corporis,
1157 4731 1250 4785 sed
1274 4733 1617 4800 manifestus,
1661 4735 1713 4787 in
1756 4752 1851 4789 su-

272 4814 498 4883 perﬁcie
525 4817 709 4871 carnis
742 4827 795 4871 et
821 4821 973 4874 corio
997 4822 1115 4890 ejus
1150 4822 1467 4879 decurrens.
1505 4825 1725 4880 Morbus
1754 4842 1852 4881 au-

273 4915 381 4959 tem
408 4906 606 4978 regius,
631 4909 681 4962 id
705 4919 809 4974 est,
831 4910 1063 4980 ῐκτερος,
1089 4912 1147 4965 ﬁt
1174 4914 1393 4983 quidem
1418 4932 1483 4969 ex
1505 4918 1848 4973 acccnsione.

272 4995 594 5056 Manifestus
628 5011 809 5055 autem
854 5002 945 5056 hic
974 5012 1080 5069 est,
1114 5005 1169 5059 in
1229 5007 1519 5076 superﬁcie
1566 5009 1746 5063 carnis
1798 5020 1852 5064 et

269 5089 427 5157 pellis
462 5086 780 5159 decurrens,
840 5104 895 5148 et
949 5096 1121 5151 multo
1169 5099 1340 5167 magis
1369 5100 1541 5154 oculis
1585 5100 1846 5156 insidens.

267 5180 466 5236 Latere
496 5193 677 5238 autem
715 5187 1027 5241 morborum
1058 5199 1251 5243 neuter
1281 5200 1480 5259 potest.
1509 5192 1667 5247 Tales
1697 5205 1852 5250 erant

264 5272 572 5329 animarum
624 5276 975 5332 Judaicarum
1018 5281 1233 5346 morbi,
1286 5283 1558 5340 manifesti
1592 5295 1647 5340 et
1694 5288 1845 5354 mali,

265 5377 320 5422 et
349 5379 694 5436 nequaquam
736 5370 875 5424 ultra
906 5370 1158 5427 latentes.
1197 5374 1541 5431 {Emulanles
1563 5378 1708 5432 enim
1740 5380 1845 5436 Do-

265 5460 398 5514 mini
441 5464 606 5532 verba
644 5474 698 5521 et
758 5466 1060 5535 miracula,
1116 5484 1223 5522 non
1270 5471 1378 5541 jam
1436 5475 1660 5528 morbos
1714 5491 1843 5530 suos

336 5659 382 5692 '°
414 5663 577 5720 Mare.
606 5684 698 5732 vn,
733 5668 819 5723 Η.
898 5668 940 5701 ⁸¹
968 5666 1159 5724 Matth.
1192 5688 1345 5732 xvm.
1381 5673 1470 5727 ‘25.

259 5719 306 5753 u
336 5674 382 5753 τιν
416 5674 698 5753 Mare._vn,
733 5674 861 5753 Iul.“
898 5674 943 5753 ’ξ
968 5674 1159 5724 Matth.
1192 5674 1490 5753 .\\'lll._:25_-_
1629 5674 1791 5730 Μῖίτιι-
1830 5695 1903 5741 νιν
1940 5680 1991 5736 8-

342 5735 446 5789 lsa.
477 5752 549 5806 vl,
589 5739 671 5793 tu.
747 5741 790 5773 ⁸⁷
824 5740 960 5796 l’sal.
995 5745 1270 5805 sxxnt,l7.
1332 5745 1394 5821 -33
1433 5744 1666 5816 l‘bilipp.
1710 5764 1787 5813 itl,
1820 5735 1898 5805 υἱέ

2030 4567 2128 4622 llic
2155 4568 2560 4637 quodammodo
2591 4568 2926 4622 contrarium
2956 4571 3077 4622 ecse
3124 4566 3342 4621 videtur
3390 4566 3533 4637 quod

1957 4661 2177 4715 dicitur.
2218 4660 2272 4715 Si
2308 4660 2451 4714 enim
2481 4660 2549 4714 ab
2580 4660 2832 4715 hostibus
2854 4660 3290 4730 persecutionem
3319 4659 3533 4729 patiun-

1958 4762 2066 4816 tur,
2095 4751 2369 4820 quomodo
2386 4751 2536 4804 nullo
2560 4760 2926 4821 persequente
2956 4751 3216 4822 fugiunt?
3248 4748 3376 4814 Sed,
3405 4763 3531 4816 per-

1955 4852 2256 4910 sequentur
2290 4857 2388 4895 vos
2412 4883 2425 4905 ,
2470 4858 2580 4896 non
2614 4842 2679 4896 ad
2716 4842 3101 4911 expellendum
3132 4840 3411 4909 legislator
3440 4836 3530 4888 ac-

1954 4930 2143 4999 cepit:
2180 4931 2277 4984 sed
2315 4930 2443 4999 quia
2472 4931 2744 4985 currendo
2792 4932 3162 4995 imminerent,
3196 4929 3261 4982 ad
3302 4926 3526 4981 salutem

1954 5034 2142 5073 eorum
2176 5019 2521 5074 festinantes.
2555 5020 2731 5085 Unde,
2764 5029 3163 5091 persequentur
3185 5033 3299 5082 vos,
3332 5016 3394 5069 In
3422 5031 3520 5068 ser-

1952 5112 2168 5165 vitutem
2202 5112 2431 5182 redigent
2462 5128 2568 5174 vos,
2588 5112 2976 5183 Symmachus;
3006 5110 3271 5164 Erudiunt
3306 5126 3337 5161 a
3368 5108 3527 5172 vobis,

1910 5186 1917 5193 ’
1953 5202 2294 5258 Tbeodotion
2328 5204 2519 5261 edidit.
2561 5204 2746 5258 Talem
2774 5204 2931 5258 nobis
2965 5212 3019 5257 et
3052 5202 3249 5256 Paulus
3271 5217 3528 5272 persecu—

1955 5293 2156 5347 tionem
2195 5280 2533 5346 demenstrat
2563 5312 2575 5346 :
2610 5292 2815 5362 Sequar
2856 5302 3035 5346 autem
3062 5333 3076 5355 ,
3116 5293 3163 5346 si
3197 5292 3531 5361 comprehcn-

1952 5384 2096 5450 dam,
2132 5384 2186 5436 in
2215 5399 2316 5452 quo
2349 5391 2397 5434 et
2420 5385 2815 5450 comprehensus
2838 5382 3037 5444 sum".
3071 5383 3272 5440 Gentes
3294 5399 3442 5454 ergo,
3473 5396 3527 5437 et

1951 5476 2091 5529 sicut
2109 5473 2277 5530 David
2294 5473 2359 5529 de
2390 5472 2612 5541 Iudaeis,
2630 5473 2852 5529 dicunt:
2872 5471 3063 5531 Nonne
3089 5475 3181 5546 qui
3206 5485 3255 5529 te
3280 5475 3526 5541 oderunt,

2064 5681 2110 5714 ⁸³
2139 5680 2387 5749 Joan.vt,
2424 5681 2514 5739 6!.
2594 5680 2640 5713 ⁸⁸
2667 5678 2799 5739 Luc.
2835 5695 2895 5753 η,
2923 5679 3007 5737 47.
3074 5682 3118 5716 ⁸⁵
3147 5680 3302 5737 Joan.
3343 5695 3399 5747 ι,
3430 5680 3522 5740 2t.
