4036 6200
509 290 652 358 1147

1705 297 2070 358 llESYCHII
2108 297 2496 360 PRESBYTE
2508 298 2586 359 [Π

3642 297 3797 365 1118

506 409 669 472 Deus,
711 409 922 461 oderam
971 405 1087 479 illos
1116 403 1201 458 ‘9?
1236 405 1621 460 Verumtamen
1673 422 1864 463 eorum
1925 410 2091 464 instat
2121 415 2163 470 Α
2195 412 2359 464 tutius
2391 410 2680 481 praesentis
2709 409 2832 464 vitae
2861 407 3034 478 ﬁgura
3061 416 3163 469 est,
3198 416 3252 463 et
3282 407 3497 480 signum
3525 422 3628 477 est,
3654 428 3795 482 qua:

507 500 697 564 saluti,
722 499 1053 567 festinatque
1089 506 1138 549 et
1173 506 1313 563 orat,
1346 497 1450 551 sizit
1473 498 1617 552 enim
1647 495 1782 561 Quia
1804 501 2092 564 assumptio

504 610 710 657 carum,
732 591 869 647 s'cut
894 588 966 642 ait
990 588 1210 653 Paulus,
1247 591 1352 643 vita
1381 597 1456 643 est
1489 588 1552 642 ea:
1586 590 1825 655 mortuis,
1850 599 1897 643 et
1929 590 2095 659 pleni-

506 682 633 735 tudo
661 697 863 746 earum,
897 679 1048 733 salus
1080 680 1262 733 numdt
1287 681 1353 733 ⁸ο.
1390 678 1451 733 lli
1478 687 1660 734 autem
1698 679 1916 750 fugiunt
1943 680 2094 735 nullo

507 780 892 842 persequente.
935 770 1051 824 Non
1079 771 1225 825 enim
1291 770 1752 842 quemadmodum
1788 771 1862 823 illi
1895 779 2096 825 nostree

505 863 665 917 saluti
700 863 966 926 invident,
987 863 1067 917 sic
1092 872 1147 917 et
1174 878 1274 916 nos
1299 862 1539 922 illorum.
1560 862 1704 917 unde
1733 878 1826 918 eos
1848 878 1952 917 nec
1975 878 2097 932 per-

506 952 822 1023 sequimur,
858 968 961 1007 nec
1008 968 1135 1007 cum
1187 968 1288 1006 nos
1340 961 1699 1018 aversantur,
1752 968 2092 1017 aversantur,

506 1044 602 1100 sed
654 1044 947 1116 implemus
1009 1044 1152 1115 quod
1213 1043 1381 1097 lsaias
1414 1044 1682 1115 propheta
1712 1044 1848 1098 dixit
1878 1062 1891 1097 :
1926 1044 2096 1099 Dicite

506 1137 806 1190 odicutibus
842 1152 931 1190 vos
962 1136 1215 1206 fratribus
1243 1136 1447 1201 vestris,
1481 1146 1529 1189 ct
1558 1135 2002 1199 abominantibus,
2037 1146 2093 1191 ut

507 1241 691 1278 nomen
716 1225 929 1279 Domini
956 1224 1300 1296 gloriﬁcetar,
1320 1234 1367 1278 et
1393 1226 1632 1279 videatur
1662 1226 1718 1278 iu
1741 1225 2097 1281 exsultatione

432 1316 445 1323 ’
507 1333 708 1382 corutu,
741 1326 787 1371 et
819 1317 901 1370 illi
929 1316 1235 1371 erubescant
1259 1318 1327 1371 ".

581 1407 746 1463 Vens.
778 1408 959 1463 l8-‘26.
993 1408 1123 1463 «Sin
1143 1417 1325 1462 autem
1351 1422 1455 1463 nec
1488 1407 1566 1462 sic
1595 1408 1909 1464 ohedieritis
1938 1410 2093 1476 mihi,

506 1500 701 1553 addam
727 1499 1106 1570 correptiones
1138 1508 1348 1553 vestras
1374 1499 1683 1568 septuplum
1714 1510 1937 1570 prepter
1966 1518 2096 1571 pec-

506 1601 627 1645 cata
670 1601 874 1656 vestra,
900 1598 956 1645 et.
986 1598 1267 1646 conteram
1302 1590 1555 1671 duritiam
1590 1590 1859 1659 superbiae
1881 1603 2093 1657 vestrae,

507 1683 760 1751 dahoque
784 1682 983 1737 caelum
1014 1682 1169 1736 vobis
1196 1681 1452 1751 desuper,
1485 1683 1627 1735 sicut
1657 1681 1885 1746 ferrum,
1915 1690 1969 1736 et
1996 1692 2099 1736 ter-

2197 514 2293 567 per
2324 498 2695 569 septenarium
2732 513 3021 551 numerum
3053 496 3313 550 volvitur.
3343 495 3549 568 thuia
3568 510 3791 570 septem

2195 590 2275 644 eis
2310 590 2687 659 correptiones
2720 589 2835 644 sive
2881 588 3149 642 vindictas
3188 589 3274 642 vel
3321 589 3505 660 plagas
3549 590 3793 657 inferre,

2196 681 2565 737 omnimodam
2595 696 2831 750 pinnam,
2868 690 2922 734 et
2942 679 3211 750 integram
3247 679 3562 744 vindictam,
3590 692 3796 752 utpote

2196 789 2305 826 non
2340 772 2567 829 venialia
2599 788 2703 826 nec
2735 770 3058 843 pmnitentia
3091 771 3258 841 digna
3286 773 3642 840 peccantibus
3677 774 3791 827 mi-

2196 875 2358 920 natus
2395 872 2497 929 est,
2530 864 2602 919 ita
2639 872 2690 917 ut
2729 865 2891 917 tinem
2927 862 2981 917 in
3014 863 3092 917 eis
3143 862 3274 915 illud
3326 864 3605 932 acciperet
3652 880 3796 934 pro—

2198 954 2473 1024 pbcticum
2503 954 2782 1023 eloquium
2819 970 2831 1007 :
2863 951 3001 1017 Quid
3057 953 3303 1022 cogitatis
3350 965 3536 1007 contra
3601 954 3789 1009 Domi-

2198 1063 2322 1100 num
2344 1046 2425 1099 "?
2445 1045 2984 1100 Consummationem
3009 1044 3125 1115 ipse
3145 1043 3325 1119 faciet,
3350 1061 3459 1099 non
3489 1057 3789 1117 consurget

2198 1136 2400 1207 duplex
2429 1136 2727 1201 tribulatio,
2753 1138 2881 1206 quia
2909 1137 3050 1191 sicut
3077 1137 3253 1206 Spinze
3280 1152 3339 1191 se
3367 1137 3603 1192 invicem
3625 1154 3789 1192 com-

2198 1230 2530 1299 plectuntur,
2556 1229 2636 1283 sic
2657 1229 2965 1283 convivium
2987 1228 3203 1283 illorum
3229 1228 3435 1296 pariter
3452 1231 3786 1298 potantium,

2197 1329 2593 1375 consumantur
2623 1320 2779 1390 quasi
2833 1319 3031 1390 stipula
3079 1319 3334 1373 ariditate
3375 1320 3559 1389 plena.
3605 1318 3677 1374 Ex
3724 1332 3790 1376 te

2198 1406 2389 1473 exibit,
2420 1407 2667 1478 cogitans
2696 1418 2887 1463 contra
2933 1407 3223 1461 Dominum
3259 1407 3522 1462 malitiam
3551 1448 3565 1472 ,
3595 1418 3791 1463 mente

2198 1508 2540 1569 pertractans
2573 1500 3100 1569 praevaricationem.
3139 1499 3182 1551 A
3212 1515 3320 1568 quo
3351 1508 3537 1553 autem
3571 1500 3790 1569 cogita—

2202 1590 2275 1645 lio
2302 1602 2487 1645 contra
2527 1593 2815 1646 Dominum
2855 1608 3074 1663 egressa
3106 1603 3211 1655 est,
3243 1591 3382 1645 mala
3418 1592 3685 1663 cogitans,
3718 1602 3789 1646 et

2201 1684 2471 1736 contraria
2513 1684 2803 1754 praeceptis
2843 1685 2980 1754 ejus,
3034 1684 3139 1738 nisi
3188 1685 3391 1754 pepulo
3419 1683 3731 1739 Iudaeorum
3760 1686 3789 1739 ?

508 1789 622 1828 ram
658 1790 889 1829 amcam.
931 1773 1301 1828 Consumetur
1349 1772 1623 1828 incassum
1683 1773 1837 1827 labor
1890 1783 2094 1829 vester.
2129 1766 2170 1822 Β
2199 1774 2267 1830 de
2298 1791 2407 1845 quo
2437 1776 2603 1830 lsaias
2643 1778 2895 1831 diccbat:
2935 1776 3018 1831 Va:
3048 1776 3187 1842 illis,
3220 1778 3346 1846 quia
3385 1775 3656 1829 consilium
3683 1794 3789 1830 co-

506 1864 625 1919 Non
657 1865 899 1935 proferet
934 1874 1077 1919 terra
1113 1880 1357 1936 germen,
1383 1880 1485 1919 nec
1512 1865 1738 1919 arbores
1760 1882 1918 1935 poma
1952 1882 2093 1937 prte-

508 1958 734 2013 bebunt.
774 1956 829 2011 Si
863 1956 1273 2013 ambulaveritis
1309 1973 1376 2011 ex
1416 1958 1647 2012 adverso
1683 1958 1838 2025 mihi,
1867 1975 1970 2014 nec
1999 1975 2094 2014 vo-

508 2048 719 2103 lueritis
771 2049 963 2103 audire
1015 2064 1136 2114 me,
1193 2047 1391 2102 addam
1444 2048 1630 2118 plagas
1673 2058 1885 2102 vestras
1921 2064 2093 2118 usque

506 2140 817 2210 septuplum
862 2150 1087 2210 propter
1131 2150 1352 2211 peccata
1388 2148 1566 2194 vestra
1603 2157 1616 2194 :
1649 2143 2004 2213 cmittamque
2037 2143 2090 2196 in

505 2245 605 2284 vos
636 2231 806 2286 malas
830 2230 1037 2286 bestias
1087 2228 1223 2301 agri,
1257 2245 1377 2299 quae
1425 2238 1751 2285 consumant
1788 2237 1842 2284 et
1892 2245 1989 2285 vos
2038 2238 2094 2285 et

505 2336 704 2392 pecora
741 2333 918 2376 vestra
946 2361 960 2386 ,
1019 2330 1073 2375 et
1112 2320 1179 2375 ad
1213 2322 1543 2391 paucitatem
1583 2330 1778 2375 cuneta
1824 2322 2089 2392 redigant,

507 2413 691 2470 desert
707 2396 848 2484 eque
875 2414 1008 2469 fiant
1041 2413 1143 2467 vite.
1167 2423 1383 2467 vestrae.
1415 2412 1572 2479 Quod
1596 2412 1640 2467 si
1674 2429 1775 2468 nec
1805 2414 1883 2469 sic
1913 2415 2095 2468 volue-

508 2505 634 2563 ritis
670 2507 917 2576 reciperc
940 2505 1309 2574 disciplinam,
1344 2507 1438 2559 sed
1462 2506 1874 2560 ambulaveritis
1904 2521 1970 2560 ex
1998 2506 2095 2561 ad-

512 2614 672 2654 verso
704 2597 835 2651 mihi
858 2636 871 2661 ,
922 2612 1023 2667 ego
1061 2612 1279 2666 quoque
1309 2606 1497 2649 contra
1525 2610 1621 2650 vos
1654 2596 1917 2649 adversus
1946 2595 2094 2650 incc-

508 2686 657 2751 dam,
682 2695 736 2741 et
756 2686 1057 2756 percutiam
1075 2703 1170 2741 vos
1190 2686 1394 2757 septies
1412 2694 1634 2756 propter
1650 2695 1871 2756 peccata
1890 2696 2093 2750 vestra,

511 2778 876 2847 inducamque
900 2792 1066 2849 super
1088 2793 1186 2833 vos
1206 2776 1443 2847 gladium
1471 2777 1708 2831 ultorem
1728 2776 1948 2832 fmderis
1962 2777 2091 2832 mei.

507 2871 759 2941 Cumque
796 2869 1151 2939 conlugeritis
1178 2869 1246 2923 ad
1287 2869 1471 2931 urbes,
1495 2868 1705 2922 mittam
1731 2868 2092 2938 pestilentiam

509 2959 568 3015 in
603 2959 782 3015 medio
819 2958 981 3013 vestri
1010 3000 1024 3026 ,
1085 2968 1141 3013 et
1174 2958 1465 3013 trademini
1507 2958 1748 3013 hostium
1803 2959 2094 3014 manibus:

511 3060 802 3123 postquam
830 3049 1154 3122 conlrcgero
1192 3050 1445 3105 baculum
1477 3050 1636 3120 panis
1671 3051 1875 3118 vestri,
1928 3051 1998 3106 ita
2039 3061 2097 3107 ut

507 3145 700 3200 decem
738 3143 1003 3198 mulieres
1028 3143 1084 3197 in
1109 3142 1327 3197 clibano
1357 3153 1595 3211 coquent
1627 3157 1796 3213 panes
1820 3184 1834 3208 ,
1870 3152 1927 3225 et
1964 3143 2091 3197 red-

509 3235 644 3290 dent
691 3249 787 3289 eos
838 3234 904 3289 ad
938 3233 1175 3309 pondus,
1207 3240 1264 3287 et
1311 3233 1613 3288 comedetis
1640 3274 1655 3299 ,
1714 3243 1770 3289 ct
1800 3250 1911 3290 non
1942 3243 2093 3290 satu-

510 3325 789 3381 rabitnini.
831 3344 850 3377 ι
1620 3332 1647 3362 '

580 3414 806 3471 Talibus
874 3414 1327 3471 distinctionibus
1381 3431 1494 3469 non
1548 3415 1747 3469 frustra
1817 3415 2094 3488 legislator

518 3524 646 3564 usus
685 3517 788 3571 est,
816 3523 941 3561 nam
969 3523 1118 3564 nunc
1151 3509 1372 3579 quidem
1409 3509 1487 3562 ait
1522 3526 1534 3564 :
1574 3508 1669 3564 Sin
1699 3518 1876 3563 autem
1902 3527 1992 3563 nec
2020 3511 2095 3563 sic

508 3600 811 3655 obedieritis
836 3600 988 3653 mihi.
1044 3600 1249 3654 Deinde
1300 3600 1562 3671 quasdam
1592 3601 1969 3670 correptiones
1998 3600 2095 3655 de-

510 3706 811 3746 tiumerans
842 3690 1120 3745 subinfcrt
1152 3709 1166 3745 :
1196 3688 1257 3745 Si
1312 3691 1714 3744 ambulaveritis
1761 3708 1825 3744 ea:
1877 3695 2094 3745 adverso

510 3782 661 3836 mihi.
705 3782 772 3836 Et
802 3797 992 3835 rursus
1022 3781 1155 3835 alias
1174 3781 1358 3853 plagas
1389 3797 1690 3851 exponens,
1724 3780 1913 3834 addit:
1945 3778 2096 3845 Quod

508 3871 558 3924 si
583 3888 674 3925 nec
695 3872 962 3925 volueritis
990 3872 1217 3941 recipere
1257 3873 1593 3941 disciplinam
1615 3913 1630 3940 ,
1658 3873 1748 3927 sed
1780 3871 2092 3926 ambulave-

513 3961 630 4015 ritis
657 3978 721 4015 ex
745 3962 965 4016 adverso
1002 3961 1151 4017 mihi.

585 4052 692 4110 Sed
745 4055 868 4110 ideo
888 4098 902 4121 ,
954 4063 1015 4109 ut
1045 4054 1283 4110 diximus
1306 4097 1321 4121 ,
1370 4054 1455 4111 his
1482 4055 1928 4114 distinctionibus
1957 4076 2091 4116 usus

508 4156 633 4213 est,
687 4148 813 4219 quia
846 4148 1163 4218 frequenter
1190 4147 1445 4202 Christus
1492 4149 1774 4219 suscipere
1826 4152 2091 4222 populum

508 4238 824 4296 Judreorum
851 4239 1040 4305 voluit,
1074 4238 1150 4293 illi
1189 4248 1370 4293 autem
1408 4255 1515 4292 non
1546 4240 1896 4307 obcdiebant,
1935 4243 2007 4296 ita
2036 4248 2099 4296 ut

514 4330 582 4384 ad
613 4345 708 4384 eos
734 4329 993 4384 clamaret
1024 4346 1038 4381 :
1071 4326 1390 4394 Jerusalem,
1418 4326 1735 4393 Jerusalem,
1762 4344 1879 4398 qua:
1904 4325 2098 4382 occidis

2121 3113 2165 3170 ϐ

2189 1864 2356 1933 gitant
2387 1864 2582 1917 malum
2606 1907 2620 1926 ,
2673 1875 2857 1918 contra
2892 1867 3190 1931 semetipsos
3233 1866 3464 1919 dicentes
3495 1883 3508 1918 :
3540 1865 3790 1920 Circum-

2194 1954 2467 2008 veniamus
2488 1955 2693 2024 justum
2730 1975 2742 2010 :
2781 1958 2909 2027 quia
2937 1957 3144 2009 inutilis
3173 1967 3249 2010 est
3278 1956 3427 2011 nobis
3456 1958 3520 2011 “.
3548 1956 3790 2012 Fructus

2196 2060 2326 2115 ergo
2352 2046 2598 2099 laborant
2634 2062 2857 2101 suorum
2910 2049 3345 2102 mandueabunt.
3381 2046 3593 2103 Intende
3620 2048 3786 2103 enim

2195 2118 2624 2205 Ordinem‘quo
2698 2135 2869 2190 utitur
2928 2136 3207 2205 legislator
3273 2139 3340 2190 ad
3400 2137 3783 2192 comminatio-

2197 2241 2347 2280 nem.

2266 2316 2365 2371 Sin
2397 2327 2570 2371 autem
2607 2333 2697 2371 nec
2725 2318 2800 2370 sic
2840 2318 3135 2371 obedieritis
3183 2319 3331 2379 mihi.
3375 2320 3567 2373 addam
3601 2335 3788 2373 corre-

2196 2413 2396 2481 ptiones
2453 2422 2649 2467 vestras
2692 2413 2989 2483 septuplum
3049 2424 3261 2482 propter
3319 2424 3531 2481 peccata
3586 2426 3790 2467 vestra.

2196 2499 2547 2572 Septuaginta
2618 2512 2796 2556 autem
2879 2502 3167 2556 ediderunt
3206 2520 3218 2555 :
3253 2501 3309 2556 Si
3356 2520 3518 2573 usque
3589 2504 3657 2555 ad
3689 2504 3798 2556 hoc

2199 2610 2301 2647 non
2341 2593 2620 2647 audieritis
2660 2611 2741 2646 me
2770 2611 2782 2645 :
2812 2608 2983 2663 usque
3013 2594 3080 2648 ad
3106 2594 3231 2651 Jaoc
3250 2595 3395 2663 quod
3431 2595 3794 2664 pra-cedentia

2196 2684 2575 2750 ostenderunt,
2612 2684 2703 2738 ubi
2728 2694 3026 2753 egestatem
3056 2685 3421 2753 ardoremque
3442 2686 3602 2740 dixit.
3656 2683 3797 2751 Quae

2195 2777 2468 2849 quomodo
2512 2784 2761 2847 oporteat
2792 2777 2986 2847 accipi,
3031 2777 3083 2830 in
3133 2779 3577 2848 praecedentibus
3622 2792 3800 2847 espo-

2197 2869 2428 2924 suimus.
2460 2867 2515 2922 Si
2558 2885 2686 2940 ergo
2716 2884 2887 2939 usque
2917 2870 2983 2923 ad
3026 2870 3129 2924 hoc
3160 2870 3540 2925 inobedientes
3568 2869 3799 2939 fuerint,

2201 2971 2262 3016 ut
2291 2977 2392 3016 nec
2423 2978 2487 3015 ex
2521 2961 2627 3027 his,
2659 2978 2780 3030 qua:
2809 2962 2951 3015 dicta
2985 2971 3133 3025 sunt,
3168 2962 3551 3023 emendentur.
3589 2963 3798 3032 septies

2204 3052 2323 3107 illos
2355 3052 2490 3109 dixit
2513 3053 2736 3125 corripi,
2760 3053 2812 3108 id
2836 3064 2937 3119 est,
2975 3054 3267 3123 perfectam
3303 3055 3705 3123 correptioncm
3735 3054 3802 3109 in

2197 3142 2431 3210 peccatis
2475 3158 2664 3198 eorum
2694 3143 2938 3198 evenire.
2968 3143 3175 3209 Quibus
3215 3152 3420 3207 autem,
3463 3158 3573 3196 non
3629 3143 3796 3207 dicit,

2196 3240 2255 3285 ut
2305 3248 2495 3287 eorum
2550 3241 2771 3303 peccata
2809 3233 2911 3287 hoc
2972 3232 3111 3302 ipso,
3156 3232 3450 3303 quodnon
3508 3232 3798 3287 emendati

2195 3331 2341 3389 sunt,
2364 3339 2430 3378 ex
2454 3325 2729 3394 prtedictis
2754 3324 3136 3394 intelligamus.
3167 3324 3233 3377 Et
3260 3324 3390 3394 quid
3416 3325 3626 3378 adlidit
3666 3326 3692 3377 ἲ

2267 3413 2335 3469 Et
2370 3424 2636 3468 conteram
2660 3415 2913 3468 duritiam
2930 3416 3185 3485 superbia:
3214 3424 3415 3469 vestrm.
3444 3414 3559 3469 Non
3594 3416 3802 3470 volne-

2196 3515 2327 3561 runt
2376 3522 2495 3561 eam
2538 3506 2742 3561 Christi
2795 3507 3104 3562 libertatem
3151 3506 3448 3576 suscipere,
3503 3507 3801 3562 dicentes:

2195 3598 2380 3654 Semen
2415 3599 2634 3653 Abralta’
2664 3616 2866 3661 smnus,
2889 3610 2936 3652 et
2960 3598 3091 3652 nulli
3121 3599 3428 3651 seruiuimus
3463 3616 3706 3669 unquam
3725 3601 3797 3653 ’³.

2199 3691 2349 3746 llanc
2382 3707 2570 3745 eorum
2620 3690 2876 3745 duritiam
2923 3690 3192 3760 superbia:
3252 3691 3531 3757 contrivit,
3585 3690 3803 3745 servire

2196 3798 2291 3837 Cos
2320 3781 2814 3853 gentilmsl'aciens.
2846 3780 2994 3834 Dabo
3021 3780 3205 3833 caelum
3227 3781 3367 3833 vobis
3390 3787 3614 3849 desuper
3648 3783 3800 3834 sicut

2204 3878 2427 3947 ferrum.
2457 3874 2670 3928 Nullam
2696 3890 2824 3944 ergo
2844 3891 2906 3928 ex
2939 3889 3005 3927 eo
3027 3873 3397 3927 visitationem
3424 3874 3645 3943 penitus
3671 3866 3805 3929 sunt

2200 3965 2406 4036 adepti.
2447 3963 2515 4018 Et
2544 3975 2738 4019 terram
2768 3981 2992 4019 a‘ueam.
3029 3964 3195 4018 Terra
3227 3964 3375 4018 enim
3416 3964 3616 4019 divinae
3648 3965 3805 4021 Scri-

2198 4069 2392 4130 plural},
2437 4074 2599 4128 quam
2637 4057 2946 4127 possident,
3004 4055 3343 4111 infructuosa
3389 4055 3470 4109 eis
3502 4065 3622 4122 est;
3672 4074 3804 4113 cum

2198 4165 2309 4204 non
2352 4150 2421 4204 ab
2469 4149 2549 4203 eis
2595 4148 2911 4219 intelligitur
2963 4165 3071 4218 quo
3110 4155 3362 4217 oporteat
3416 4148 3610 4212 modo,
3651 4150 3804 4204 illam

2198 4254 2404 4294 amcam
2456 4253 2576 4294 esse
2620 4237 2771 4293 dicit.
2812 4239 2894 4292 Ad
2934 4238 3095 4309 cujus
3148 4238 3224 4292 rei
3264 4237 3648 4293 ostensionem
3701 4240 3804 4295 ad-

2200 4330 2338 4385 didit
2371 4347 2384 4383 :

516 4422 816 4488 prophetas,
841 4431 889 4475 et
917 4421 1125 4490 lepidas
1150 4434 1235 4473 eos
1260 4417 1351 4488 qui
1374 4418 1443 4471 ad
1474 4426 1521 4471 te
1545 4418 1688 4471 missi
1708 4421 2095 4489 sunt:quoties
2129 4447 2171 4503 ι)
2270 4421 2617 4477 Cousumetur
2660 4420 2924 4473 incassum
2973 4417 3123 4472 labor
3165 4429 3353 4475 vester.
3394 4420 3575 4475 Labor
3612 4419 3790 4482 enim,

518 4510 661 4566 volui
698 4526 1015 4581 congregare
1028 4509 1189 4600 ﬁlios
1220 4520 1365 4576 tuos,
1409 4509 1543 4561 sicut
1580 4509 1780 4578 gallina
1813 4520 2094 4582 congregat

516 4603 687 4673 pullos
712 4619 831 4656 suos
864 4601 956 4656 sub
1006 4599 1123 4656 alas
1155 4616 1301 4663 suas,
1339 4608 1386 4652 et
1418 4599 1637 4653 uoluisti
1666 4599 1759 4653 "‘l
1795 4601 1925 4655 Illud
1969 4618 2097 4672 ergo

514 4694 753 4751 maxime
780 4693 833 4748 in
870 4694 975 4760 his,
1030 4707 1152 4762 qua:
1183 4691 1328 4747 dicta
1360 4700 1508 4756 sunt,
1551 4692 1919 4752 attendamus.
1972 4692 2097 4762 quia

515 4801 642 4842 cum
678 4794 887 4855 septem
922 4783 1297 4853 correptiones
1349 4783 1715 4838 comminatus
1767 4783 1967 4850 fuerit,
2021 4786 2100 4840 sic

516 4894 610 4933 eas
636 4877 882 4931 subdiJit
917 4893 930 4929 :
960 4874 1359 4931 Contritionem
1394 4889 1524 4945 ergo
1553 4874 1769 4930 duritia:
1808 4877 2098 4946 superbiae,

516 4979 573 5025 et
594 4969 871 5025 datiancm
895 4968 1016 5023 coeli
1048 4967 1236 5033 ferrei,
1263 4977 1318 5023 ct
1348 4980 1508 5024 terrae
1530 4983 1717 5028 tenete.
1739 4976 1795 5023 et
1828 4969 2102 5024 incassum

516 5077 708 5117 eorum
740 5060 992 5115 consumi
1032 5059 1271 5115 laborem
1298 5099 1313 5124 ,
1360 5068 1411 5113 et
1468 5068 1667 5113 terram
1710 5075 1821 5113 non
1857 5059 2104 5129 proferre

519 5168 767 5225 germen,
807 5169 909 5209 nec
938 5154 1162 5208 arbores
1205 5166 1364 5221 poma
1410 5152 1657 5221 prmbere
1711 5152 1952 5207 minatus
1996 5162 2103 5207 est.

521 5246 650 5301 llaec
684 5254 868 5301 autem
890 5261 993 5311 sex
1014 5253 1163 5310 sunt,
1193 5260 1303 5298 non
1337 5253 1547 5314 septem
1576 5262 1588 5298 :
1616 5244 1718 5299 hoc
1751 5244 1892 5299 idem
1920 5255 2103 5299 autem

524 5338 793 5404 invenies,
828 5347 883 5392 et
903 5338 1143 5409 reliquas
1168 5336 1547 5406 correptiones
1578 5351 1925 5407 percurrens.
1964 5337 2105 5407 Ergo

524 5447 622 5500 per
647 5431 753 5488 hec
774 5430 1124 5487 manifestum
1147 5438 1230 5485 est
1256 5448 1268 5482 :
1296 5429 1422 5500 quia
1453 5428 1797 5499 septenarius
1821 5443 2105 5497 numerus,

602 5653 646 5723 ’ξ
681 5653 822 5707 Psal.
865 5672 1128 5717 cxxxvm.
1155 5659 1247 5712 2|.
1349 5659 1393 5690 ⁹⁰
1428 5656 1583 5712 Rom.
1632 5674 1708 5723 XI,
1736 5656 1801 5712 15
1833 5666 1890 5713 et
1921 5657 2003 5712 12.

508 5806 519 5814 ξ
550 5722 571 5756 ι
616 5719 742 5794 Sap.
780 5737 842 5791 ιι,
879 5725 966 5777 l2.
1042 5728 1088 5760 ’³³
1119 5728 1277 5783 Joan.
1314 5743 1431 5796 vui,
1456 5728 1545 5783 55.
1622 5729 1667 5762 ’⁸
1696 5719 1897 5801 Philip.
1932 5744 2015 5797 Ill,
2051 5727 2136 5785 19.

2116 5659 2158 5691 ἰ
2187 5657 2291 5712 lsa.
2319 5673 2461 5727 LXVt,
2494 5641 2542 5711 Ξῖ.

2200 4531 2361 4585 quem
2394 4514 2447 4568 in
2482 4513 2681 4567 divinis
2707 4512 3004 4582 Scripturis
3032 4513 3353 4576 ostendunt,
3416 4514 3806 4569 incumbentes

2205 4606 2478 4662 traditioni
2530 4607 2743 4669 litterae,
2772 4606 3044 4659 incassum
3077 4606 3441 4671 consumitur,
3497 4606 3590 4674 qui
3643 4606 3805 4676 plene

2204 4716 2312 4755 non
2335 4708 2561 4770 possunt
2585 4699 2702 4769 lege
2724 4697 3023 4752 secundum
3049 4696 3284 4751 litteram
3315 4699 3416 4758 uti.
3453 4697 3634 4751 ablato
3660 4698 3802 4762 loco,

2207 4793 2260 4846 in
2286 4808 2394 4863 quo
2417 4791 2600 4846 littera
2622 4806 2839 4851 omnem
2860 4789 3103 4845 divinum
3130 4790 3335 4843 cultum
3356 4790 3490 4859 legis
3510 4788 3805 4842 conclusit.

2209 4882 2381 4938 Nimis
2410 4881 2554 4936 enim
2579 4881 2835 4936 convenit
2861 4880 3007 4950 quod
3038 4880 3286 4950 sequitur
3312 4898 3325 4933 :
3363 4879 3479 4933 Non
3517 4878 3667 4932 dabit
3699 4890 3806 4932 ter-

2210 4992 2273 5028 ra
2335 4989 2545 5044 germen
2605 4989 2781 5034 suum,
2837 4987 2929 5024 nec
2980 4970 3192 5024 arbores
3254 4987 3411 5038 poma
3465 4968 3797 5037 prtebebunt.

2211 5065 2398 5135 Neque
2437 5066 2583 5119 enim
2625 5064 2866 5118 exterior
2898 5078 3085 5117 eorum
3127 5062 3313 5127 homo,
3354 5062 3446 5131 qui
3495 5061 3809 5130 appellatur

2216 5164 2381 5218 terra,
2418 5153 2726 5219 l'ructilicat,
2761 5154 2889 5223 quia
2935 5153 2988 5206 in
3018 5153 3389 5225 gastrimargia
3421 5153 3637 5213 vivunt.
3665 5162 3721 5207 et
3743 5154 3810 5206 de

2212 5245 2292 5299 eis
2346 5244 2549 5299 dictum
2592 5253 2712 5298 est:
2767 5242 3001 5307 Quorum
3063 5242 3202 5296 Deus
3232 5255 3427 5306 venter,
3467 5252 3515 5297 et
3541 5243 3718 5313 gloria
3754 5244 3806 5295 in

2215 5338 2515 5407 confusione
2540 5353 2719 5390 eorum
2735 5337 2803 5390 ".
2827 5335 2932 5390 Sed
2966 5350 3069 5390 nec
3110 5344 3341 5397 mentes,
3380 5349 3502 5405 qua:
3524 5344 3653 5389 sunt
3695 5333 3805 5404 agri

2218 5429 2383 5501 ligna,
2418 5430 2563 5485 sicut
2595 5428 2814 5484 inserta:
2842 5427 3064 5498 quidem
3093 5428 3307 5497 corpori
3341 5447 3356 5483 :
3393 5428 3489 5482 sed
3526 5435 3716 5481 tamen
3741 5439 3807 5480 eo

2659 5657 2704 5689 ⁹²
2740 5654 2936 5710 Matth.
2963 5669 3116 5722 χχιιι,
3159 5655 3247 5710 57.
3327 5652 3374 5685 ⁸³
3402 5650 3639 5708 Nullum.
3671 5666 3716 5720 ι,
3741 5647 3799 5708 9.
