4036 6200
258 303 393 371 1149

253 505 307 562 in
341 508 542 578 pietate
570 514 704 567 vult.

304 599 365 654 Si
384 602 780 660 ambulaveritis
796 624 860 662 ex
881 610 1098 664 adverso
1125 613 1269 669 mihi.
1294 615 1480 686 Neque
1509 619 1655 674 enim
1689 631 1838 677 recto

154 754 159 757 _
252 692 417 748 corde
465 694 530 748 ad
563 694 731 750 Deum
786 699 1066 755 incedunt.
1127 704 1452 765 Pervertunt
1510 700 1655 767 enim
1717 715 1836 783 ejus

251 783 419 847 viam,
474 785 609 856 legis
634 797 691 841 et
735 790 1126 858 prophetarum
1176 810 1371 854 sensus
1433 803 1832 872 subvertentes,

251 884 307 926 ut
336 890 489 929 suam
523 876 945 937 inobedientiam
993 899 1090 954 per
1116 886 1219 944 hoc
1247 899 1409 961 atque
1433 896 1833 963 praevaricatio-

250 980 373 1018 nem
434 968 698 1027 colerent.
732 970 964 1043 Propter
1018 979 1164 1046 quod
1211 980 1378 1036 infert
1406 1002 1419 1037 :
1452 984 1561 1040 Nec
1583 988 1628 1040 si
1655 988 1832 1044 volue-

251 1054 369 1107 ritis
397 1057 586 1111 audire
618 1074 718 1119 me,
747 1063 943 1117 addam
976 1066 1116 1121 vobis
1146 1068 1334 1140 plagas
1360 1084 1556 1130 vestras
1577 1095 1737 1148 usque
1761 1081 1832 1134 ad

248 1148 547 1217 septuplum
572 1164 784 1222 propter
804 1167 1017 1225 peccata
1047 1169 1238 1215 vestra.
1264 1163 1384 1217 Non
1401 1163 1512 1234 jam
1533 1168 1830 1238 correptio-

249 1251 374 1304 nes,
418 1239 513 1295 sed
566 1243 768 1314 plagas,
822 1247 1135 1304 validiorem
1186 1268 1331 1306 nunc
1360 1270 1576 1324 poenam
1626 1274 1828 1328 prrcce-

258 1330 432 1398 denti,
471 1341 524 1386 et
564 1336 825 1405 aequalem
864 1354 1052 1395 eorum
1097 1341 1477 1412 iniquitatibus
1525 1363 1823 1419 exponens,

247 1434 412 1490 quam
450 1423 613 1480 hanc.

315 1512 676 1587 Emittantque
699 1517 752 1571 in
772 1534 859 1573 vos
904 1521 1076 1576 malas
1115 1523 1306 1579 bestius
1333 1528 1472 1599 agri,
1501 1546 1617 1598 qua:
1639 1547 1827 1583 censu;

246 1612 394 1657 utaut
434 1620 523 1659 vos
551 1611 600 1660 et
639 1624 827 1677 pecora
850 1620 1043 1677 vestra,
1074 1623 1125 1667 et
1164 1617 1236 1667 ad
1276 1618 1595 1684 paucitatem
1636 1631 1824 1674 cuncta

244 1695 511 1766 redigant,
571 1699 890 1772 desertaeque
933 1703 1066 1772 ﬁant
1095 1706 1193 1758 vim
1235 1717 1436 1763 vestrm.
1486 1708 1621 1775 Quia
1672 1713 1815 1766 enim

241 1788 563 1858 semetipsos
596 1805 626 1844 a
669 1791 764 1846 Dei
811 1794 897 1848 via
946 1797 1280 1865 repulerunt,
1330 1811 1476 1854 recte
1518 1817 1681 1871 super
1728 1816 1820 1858 cos
1854 1802 1891 1853 ﬂ

238 1876 426 1933 bestia:
466 1881 601 1952 agri,
652 1883 928 1941 daemones
964 1886 1354 1956 immittuntur,
1410 1892 1679 1949 dominari
1736 1894 1815 1948 eis

238 1969 512 2036 permissi,
568 1972 660 2042 qui
719 1989 813 2030 cos
841 1986 895 2031 et
942 1988 1290 2035 consumunt.
1346 1980 1616 2053 Quidquid
1667 1983 1813 2038 enim

237 2059 733 2132 videnturjustitia:
752 2078 935 2136 agere,
962 2067 1107 2123 Deus
1137 2070 1237 2124 sibi
1267 2087 1373 2126 non
1400 2073 1646 2143 imputat,
1670 2075 1815 2143 quod

233 2147 580 2205 demonstrat
606 2149 802 2207 Paulus
827 2154 1016 2210 dicens
1055 2173 1068 2209 :
1106 2155 1376 2212 Justitiam
1394 2177 1547 2214 suam
1575 2178 1815 2232 qureret:—

235 2251 311 2295 tes
353 2244 685 2309 constituere,
723 2246 953 2315 justitite
995 2248 1092 2303 Dei
1125 2267 1226 2304 non
1255 2262 1375 2305 sunt
1404 2253 1626 2322 subjecti
1648 2254 1713 2308 ".
1750 2255 1816 2309 Et

234 2348 424 2389 rursus
471 2334 698 2391 :Israel
755 2348 933 2394 autem
982 2343 1229 2396 sectanda
1279 2343 1446 2413 legem
1486 2346 1729 2415 justitite,
1759 2348 1814 2399 in

231 2420 395 2490 leqem
426 2423 654 2492 justitite
691 2442 796 2481 non
834 2430 1065 2496 pervenit
1096 2430 1164 2485 ⁸⁸.
1202 2430 1434 2488 Necesse
1464 2443 1547 2490 est
1575 2451 1723 2506 ergo,
1756 2447 1814 2492 ut

237 2524 355 2566 eum
377 2516 667 2572 comedent
693 2517 989 2583 daemones,
1018 2522 1109 2592 qui
1149 2538 1338 2578 eorum
1374 2542 1591 2596 pecora,
1622 2528 1674 2582 id
1705 2538 1810 2596 est,

229 2606 521 2672 pecoribus
552 2609 758 2664 similes
799 2611 1071 2674 homines,
1101 2630 1328 2684 pravum
1360 2618 1614 2675 videlicet
1642 2636 1813 2691 popu-

233 2694 346 2749 lum
392 2707 557 2767 atque
584 2699 894 2770 imperitum
930 2715 1282 2771 consumunt,
1324 2708 1591 2778 siquidem
1623 2712 1811 2767 nullus

226 2796 313 2844 est
355 2787 413 2843 in
459 2789 568 2846 illis
607 2792 937 2859 intellectus,
981 2797 1118 2851 nihil
1168 2799 1260 2854 Dei
1311 2803 1533 2857 servitio
1585 2803 1809 2875 dignum

225 2878 465 2951 cogitare
494 2895 924 2950 consueverunt,
943 2887 1037 2942 sed
1063 2889 1206 2944 sicut
1231 2891 1475 2961 iumenta
1507 2895 1559 2948 in
1584 2898 1808 2954 modum

224 2970 370 3026 freni
423 2972 605 3028 stultis
666 2961 1083 3047 praepositorum
1129 2996 1351 3037 suorum
1418 2986 1808 3045 traditionibus

226 3063 526 3130 ducuntur,
558 3076 783 3137 propter
817 3070 960 3139 quod
994 3080 1123 3126 sunt
1150 3072 1461 3130 daemonum
1489 3077 1616 3145 cibi,
1648 3088 1705 3135 et
1738 3082 1805 3136 ad

1405 329 1491 391 IN
1532 331 1968 397 LEVITIC-UM.
1991 360 2053 373 ·-
2078 339 2223 399 LIB.
2250 338 2375 401 \‘ll.

251 417 583 475 excelsiores
597 418 805 480 fructos
833 425 942 481 Deo
974 430 1220 499 prmbent
1243 435 1385 504 quod
1408 439 1713 509 germinare
1734 457 1835 496 nos
1863 451 1905 503 Α
1938 445 2011 499 ris
2069 447 2386 516 sapientiam
2449 448 2772 517 obstupesce
2797 491 2812 516 ,

3373 350 3509 418 1150

2869 456 3138 521 quomodo
3205 470 3509 530 opportune

1940 539 2126 594 subdit
2152 557 2165 592 :

2006 648 2242 722 Cumque
2294 654 2534 724 fug/eritis
2590 656 2660 708 ad
2693 657 2862 721 urbes,
2913 659 3119 714 mittam
3156 663 3507 731 pestilentiam

1935 741 1990 793 in
2043 744 2214 796 medio
2263 745 2442 798 vestri.
2494 745 2860 816 lntrlligibiles
2905 749 3170 814 civitates,
3229 756 3509 824 prophetae

1934 843 2082 885 sunt.
2123 832 2470 888 Manifestum
2515 844 2595 888 est
2627 845 2807 890 autem
2842 852 2909 891 ex
2944 841 3141 908 quibus
3178 842 3318 897 Deus
3356 844 3509 901 lere-

1933 922 2057 976 mim
2096 923 2312 979 dicebat
2359 944 2371 978 :
2411 926 2523 996 Ego
2575 928 2768 997 quippe
2812 929 2931 983 dedi
2967 940 3016 983 te
3056 932 3206 986 hodie
3245 936 3508 992 civitatem

1933 1013 2193 1067 munitam
2209 1016 2274 1068 θ’.
2293 1017 2755 1080 Quemadmodum
2775 1036 2904 1089 ergo
2919 1020 2971 1073 in
2998 1022 3247 1077 civitates
3266 1037 3508 1084 muratas

1928 1101 2019 1171 qui
2052 1101 2208 1173 fugit,
2228 1105 2271 1155 si
2305 1102 2510 1158 amicus
2536 1115 2618 1159 est
2647 1107 2905 1172 solvatur,
2932 1109 2980 1163 si
3016 1119 3198 1165 autem
3231 1112 3503 1182 inimicus,

1928 1189 2141 1244 facilius
2194 1191 2476 1259 perimitur
2514 1192 2566 1247 in
2590 1209 2777 1248 earum
2836 1198 3044 1253 ambitu
3085 1201 3453 1260 circumdatus
3488 1222 3502 1259 :

1927 1280 2007 1334 sic
2043 1280 2097 1334 in
2136 1282 2474 1351 propheticis
2504 1282 2686 1349 ‘libris,
2726 1294 2780 1340 et
2825 1288 2880 1340 in
2929 1304 3119 1344 eorum
3160 1294 3503 1359 testimoniis,

1925 1371 2084 1425 amici
2141 1372 2264 1427 fidei
2300 1373 2681 1444 confugientes
2737 1379 3096 1434 munitionem
3169 1385 3506 1457 salutemque

1927 1463 2231 1527 inveniunt,
2282 1465 2485 1520 inimici
2534 1477 2717 1522 autem
2764 1479 2819 1524 et
2861 1470 3106 1527 inﬁdeles
3152 1474 3260 1528 cito
3306 1478 3503 1546 captivi

1928 1565 2177 1624 pereunt.
2211 1555 2441 1626 Propter
2465 1558 2629 1627 quod,
2653 1562 2873 1629 quando
2904 1563 2969 1615 ad
3002 1565 3305 1633 prophetas
3330 1567 3499 1623 Judaei

1928 1647 2161 1716 fugiunt,
2206 1648 2546 1704 declinantes
2591 1667 2714 1705 cum
2767 1653 2856 1722 qui
2910 1656 3071 1708 estin
3123 1657 3297 1711 doctis
3345 1658 3500 1723 viris,

1926 1738 2227 1806 Spirilalcm
2265 1740 2524 1811 gladium,
2565 1744 2931 1812 pestilentiam
2971 1746 3049 1801 ait
3094 1764 3152 1803 se
3200 1750 3414 1805 mittere
3446 1750 3497 1803 in

1921 1831 2103 1885 medio
2153 1847 2366 1888 eorum.
2416 1833 2535 1889 Illic
2592 1836 2737 1890 enim
2768 1838 3096 1903 moriuntur,
3155 1841 3317 1894 etiam
3352 1841 3500 1895 nullo

1916 1932 2200 1992 urguente,
2228 1938 2337 1977 non
2359 1925 2600 1980 valentes
2625 1929 2837 1982 cunctis
2865 1929 2932 1983 de
2956 1930 3174 1985 Christo
3199 1932 3500 2003 prophetiis

1917 2011 1996 2066 sic
2015 2014 2219 2082 apertis
2250 2029 2572 2086 repugnare.

1988 2124 2055 2177 Et
2122 2125 2409 2179 trademini
2458 2128 2682 2181 hostium
2735 2132 2978 2186 manibus
3026 2134 3163 2202 ejus.
3234 2135 3500 2192 Videlicet

1915 2212 2357 2284 iutelligibilium.
2389 2215 2679 2287 Postquam
2716 2221 3027 2290 confregcro
3056 2223 3299 2277 baculum
3343 2226 3499 2294 panis

1914 2306 2091 2360 vestri.
2145 2304 2392 2361 llarescit
2464 2308 2612 2363 enim
2665 2310 2807 2379 apud
2846 2327 2941 2365 eos
2984 2312 3275 2369 doctoralis
3320 2316 3496 2385 panis,

1914 2398 2153 2452 maxime
2204 2398 2460 2453 salutaris
2528 2419 2542 2456 :
2591 2401 2866 2470 quomodo
2923 2406 3321 2461 antem?Audi
3371 2423 3494 2477 quas

1914 2498 2219 2559 sequuntur
2261 2488 2389 2545 :Ita
2428 2501 2485 2544 ut
2533 2492 2710 2545 decem
2764 2493 3006 2549 mulieres
3046 2497 3100 2549 iu
3143 2513 3246 2550 uno
3288 2499 3497 2552 clibano

1912 2590 2139 2651 coquant
2154 2597 2336 2649 panes,
2363 2590 2411 2635 et
2439 2582 2659 2635 reddant
2677 2599 2761 2636 eos
2785 2585 2855 2638 ad
2876 2586 3099 2653 pondus,
3125 2597 3173 2641 et
3192 2589 3493 2655 comedetis,

1912 2684 1960 2727 et
2002 2690 2103 2727 non
2128 2674 2525 2728 saturabimini.
2566 2673 2713 2727 Nihil
2749 2675 2952 2730 habent
2992 2676 3190 2746 Judmi,
3222 2681 3364 2750 quod
3399 2682 3497 2737 do-

1910 2764 2144 2820 ctrinam
2201 2765 2347 2819 vires
2392 2764 2605 2820 habere
2672 2766 2949 2822 nutriendi
3004 2770 3188 2834 faciat,
3250 2774 3496 2844 inceptis

1908 2857 2097 2912 decem
2140 2856 2448 2935 praeceptis,
2497 2857 2621 2928 quia
2653 2873 2837 2913 veram
2886 2862 3279 2931 prophetarum
3322 2880 3496 2935 expo-

1909 2948 2187 3015 sitionem,
2232 2928 2421 3018 tilpote
2459 2951 2887 3006 concordantem
2950 2953 3249 3010 Salvatoris
3316 2957 3493 3014 nostri

1910 3040 2303 3110 dispensationi
2350 3040 2590 3113 fugiunt.
2641 3043 2869 3113 Reliqua
2910 3056 3093 3101 autem
3124 3047 3260 3119 legis
3299 3050 3490 3109 nolunt

222 3133 575 3224 paucitatcm-
599 3133 943 3229 rediguntur,
978 3170 1090 3217 tam
1135 3164 1489 3222 multitudine
1520 3133 1804 3240 quam'di:
1828 3158 1876 3215 (ἶ
1911 3133 2324 3240 imflligibnfler
2351 3134 2624 3240 ﬂeeipere’
2651 3151 2757 3240 {mc
2790 3136 3147 3240 Spiritimmer
3178 3142 3492 3213 suseipere:

222 3246 449 3317 gnitate.
472 3246 816 3319 Desertarque
836 3267 1023 3307 eorum
1046 3254 1182 3310 fiunt
1201 3256 1320 3323 viae,
1344 3275 1465 3328 qua:
1486 3275 1589 3315 nec
1610 3278 1804 3332 aquam

225 3337 432 3393 habent
464 3340 608 3405 vitm,
640 3358 742 3397 nec
766 3345 1197 3415 susceptionem,
1228 3349 1344 3403 sive
1380 3352 1802 3421 hoSpitalitatcm

222 3426 635 3500 lntcﬂigibilem,
702 3449 804 3489 nec
880 3437 1249 3506 producentes
1301 3456 1360 3495 se
1393 3444 1478 3496 vel
1530 3445 1683 3513 quasi
1728 3448 1795 3501 ad

226 3533 446 3572 manum
479 3521 834 3592 deducentes,
865 3535 961 3579 aut
990 3530 1382 3587 custodientes.

300 3609 453 3675 Quod
481 3613 528 3665 si
558 3629 650 3667 nec
676 3616 751 3668 sic
779 3617 1049 3671 volueritis
1077 3621 1305 3690 recipere
1328 3622 1683 3694 disciplinam,
1716 3631 1805 3684 sed

223 3701 618 3758 ambulaveritis
648 3722 712 3759 ex
740 3708 958 3763 adverso
993 3711 1138 3777 mihi,
1159 3729 1250 3781 ego
1276 3731 1478 3786 quoque
1505 3729 1685 3773 contra
1715 3738 1801 3776 vos

221 3792 474 3846 adversus
507 3795 767 3851 incedam.
810 3797 1053 3855 Advetsa
1082 3818 1242 3872 pinna
1274 3814 1414 3867 utar,
1446 3810 1802 3877 quemadmo-

221 3882 352 3935 dum
377 3883 604 3938 adversa
640 3894 726 3940 est
746 3886 847 3958 legi
873 3897 1053 3943 vestra
1078 3892 1448 3965 prmvaricatio
1469 3912 1481 3949 :
1504 3910 1628 3951 cum
1653 3898 1798 3954 enim

217 3974 470 4029 meditari
523 3992 653 4031 eam
707 3978 1021 4045 videamini,
1086 3982 1453 4039 intentionem
1509 3987 1628 4057 ejus
1688 4005 1798 4045 non

216 4066 468 4132 servatis,
504 4068 584 4123 sic
612 4077 666 4125 et
698 4085 799 4141 ego
846 4072 1131 4129 adversam
1177 4076 1333 4131 vobis
1374 4080 1796 4147 snperinducam

214 4172 459 4226 pennam,
487 4175 595 4214 non
619 4176 717 4217 vos
745 4163 1044 4233 corripiens
1079 4166 1207 4231 illis,
1237 4167 1433 4237 quibus
1466 4168 1797 4241 ﬂagellabant

213 4251 387 4319 prius,
412 4253 636 4324 quando
663 4254 971 4311 mortiferas
995 4268 1277 4328 serpentes
1305 4267 1358 4312 et
1377 4259 1710 4325 incendium,
1744 4275 1801 4318 et

214 4349 374 4398 terrae
405 4344 605 4411 hiatus,
643 4354 698 4400 ct
746 4345 945 4401 similia
985 4363 1147 4418 super
1172 4365 1268 4405 vos
1304 4350 1649 4415 iuduccbam,
1701 4355 1796 4409 sed

212 4427 368 4483 alias.
424 4431 556 4497 Quae
611 4441 740 4488 sunt
790 4444 972 4491 autem
1035 4437 1143 4503 hae,
1212 4441 1495 4509 sequentia
1550 4442 1792 4513 legentes

212 4520 470 4575 sciemus.

304 4611 372 4665 Et
403 4616 693 4682 percutiam
722 4634 810 4673 vos
853 4622 1041 4689 septies
1079 4632 1288 4693 propter
1323 4636 1539 4692 peccata
1586 4638 1786 4684 vestra.

210 4700 372 4758 Prius
399 4704 712 4776 corripiam,
735 4710 932 4766 deinde
958 4714 1283 4782 percutiam.
1315 4714 1619 4772 Procedens
1642 4720 1789 4773 enim

208 4808 396 4865 paena,
433 4805 624 4867 utpote
652 4812 840 4856 contra
873 4803 1274 4866 inobedientes,
1311 4806 1505 4862 fortior
1533 4810 1783 4865 eliicitur.

207 4885 572 4959 lnducamque
603 4908 761 4960 super
794 4910 882 4948 vos
908 4897 1147 4966 gladium
1187 4898 1404 4953 ultorem
1424 4901 1630 4970 fwrleris
1665 4903 1788 4958 mei.

206 4976 430 5035 Gladius
470 4982 699 5051 spiritus
747 4984 873 5053 quia
924 4986 1153 5041 verbum
1198 4988 1292 5042 Dei
1341 4990 1431 5055 sit,
1481 4989 1796 5060 frequenter

210 5069 470 5127 diximus.
509 5073 625 5130 lioc
649 5077 877 5131 verbum
909 5077 962 5131 in
986 5078 1184 5147 linguis
1219 5080 1473 5135 Ecclesia:
1510 5081 1794 5151 magistro-

208 5179 355 5230 rum,
412 5165 656 5223 vindicat
695 5169 964 5240 judicium
1017 5169 1260 5236 foederis,
1311 5173 1426 5226 sive
1481 5167 1791 5231 teStamenli

203 5260 524 5331 evangelici.
568 5261 861 5319 Convincit
906 5264 1050 5318 enim
1092 5278 1186 5318 eos
1233 5261 1323 5333 qui
1371 5279 1572 5343 novum
1604 5274 1790 5322 trans-

202 5352 550 5423 grediuntur,
579 5370 681 5410 nec
711 5364 868 5410 vetus
893 5355 1166 5410 custodire
1192 5370 1372 5424 posse,
1410 5346 1473 5409 et
1486 5355 1790 5413 vindicatur

202 5444 584 5517 Evangelium,
627 5462 752 5503 cum
803 5446 1008 5503 inimici
1058 5448 1193 5520 legis
1250 5448 1637 5513 ostenduntur,
1692 5451 1786 5521 qui

204 5533 485 5609 Evangelii
517 5540 747 5609 gratiam
770 5537 1261 5610 transgrediuntur.
1298 5535 1405 5592 Sed
1438 5546 1493 5592 et
1515 5536 1786 5608 legislato-

286 5726 503 5803 ",Rom.
541 5750 593 5803 κ,
623 5736 675 5790 5.
734 5733 799 5809 ﬂ”
829 5732 1024 5803 Philip.
1051 5736 1195 5806 111,6.
1274 5738 1319 5772 99
1343 5736 1546 5794 Jercm.
1577 5752 1617 5807 1,
1646 5737 1729 5793 18.

1909 3224 2002 3279 sed
2027 3225 2327 3279 secundum
2350 3226 2582 3280 litteram
2604 3227 2796 3296 solam,
2821 3231 2964 3299 quod
2987 3242 3130 3286 stare
3154 3250 3262 3287 non
3291 3243 3487 3304 potest.

1909 3317 2167 3379 Primum,
2226 3318 2351 3387 quia
2397 3320 2549 3373 locus
2599 3319 2914 3375 destructus
2968 3333 3071 3390 est,
3116 3326 3169 3379 in
3200 3342 3308 3395 quo
3334 3335 3492 3382 erant

1905 3407 2186 3473 sacriﬁcia,
2220 3421 2274 3461 et
2303 3409 2701 3476 mundationes,
2733 3421 2787 3467 et
2816 3413 3144 3480 oblationes,
3170 3427 3228 3471 et
3255 3419 3488 3489 reliqua,

1903 3512 2024 3567 qua:
2045 3498 2318 3567 pertinent
2342 3499 2408 3551 ad
2432 3500 2749 3555 servitutem
2776 3502 2993 3568 littera),
3022 3504 3224 3561 deinde
3252 3510 3417 3565 multa
3435 3510 3491 3565 in

1903 3588 1984 3643 eis
2017 3598 2192 3653 erant,
2229 3604 2343 3642 non
2394 3598 2502 3643 tam
2547 3591 2750 3655 studio,
2793 3609 2955 3661 quam
2988 3594 3099 3648 risu
3133 3596 3315 3666 digna,
3347 3599 3490 3654 sicut

1904 3693 1988 3739 ca,
2023 3695 2143 3748 quae
2172 3689 2303 3734 sunt
2337 3680 2403 3735 de
2431 3681 2581 3751 lepra
2614 3682 2906 3752 parietum,
2945 3685 3200 3751 trabium,
3232 3688 3486 3752 vestium,

1910 3781 2021 3819 non
2048 3784 2204 3822 arare
2232 3784 2356 3823 cum
2394 3770 2534 3824 hove
2571 3779 2626 3825 et
2655 3770 2904 3836 asino,et
2939 3774 3158 3839 similia,
3192 3777 3314 3846 qua:
3344 3777 3490 3848 lcga-

1903 3858 2045 3914 libus
2077 3862 2459 3918 traditionibus
2493 3864 2866 3919 continentur.
2906 3867 3100 3923 Decem
3125 3876 3307 3924 autem
3331 3886 3489 3926 man-

1902 3948 2151 4003 datorum
2195 3951 2372 4005 littera
2410 3952 2554 4010 clara
2600 3960 2702 4015 est,
2751 3955 2912 4026 digna
2957 3957 3025 4012 ad
3066 3959 3488 4017 custodiendum

1902 4050 2063 4109 atque
2093 4044 2454 4112 operandum.
2483 4044 2594 4101 Nec
2620 4049 2952 4103 contrarium
2980 4058 3067 4105 est
3084 4049 3304 4106 Sabbati
3331 4068 3488 4108 man-

1902 4133 2114 4200 datum,
2158 4135 2287 4204 quia
2348 4138 2451 4192 etsi
2503 4137 2692 4192 decem
2739 4141 3010 4196 mandatis
3069 4143 3335 4198 insertum
3377 4154 3484 4211 est,

1901 4240 2011 4278 non
2062 4234 2241 4279 tamen
2281 4242 2349 4281 ex
2377 4228 2458 4282 eis
2497 4238 2599 4284 est.
2642 4228 2699 4283 Si
2733 4245 2862 4302 ergo
2900 4233 3214 4288 mandatum
3247 4235 3487 4305 speciale

1904 4331 2170 4384 ponamus
2199 4335 2212 4371 :

1975 4427 2085 4499 Ego
2113 4446 2228 4482 sum
2266 4429 2517 4485 Dominus
2551 4430 2690 4485 licus
2712 4442 2854 4501 tuus,
2877 4436 2967 4506 qui
2988 4437 3147 4490 eduxi
3175 4447 3224 4497 te
3251 4439 3314 4493 de
3338 4447 3482 4494 terra

1824 4510 1866 4564 Ι)
1892 4517 2131 4589 ίΕσῃριὶ,
2162 4522 2224 4573 de
2249 4521 2404 4573 domo
2434 4523 2703 4579 servitutis
2726 4563 2742 4590 ,
2777 4526 3079 4594 perfectum
3105 4528 3290 4583 decem
3322 4546 3481 4584 man-

1907 4613 2156 4666 datorum
2214 4630 2504 4668 numerum
2587 4616 2945 4673 inveniemus.
2988 4621 3235 4677 ‘Dehinc
3293 4632 3481 4691 aperte

1898 4704 2139 4773 requiem
2164 4705 2554 4777 intelligibilem
2577 4708 2867 4780 signiﬁcat,
2896 4712 3073 4782 inqua
3098 4713 3309 4768 nullum
3341 4730 3481 4783 opus

1899 4796 2062 4864 hujus
2085 4797 2268 4852 mundi
2296 4798 2422 4852 licet
2454 4813 2554 4854 nos
2603 4817 2783 4872 agere.
2817 4802 2942 4858 llrec
2969 4801 3098 4873 ergo
3130 4807 3242 4858 sola
3274 4821 3472 4874 pacem

1897 4895 2194 4956 operantur
2232 4889 2433 4957 pepulo
2462 4889 2794 4959 Judzeorum,
2834 4893 2887 4947 in
2927 4895 3140 4948 clibano
3176 4912 3286 4949 uno
3318 4894 3472 4961 legali

1899 4976 2176 5037 videlicet,
2228 4985 2282 5032 et
2334 4980 2569 5034 reddunt
2620 4997 2715 5037 eos
2758 4984 2826 5037 ad
2870 4985 3084 5053 pondus
3135 4986 3475 5053 supradictos

1900 5083 2092 5139 panes,
2134 5068 2187 5122 id
2221 5079 2324 5135 est,
2373 5072 2440 5125 ad
2474 5074 2786 5129 sensibilem
2825 5074 3241 5130 districtioucm.
3284 5075 3474 5145 Neque

1898 5176 2029 5233 ergo
2071 5161 2299 5221 dilatant
2336 5163 2640 5219 doctrinam
2685 5164 2827 5220 sicut
2870 5167 3245 5236 Evangelium,
3289 5183 3471 5236 neque

1896 5254 2155 5309 adulterii
2206 5253 2508 5309 doctrinam
2560 5256 2857 5311 ostendunt
2890 5257 2956 5310 ad
3009 5258 3336 5321 custodiam,
3371 5275 3471 5314 nec

1894 5346 2216 5419 respiciendi
2261 5345 2565 5412 mulierem,
2602 5362 2705 5402 nec
2742 5348 3039 5412 homicidii,
3086 5365 3188 5405 nec
3232 5352 3299 5405 ad
3335 5352 3468 5407 iras-

1894 5441 2150 5497 cendum.
2184 5438 2338 5494 Unde
2393 5452 2499 5493 nec
2528 5439 2797 5494 satiantur
2837 5440 3154 5497 Judaeru-m
3215 5444 3463 5513 panibus,

1884 5531 1975 5602 qui
1997 5546 2061 5588 ex
2090 5531 2170 5587 eis
2190 5539 2318 5586 sunt
2336 5530 2552 5598 nutriti,
2574 5540 2781 5587 arctam
2821 5532 3109 5603 quamdam
3134 5535 3460 5600 doctrinam,
