4036 6200
501 232 630 313 1151

1681 238 2009 303 IIESYCHI
2015 237 2044 300 Ι
2079 237 2552 302 PRESBYTERI

3617 237 3764 304 11.52

495 365 532 404 n
561 351 744 420 hilqi.e
770 348 1069 406 habentem
1097 349 1380 416 ubertatis,
1417 349 1784 422 spiritalisque
1805 351 2076 424 largitatis
2108 358 2153 413 Α
2179 359 2338 406 erant
2369 349 2717 421 captivitates
2751 351 2986 421 experti,
3019 353 3298 424 multaque
3331 352 3536 424 ﬂagella
3563 365 3765 424 pertu-

492 450 792 498 εωηοηιεε.

566 531 728 588 Vens.
761 533 954 589 27-45.
997 552 1016 584 ‹
1053 532 1148 588 Sin
1181 545 1362 588 autem
1389 550 1489 590 nec
1519 551 1616 606 per
1641 537 1756 592 haec
1787 537 2072 593 audieritis

493 638 605 687 me,
651 625 744 678 sed
794 625 1205 681 ambulaveritis
1235 635 1424 682 contra
1461 643 1571 694 me,
1599 639 1780 701 etego
1821 629 2069 684 incedam

495 714 785 770 adversum
808 731 903 771 vos
922 717 974 770 in
1003 717 1186 772 furore
1222 734 1344 773 meo
1368 722 1660 786 contrario,
1699 730 1754 776 et
1780 722 2070 792 eorripiam

493 823 592 862 vos
619 818 827 879 septem
891 809 1063 880 plagis
1114 819 1338 882 propter
1378 821 1596 882 peccata
1654 826 1854 875 vestra,
1917 817 2072 870 itaut

494 901 791 956 comedatis
829 919 1046 958 carnem
1102 903 1332 959 ﬁliorum
1372 914 1695 971 vestrorum,
1739 916 1794 960 et
1840 907 2069 962 ﬁliarum

448 983 454 988 ’
497 1003 818 1049 vestrarum.
863 997 1148 1051 Destruam
1205 997 1418 1052 excelsa
1460 1007 1634 1052 vestra
1677 1007 1734 1052 et
1780 1000 2070 1054 simulacra

493 1085 851 1156 confringam.
892 1088 1108 1144 Cadctis
1143 1089 1286 1144 inter
1326 1090 1508 1144 ruinas
1553 1091 1818 1146 idolorum
1863 1105 2072 1147 vestro-

494 1191 636 1242 rum,
683 1185 738 1232 et
777 1179 1180 1235 abominabitur
1211 1198 1308 1236 vos
1349 1181 1702 1243 animavmea.
1749 1183 1802 1236 in
1836 1175 2067 1247 tantum,

496 1275 556 1322 ut
588 1270 750 1324 urbes
781 1281 988 1326 vestras
1017 1274 1252 1340 redigam
1285 1273 1336 1326 in
1367 1272 1736 1336 solitudinem,
1773 1283 1827 1329 ct
1854 1275 2069 1330 deserta

495 1357 689 1414 faciam
743 1364 1051 1416 sanctuaria
1112 1373 1314 1426 “castra,
1373 1379 1474 1418 nec
1524 1364 1780 1434 recipiam
1849 1367 2070 1420 odorem

497 1450 634 1503 ultra
675 1451 1078 1514 suavissimum,
1118 1452 1533 1522 dlspcrilamque
1565 1463 1759 1507 terram
1810 1467 2068 1521 vestram,

495 1551 552 1596 et
580 1543 875 1612 stupebunt
903 1559 1066 1613 super
1090 1559 1210 1598 eam
1242 1545 1444 1599 inimici
1480 1547 1666 1610 vestri,
1698 1561 1820 1600 cum
1862 1549 2071 1604 habita—

497 1643 642 1688 tores
668 1634 810 1688 illius
839 1635 1059 1689 fuerint.
1084 1636 1189 1691 Vos
1217 1647 1398 1690 autem
1427 1637 1730 1708 dispergam
1763 1639 1816 1692 in
1851 1650 2066 1710 gentes,

495 1733 550 1778 ct
577 1724 873 1794 evaginabti
895 1733 1018 1794 post
1052 1742 1146 1779 vos
1169 1727 1428 1795 gladium,
1468 1728 1680 1796 eritque
1709 1737 1850 1783 terra
1887 1740 2066 1786 vestra

496 1814 731 1869 deserta.
776 1826 830 1868 et
876 1815 1121 1868 civitates
1156 1817 1369 1870 dirutae.
1405 1817 1557 1871 Tunc
1591 1819 1878 1887 placebunt
1915 1831 2069 1878 terra:

497 1905 720 1965 sabbata
754 1921 850 1959 sua
877 1907 1090 1960 cunctis
1114 1907 1306 1961 diebus
1327 1908 1638 1962 solitudinis
1688 1926 1818 1975 sum,
1852 1913 2069 1981 (mando

497 1995 708 2048 [ueritis
749 1997 800 2048 in
839 2006 980 2050 terra
1029 1998 1232 2050 hostili.
1283 1998 1650 2054 Sabbatizabit
1677 2011 1731 2054 et
1766 2004 2071 2072 requiescet

497 2087 550 2138 in
584 2087 820 2142 sabbatis
845 2087 1158 2142 solitudinis
1189 2106 1320 2152 suze,
1353 2106 1419 2144 eo
1441 2094 1582 2160 quod
1609 2110 1714 2147 non
1743 2095 2072 2162 requieverit

499 2176 758 2233 Sabbatis
807 2181 1022 2246 vestris,
1059 2181 1278 2250 quando
1319 2182 1630 2236 habitabilis
1685 2185 1736 2238 in
1768 2201 1850 2238 ea.
1885 2185 1947 2239 Et
1977 2187 2067 2255 qui

492 2269 561 2323 de
615 2269 768 2324 vobis
803 2271 1184 2335 remanserint,
1235 2272 1376 2325 dabo
1419 2289 1675 2342 pavorem
1726 2275 1780 2328 in
1817 2276 2077 2330 cordibus

493 2377 683 2415 eorum
718 2379 730 2414 :
766 2361 818 2414 in
869 2361 1182 2432 regionibus
1214 2361 1453 2415 hostium
1482 2364 1708 2417 terrebit
1741 2381 1834 2419 vos
1861 2367 2072 2418 sonitus

495 2449 608 2503 folii
643 2450 894 2514 volantis,
924 2461 978 2504 et
1007 2451 1078 2504 ita
1108 2451 1320 2520 fugient
1370 2455 1524 2521 quasi
1571 2453 1825 2521 gladium.
1866 2455 2072 2510 Cadent

495 2539 646 2594 nullo
688 2553 974 2610 sequente,
1022 2550 1076 2596 et
1109 2552 1367 2596 corruent
1411 2543 1606 2612 singuli
1651 2561 1816 2614 super
1853 2546 2067 2611 fratres,

493 2631 647 2700 quasi
668 2632 800 2686 bella
830 2631 1305 2702 fugientes.Ncmo
1336 2643 1573 2688 vestrum
1595 2635 1829 2690 inimicis
1852 2637 2072 2691 audebit

495 2725 768 2780 resistere.
810 2725 1060 2781 Peribitis
1091 2727 1232 2780 inter
1248 2736 1456 2797 gentes.
1491 2739 1542 2782 et
1571 2730 1783 2784 hostilis
1803 2747 1896 2785 vos
1925 2739 2067 2785 terra

493 2828 800 2873 consumet.
856 2817 1010 2885 Quod
1065 2820 1107 2873 si
1138 2829 1191 2873 et
1233 2820 1414 2874 dehis
1462 2822 1629 2891 aliqui
1685 2824 2066 2889 remanserint,

496 2911 775 2964 tabescent
812 2911 864 2964 in
896 2911 1274 2980 iniquitatibus
1304 2913 1436 2978 suis,
1468 2913 1520 2966 in
1553 2923 1690 2967 terra
1721 2913 2064 2968 inimicorum

2173 441 2372 508 lerant,
2415 441 2510 496 sed
2549 457 2612 496 ea
2638 457 2760 512 quae
2795 458 2944 497 nunc
2983 459 3082 513 per
3117 453 3300 516 partes
3327 445 3480 510 dicit,
3505 447 3574 501 ad
3598 446 3758 503 illam

2173 533 2538 604 captivitatem
2583 536 2878 605 pertinent,
2923 552 3046 607 qua:
3082 548 3306 609 propter
3327 537 3674 608 iniquitatem
3696 543 3761 596 in

2171 623 2390 680 Christo
2420 625 2789 691 commissam,
2821 643 2852 681 a
2883 625 3142 683 Romanis
3178 629 3638 700 depopulantibus
3671 633 3769 687 eis

2171 719 2420 790 contigit.
2445 718 2743 794 cognoscis
2768 728 2974 787 autem,
3005 721 3048 776 si
3072 721 3327 777 subtilius
3352 739 3515 780 nosse
3553 726 3640 779 vis
3663 742 3754 787 ea.

2171 823 2292 878 quae
2329 808 2409 862 eis
2437 817 2760 873 evenerunt,
2803 825 2868 864 ex
2894 809 3116 880 Josephi
3164 811 3413 876 historia,
3441 812 3495 866 in
3523 829 3628 884 qua
3653 829 3756 868 eos

2171 909 2226 955 et
2254 901 2393 954 ﬁlios
2436 902 2762 966 comedisse,
2803 910 2858 956 et
2885 902 3090 972 reliqua
3124 904 3477 972 prazsentium
3521 907 3754 960 eorumi-

2173 991 2460 1045 nationum
2511 991 2839 1046 sustinuisse
2888 992 3202 1062 descripsit,
3229 1009 3462 1064 quorum
3519 997 3759 1067 plurima

2171 1083 2334 1136 etiam
2369 1098 2516 1136 nunc
2557 1083 2759 1138 nostris
2788 1083 2854 1138 ad
2879 1084 3213 1138 cernendum
3243 1085 3491 1153 adiacent
3523 1087 3756 1143 visibus.

2173 1171 2394 1228 Deserta
2417 1189 2603 1226 eorum
2630 1182 2796 1238 terra,
2846 1173 3096 1228 civitates
3143 1174 3468 1244 deprmdata:
3489 1176 3557 1230 ab
3581 1177 3755 1231 hostio

2172 1264 2294 1330 bus,
2334 1265 2573 1320 desolata
2604 1265 2880 1334 provincia
2911 1265 3123 1338 ipsique
3165 1266 3578 1336 peregrinantes
3602 1269 3750 1339 apud

2174 1355 2422 1409 inimicos
2443 1370 2570 1408 suos
2595 1355 2842 1424 gentiles,
2874 1369 2998 1408 cum
3029 1364 3176 1408 metu
3209 1355 3494 1412 continuo.
3527 1357 3753 1413 Verum-

2174 1455 2354 1500 tamen
2400 1445 2855 1516 quemadmodum
2911 1461 3019 1499 non
3074 1447 3249 1500 solum
3293 1447 3398 1500 hoc
3446 1452 3748 1505 secundum

2173 1541 2406 1595 litteram
2431 1541 2669 1610 perpessi
2689 1547 2839 1599 sunt,
2859 1539 2950 1593 sed
2973 1539 3039 1592 ad
3067 1539 3238 1607 ipsam
3257 1539 3746 1598 considerationem

2173 1633 2414 1702 Spiritus,
2456 1631 2745 1700 dupliciter
2784 1631 2932 1684 enim
2980 1639 3290 1699 peccantes,
3323 1632 3378 1684 in
3405 1632 3534 1702 legis
3567 1642 3747 1688 trans-

2171 1723 2468 1792 gressioue,
2521 1731 2574 1777 et
2617 1721 2938 1792 lcgislatoris
3000 1721 3360 1790 blasphemia,
3414 1723 3650 1793 duplices
3689 1736 3748 1780 et

2171 1831 2360 1884 pzenas
2396 1822 2544 1869 recte
2578 1814 2876 1884 patiuntur,
2907 1813 3050 1882 quod
3081 1813 3185 1868 hoc
3215 1814 3378 1869 modo
3407 1815 3571 1870 disce.
3612 1819 3748 1870 Am—

2171 1907 2496 1960 bulaverunt
2545 1922 2666 1958 cum
2714 1905 2954 1966 Christo,
2989 1920 3055 1958 ex
3102 1905 3334 1958 adverso
3371 1906 3750 1962 subvertentes

2172 1997 2428 2050 miracula
2486 1998 2625 2065 ejus,
2659 2004 2713 2048 et
2769 1994 2838 2049 de
2885 1994 3131 2048 doctrina
3188 1995 3313 2060 ejus
3358 1995 3690 2050 detrahentes
3725 2019 3742 2052 :

2171 2105 2296 2142 cum
2337 2105 2434 2158 per
2477 2088 2738 2141 invidiam
2800 2087 3212 2148 insidiarentur,
3281 2097 3744 2155 tauquamcontra

2177 2177 2341 2228 leum
2387 2184 2636 2244 agentem
2681 2174 2849 2227 divini
2897 2173 3101 2228 amoris
3147 2173 3430 2228 Doctorem
3479 2173 3754 2230 fallaciter

2171 2267 2506 2320 aSScrebant.
2553 2265 2658 2319 Sed
2701 2275 2752 2318 et
2787 2265 2901 2334 ipse
2945 2265 2999 2320 in
3040 2265 3122 2318 ira
3165 2267 3246 2319 eis
3277 2281 3342 2319 ex
3387 2267 3608 2322 adverso
3638 2268 3753 2323 hcc

2173 2356 2332 2409 modo
2364 2373 2496 2410 usus
2548 2365 2631 2410 est
2671 2375 2683 2409 :
2720 2357 2844 2425 quia
2875 2356 3022 2410 enim
3051 2357 3320 2426 judicium
3353 2357 3476 2420 fuit.
3502 2368 3555 2413 et
3587 2375 3758 2428 ptena

2173 2447 2476 2502 commissa:
2513 2447 2565 2500 in
2594 2463 2659 2501 eo
2693 2447 2992 2516 iniquitatis
3031 2448 3342 2518 captivitas,
3374 2466 3536 2519 quam
3583 2453 3754 2505 susti-

2173 2548 2413 2592 nuerunt
2452 2555 2464 2590 :
2504 2554 2662 2608 quam
2709 2554 2816 2592 non
2847 2547 3024 2592 tamen
3074 2549 3296 2609 propter
3341 2539 3446 2594 hoc
3479 2539 3760 2596 Romanos

2175 2629 2373 2684 inferre
2397 2629 2542 2695 fecit,
2567 2630 2798 2684 nccdum
2819 2629 2966 2684 enim
2985 2631 3104 2699 ejus
3123 2631 3472 2686 vindicabant
3487 2633 3714 2703 gloriam
3737 2653 3758 2690 :

2173 2722 2265 2776 sed
2298 2721 2572 2790 quonme
2599 2721 2688 2789 qui
2717 2737 2905 2775 eorum
2951 2721 3180 2792 imperio
3233 2723 3580 2790 resistebant,
3619 2740 3760 2780 cum

2172 2815 2380 2883 pridem
2403 2814 2690 2868 collatores
2706 2829 2892 2868 eorum
2915 2813 3169 2879 fuissent,
3191 2815 3516 2885 tributisque
3535 2833 3762 2882 eorum,

2174 2915 2228 2960 et
2285 2904 2516 2977 legibus,
2578 2914 2739 2974 atque
2794 2905 3198 2975 magistratibus
3241 2907 3607 2962 obedientes:
3657 2910 3766 2964 sed

495 3017 736 3060 suorum.
771 3012 828 3056 et
869 3011 1088 3071 propter
1118 3011 1335 3071 peccata
1367 3013 1580 3074 patrum
1630 3021 1851 3060 suorum
1897 3015 2069 3060 etsna
2098 3013 2141 3069 (ς
2174 2985 2413 3053 furorem
2449 3013 2518 3052 ex
2554 2997 2782 3051 adverso
2827 3013 3088 3052 exercens
3130 2999 3395 3054 adversus
3438 3015 3536 3054 eos
3585 3000 3760 3064 Deus,

495 3092 818 3163 aliligentur,
864 3092 1039 3148 donec
1081 3093 1444 3149 conﬁteantur
1481 3097 1794 3166 iniquitates
1839 3113 1984 3162 suas,
2013 3107 2068 3151 et

499 3184 764 3254 majorum
808 3199 1052 3249 suorum,
1104 3185 1302 3255 quibus
1345 3188 1680 3256 praevaricati
1730 3196 1858 3243 sunt
1901 3189 2067 3243 inme

497 3284 556 3329 et
583 3274 998 3329 ambulaverunt
1026 3291 1092 3329 ex
1131 3275 1358 3330 adverso
1385 3276 1540 3330 mihi.
1573 3277 1876 3331 Ambulabo
1907 3277 2072 3348 igitur

498 3372 554 3419 et
572 3379 672 3436 ego
684 3373 866 3418 contra
884 3379 998 3430 eos,
1016 3375 1067 3419 et
1084 3365 1336 3419 inducam
1361 3365 1479 3422 illos
1495 3366 1547 3419 in
1573 3375 1771 3420 terram
1796 3368 2068 3435 hostilem,

498 3456 674 3511 donec
720 3457 1003 3512 erubescat
1049 3457 1426 3512 incircumcisa
1472 3473 1628 3512 mens
1671 3474 1881 3514 eorum.
1919 3461 2072 3515 Tunc

497 3547 730 3602 orabunt
773 3563 872 3618 pro
913 3549 1284 3618 impietatibus
1329 3548 1460 3610 suis,
1509 3556 1564 3602 et
1600 3551 1929 3606 recordabor
1975 3552 2072 3607 fie-

500 3639 646 3694 deris
701 3639 830 3698 mei.
885 3639 1030 3708 quod
1081 3639 1256 3710 pepigi
1286 3654 1411 3694 cum
1457 3638 1644 3704 Jacob,
1699 3649 1752 3695 et
1805 3642 1970 3706 Isaac,
2019 3652 2072 3698 et

501 3729 774 3783 Abraham
815 3745 827 3781 :
881 3737 1035 3783 terra:
1085 3744 1300 3799 quoque
1357 3745 1566 3785 memor
1607 3750 1725 3798 ero,
1781 3749 1901 3804 qua:
1947 3749 2069 3788 cum

502 3821 686 3875 relicta
735 3820 899 3875 fuerit
943 3821 1010 3876 ab
1043 3823 1142 3886 eis,
1175 3823 1534 3892 complaccbit
1584 3825 1685 3879 sibi
1737 3826 1790 3879 in
1832 3827 2072 3880 sabbatis

501 3911 634 3974 suis,
686 3913 901 3983 patiens
943 3913 1291 3968 solitudinem
1332 3924 1554 3985 propter
1589 3916 1728 3970 illos.
1776 3916 1878 3986 Ipsi
1939 3932 2071 3970 vero

502 4005 766 4076 rogabunt
812 4021 910 4075 pro
957 4007 1192 4076 peccatis
1241 4007 1374 4072 suis,
1425 4022 1490 4061 eo
1541 4008 1684 4076 quod
1746 4008 2062 4078 abiecerant

497 4096 698 4166 judicia
748 4111 888 4160 mea,
929 4105 982 4150 et
1020 4097 1166 4164 leges
1195 4112 1344 4150 meas
1377 4097 1764 4165 despexerunt.
1812 4102 2066 4152 Attamen

501 4204 625 4242 cum
673 4197 857 4242 essent
899 4188 952 4241 in
983 4197 1124 4242 terra
1173 4187 1376 4251 hostili,
1397 4203 1502 4242 non
1532 4188 1748 4258 penitus
1776 4189 1947 4258 abieci
1979 4207 2072 4245 eos

502 4292 683 4346 neque
717 4279 795 4332 sic
833 4279 1073 4347 deSpexi,
1118 4287 1178 4332 ut
1220 4289 1694 4344 consumerentur,
1751 4290 1806 4334 et
1854 4281 2069 4336 irritum

504 4365 738 4419 facerem
785 4375 999 4436 pactum
1059 4382 1239 4421 meum
1287 4383 1411 4421 cum
1466 4369 1564 4422 eis.
1599 4368 1709 4438 Ego
1739 4371 1884 4423 enim
1945 4387 2065 4426 sum

507 4457 766 4511 Dominus
805 4459 948 4512 Deus
989 4473 1201 4522 eorum,
1241 4468 1296 4514 et
1331 4458 1658 4512 recordabor
1692 4459 1912 4514 fcederis
1959 4462 2068 4514 mei

504 4547 738 4618 pristini,
782 4549 1038 4618 quoniam
1086 4550 1248 4606 eduxi
1287 4565 1382 4604 eos
1431 4549 1498 4604 de
1558 4558 1700 4604 terra
1745 4551 1984 4622 1Egypti,
2017 4552 2068 4606 in

504 4651 801 4710 conspectu
851 4640 1112 4710 gentium,
1165 4648 1224 4695 ut
1273 4655 1449 4694 essem
1503 4637 1644 4696 Deus
1687 4656 1894 4696 eorum.
1963 4643 2073 4715 Ego

507 4731 768 4787 Dominus
797 4731 959 4786 Deus.
1007 4750 1026 4783 ι

575 4824 712 4890 Quia
756 4840 863 4878 non
903 4824 1076 4879 solum
1118 4824 1388 4896 legislator
1431 4824 1657 4896 Moyses,
1689 4828 1781 4882 sed
1821 4829 1984 4883 etiam
2022 4837 2076 4883 et

506 4917 768 4986 propheta
805 4924 940 4980 erat,
988 4916 1102 4985 ipse
1139 4917 1550 4981 demonstravit,
1583 4919 1650 4972 de
1698 4918 1917 4974 Christo
1949 4936 2077 4990 spe-

504 5009 716 5063 cialiter
769 5007 1101 5077 prophetans
1163 5009 1247 5063 his
1303 5009 1537 5064 verbis:
1575 5009 1891 5078 PrOphelam
1939 5012 2076 5065 vobis

505 5099 774 5154 suscitabit
821 5099 1074 5152 [Pontinas
1117 5099 1180 5152 de
1219 5100 1470 5169 fratribus
1515 5103 1716 5163 vestris,
1763 5103 1897 5156 sicut
1923 5121 2002 5157 me
2034 5105 2072 5156 '.

506 5189 651 5245 Bene
692 5198 870 5244 ante!"
914 5189 1015 5243 sibi
1060 5189 1260 5244 Christi
1307 5189 1714 5246 similitudinem
1761 5193 2078 5257 custodis-it,

505 5266 602 5352 qui
620 5292 817 5351 praeter
845 5283 970 5344 alia,
1005 5281 1060 5336 in
1084 5281 1284 5351 quibus
1314 5283 1728 5338 similitudinem
1775 5285 1896 5352 ejus
1924 5300 2081 5354 gere-

471 5357 620 5438 Ibat,
653 5372 1108 5440 quemadmodum
1149 5371 1413 5427 Dominus
1441 5373 1508 5428 de
1557 5374 1662 5427 ﬁne
1701 5373 1888 5427 mundi
1921 5374 2078 5438 dixit,

507 5462 580 5518 ita
616 5471 671 5517 et
719 5463 806 5518 hic
828 5479 914 5526 ea,
938 5479 1058 5532 qua:
1095 5463 1280 5519 futura
1319 5474 1477 5520 erant
1505 5465 1704 5536 populo
1747 5465 2078 5532 Judzcorum,

507 5548 567 5604 in
598 5553 851 5620 praesenti
897 5553 1012 5622 lege
1048 5556 1388 5628 conscripsit.
1447 5556 1638 5614 Multas
1682 5557 1946 5628 siquidem
1995 5559 2082 5612 fu-

584 5682 603 5762 _‘
640 5679 800 5737 Deut.
826 5699 981 5752 svnt,
1012 5687 1096 5741 15.

2171 3087 2552 3160 superinduxit
2594 3098 2784 3144 contra
2825 3103 2922 3144 eos
2967 3090 3124 3156 iram,
3149 3100 3210 3145 ut
3245 3091 3617 3154 vindicaretur
3659 3109 3767 3162 per

2171 3181 2539 3235 Romanorum
2561 3179 2870 3250 imperium,
2892 3189 3147 3252 tanquam
3172 3181 3345 3252 ipsius
3365 3181 3768 3251 praedicatores

2171 3271 2527 3336 exstitissent,
2547 3280 2602 3326 et
2617 3271 2882 3340 corripuit
2899 3287 2994 3329 eos
3014 3280 3223 3342 septem
3245 3273 3434 3344 plagis,
3452 3273 3768 3328 secundum

2171 3373 2394 3433 peccata
2429 3379 2640 3428 eorum,
2672 3364 3044 3435 multiplicans
3072 3379 3260 3419 eorum
3295 3381 3510 3434 pmnas.
3541 3366 3610 3419 Et
3645 3381 3764 3419 non

2172 3471 2282 3510 uno
2309 3455 2470 3510 modo
2487 3455 2802 3519 vindicavit,
2835 3456 2962 3526 quia
2984 3472 3086 3512 nec
3113 3456 3214 3527 ipsi
3257 3472 3368 3510 uno
3392 3464 3771 3527 peccaverunt

2173 3547 2334 3603 modo
2368 3565 2380 3600 :
2416 3546 2512 3602 sed
2544 3554 2599 3602 et
2632 3562 2826 3602 carnes
2873 3547 3106 3602 ﬁliorum
3149 3562 3372 3602 suorum
3423 3555 3482 3601 et
3518 3547 3765 3601 ﬁliarum

2173 3653 2392 3693 suarmn
2449 3638 2756 3704 comedent,
2808 3637 2860 3692 id
2905 3647 3010 3703 est,
3068 3639 3364 3709 discipulos
3419 3655 3570 3702 suos,
3623 3656 3768 3709 quos

2173 3731 2328 3800 quasi
2365 3731 2417 3784 in
2453 3730 2594 3786 ﬁlios
2623 3731 2722 3786 sibi
2752 3739 3061 3797 assumunt,
3086 3731 3152 3786 ad
3179 3733 3424 3786 eamdem
3451 3732 3768 3788 doctrinam

2175 3824 2352 3878 verbis
2396 3824 2626 3888 callidis,
2671 3823 3022 3894 animamque
3068 3825 3516 3880 subvertentibus
3573 3842 3769 3882 come-

2173 3916 2384 3970 dentes.
2425 3915 2530 3969 Sed
2580 3925 2633 3969 et
2665 3917 2880 3970 excelsa
2915 3930 3106 3970 eorum
3140 3917 3209 3970 ad
3239 3917 3518 3971 desertum
3549 3919 3766 3986 perdu-

2175 4005 2270 4070 xit,
2315 4013 2371 4060 et
2404 4005 2695 4060 simulacra
2733 4005 3027 4074 confregit.
3073 4005 3293 4062 Excelsa
3331 4006 3535 4077 quippe
3569 4023 3769 4062 eorum

2175 4095 2450 4167 principes
2491 4103 2546 4151 et
2588 4097 2860 4163 ductores,
2903 4111 3042 4166 quos
3090 4097 3460 4162 intcnilentes,
3508 4100 3664 4154 sicut
3713 4101 3766 4153 in

2175 4187 2394 4243 sublimi
2427 4188 2776 4254 constitutos,
2807 4188 2891 4243 vel
2922 4189 3063 4244 sicut
3109 4187 3275 4254 LXX,
3305 4200 3543 4256 statuas,
3594 4193 3768 4246 vitam

2175 4295 2695 4361 suamyomponere
2742 4280 3068 4334 debuerunt.
3115 4279 3220 4335 Sed
3248 4282 3374 4350 quia
3417 4282 3558 4336 nihil
3596 4284 3768 4338 habe-

2110 4345 2150 4397 θ
2178 4370 2310 4423 bant
2342 4345 2564 4435 sanum,
2617 4384 2796 4438 neque
2836 4368 2995 4433 forte,
3051 4369 3146 4424 sed
3198 4370 3411 4426 inﬁrma
3467 4373 3686 4438 omnia,
3715 4384 3768 4428 et

2180 4460 2548 4530 corruptibilia
2583 4459 2794 4513 virtutis
2843 4460 3142 4527 schemata,
3173 4471 3228 4516 et
3261 4461 3608 4529 imitationis,
3642 4483 3766 4534 qua:

2184 4558 2425 4618 tempore
2465 4558 2892 4618 corrumpuntur
2917 4555 3082 4617 atque
3113 4559 3459 4620 putrescunt,
3511 4555 3666 4607 unde
3717 4565 3768 4607 et

2179 4637 2321 4706 apud
2352 4635 2513 4701 LXX,
2541 4636 2711 4708 lignea
2743 4639 3048 4708 manufacta
3094 4639 3417 4694 dicebantur
3452 4661 3464 4694 :
3496 4641 3768 4698 desolavit

2179 4743 2265 4795 ea,
2304 4744 2538 4800 arguens
2587 4745 2767 4784 coram
2825 4746 2988 4784 unam
3049 4731 3384 4801 hypocrisin,
3433 4747 3561 4786 cum
3636 4735 3768 4804 ipsis

2177 4829 2359 4875 autem
2389 4829 2446 4876 et
2473 4821 2782 4890 populares,
2806 4821 2896 4891 qui
2932 4822 3013 4878 eis
3046 4821 3424 4876 intendebant.
3464 4822 3767 4895 Posuitqne

2176 4913 2437 4967 cadavera
2468 4897 2655 4966 θοι-υἷι]
2681 4913 2824 4967 inter
2859 4913 3046 4968 ruinas
3083 4913 3350 4967 idolorum
3395 4913 3680 4982 ipsorum,
3715 4918 3762 4969 id

2177 5013 2282 5069 est,
2333 5005 2574 5060 membra
2606 5006 2814 5075 populi,
2851 5015 2906 5059 et
2935 5005 3178 5060 actiones
3229 4990 3581 5060 coacervans
3608 5023 3770 5077 super

2179 5095 2422 5152 actiones
2481 5094 2747 5150 idolorum
2825 5095 3090 5165 ipsorum,
3150 5094 3556 5150 Phariszeorum
3610 5110 3767 5166 atque

2185 5185 2536 5251 Scribarum,
2577 5188 2776 5256 quibus
2821 5187 2963 5241 sicut
3016 5186 3172 5240 idolis
3229 5185 3554 5250 utebantur,
3608 5191 3766 5243 relin-

2181 5287 2412 5350 quentes
2439 5278 2628 5343 Deum,
2659 5289 2712 5330 et
2747 5278 3013 5332 idolorum
3037 5277 3446 5332 seductionibus
3473 5280 3767 5334 intenden-

2186 5379 2288 5434 tes,
2321 5379 2607 5441 propterea
2639 5369 2715 5423 ait
2744 5386 2755 5421 :

2254 5461 2654 5517 Abominabitur
2703 5477 2788 5513 vos
2821 5461 3002 5513 anima
3058 5477 3195 5515 mea.
3249 5459 3628 5530 Qtlze?quam
3678 5474 3769 5529 pro

2187 5557 2345 5613 nobis
2417 5555 2617 5626 posuit,
2687 5563 2744 5608 ut
2798 5569 2895 5607 nos
2957 5553 3022 5608 de
3101 5552 3363 5607 servitute
3421 5563 3770 5623 peccatorum
