4036 6200
278 249 414 316 1ἱ53

273 451 515 520 atquein
551 459 876 520 perpetuum
922 463 1016 502 eos
1054 458 1360 515 aversatur,
1403 449 1528 518 quia
1558 449 1676 518 ejus
1699 463 1857 518 opus,

273 551 537 611 quantum
563 542 629 595 ad
651 557 746 596 eos
786 540 1073 611 pertinuit,
1106 541 1172 594 ad
1201 540 1416 594 irritum
1445 540 1858 610 -perduserunt,

274 649 596 688 concessum
651 650 749 702 per
820 649 939 687 eam
990 634 1196 686 donum
1253 639 1570 684 renuentes.
1633 628 1862 698 Propter

273 727 416 792 quod
455 727 618 780 urbes
663 741 852 780 eorum
878 725 1088 794 redegit
1137 724 1192 778 in
1223 722 1593 788 solitudinem,
1626 722 1862 791 fecitque

273 817 485 870 deserta
517 817 835 871 sanctuaria
859 835 876 882 ;
902 817 1112 870 nullum
1141 816 1289 870 enim
1329 814 1613 870 inveniunt
1641 815 1710 868 de
1735 831 1862 884 pro-

275 908 511 976 pheticis
540 907 694 961 libris
729 907 992 966 fructum.
1021 923 1202 976 neque
1223 907 1460 976 aliquam
1486 906 1707 961 studere
1731 923 1858 960 san-

275 999 592 1052 ctimoniam
625 999 828 1053 valent.
861 997 972 1052 Nec
993 1000 1188 1068 recipit
1210 999 1429 1053 odorem
1453 999 1859 1063 suavissimum,

277 1106 378 1144 nec
418 1092 650 1161 suscipit
678 1108 867 1147 eorum
892 1091 1228 1158 orationem,
1255 1091 1631 1162 disperditque
1657 1101 1858 1146 terram

275 1195 489 1246 eorum,
523 1197 688 1235 omne
728 1189 887 1237 vetus
933 1191 1342 1242 testamentum,
1378 1197 1487 1235 non
1519 1181 1644 1251 quia
1683 1181 1858 1250 ipsum

274 1288 338 1325 ex
371 1283 485 1328 toto
529 1275 872 1343 despoliavit,
903 1276 999 1329 sed
1051 1275 1156 1331 illis
1183 1275 1484 1329 desolatum
1542 1283 1599 1328 et
1652 1273 1858 1328 invium

275 1362 425 1418 fecit.
477 1363 732 1420 llabitare
790 1376 975 1420 autem
1017 1366 1070 1419 in
1121 1382 1182 1421 ea
1225 1366 1353 1421 fecit
1387 1375 1596 1438 gentes,
1637 1373 1862 1434 propter

273 1456 417 1524 quod
444 1455 558 1510 ait:

341 1545 634 1614 Stupebant
659 1563 816 1615 super
853 1565 968 1600 eam
1025 1549 1226 1602 inimici
1277 1549 1454 1612 restri,
1497 1565 1614 1602 cum
1651 1549 1863 1602 habita-

273 1645 410 1691 tores
462 1639 608 1692 illius
639 1641 857 1709 fuerint.
911 1639 1112 1694 Gentes
1159 1640 1424 1709 siquidem
1464 1641 1698 1695 inimicae
1733 1649 1863 1694 sunt

271 1725 610 1794 Iudaeorum,
655 1729 782 1798 quia
825 1729 901 1782 illi
974 1731 1260 1800 elegerunt
1298 1729 1614 1784 inimicitias
1658 1729 1860 1784 habere

273 1833 398 1873 cum
435 1819 567 1884 Deo,
605 1829 661 1874 et
709 1836 834 1874 cum
863 1821 970 1874 illis
1011 1836 1150 1890 quos
1181 1819 1378 1875 l’aulus
1400 1821 1650 1878 inimicos
1680 1822 1860 1877 erucis

271 1909 474 1966 Christi
506 1921 683 1966 vocat.
732 1911 994 1967 Habitant
1060 1922 1243 1968 autem
1273 1914 1326 1966 in
1352 1912 1666 1968 Iudaeorum
1695 1923 1856 1979 terra,

273 2003 328 2056 in
362 2005 537 2057 veteri
560 2015 911 2067 testamento,
942 2015 997 2059 et
1033 2005 1339 2060 habitantes
1358 2014 1684 2075 stupescunt
1709 2023 1861 2073 cum,

270 2095 366 2165 qui
393 2095 447 2149 in
494 2096 612 2168 lege
640 2107 696 2151 et
727 2097 1013 2168 prophetis
1049 2098 1174 2154 talia
1201 2099 1416 2154 locutus
1441 2107 1544 2153 est.
1581 2098 1684 2164 Qui
1735 2101 1860 2156 vitze

272 2183 382 2240 illic
415 2186 666 2242 fundavit
687 2191 934 2250 exordia,
971 2190 1198 2260 insuper
1222 2191 1296 2244 ait
1325 2209 1338 2243 ε

350 2277 444 2333 Vos
472 2289 649 2333 autem
684 2280 984 2352 dispergam
1020 2283 1073 2334 in
1104 2292 1301 2352 gentes.
1329 2282 1446 2337 Non
1480 2283 1656 2337 solum
1685 2285 1860 2339 sensi-

270 2367 366 2423 bili
411 2369 513 2423 hac
559 2369 927 2440 dispersione,
982 2373 1077 2428 sed
1112 2383 1167 2428 et
1225 2374 1572 2446 intelligibili.
1607 2374 1738 2442 Quae
1788 2377 1861 2432 sit

269 2469 454 2514 autem
487 2460 626 2528 haec,
652 2463 820 2518 disce.
851 2462 920 2517 Et
972 2465 1264 2536 evaginabo
1313 2478 1425 2534 post
1464 2485 1551 2522 vos
1597 2467 1856 2538 gladium,

271 2551 475 2623 eritque
518 2568 663 2607 terra
707 2564 880 2609 uestra
913 2557 1122 2610 deserta
1160 2568 1209 2611 et
1244 2561 1478 2613 civitates
1507 2561 1716 2616 dirutw.
1764 2560 1856 2615 Dei

269 2642 416 2698 enim
446 2645 694 2710 verbum,
735 2649 879 2718 qttod
909 2658 993 2704 est
1042 2650 1268 2718 spiritus
1315 2651 1542 2722 gladius,
1579 2653 1780 2722 ubique
1801 2653 1856 2707 in

269 2737 525 2806 gentibus
561 2738 878 2805 decurrens,
907 2750 963 2794 et
989 2755 1207 2794 omnem
1257 2751 1459 2796 terram
1489 2744 1851 2808 circumdatis,

269 2829 544 2882 consumit
603 2829 915 2885 Judaeorum
975 2832 1156 2899 ﬁlios,
1211 2843 1264 2888 et
1319 2835 1583 2904 disperdit
1636 2849 1730 2890 cos
1787 2837 1854 2890 de

268 2919 478 2974 sanctis
521 2920 614 2974 Dei
652 2940 664 2974 :
699 2923 999 2976 ostendens
1025 2924 1168 2992 quod
1193 2924 1396 2978 nullam
1424 2941 1548 2978 cuni
1589 2926 1670 2980 eis
1702 2919 1851 2980 com;

267 3010 587 3078 munionem
623 3012 880 3074 habeant,
921 3014 1063 3068 unde
1094 3015 1306 3069 deserta
1339 3025 1482 3070 terra
1505 3027 1560 3071 et
1581 3019 1848 3080 civitates,
1881 3054 1926 3113 ο

264 3103 509 3172 expulsis
535 3105 615 3160 eis
644 3105 978 3160 habitatione
1011 3123 1128 3171 sua,
1154 3107 1532 3162 inveniuntur.

335 3192 482 3248 Tune
511 3195 790 3264 placebunt
824 3209 983 3250 teme
1011 3198 1233 3250 sabbata
1295 3215 1391 3251 sua
1433 3202 1634 3252 cunctis
1671 3198 1852 3253 diebus

263 3285 567 3339 solitudinis
586 3304 717 3351 sure,
749 3289 960 3359 quando
982 3291 1190 3358 fueritis
1220 3291 1274 3342 in
1300 3302 1441 3344 terra
1469 3293 1646 3346 hostili
1677 3309 1696 3346 :
1727 3293 1851 3345 sab-

272 3377 530 3432 batizabit
565 3390 613 3432 et
641 3382 928 3450 requiescet
962 3382 1016 3434 in
1039 3382 1272 3435 sabbatis
1303 3383 1601 3437 solitudinis
1625 3400 1753 3448 sum,
1793 3403 1850 3438 eo

267 3469 407 3538 quod
473 3485 574 3522 non.
625 3473 936 3540 requieverit
993 3473 1045 3524 in
1079 3471 1325 3526 Sabbatis
1381 3477 1580 3540 vestris,
1640 3485 1850 3546 quando

266 3558 572 3612 Itabitabitis
620 3562 674 3612 in
727 3577 810 3616 ca.
856 3560 1079 3616 Terram
1122 3579 1244 3618 esse
1272 3557 1665 3637 ititelligibiletn
1701 3570 1846 3624 Scri-

271 3661 484 3719 pturam
531 3652 646 3715 Dei,
693 3662 748 3707 et
795 3656 1294 3720 conversationem,
1347 3673 1469 3727 quae
1512 3659 1563 3712 in
1609 3661 1690 3714 eis
1743 3671 1845 3730 est,

265 3757 416 3813 saepe
465 3745 810 3799 ostendimus
858 3765 869 3799 :
919 3747 1012 3801 sed
1059 3745 1372 3802 Judazorutn
1430 3751 1650 3818 quidem
1692 3762 1847 3809 vetus

265 3841 659 3890 testamentum
696 3855 708 3890 :
745 3837 988 3907 gentium
1028 3848 1236 3902 autem,
1285 3856 1404 3909 quze
1448 3842 1680 3896 inimica:
1721 3855 1848 3898 sunt

261 3922 486 3991 Judteis,
536 3944 736 3982 novum
781 3947 793 3982 ε
829 3930 955 3999 quia
1001 3945 1130 4001 ergo
1168 3927 1464 3987 Sabbatum
1509 3934 1843 3988 vacationem

264 4022 530 4094 signiﬁcat
587 4021 812 4087 Judaeis,
849 4041 878 4076 ιι
903 4023 1083 4077 axime
1120 4025 1224 4079 hoc
1257 4041 1402 4080 nunc
1444 4028 1726 4082 evidenter
1764 4029 1844 4082 le-

262 4115 488 4186 gislator
526 4116 746 4171 innuit.“
765 4115 902 4181 Quia
931 4117 1066 4170 nihil
1113 4134 1262 4174 nunc
1297 4119 1579 4176 invenient
1610 4136 1672 4175 ex
1727 4123 1844 4193 lege

261 4218 316 4264 et
345 4211 646 4280 prephetis,
682 4211 824 4280 quod
869 4210 967 4280 ipsi
998 4210 1174 4266 facere
1200 4211 1409 4275 volunt,
1445 4215 1539 4268 sed
1567 4214 1841 4269 destructa

264 4317 448 4357 eorum
483 4319 624 4373 pene
655 4305 834 4358 omnis
865 4304 1182 4373 superﬁcies
1207 4305 1419 4359 litterae.
1451 4305 1675 4376 Propter
1699 4311 1840 4376 quod

1371 249 1456 308 IN
1493 246 1936 310 LEVITICUM.
1978 270 2042 282 -
2083 247 2233 307 LIB.
2270 250 2406 310 VII.

273 362 468 415 mortis
507 361 825 415 redimeret.
858 357 983 414 lla‘c
1030 374 1159 428 ergo
1187 358 1408 413 Judieos
1443 358 1870 422 abominabitur,
1905 366 1947 415 Α
1979 359 2184 411 sonitus
2254 359 2370 428 folii
2449 357 2698 412 rolantis.

3409 253 3546 317 1154

2773 359 3048 428 Quotquot
3125 359 3272 414 enim
3327 377 3392 414 ex
3463 365 3548 420 eis

1964 450 2138 503 relicti
2225 459 2372 511 sunt,
2416 449 2598 503 adhuc
2685 451 2972 503 studentes
3055 449 3396 518 Scripturam
3459 467 3548 506 sa-

1963 557 2136 604 cram,
2162 550 2363 610 pavent
2394 541 2447 594 in
2474 549 2617 595 terra
2643 541 2990 595 inimicorum
3039 557 3288 607 suorum,
3325 543 3379 596 in
3402 557 3548 600 novo

1967 641 2315 696 testamento,
2354 633 2498 687 sicut
2541 633 2816 688 diximus:
2862 624 3066 686 timent
3094 633 3242 687 enim
3271 651 3335 688 ex
3373 635 3546 690 'fatui-

1965 733 2096 787 tate,
2125 734 2176 778 et
2207 726 2373 779 corde
2409 737 2612 780 caecato
2641 724 3028 779 commixtione
3051 726 3172 794 ejus
3194 736 3277 786 ,ct
3309 728 3548 797 comple-

1965 826 2053 869 tur
2078 832 2091 866 :
2112 815 2231 869 Illic
2260 817 2656 886 trepidaverunt
2686 817 2892 877 timore,
2923 817 3013 870 ubi
3043 832 3148 870 tvm
3175 828 3289 870 erat
3315 820 3472 873 timor
3503 823 3544 877 ⁸.

2025 904 2256 958 Terrebit
2285 922 2372 958 eos
2393 908 2594 959 sonitus
2615 903 2732 976 folii
2757 907 3004 961 volantis.
3025 905 3234 962 Folium
3253 910 3548 980 legislitte-

1964 1012 2077 1049 ram
2117 996 2438 1064 appellans:
2462 997 2626 1066 hujus
2642 994 2789 1051 enim
2816 1013 2912 1051 eos
2943 998 3158 1052 sonitus
3176 1003 3544 1070 persequitur,

1964 1098 2018 1143 et
2055 1091 2306 1143 timorem
2361 1099 2610 1144 nostrum
2635 1091 2720 1144 eis
2753 1091 2962 1153 indicit,
2991 1092 3140 1161 quia,
3172 1093 3322 1148 verbi
3353 1095 3544 1165 gratia,

1964 1179 2196 1233 audiunt
2221 1180 2810 1236 custodiendumdiem
2835 1181 3079 1246 Sabbati,
3115 1184 3302 1238 vident
3362 1196 3546 1242 autem

1960 1288 2061 1326 nos
2085 1273 2222 1326 nihil
2247 1275 2314 1328 de
2337 1275 2532 1329 eodem
2557 1277 2819 1330 mandato
2850 1276 3187 1345 despicabile
3210 1294 3429 1346 sapere,
3447 1295 3546 1334 ne-

1961 1381 2070 1435 que
2101 1374 2402 1430 terrenum,
2424 1383 2602 1437 neque
2639 1385 2669 1422 a
2700 1369 2909 1423 cultura
2955 1378 3133 1435 terrae,
3169 1371 3263 1424 sed
3324 1387 3354 1426 a
3406 1375 3542 1427 mala

1962 1459 2179 1513 actione
2204 1459 2547 1512 vacationem
2569 1461 2844 1515 discentes
2879 1479 2892 1514 :
2947 1462 3237 1516 offendunt
3269 1463 3322 1517 in
3362 1465 3543 1526 nobis,

1963 1557 2018 1604 et
2047 1550 2393 1605 commisceri
2429 1550 2591 1605 nobis
2620 1549 2858 1621 fugiunt.
2903 1551 3116 1605 Folium
3161 1562 3345 1606 autem
3397 1564 3548 1609 recte

1965 1639 2099 1711 legis
2131 1641 2310 1695 littera
2335 1641 2626 1710 accipitur,
2647 1643 2771 1710 quia
2792 1643 3252 1712 quemadmodum
3289 1645 3545 1700 arborum

1893 1698 1938 1754 Β
1963 1698 2173 1785 fructus
2209 1732 2352 1788 loliis
2372 1698 2592 1803 tegitur,
2617 1698 2697 1786 sic
2745 1698 2848 1788 sub
2886 1733 3022 1804 legis
3051 1733 3228 1790 lit'era
3256 1736 3546 1789 abscondi-

1963 1823 2314 1892 turspiritns.
2349 1823 2582 1894 Propter
2603 1826 2745 1894 quod
2801 1840 2924 1891 nos,
2955 1826 3024 1881 de
3075 1825 3278 1894 quibus
3334 1826 3542 1881 dictum

1961 1921 2045 1966 est
2073 1929 2086 1964 :
2116 1910 2175 1965 Si
2199 1914 2600 1969 rindemiatores
2635 1916 2858 1986 ingressi
2907 1916 3123 1986 fuissent
3159 1917 3214 1968 in
3247 1925 3315 1978 te,
3357 1916 3546 1970 saltem

1961 2005 2290 2075 reliquissent
2317 2023 2586 2060 racemum
2627 2009 2721 2061 tibi
2759 2007 2780 2038 δ
2807 2026 2821 2062 :
2852 2009 3125 2063 nudamus
3153 2008 3342 2063 folium
3394 2010 3544 2064 litte-

1961 2109 2057 2158 rae,
2087 2106 2142 2145 ut
2174 2094 2412 2148 fructum
2435 2095 2664 2164 spiritus
2697 2097 3061 2152 inveniamus.
3115 2097 3179 2150 lli
3209 2107 3392 2153 autem
3440 2099 3541 2169 qui

1961 2181 2078 2238 haec
2103 2184 2375 2254 ignorant,
2405 2185 2546 2239 sicut
2574 2184 2827 2240 inimicos
2858 2202 2959 2242 nos
2984 2187 3206 2253 habent,
3235 2198 3289 2242 ct
3327 2189 3544 2260 fugiunt

1960 2289 2062 2327 nos
2094 2273 2234 2330 sicut
2261 2275 2354 2344 qui
2409 2275 2547 2345 fugit
2571 2276 2828 2348 gladium.
3551 2274 3558 2280 ’

2031 2365 2100 2420 Et
2149 2369 2336 2421 cadent
2404 2369 2550 2422 nullo
2593 2379 2856 2440 sequente.
2901 2369 3089 2440 Neque
3139 2373 3287 2426 enim
3318 2387 3417 2428 nos
3447 2389 3543 2450 eos

1961 2461 2360 2530 persequimur,
2389 2461 2484 2516 sed
2519 2476 2584 2515 ex
2643 2463 2726 2516 sui
2757 2463 2938 2517 cordis
2977 2463 3172 2518 duritia
3201 2465 3540 2534 persecutio-

1961 2569 2085 2607 nem
2106 2553 2413 2627 patiuntur.
2447 2553 2579 2608 Nam
2603 2554 2726 2609 vide
2751 2555 2881 2624 quid
2923 2556 3187 2612 subdidit.
3212 2557 3276 2611 Et
3297 2569 3541 2613 corruerit

1959 2643 2153 2712 singuli
2227 2659 2387 2706 super
2424 2645 2619 2712 fratres
2687 2661 2830 2711 suos,
2875 2646 3028 2712 quasi
3084 2645 3220 2700 bella
3261 2649 3538 2718 fugientes.

1960 2733 2192 2800 Quando
2214 2735 2360 2788 enim
2390 2751 2515 2789 eum
2542 2736 2622 2789 eis
2657 2736 2960 2819 loquimur,
2994 2747 3050 2792 et
3076 2739 3213 2808 legis
3239 2740 3540 2810 propheta-

1961 2839 2190 2893 rumque
2229 2825 2536 2878 testimonia
2565 2837 2756 2878 contra
2781 2842 2875 2880 eos
2912 2828 2980 2881 de
3004 2827 3538 2900 Christoﬁvangeli-

1961 2915 2147 2984 eisque
2167 2917 2438 2985 mysteriis
2454 2917 2803 2986 proferimus,
2820 2919 3078 2973 eoarctati
3099 2919 3150 2974 hi
3172 2921 3390 2990 quidem
3413 2921 3538 2986 hoc,

1963 3006 2034 3059 illi
2072 3015 2254 3060 autem
2298 3007 2427 3060 illud
2451 3009 2661 3071 dicunt,
2702 3018 2758 3062 et
2813 3010 3192 3080 unusquisque
3225 3026 3390 3082 super
3427 3011 3537 3066 fra-

1959 3107 2098 3154 trem
2134 3101 2260 3154 ruit.
2291 3087 2508 3154 lnﬁrma
2540 3102 2686 3155 enim
2719 3117 2912 3157 onmes
2961 3103 3172 3168 dicunt,
3237 3104 3540 3161 consistere

1959 3200 2182 3262 propter
2206 3193 2309 3247 huc
2335 3193 2386 3246 in
2420 3193 2644 3248 alternis
2678 3209 2790 3248 non
2840 3195 3019 3249 valent
3047 3196 3248 3263 verbis,
3306 3206 3362 3252 et
3404 3213 3540 3252 con-

1961 3283 2250 3337 turbantur
2275 3283 2428 3352 quasi
2467 3284 2605 3338 bella
2631 3285 2924 3355 fugientes,
2948 3287 3102 3340 nullo
3129 3299 3412 3358 sequente.
3429 3289 3538 3344 Nos

1957 3384 2138 3428 autem
2176 3389 2287 3428 non
2315 3376 2694 3444 persequimur
2721 3391 2834 3439 eos,
2869 3393 2972 3432 nec
3000 3387 3060 3432 ut
3087 3395 3410 3447 noceamus,
3441 3383 3537 3438 sed

1958 3473 2018 3518 ut
2041 3466 2296 3534 juventus
2324 3477 2486 3536 atque
2519 3468 2792 3521 lucremur
2821 3483 2936 3534 eos,
2977 3470 3352 3538 disceptamus
3409 3490 3534 3530 curn

1956 3558 2060 3611 eis.
2093 3559 2232 3622 Quid
2253 3574 2381 3630 ergo
2414 3559 2540 3612 hinc
2573 3561 2898 3628 patiuntur?

2026 3650 2194 3704 Nemo
2232 3661 2460 3704 vestrum
2497 3653 2723 3705 inimicis
2749 3653 2962 3708 audebit
3003 3655 3268 3719 resistere,
3297 3657 3534 3724 peribitis

1955 3743 2093 3795 inter
2139 3751 2338 3814 gentes,
2363 3753 2411 3795 et
2446 3744 2650 3797 hostilis
2683 3761 2770 3797 vos
2819 3755 2962 3798 terra
3003 3754 3290 3802 consumet.
3323 3750 3535 3804 Consu-

1954 3835 2055 3888 mit
2084 3837 2233 3889 enim
2265 3850 2358 3889 eos
2377 3837 2751 3906 evangelicum
2780 3845 3194 3900 testamentum,
3226 3840 3396 3894 totius
3430 3856 3530 3895 eo-

1953 3947 2073 3984 rum
2100 3913 2393 3985 coutercns
2432 3931 2636 3985 erroris
2673 3932 3052 3986 substantiam.
3111 3931 3270 3986 Unde
3306 3948 3408 3987 nec
3441 3949 3530 3988 re-

1952 4025 2145 4078 sistere
2167 4023 2406 4078 inimicis
2424 4025 2556 4090 suis,
2592 4025 2682 4094 qui
2715 4025 2914 4080 salvari
2952 4041 3052 4094 per
3075 4025 3238 4078 ﬁdem
3272 4036 3524 4095 possunt,

1951 4119 2046 4174 sed
2080 4127 2134 4171 et
2173 4127 2406 4188 pereunt
2465 4117 2610 4172 inter
2665 4127 2874 4189 gentes,
2937 4118 2989 4170 in
3042 4119 3218 4188 lapide
3281 4119 3528 4191 angulari

1949 4210 2312 4272 olfendentes,
2386 4219 2568 4264 etnec
2641 4211 2776 4280 legis
2827 4211 3047 4278 quidem
3121 4210 3354 4265 litteram
3437 4227 3526 4266 re-

1949 4303 2160 4372 spicere
2223 4301 2491 4364 volcntes,
2551 4312 2738 4370 utpote
2780 4303 2872 4372 qui
2915 4303 2968 4356 in
3000 4319 3120 4358 eam
3175 4317 3284 4357 non
3317 4303 3526 4360 habent

260 4396 386 4452 facti
418 4407 545 4452 sunt
576 4399 628 4451 in
681 4407 824 4452 terra
880 4397 1224 4451 inimicorum
1272 4413 1519 4464 suorum,
1559 4400 1608 4452 id
1653 4410 1754 4466 est,
1785 4401 1837 4455 in
1874 4410 1914 4464 ι)
1945 4399 2220 4453 ﬁduciam.

260 4489 572 4558 evangelico
621 4498 983 4544 testamento:
1019 4489 1141 4544 facti
1187 4499 1311 4544 sunt
1355 4499 1556 4553 autem,
1590 4492 1689 4546 etsi
1727 4508 1836 4548 non

259 4589 472 4650 sponte,
507 4591 684 4636 tamen
732 4599 796 4638 ex
844 4583 1189 4638 necessitate.
1239 4581 1374 4652 Ipsis
1421 4583 1568 4638 enim
1603 4587 1840 4640 nolenti-

257 4673 381 4740 bus,
435 4675 721 4739 sacriﬁeia,
766 4687 821 4731 et
863 4676 1276 4746 puriﬁcationes
1307 4675 1640 4748 azymorum,
1676 4689 1728 4733 et
1756 4687 1838 4732 ta-

257 4763 676 4820 bernaculorum
729 4768 1071 4835 festivitates,
1098 4779 1153 4823 et
1186 4769 1394 4838 reliqua
1441 4786 1654 4825 cessare
1687 4771 1838 4839 fecit,

257 4856 630 4912 difﬁcultatem
668 4861 960 4928 patientes.
991 4861 1047 4915 in
1079 4861 1487 4915 meditationem
1516 4862 1636 4928 ejus
1663 4863 1841 4917 disce-

255 4950 412 5004 dunt.
449 4951 515 5005 Et
563 4951 704 5006 hanc
734 4953 1068 5006 vacationem
1099 4969 1196 5022 pro
1225 4952 1462 5008 Sabbato
1491 4955 1752 5024 suscepit,
1782 4964 1836 5009 et

255 5039 325 5094 ab
368 5043 448 5096 eis
486 5058 638 5098 saera
681 5043 984 5113 Scriptura,
1019 5044 1292 5115 nimisque
1339 5046 1420 5101 eis
1463 5045 1626 5099 etiam
1673 5061 1833 5115 supra

253 5129 497 5200 priorum
551 5131 916 5186 Sabbatorum
979 5135 1318 5188 vacationem
1387 5135 1638 5205 placebit.
1679 5134 1836 5188 Cur?

254 5219 392 5286 Quia
429 5238 528 5276 non
572 5233 645 5277 est
679 5225 911 5293 speciosa
953 5224 1072 5288 laus
1107 5225 1160 5278 in
1192 5243 1279 5280 ore
1321 5228 1610 5296 peccatoris
1641 5228 1682 5278 ’.
1727 5225 1832 5281 Sed

251 5312 364 5369 ait:

327 5405 396 5460 Et
451 5408 541 5479 qui
587 5409 652 5460 de
679 5408 822 5462 vobis
877 5411 1248 5475 remanserint,
1299 5409 1435 5464 dabo
1485 5426 1732 5479 pavorem
1781 5411 1834 5464 in

253 5499 498 5554 cordibus
529 5515 734 5562 eorum,
769 5501 823 5552 in
879 5502 1172 5570 regionibus
1215 5502 1444 5555 hostium
1503 5501 1711 5554 terrebit
1749 5517 1834 5555 eos

325 5679 344 5708 ³
373 5676 536 5732 Eccli.
565 5695 652 5745 xv,
680 5678 732 5733 9.
811 5677 830 5708 ³
861 5676 1004 5731 Psal.
1040 5691 1156 5745 stu,
1201 5679 1252 5733 5.

1332 5677 1350 5709 ⁵
1375 5676 1579 5732 Jerem.
1623 5693 1770 5745 nix,
1807 5676 1860 5730 9.

2019 4488 2168 4554 Quod
2197 4489 2294 4542 etsi
2324 4489 2486 4542 deliis
2519 4488 2688 4557 aliqui
2749 4489 3120 4555 remanserint,
3165 4493 3426 4545 tabescent
3467 4492 3523 4544 in

1945 4579 2314 4650 iniquitatibus
2343 4579 2473 4643 suis,
2495 4581 2550 4631 in
2581 4588 2720 4632 terra
2748 4579 3083 4633 inimicorum
3117 4597 3352 4635 suorum.
3389 4581 3522 4649 Qui-

1945 4686 2160 4741 cunque
2193 4670 2339 4726 enim
2388 4685 2450 4725 es
2483 4672 2584 4734 eis,
2607 4671 2696 4741 qui
2755 4672 3004 4727 conversi
3034 4683 3182 4740 sunt,
3211 4686 3516 4744 remanent,

1944 4774 2329 4832 permanentes
2358 4763 2410 4816 in
2438 4765 2567 4834 legis
2594 4763 2795 4828 studio,
2830 4764 2883 4817 hi
2917 4771 3140 4834 propter
3167 4775 3385 4833 peccata
3400 4780 3516 4830 sua,

1937 4871 2060 4923 qua:
2095 4855 2149 4908 in
2186 4862 2328 4909 terra
2356 4855 2706 4910 inimicorum
2738 4871 2980 4920 suorum,
3005 4856 3057 4910 id
3077 4865 3178 4918 est,
3239 4857 3292 4910 in
3341 4857 3520 4910 Evan-

1943 4946 2118 5015 gelico
2156 4953 2504 5011 testamento,
2541 4948 2841 5002 secundum
2893 4947 3037 5016 quod
3091 4947 3348 5011 diximus,
3393 4961 3520 5015 pro-

1942 5044 2066 5107 pter
2094 5037 2576 5108 trausgressionem
2606 5040 2724 5110 ejus
2767 5046 3000 5109 pereunt
3033 5054 3048 5092 :
3080 5038 3196 5092 haec
3215 5045 3344 5090 sunt
3369 5037 3518 5092 enim

1943 5129 2118 5183 modis
2147 5129 2402 5184 omnibus
2427 5141 2671 5202 peccata,
2707 5147 2829 5201 qua:
2870 5131 2924 5184 in
2972 5145 3038 5184 eo
3081 5130 3516 5185 committuntur.

2013 5221 2082 5274 Et
2111 5229 2326 5290 prapter
2347 5235 2563 5290 peccata
2587 5240 2709 5288 sua,
2736 5233 2785 5278 et
2821 5232 3033 5292 propter
3057 5229 3272 5291 peccata
3306 5231 3517 5291 patrum

1941 5329 2176 5367 suorum.
2201 5313 2337 5380 Quia
2368 5315 2709 5384 przevaricati
2739 5323 2888 5380 sunt,
2923 5322 2978 5368 et
2997 5315 3363 5384 despexerunt
3389 5328 3472 5370 me
3505 5332 3522 5370 :

1941 5421 2004 5462 ea
2025 5406 2170 5459 enim
2201 5422 2322 5476 qure
2346 5422 2494 5462 nunc
2530 5407 2612 5460 eis
2641 5415 2968 5473 evenerunt,
3029 5415 3244 5478 patrum
3280 5409 3520 5480 peccatis

1942 5502 2242 5558 ascribunt.
2275 5499 2507 5572 Propter
2528 5501 2672 5570 quod
2698 5509 2754 5556 et
2781 5500 3061 5557 tabescent
3095 5500 3152 5555 in
3175 5499 3278 5567 eis,
3308 5516 3408 5573 pro
3435 5501 3518 5556 eis
