4036 6200
522 248 660 312 1155

1708 241 2071 303 HESYCHII
2112 242 2586 306 PRESBYTERI

3642 248 3667 312 l
3680 248 3787 316 15‘)

517 361 867 424 conﬁtentes,
890 357 1018 429 quia
1041 354 1379 427 pravaricati
1418 362 1545 408 sunt
1570 352 1740 408 Deum
1778 354 1832 407 in
1887 363 2096 425 tempo-
2126 389 2167 446 Δ
2200 356 2439 427 relinqui
2465 358 2555 411 illa
2581 373 2611 411 a
2633 356 2842 412 iudicis
2864 355 3014 422 fecit,
3037 357 3163 427 quia
3205 358 3477 414 malitiose
3510 359 3796 432 interpre-

519 448 674 503 ribus
710 442 1100 513 anterioribus,
1132 458 1241 497 non
1292 442 1436 496 bona
1468 442 1574 497 hoc
1601 449 1807 507 mente,
1833 441 1929 495 sed
1956 443 2094 496 mala

518 540 803 602 facientes,
822 546 880 591 ut
895 550 1110 605 pinnam
1133 542 1447 604 quarsuper
1470 548 1563 588 eos
1587 534 1737 588 venit
1754 541 1977 604 propter
1996 534 2097 589 iiii-

519 633 804 703 quita'tem.
834 644 995 698 quam
1025 626 1077 680 in
1104 626 1325 681 Christo
1350 626 1766 693 commiserunt,
1805 628 2091 695 molliant;

520 737 647 777 nam
673 720 839 774 infert
863 738 876 773 :
898 717 966 773 Et
995 717 1501 773 ambulaveruntex
1530 719 1764 774 adverso
1791 719 2095 774 mihi.Am-

518 811 718 866 bulabo
749 809 911 880 igitur
933 817 990 863 et
1023 824 1122 880 ego
1152 817 1345 864 contra
1383 825 1498 875 eos,
1562 819 1620 865 et
1662 809 1915 864 inducam
1973 810 2096 865 illos

521 903 577 957 in
604 911 801 955 terram
840 901 1117 955 hostilem.
1146 901 1612 967 Quemadmodum
1653 903 1801 959 enim
1830 902 1905 957 illi
1934 919 2097 972 repu-

521 1003 637 1048 tant
664 993 829 1046 Deum
855 993 1279 1057 circumvenire,
1306 1008 1372 1047 ex
1393 993 1628 1048 adverso
1653 994 1703 1048 ei
1732 995 2093 1057 ambulantes,

520 1099 577 1144 et
605 1089 709 1142 alia
732 1104 832 1158 pro
858 1089 980 1143 aliis
1011 1088 1565 1158 interpretationibus
1589 1088 1725 1159 legis
1771 1099 1824 1144 et
1851 1092 2096 1160 prophe-

519 1191 718 1245 tarum,
741 1196 861 1249 quin
891 1180 1215 1235 conﬁrmant
1241 1180 1443 1236 Christi
1466 1182 1805 1252 mysterium,
1827 1183 2095 1249 dicentes,

519 1272 665 1341 Quod
694 1284 776 1325 est
810 1271 1220 1326 adversantium
1272 1273 1555 1341 proprium
1590 1290 1602 1326 :
1645 1273 1722 1328 sic
1744 1284 1798 1329 ct
1830 1275 1946 1344 ipse
1983 1290 2099 1329 am-

519 1363 730 1419 bulavit
757 1379 880 1417 cum
903 1364 984 1418 eis
1010 1364 1296 1430 adversus,
1333 1374 1390 1419 et
1430 1365 1663 1420 inducet
1690 1382 1787 1421 eos
1812 1367 1865 1421 in
1894 1377 2096 1424 terram

520 1455 795 1521 hostilem,
832 1452 886 1508 id
916 1465 1017 1520 est,
1055 1455 1108 1508 in
1133 1455 1512 1526 Evangelium,
1555 1457 1698 1525 quod
1733 1458 1985 1528 gentibus
2005 1459 2099 1513 de-

2199 454 2398 512 tantes,
2431 462 2540 503 non
2559 448 2700 503 bene
2739 447 3165 517 meditabantur,
3224 448 3566 518 injuriabaut
3630 468 3736 509 eos
3774 472 3792 510 :
3890 438 3899 443 ’

2197 538 2433 608 primum
2449 538 2670 609 quidem
2699 539 2965 606 dicentes,
2989 548 3045 595 et
3080 556 3192 595 non
3241 540 3532 602 facientes.
3572 542 3795 599 deinde

2197 630 2605 700 despicabiliter
2666 632 3114 702 interpretantes,
3171 640 3229 687 et
3253 633 3403 702 quod
3454 634 3507 687 iu
3533 634 3614 688 eis
3661 645 3795 689 erat

2196 725 2456 794 optimam
2492 724 2795 794 spiritalem
2838 723 3254 794 intelligentiam
3318 733 3582 795 tegentes.
3615 726 3792 782 Unde

2194 823 2253 869 et
2286 822 2686 884 consequenter
2705 814 2913 870 addidit
2942 831 2959 868 :

2263 906 2614 975 Complacebit
2643 906 2743 961 sibi
2772 907 2829 959 in
2851 903 3099 961 Sabbatis
3124 907 3257 961 suis.
3283 905 3335 960 l.l
3367 916 3475 970 est,
3507 907 3637 963 dum
3676 909 3795 965 dc-

2198 994 2370 1050 solata
2395 996 2468 1050 ab
2497 996 2579 1052 eis
2607 992 2878 1052 remanet.
2926 997 3135 1054 Gaudet
3160 1012 3311 1052 enim
3367 996 3463 1052 Dei
3525 998 3611 1054 lex
3675 999 3791 1055 Ju-

2198 1086 2438 1142 dmorum
2464 1087 2653 1144 lruens
2678 1089 3035 1156 desolatione,
3055 1074 3230 1158 quam
3263 1090 3365 1160 ipsi
3394 1091 3616 1147 sibimet
3636 1094 3793 1148 intu-

2198 1176 2395 1231 lerunt.
2421 1177 2808 1249 l’ropterquod
2826 1189 2885 1234 et
2904 1180 3256 1236 solitudinem
3308 1181 3459 1235 illam
3508 1182 3621 1251 pati
3678 1198 3795 1252 pro

2197 1268 2279 1323 eis
2304 1268 2459 1325 dixit.

2265 1363 2375 1430 Ipsi
2396 1380 2514 1418 vero
2545 1368 2807 1435 rogabunt
2835 1381 2935 1434 pro
2968 1365 3200 1434 peccatis
3220 1366 3355 1431 suis,
3397 1368 3612 1437 ecquod
3630 1370 3793 1433 adie-

2199 1456 2361 1507 cerint
2376 1454 2586 1522 judicia
2614 1471 2755 1517 mea,
2785 1465 2833 1509 et
2854 1456 2988 1526 leges
3027 1473 3172 1510 meas
3216 1457 3570 1525 despexeriut.
3601 1458 3797 1530 Dupli-

519 1546 618 1600 dit.
651 1546 728 1599 Ex
757 1560 866 1614 quo
890 1545 1105 1600 duobus
1142 1545 1318 1600 modis
1342 1556 1618 1616 pereunt:
1661 1549 1923 1618 primum,
1968 1551 2096 1620 quia
2197 1544 2303 1610 Cia,
2333 1544 2531 1619 inquit,
2549 1545 2691 1600 bona
2714 1547 2941 1616 expulsa
2977 1547 3045 1602 de
3111 1548 3271 1619 plebe
3310 1548 3648 1618 Iudaeorum,
3714 1557 3792 1609 de

515 1636 799 1691 Judaicam
825 1636 1096 1706 justitiam
1137 1637 1408 1693 destruit:
1478 1639 1698 1706 deinde,
1759 1642 1886 1710 quia
1954 1643 2096 1713 apud
2203 1636 2507 1706 Scripturis
2529 1637 2699 1693 sacris
2718 1647 3111 1708 provenerunt,
3142 1656 3248 1696 nec
3302 1641 3407 1711 ίΡεῘ
3446 1643 3593 1698 enim
3644 1645 3793 1714 iniu-

524 1731 720 1794 gentes
738 1732 845 1787 est,
873 1725 1074 1793 quibus
1096 1725 1277 1779 tumuli
1301 1736 1449 1793 sunt,
1477 1739 1533 1781 et
1594 1732 1942 1785 contentioso
2004 1734 2099 1788 ad-

2215 1725 2432 1792 riantur,
2465 1729 3188 1799 propterquodetgaudent
3234 1745 3346 1785 non
3389 1732 3497 1804 legi
3557 1734 3626 1788 ab
3675 1737 3790 1802 eis,

520 1828 717 1869 versus
738 1829 832 1868 eas
855 1815 1040 1869 animo
1066 1817 1265 1871 salvari
1317 1833 1429 1873 non
1463 1819 1676 1885 volunt,
1732 1823 1829 1876 ita.
1852 1832 1911 1877 ut
1962 1824 2102 1880 Deus

520 1918 621 1974 per
644 1902 866 1985 Moysen
898 1904 1105 1960 diceret
1135 1924 1149 1960 :
1184 1906 1265 1960 Ad
1289 1908 1687 1964 cumulationem
1721 1928 1808 1965 vos
1839 1915 2102 1968 adducam

520 1995 691 2048 nonin
715 2003 865 2065 gente
893 1996 935 2043 ³.
962 1994 1162 2051 Paulus
1189 2006 1371 2052 autem
1391 2016 1405 2051 :
1428 1997 1725 2054 Secundum
1760 2002 2103 2075 Evangeliunt

531 2084 738 2153 quidem
772 2084 973 2137 inimici
992 2092 1205 2155 propter
1231 2103 1323 2141 eos
1350 2087 1394 2139 °.
1450 2087 1662 2144 Rursus
1700 2104 1714 2142 :
1756 2088 1901 2143 Sicut
1967 2093 2103 2145 enim

519 2189 609 2227 vos
640 2191 759 2228 cum
790 2176 992 2228 inimici
1023 2178 1229 2242 essetis,
1262 2179 1588 2233 reconciliati
1603 2182 1726 2235 estis
1753 2181 1881 2248 Deo,
1912 2184 1990 2238 sic
2055 2193 2104 2238 et

524 2277 661 2316 nunc
678 2279 781 2316 non
801 2264 1132 2338 crediderunt
1162 2267 1212 2318 in
1240 2276 1411 2320 uestra
1442 2270 1803 2324 misericordia
1843 2273 1883 2325 ".

600 2356 743 2408 Tunc
770 2356 1037 2409 erubescet
1072 2357 1444 2411 incircumcisa
1476 2376 1620 2414 meus
1654 2378 1860 2425 eorum,
1899 2374 1949 2417 et
1982 2373 2106 2419 tunc

521 2447 749 2502 orabunt
806 2464 900 2515 pro
953 2449 1322 2518 iniquitatibus
1348 2451 1482 2504 suis.
1509 2451 1635 2507 Sive
1676 2464 1736 2507 ut
1799 2454 1959 2519 LXX,
2036 2456 2103 2510 Et

529 2548 738 2611 peccata
799 2555 898 2592 sua
952 2539 1152 2608 placita
1187 2539 1469 2602 habebunt,
1517 2542 1573 2596 id
1604 2552 1711 2609 est,
1736 2559 1928 2612 punias
1971 2562 2105 2615 quas

524 2624 806 2695 patiuntur
839 2640 936 2694 pro
959 2627 1201 2695 peccatis
1240 2643 1253 2678 :
1284 2628 1363 2681 sic
1404 2628 1550 2682 enim
1592 2631 1739 2699 quod
1766 2632 1975 2686 dictum
2019 2642 2106 2687 est

523 2716 581 2770 in
604 2715 744 2772 Osee
774 2717 1171 2773 intelleximus:
1206 2719 1433 2774 l’eccata
1448 2723 1629 2791 populi
1653 2724 1753 2777 mei
1769 2732 2037 2779 comedent
2057 2727 2099 2781 ⁸.

524 2806 665 2873 Quid
687 2815 867 2860 autem
893 2807 996 2861 hoc
1017 2817 1123 2873 est,
1152 2809 1205 2861 in
1228 2810 1696 2878 subsequentibus
1712 2814 2100 2870 manilestavit:

524 2896 594 2952 Et
624 2897 694 2952 ad
716 2898 1052 2968 iniquitatem
1072 2916 1254 2953 eorum
1304 2902 1647 2957 sublevabunt
1672 2906 1880 2960 animas
1900 2923 2102 2962 eorum.

2201 1834 2381 1888 neque
2430 1819 2578 1873 enim
2609 1820 2682 1874 ita
2705 1821 2917 1890 legunt,
2939 1822 3083 1876 sicut
3116 1823 3291 1892 prius.
3331 1839 3459 1878 cum
3537 1826 3647 1880 sint
3695 1827 3788 1881 di-

2203 1908 2373 1978 spersi
2391 1908 2650 1979 omnique
2675 1919 2928 1966 carentes
2970 1912 3426 1982 praesumptione.
3461 1911 3567 1969 Sed
3612 1918 3787 1973 etiam

2204 2001 2305 2072 ipsi
2342 2010 2695 2071 peccatorum
2718 2019 2966 2069 suorum,
2996 2017 3053 2060 et
3078 2006 3547 2075 prinvaricationis
3576 2008 3791 2064 divina:

2202 2094 2339 2165 legis
2360 2095 2566 2150 conscii
2589 2096 2692 2150 sibi
2746 2097 2928 2152 ell'ecti
2982 2106 3129 2153 sunt.
3180 2097 3562 2153 Admirandum
3608 2098 3784 2157 etiam

2203 2196 2288 2240 est
2315 2187 2459 2257 quod
2492 2186 2559 2241 ad
2587 2188 2754 2242 totius
2808 2188 3111 2244 sanetionis
3173 2190 3579 2255 conclusionem
3623 2192 3789 2248 lasti~

2204 2276 2460 2347 giumque
2496 2278 2724 2333 addidit.
2756 2280 2824 2334 Et
2854 2263 3293 2350 intelligendum,
3334 2281 3465 2350 quia
3489 2297 3673 2350 aperte
3687 2286 3788 2354 qui

2207 2369 2260 2422 in
2299 2367 2499 2439 Moyse,
2531 2354 2650 2438 ipse
2676 2369 2839 2424 etiam
2864 2369 2919 2424 in
2949 2369 3140 2435 Paulo,
3180 2381 3238 2425 et
3280 2371 3334 2426 in
3366 2372 3626 2427 omnibus
3656 2390 3793 2444 apo.

2205 2460 2359 2514 stolis
2381 2461 2595 2517 locutus
2623 2469 2727 2516 est.
3156 2511 3169 2515 ,

2277 2550 2526 2606 Attamen
2559 2569 2678 2606 cum
2708 2562 2872 2606 essent
2908 2555 2964 2606 in
2994 2563 3133 2607 terra
3198 2554 3401 2621 hostili,
3429 2573 3534 2611 non
3583 2558 3793 2625 penitus

2208 2642 2379 2712 abjeci
2411 2660 2520 2705 eos.
2544 2659 2707 2715 neque
2735 2646 2967 2714 despexi,
3005 2654 3061 2699 ut
3105 2659 3624 2711 consumerentur,”
3658 2650 3793 2703 irri-

2202 2742 2317 2786 tum
2354 2735 2583 2803 [acerem
2610 2744 2823 2804 pactum
2845 2752 3017 2790 meum
3052 2753 3171 2790 cum
3189 2738 3284 2792 eis.
3319 2738 3433 2809 Ego
3482 2742 3623 2795 enim
3666 2757 3799 2795 sunt

2206 2820 2467 2876 Dominus
2504 2823 2647 2879 Deus
2673 2841 2874 2887 eorum,
2908 2835 2956 2879 et
2975 2827 3291 2881 recordabar
3317 2830 3527 2899 fwderis
3552 2832 3653 2884 mei
3675 2833 3797 2897 pri-

2202 2915 2359 2978 stini,
2404 2915 2614 2984 quando
2649 2917 2806 2971 eduxi
2847 2932 2933 2970 eos
2977 2919 3042 2971 de
3071 2926 3217 2972 terra
3274 2918 3521 2991 Egypti,
3551 2921 3612 2974 in
3666 2937 3798 2975 cors-

526 2990 668 3061 Ergo
696 2999 918 3060 peccata
953 2992 1141 3062 populi
1172 2994 1486 3058 comedere,
1512 3005 1598 3049 est
1627 3012 1730 3067 pro
1778 2998 1858 3052 eis
1914 3014 2104 3069 pcenas
2141 3070 2172 3081 _
2206 3014 2384 3073 specta
2409 3005 2665 3075 gentium,
2713 3016 2770 3060 ut
2816 3022 2981 3061 essem
3027 3006 3165 3061 Deus
3207 3024 3416 3064 eorum.
3464 3009 3579 3081 Ego
3605 3010 3799 3066 Densi-

525 3080 1177 3152 sustinere,diguaquese
1206 3083 1317 3152 pati
1348 3086 1582 3153 peccatis
1608 3085 1723 3141 suis
1762 3087 1982 3144 dicunt:
2002 3090 2105 3145 etsi
2134 3070 2174 3128 (ἶ
2210 3070 2325 3151 uus.

524 3169 770 3239 quaedam
825 3180 1045 3241 peccata
1101 3188 1197 3227 sua
1231 3175 1598 3247 conﬁtentur,
1625 3179 1873 3249 quaedam
1897 3189 2104 3251 tegunt,

524 3276 646 3332 qua:
675 3262 727 3316 io
755 3261 1031 3319 Christum
1061 3267 1472 3325 commiserunt.

595 3352 665 3407 Et
693 3356 1006 3409 recordabar
1031 3358 1238 3427 [aderis
1263 3361 1361 3412 mei
1399 3362 1540 3431 quod
1573 3364 1749 3434 pepigi
1776 3381 1898 3418 cum
1921 3365 2105 3434 Iacob,

534 3441 686 3503 Isaac
743 3454 791 3499 et
819 3446 1111 3500 Abraham.
1140 3445 1311 3517 Cujus
1338 3449 1417 3504 rei
1456 3452 1628 3520 gratia
1652 3468 1761 3507 non
1803 3456 2107 3513 secundum

527 3534 777 3589 ordinem
810 3536 1072 3606 temporis
1118 3548 1174 3593 et
1203 3543 1423 3611 generis
1461 3545 1737 3601 Abraham
1766 3549 1951 3617 coepit,
2013 3551 2109 3605 sed

523 3623 733 3681 Jacobi
762 3627 846 3682 vel
872 3642 969 3681 cur
1013 3628 1154 3683 LXX
1183 3647 1292 3697 non
1315 3634 1505 3691 dicunt
1529 3655 1542 3691 :
1582 3636 1991 3695 Testamentum
2011 3640 2105 3696 Ja-

526 3717 649 3780 ccb,
682 3724 738 3770 et
769 3717 937 3795 Isaac,
962 3726 1019 3773 et
1046 3720 1340 3789 Abraham,
1372 3726 1492 3789 sed,
1515 3736 1883 3784 testamentum
1925 3730 2105 3795 Iacob,

527 3817 576 3862 et
604 3793 976 3864 testamentum
1018 3813 1195 3879 Isaae,
1256 3824 1306 3868 et
1356 3824 1726 3873 testamentum
1799 3793 2110 3876 Abraham?

529 3899 655 3954 Tria
685 3902 1143 3971 quemadmodum
1180 3913 1503 3963 testamenta
1537 3904 1852 3977 inntﬁntes,
1901 3904 1980 3968 ut.
2022 3913 2105 3968 le-

528 4006 651 4062 gem
680 3992 937 4048 videlicet
970 4004 1028 4049 et
1073 3997 1369 4067 prophetas
1418 4002 1829 4058 commendaret
1869 4004 2114 4076 Evange-

530 4080 687 4148 lium,
721 4098 956 4152 quorum
989 4087 1118 4155 quia
1150 4089 1428 4159 antiquior
1449 4090 1534 4144 lex
1554 4102 1657 4157 est,
1684 4095 1931 4149 secundo
1982 4113 2113 4151 vero

530 4173 652 4228 loco
686 4175 968 4244 propheta:
996 4177 1354 4232 novissimum
1405 4180 1759 4251 Evangelium
1822 4186 2111 4241 ostendere

531 4263 843 4320 voluerunt.
873 4265 1009 4333 Quia
1030 4266 1404 4340 Evangelium,
1435 4270 1538 4326 etsi
1583 4274 1947 4332 novissimum
1984 4293 2110 4346 gra-

2281 3188 2406 3244 llmc
2436 3187 2477 3243 si
2508 3204 2591 3243 vis
2623 3204 2721 3259 per
2758 3191 2971 3261 singula
2996 3204 3350 3258 cognoscere,
3404 3190 3797 3265 Paulumlegc,

2208 3284 2478 3353 quomodo
2506 3298 2604 3338 eos
2627 3298 2738 3337 non
2772 3283 3086 3354 despexerit
3112 3282 3258 3340 D‘eus
3296 3285 3353 3339 in
3409 3294 3555 3341 terra
3581 3287 3797 3353 hostili,

2212 3374 2265 3429 id
2300 3384 2405 3441 est,
2438 3372 2492 3426 in
2522 3372 2848 3444 Evangelico
2910 3382 3263 3441 testamento,
3314 3391 3419 3431 nec
3454 3379 3802 3449 consumpsit

2209 3480 2325 3531 eos,
2351 3474 2413 3519 ut
2445 3465 2659 3519 irritum
2693 3465 2896 3521 faceret
2917 3476 3134 3536 paetum
3159 3483 3320 3522 suum
3351 3468 3668 3539 pristinum.
3690 3469 3802 3525 Ne-

2210 3572 2315 3627 que
2339 3557 2487 3612 cnim
2514 3558 2581 3612 ad
2614 3558 2827 3613 irritum
2862 3558 2994 3613 illud
3024 3559 3253 3615 deduxit
3298 3576 3366 3616 ex
3391 3571 3526 3626 toto,
3584 3564 3685 3619 sed
3745 3576 3803 3617 et

2210 3663 2365 3718 spem
2391 3649 2584 3703 salutis
2611 3649 2849 3719 reliquit,
2874 3666 2975 3707 non
3006 3652 3249 3705 omnibus
3279 3662 3483 3718 autem,
3506 3654 3599 3709 sed
3661 3656 3798 3709 reli-

2211 3740 2368 3810 quiis,
2417 3740 2557 3795 sicut
2579 3740 2779 3795 Paulus
2812 3741 2909 3807 ait,
2964 3742 3257 3813 proferens
3306 3744 3457 3801 Isaiae
3511 3748 3802 3817 prepheta:

2212 3830 2605 3885 testimonium.
2628 3828 2685 3885 Si
2710 3832 2871 3902 fuerit
2894 3849 3142 3888 numerus
3174 3834 3409 3903 ﬁliorum
3447 3835 3624 3891 Israel
3664 3838 3803 3891 sicut

2212 3940 2375 3978 arena
2392 3925 2581 3990 maris,
2616 3924 2848 3995 reliquiae
2864 3924 3026 3979 saluta
3053 3924 3186 3992 ﬁunt
3215 3926 3259 3978 ⁹.
3289 3925 3426 3980 Dico
3453 3925 3805 3996 ergo,;l\'nln-

2211 4015 2341 4085 quid
2371 4016 2570 4085 repulit
2595 4015 2738 4071 Deus
2755 4017 2971 4086 plebem
3006 4017 3200 4071 suam?
3224 4017 3381 4071 Absit
3408 4018 3422 4071 ι
3460 4017 3802 4074 Recordabi-

2216 4116 2304 4161 tur
2324 4108 2488 4162 etiam
2510 4107 2733 4163 hederis
2788 4109 2871 4163 sui
2907 4108 3390 4179 pristini,quando
3440 4109 3589 4166 ﬁlios
3637 4109 3801 4166 Israel

2213 4197 2281 4253 de
2310 4206 2455 4253 terra
2477 4196 2697 4269 Egypti
2725 4199 2936 4255 eduxit.
2994 4199 3060 4253 Et
3096 4200 3154 4254 in
3212 4216 3322 4272 quo
3365 4203 3802 4260 recordabitur‘!

2216 4288 2287 4343 Ut
2309 4296 2455 4343 esset
2480 4287 2623 4344 Deus
2647 4306 2835 4345 eorum
2860 4291 2913 4345 in
2940 4302 3243 4362 conspectu
3258 4293 3528 4365 gentium.
3562 4295 3648 4350 Ad
3663 4311 3803 4365 quo-

530 4354 625 4420 tia,
675 4355 770 4455 sed
816 4372 847 4410 a
886 4356 1011 4455 ‘Deo
1032 4361 1387 4455 praeponitur,
1422 4370 1587 4432 atque
1615 4364 1741 4419 ideo
1785 4369 1938 4436 prius
1990 4370 2109 4439 ejus
2144 4403 2185 4455 υ
2216 4394 2334 4432 rum
2361 4379 2712 4435 manifestam
2758 4354 3293 4437 demonstraiioneni
3354 4384 3637 4440 sumciunt
3680 4354 3801 4441 uini

530 4446 849 4501 memoriam
884 4447 1029 4515 facit,
1057 4450 1293 4519 primum
1319 4451 1510 4521 Jacob,
1533 4456 1626 4525 qui
1645 4457 1979 4514 novissimus
2025 4471 2111 4516 est

533 4543 779 4604 tempore
805 4546 861 4591 et
883 4538 1094 4606 ordine,
1119 4541 1454 4597 mentionem
1474 4543 1619 4600 facit.
1641 4544 1710 4600 Ut
1726 4550 2109 4619 cognationem

530 4634 716 4681 autem
751 4627 895 4683 inter
927 4645 986 4686 se
1011 4630 1269 4687 habentia
1313 4634 1566 4690 similiter
1613 4639 1916 4706 conjunxit.
1952 4640 2019 4695 Et
2054 4642 2109 4695 in

530 4717 642 4784 liis,
694 4719 748 4775 in
808 4722 1008 4791 quibus
1044 4723 1182 4797 legis
1237 4727 1735 4800 prophetarumque
1778 4733 2129 4789 mentionem,

530 4809 681 4876 facit,
707 4811 759 4865 in
787 4812 872 4868 his
896 4830 954 4869 se
975 4825 1032 4870 et
1062 4815 1339 4889 Evangelii
1396 4821 1530 4877 dicit
1568 4822 1769 4879 facere.
1800 4824 1972 4881 Nimis
2011 4843 2111 4882 au-

528 4911 640 4959 tem
662 4905 773 4973 hoc
802 4920 887 4973 ea,
918 4923 1039 4977 quae
1068 4920 1394 4980 sequuntur,
1432 4915 1741 4970 conﬁrmat.

606 4992 780 5049 Terrae
819 5013 1024 5069 quoque
1049 5017 1249 5055 memor
1264 5020 1372 5064 ero.
1399 5021 1516 5076 qua:
1567 5024 1684 5060 cum
1737 5008 1921 5063 relicta
1953 5011 2115 5082 fuerit

525 5087 597 5140 ab
629 5087 723 5148 eis,
741 5090 853 5142 sive
879 5099 936 5144 ut
963 5089 1126 5159 LXX,
1149 5093 1463 5164 relinquitur
1486 5097 1551 5150 ab
1573 5100 1670 5152 eis.
1692 5099 1828 5171 Ergo
1850 5104 1975 5172 quia
2015 5105 2113 5160 be-

527 5176 766 5232 nedictio
800 5181 1034 5236 maxime
1058 5191 1202 5239 terra
1223 5194 1303 5240 est
1331 5201 1362 5240 a
1390 5187 1521 5254 Deo,
1559 5188 1611 5242 in
1646 5193 1906 5248 memoria
1923 5195 2112 5250 haberi

531 5268 762 5339 diligens
833 5271 1228 5344 intelligibilem
1278 5287 1477 5333 terram
1532 5280 1695 5349 Deus,
1719 5283 1775 5339 id
1835 5295 1937 5352 est,
1985 5304 2113 5343 suas

530 5361 852 5431 scripturas,
875 5369 1266 5425 etmemoriam
1293 5386 1507 5442 eorum,
1565 5385 1619 5431 et
1664 5393 1777 5434 non
1829 5380 2111 5438 oblivione

600 5581 621 5664 ξ
654 5579 810 5664 Deut.
833 5600 1000 5664 xxxii,
1042 5588 1101 5664 2i
1126 5607 1155 5664 ;_
1178 5589 1333 5646 Rom.
1362 5610 1417 5657 x,
1452 5594 1536 5648 l9.
1613 5598 1631 5620 ⁸³
1665 5596 1820 5653 Rom.
1867 5616 1941 5664 Si,
1973 5601 2064 5655 ‘28.

532 5647 637 5711 9.7;
676 5652 771 5703 lsa.
802 5667 857 5716 κ,
880 5647 998 5709 22(
1051 5660 1092 5688 ³⁸
1125 5647 1281 5714 llum.
1313 5647 1628 5727 “(25,726.

2169 5605 2187 5634 ⁷
2222 5603 2379 5658 Rom.
2441 5622 2494 5671 v,
2526 5606 2610 5661 l0.

2217 4470 2333 4525 haec
2355 4472 2685 4540 Apostolicrc
2709 4473 2874 4529 verba
2905 4474 3217 4544 sapientiae.
3246 4474 3369 4529 Non
3394 4477 3535 4530 enim
3565 4476 3686 4532 uolo
3717 4494 3804 4532 eos

2214 4561 2480 4630 ignorare,
2506 4563 2722 4633 fratres,
2768 4567 3072 4635 mysterium
3092 4565 3208 4629 hoc,
3244 4575 3299 4620 ut
3335 4583 3438 4621 non
3496 4570 3615 4622 sitis
3660 4571 3804 4638 apud

2214 4653 2548 4720 vosmetipsos
2570 4654 2850 4723 sapientes,
2884 4656 3011 4726 quia
3052 4657 3262 4711 ca'citas
3291 4674 3355 4711 ex
3392 4668 3547 4727 parte
3575 4662 3803 4732 contigit

2215 4743 2272 4795 in
2300 4741 2490 4810 Israel,
2523 4745 2686 4801 donec
2709 4746 2981 4816 plenitudo
3031 4749 3271 4820 gentium
3340 4751 3613 4816 introiret,
3651 4762 3701 4805 et
3730 4753 3803 4806 sic

2214 4835 2386 4888 omnis
2406 4834 2576 4889 Israel
2587 4836 2765 4891 salvus
2783 4837 2930 4907 ﬁeret
2952 4840 3019 4893 ³⁸.
3050 4839 3196 4895 Bene
3214 4856 3347 4913 ergo
3362 4843 3429 4897 ad
3463 4844 3641 4898 totius
3656 4846 3805 4901 verbi

2220 4923 2630 4980 conclusionem
2662 4925 2924 4982 Dominus
2964 4929 3148 4984 dixit:
3206 4929 3319 5001 Ego
3364 4931 3641 4987 Dominus.
3704 4933 3805 4999 Qui

2220 5019 2465 5072 omnium
2491 5019 2726 5074 salutem
2761 5019 2907 5083 volo,
2931 5028 3093 5090 atque
3125 5020 3250 5077 ideo
3277 5023 3439 5076 etiam
3459 5020 3806 5087 Iudaeorum,

2219 5108 2349 5162 licet
2372 5118 2495 5179 post
2518 5118 2598 5165 tot
2627 5110 2963 5181 iniquitates.
3007 5111 3319 5166 salvaturus
3342 5113 3629 5193 reliquias.

2294 5200 2454 5257 Vens.
2487 5202 2577 5257 45.
2621 5219 2641 5253 ι
2682 5203 2808 5259 llaec
2835 5210 3247 5273 suntpra‘cepta
3277 5211 3442 5272 atque
3471 5204 3705 5272 judicia,
3760 5215 3813 5261 et

2220 5293 2365 5364 leges
2382 5309 2517 5363 quas
2548 5294 2701 5350 dedit
2728 5295 2991 5349 Dominus
3022 5294 3166 5349 inter
3194 5310 3275 5360 se,
3310 5305 3365 5351 et
3388 5296 3553 5360 ﬁlios,
3581 5299 3694 5367 vel,
3757 5301 3811 5353 in

2224 5394 2412 5439 monte
2442 5383 2595 5439 Sinai
2618 5400 2715 5455 per
2740 5400 2961 5440 manum
2989 5385 3179 5457 Moysi.
3213 5405 3231 5437 ι

2707 5606 2727 5638 ⁸
2761 5606 2917 5662 Osee.
2957 5624 3029 5673 iv,
3068 5608 3120 5663 8.
3197 5609 3218 5641 ⁸
3249 5607 3379 5664 ibid.
3455 5609 3496 5639 "
3532 5607 3703 5668 lium.
3738 5628 3817 5684 is,
