4036 6200
280 258 411 325 1ἶῖῐῖ

1386 261 1469 321 IN
1514 261 1957 323 LEVITICUM.
2000 287 2072 299 ·-·
2110 261 2259 323 LIB.
2300 262 2431 323 VII.

3405 272 3540 342 115‘}

354 375 475 431 Non
508 376 684 432 otiose
705 375 977 442 intendas,
1001 392 1123 448 quae
1172 375 1316 432 dicta
1341 386 1489 430 sunt.
1538 376 1861 430 Conclusio-
1892 384 1932 440 Α
1964 376 2208 441 cerdole,
2232 384 2287 430 et
2308 383 2575 445 quantum
2594 374 2682 431 ille
2710 376 3079 447 :estimaverit,
3104 388 3159 437 ct
3189 382 3385 443 viderit
3413 406 3551 447 eum

274 482 401 522 nem
458 467 604 521 enim
665 468 847 523 verbis
903 469 1016 522 suis
1073 467 1352 539 legislator
1401 466 1626 537 adjecit,
1659 482 1720 521 ex
1746 482 1851 536 qua

275 574 448 628 usque
481 558 546 613 ad
571 567 780 614 certum
805 568 1019 629 tempus
1045 558 1256 613 ﬁrmam
1288 558 1419 614 velit
1445 573 1566 612 esse
1589 558 1725 628 legis
1765 558 1849 612 lit-

277 658 465 713 teram,
501 649 619 705 sine
649 649 829 719 aliqua
873 649 1215 704 dubitatione
1260 649 1649 709 manifestavit.
1678 660 1733 705 et
1759 649 1855 704 Ju-

277 741 518 795 drcorum
552 741 828 796 obstruxit
848 758 932 808 os,
963 740 1305 795 tentantibus
1332 740 1434 795 hac
1460 741 1578 813 lege
1599 741 1672 795 uti
1689 743 1851 795 etiam

278 849 448 897 nunc,
472 834 692 903 quando
725 843 943 903 tempus
973 849 1083 887 non
1121 834 1473 903 habent,jam
1506 834 1759 888 veniente
1789 850 1855 888 eo

276 923 369 993 qui
394 922 621 985 Judieis,
647 923 791 978 sicut
818 923 1075 984 inﬁrmis,
1113 923 1270 977 lactis
1302 923 1422 976 vice
1450 923 1583 994 legis
1621 924 1854 977 litteram

279 1014 592 1083 exquisivit,
624 1012 826 1068 etbuic
876 1013 1096 1084 Moysen
1144 1014 1467 1084 praecipiens
1522 1015 1854 1077 ministrare,

280 1105 398 1175 ipse
429 1104 654 1159 veniens
684 1106 750 1159 ad
782 1107 929 1159 illam
984 1105 1281 1176 perfectius
1308 1106 1610 1160 introduxit
1632 1105 1856 1175 judicia.

280 1195 423 1267 Ergo
439 1197 738 1251 secundum
796 1197 938 1266 quod
966 1198 1134 1251 semel
1173 1197 1434 1260 diximus,
1470 1196 1854 1266 propriedixit,

278 1302 399 1356 quae
447 1286 555 1340 Deo
584 1287 867 1353 iudicante
927 1288 996 1342 de
1043 1287 1366 1353 quibusdam
1420 1288 1690 1358 capitulis,
1739 1304 1859 1358 qtne

279 1379 595 1449 ignorantes
654 1379 1148 1450 interrogaverunt,
1198 1380 1340 1435 dicta
1400 1391 1549 1435 sunt.
1585 1382 1859 1452 Praecepta

281 1479 484 1535 autem,
509 1486 629 1540 qua!
652 1486 760 1524 non
786 1472 889 1525 hoc
912 1472 1093 1537 modo,
1128 1473 1224 1526 sed
1255 1473 1551 1543 semetipso
1582 1472 1861 1544 legislator

280 1559 431 1612 nullo
481 1560 849 1631 interrogante
895 1560 1149 1615 sancivit.
1193 1560 1398 1616 Deinde
1433 1562 1715 1617 succincte
1774 1572 1860 1618 to-

280 1649 388 1703 tius
420 1650 717 1705 sanctionis
772 1650 1238 1720 diSpensationem
1328 1652 1617 1722 complecti
1665 1652 1854 1707 volens

277 1741 516 1796 subdidit
551 1759 563 1795 :

348 1832 414 1886 Et
444 1833 580 1903 leges
613 1848 746 1903 quas
772 1832 911 1888 dedit
940 1831 1196 1917 'Dominus
1216 1834 1352 1888 inter
1379 1852 1434 1889 se
1465 1846 1512 1889 et
1560 1838 1696 1890 inter
1716 1836 1854 1905 ﬁlios

279 1921 471 1978 Israel.
497 1924 721 1995 PrOpter
749 1925 892 1994 quod
923 1934 978 1980 et
1014 1925 1206 1994 reliqui
1232 1925 1579 1994 interpretes,
1612 1928 1855 1996 exceptis

280 2014 362 2068 LX
380 2013 443 2079 Χ,
460 2015 606 2086 leges
627 2015 937 2082 ediderunt,
971 2015 1281 2070 differentia
1306 2016 1439 2085 legis
1461 2020 1674 2087 negotia
1688 2018 1856 2072 verbo

280 2101 382 2154 hoc
411 2101 787 2155 demonstrare
807 2101 1111 2170 cupientes.
1172 2100 1312 2166 Quid
1360 2112 1653 2156 autemest
1710 2104 1854 2173 quod

279 2189 606 2244 dixitinter?
644 2190 750 2243 nisi
776 2190 901 2259 quia
931 2188 1299 2259 proculdubio
1325 2204 1496 2256 usque
1521 2190 1649 2243 dum
1672 2190 1857 2244 veniat

279 2281 347 2335 de
382 2296 491 2350 quo
519 2279 597 2335 ait
629 2279 835 2335 Isaias:
878 2278 998 2349 Ipse
1018 2281 1188 2334 veniet
1244 2288 1291 2332 et
1308 2278 1536 2332 salvabit
1563 2295 1653 2333 nos
1682 2295 1700 2332 :
1733 2289 1857 2332 tunc

279 2373 586 2444 aperientur
601 2371 737 2425 oculi
751 2381 1083 2435 cwcorunr,et
1100 2387 1255 2424 aures
1267 2386 1325 2423 su
1334 2371 1546 2423 rdorum
1562 2371 1777 2424 audient
1794 2372 1855 2435 ",

285 2473 336 2518 et
364 2477 706 2534 quaecunque
732 2462 785 2516 in
824 2462 912 2515 illa
958 2461 1245 2532 prophetia
1287 2462 1672 2515 continentur:
1730 2469 1859 2516 tunc

280 2570 625 2626 nequaquam
660 2555 799 2608 ultra
831 2553 1130 2609 secundum
1159 2553 1502 2622 superﬁciem
1534 2552 1743 2617 littera,
1764 2552 1859 2606 sed

278 2646 737 2716 quemadmodum
784 2647 900 2716 ipse
918 2647 1255 2717 exposuerit,
1293 2652 1514 2714 oportet
1536 2645 1708 2714 legem
1760 2660 1857 2697 cu-

278 2736 481 2809 stodiri
487 2736 553 2790 ad
574 2736 952 2806 Evangelicam
977 2736 1204 2806 gratiam
1233 2734 1545 2788 translatam
1574 2742 1627 2787 et
1650 2735 1715 2787 ad
1734 2749 1861 2803 perv

278 2824 565 2881 fectiorem
611 2827 1107 2891 conversationem,
1141 2840 1251 2879 non
1276 2826 1418 2880 utad
1441 2826 1652 2878 irritum
1684 2825 1858 2879 dedu-

278 2925 454 2982 catur,
488 2916 583 2971 sed
607 2923 667 2970 ut
696 2917 762 2972 ad
785 2918 1108 2986 prudentem
1144 2916 1677 2987 interpretationem,
1736 2915 1851 2985 spi-

278 3009 600 3079 ritalemque
620 3024 840 3064 sensum
877 3010 1144 3064 trahatur.
1188 3009 1299 3064 Cur
1345 3008 1509 3065 etiam
1546 3008 1725 3062 locum
1781 3007 1857 3061 si-

279 3099 593 3171 gniﬁcavit?
623 3101 699 3155 ait
721 3101 866 3155 enim
895 3116 911 3153 :

330 3190 417 3245 ‘ln
447 3201 622 3246 monte
650 3191 835 3259 Sinai,
867 3191 972 3246 nisi
1005 3201 1222 3256 utnon,
1254 3191 1422 3245 David
1458 3192 1677 3247 dicente
1712 3207 1724 3241 :
1762 3191 1855 3245 νὶ-

279 3284 483 3338 debitur
506 3284 645 3338 Deus
673 3285 891 3337 deorum
918 3284 974 3335 in
1004 3281 1131 3336 Sion
1162 3283 1205 3313 "
1231 3299 1246 3346 ;
1277 3291 1332 3334 et
1360 3281 1651 3351 Malachia_:
1674 3283 1858 3340 Subito

280 3376 445 3429 ueniet
476 3375 532 3427 in
559 3373 810 3443 templum
837 3389 992 3426 suum
1036 3372 1311 3433 Dominus,
1342 3390 1495 3441 quem
1551 3390 1637 3427 eos
1666 3378 1861 3445 quieri-

284 3465 445 3529 tis";
482 3472 538 3519 et
568 3478 757 3517 rursus
776 3463 941 3516 David
962 3478 975 3513 :
997 3461 1080 3515 Ex
1116 3460 1245 3515 Sion
1278 3463 1469 3531 species
1506 3466 1702 3518 decoris
1721 3466 1857 3535 ejus,

283 3557 422 3611 Deus
458 3556 765 3624 manifestus
787 3554 974 3618 veniet,
997 3554 1343 3619 Deusnoster,
1368 3568 1417 3607 et
1446 3540 1548 3607 non
1575 3556 1742 3610 silebit
1766 3557 1809 3590 ⁸⁸
1841 3575 1855 3612 :

281 3647 427 3703 illam
486 3647 605 3714 ejus
642 3644 747 3699 dici
795 3645 1255 3715 dispensationem
1304 3655 1561 3715 putemus
1615 3656 1859 3718 tempore

282 3737 419 3810 legis
446 3746 646 3800 actam,
681 3734 825 3790 unde
863 3735 955 3789 hic
1016 3743 1123 3789 tam
1166 3735 1270 3789 loci
1337 3735 1670 3789 mentionem
1734 3736 1862 3792 fecit

281 3845 446 3900 quam
470 3824 829 3882 ministrantis
856 3826 1046 3897 Moysi,
1064 3835 1123 3880 ut
1149 3842 1213 3881 ex
1238 3825 1342 3880 hoc
1365 3825 1860 3897 disceremus,quia

281 3922 448 3977 alium
477 3919 635 3973 nobis
668 3918 961 3972 adventum
995 3918 1113 3987 ejus
1143 3918 1424 3987 propheta:
1469 3918 1858 3987 promiserunt,

282 4013 375 4083 qui
405 4011 591 4066 nesin
632 4010 782 4077 Sina,
816 4026 920 4065 nec
957 4024 1058 4079 per
1111 4010 1492 4073 mediatorem,
1532 4010 1627 4064 sed
1676 4020 1860 4080 aperte

282 4107 459 4163 factus
492 4115 596 4162 est.

843 4192 1071 4250 CAPUT
1115 4192 1328 4247 XXVII.

356 4291 520 4346 Vens.
551 4288 654 4344 1-8.
699 4308 717 4340 ι
742 4288 1092 4355 Locutusque
1115 4294 1199 4339 eSt
1252 4284 1513 4338 Dominus
1544 4285 1611 4339 ad
1639 4283 1861 4354 Moysen

1956 483 2120 537 posse
2148 467 2396 530 reddere,
2418 475 2627 522 tantum
2658 467 2829 522 dabit.
2879 488 2897 522 ι

2025 557 2188 613 Plena
2211 560 2474 614 sunthaec
2498 558 2662 613 etiam
2687 558 3015 630 legislatoris
3036 566 3198 620 verba
3221 569 3536 638 prudentia,

1957 649 2191 704 maxime
2229 658 2536 720 opportuno
2567 661 2889 707 conservata
2922 656 3195 724 tempori;
3231 674 3351 728 quae
3388 664 3536 718 enim

1956 746 2204 806 oporteat
2230 738 2333 809 agi,
2361 752 2482 807 quae
2534 739 2785 805 minime,
2842 741 2898 795 in
2929 745 3310 813 superioribus
3346 755 3539 819 prmei-

1957 828 2136 897 piens,
2165 829 2501 884 nuncetiam
2549 830 2870 902 dignitatem
2933 850 2997 888 ea
3046 840 3421 908 peragentium
3473 861 3539 899 ex

1958 926 2091 982 toto,
2118 920 2204 974 vel
2233 935 2300 974 ex
2328 931 2504 990 parte,
2527 937 2628 992 per
2661 925 2794 988 have,
2821 941 2942 994 qua:
2980 927 3241 985 dicuntur
3294 934 3538 1004 exponit.

1956 1009 2025 1063 Et
2048 1010 2175 1079 quid
2202 1011 2272 1065 sit
2309 1012 2552 1081 perfecta
2590 1014 2869 1085 vita,qu:e
2887 1027 3067 1072 autem
3108 1022 3289 1078 adhuc
3312 1024 3363 1077 iu
3415 1042 3537 1095 pro-

1957 1099 2103 1155 fectu
2126 1103 2819 1174 constituta,quidinitium
2851 1111 3178 1179 cognitionis
3204 1114 3540 1185 Deibabens,

1957 1192 2088 1261 quid
2111 1193 2248 1259 veri,
2281 1210 2402 1263 quae
2438 1198 2701 1251 virtutum
2766 1213 2954 1269 Opera,
3006 1202 3151 1257 clare
3193 1205 3543 1277 perfecrejue

1958 1283 2251 1351 percurrit.
2279 1283 2383 1339 Sed
2411 1294 2465 1339 et
2496 1286 2823 1354 inﬁrmatus,
2869 1305 2981 1344 non
3040 1302 3222 1347 tamen
3273 1300 3542 1354 recedens

1957 1373 2027 1428 ab
2055 1389 2152 1440 ea,
2185 1375 2504 1432 diﬁerentes
2559 1387 2751 1434 aetates
2792 1382 3095 1448 ascribcus,
3131 1390 3403 1457 exposuit.
3449 1389 3539 1444 Di-

1959 1466 2034 1521 cit
2052 1476 2234 1522 autem
2259 1468 2339 1523 sic
2362 1486 2373 1521 :

2031 1555 2225 1623 Homo,
2251 1560 2341 1623 qui
2366 1569 2542 1614 votum
2579 1563 2779 1632 fecerit,
2806 1574 2856 1618 et
2882 1569 3218 1636 spoponderit
3280 1570 3391 1625 Deo
3421 1575 3541 1627 ani-

1961 1661 2103 1699 mam
2123 1662 2297 1701 suam.
2324 1647 2380 1701 Id
2415 1657 2531 1714 est,
2593 1651 2906 1722 quicunque
2949 1657 3261 1724 promiserit
3304 1662 3537 1717 animam

1888 1724 1926 1779 li
1956 1746 2108 1785 suam
2145 1733 2279 1798 Deo,
2317 1749 2643 1806 omnemque
2674 1737 2723 1791 ei
2756 1754 2907 1793 suam
2931 1741 3097 1796 vitam
3119 1742 3316 1799 oﬁ'erre
3353 1748 3541 1802 volue-

1957 1821 2046 1876 rit.
2094 1821 2325 1893 Propter
2373 1825 2519 1894 quod
2566 1826 2759 1897 Aquila
2810 1838 2866 1884 et
2916 1830 3286 1899 Theodotion,
3344 1851 3442 1905 pro
3473 1853 3540 1892 eo

1892 1911 1903 1916 ’
1956 1914 2102 1981 quod
2129 1915 2335 1970 dictum
2363 1925 2467 1982 est,
2495 1928 2671 1971 vota»:
2721 1920 2923 1990 fecerit,
2957 1922 3313 1991 Symmachus
3332 1940 3537 1995 autem,

1956 2003 2001 2054 si
2017 2006 2365 2071 superaverit,
2399 2005 2711 2061 ediderunt.
2745 2010 3078 2066 Admirabile
3130 2017 3277 2068 enim
3303 2032 3430 2071 vere
3457 2027 3541 2072 est

1956 2101 2013 2147 et
2037 2093 2193 2149 valde
2216 2096 2538 2151 beatitudini
2573 2099 2906 2167 proximum,
2954 2112 3127 2158 totum
3180 2110 3537 2178 semetipsqu

1958 2185 2268 2255 quempiam
2299 2186 2408 2242 Deo
2432 2188 2652 2253 oﬁ‘erre,
2706 2199 2763 2244 ut
2790 2192 3028 2247 animam
3079 2211 3233 2250 suam
3288 2197 3538 2265 Domino,

1959 2276 2042 2329 vel
2076 2277 2216 2330 sicut
2238 2277 2400 2343 LXX,
2427 2280 2669 2334 honorem
2697 2282 2893 2336 anima:
2916 2299 3025 2337 sua:
3044 2284 3288 2350 Domino,
3324 2288 3376 2342 id
3430 2298 3537 2355 est,

1962 2375 2023 2420 ut
2051 2368 2244 2422 otferat
2277 2363 2388 2422 Deo
2409 2385 2570 2439 quem
2614 2374 2824 2442 accepit
2845 2374 2914 2427 ab
2942 2389 3011 2429 eo
3035 2377 3235 2431 anima:
3262 2379 3530 2433 honorem

1961 2460 2135 2523 illum,
2190 2460 2260 2515 de
2315 2476 2424 2530 quo
2468 2462 2631 2518 David
2662 2465 2971 2520 daemonum
3027 2467 3254 2523 insidias
3275 2469 3536 2532 innuens,

1959 2552 2177 2607 dicebat
2212 2571 2227 2606 :
2270 2553 2637 2609 Verumtamen
2669 2561 2917 2612 honorem
2964 2576 3137 2613 meum
3181 2562 3541 2631 cogitaverunt

1959 2645 2208 2714 repellere
2238 2646 2301 2700 ³³.

2020 2762 2138 2816 Erit
2169 2764 2395 2830 pretium
2451 2765 2678 2817 masculi
2733 2783 2765 2819 a
2798 2766 3041 2821 vicesima
3072 2785 3231 2845 anno,
3265 2787 3425 2841 usque
3469 2787 3537 2826 aa

1959 2854 2340 2922 sexagesimum
2370 2869 2591 2917 annum,
2625 2856 3010 2927 quinquaginta
3054 2858 3170 2911 sicli
3193 2861 3419 2929 argenti,
3469 2866 3539 2915 ad

1961 2958 2259 2995 mensuram
2288 2944 2603 2996 sanctuarii.
2644 2944 2772 2999 Sive
2801 2956 2857 3000 ut
2882 2946 3025 3000 LXX
3054 2990 3068 3014 ,
3099 2949 3421 3003 didrachma:
3445 2968 3535 3006 ar-

1886 3054 1928 3109 ο
1961 3035 2121 3105 genti.
2144 3034 2549 3104 Quinquaginta
2572 3035 2901 3091 didraehnue
2926 3038 3040 3092 sive
3069 3039 3208 3103 sicli,
3236 3040 3378 3094 oboli
3409 3050 3539 3097 sunt

1963 3127 2155 3180 mille:
2195 3127 2389 3197 viginti
2417 3128 2562 3181 enim
2595 3128 2789 3182 obolos
2838 3144 2957 3184 esse
2992 3129 3205 3195 siclum,
3264 3132 3379 3186 sive
3451 3133 3537 3188 di-

1961 3218 2298 3278 drachmam.
2329 3218 2414 3272 hic
2440 3218 2555 3287 ipse
2586 3218 2639 3271 in
2674 3216 2859 3273 Exodo
2891 3220 3046 3273 dixit.
3065 3220 3153 3275 Ait
3180 3221 3326 3276 enim
3358 3222 3436 3277 sic
3467 3222 3536 3279 de

1963 3309 2087 3363 ﬁliis
2122 3310 2280 3363 Israel
2312 3307 2517 3363 :Jumta
2539 3325 2809 3362 numerum
2844 3310 3043 3363 dabunt
3076 3311 3272 3380 singuli
3308 3314 3535 3381 pretium

1962 3415 2057 3467 pro
2078 3396 2355 3450 animabus
2378 3397 2486 3450 suis
2516 3396 2740 3449 Domino
2774 3398 2839 3461 “,
2873 3397 2966 3467 qui
2996 3406 3177 3452 autem
3208 3399 3415 3454 dabunt
3462 3400 3540 3454 di-

1964 3485 2194 3539 midium
2227 3484 2368 3551 sicli,
2400 3483 2556 3553 juxta
2586 3499 2900 3539 mensuram
2932 3486 3143 3555 templi,
3172 3487 3258 3541 vel
3290 3496 3348 3542 ut
3373 3487 3536 3555 LXX,

1963 3577 2319 3639 didracbmze,
2341 3576 2485 3645 quod
2515 3576 2818 3631 secundum
2866 3577 3241 3633 didrachmarn
3293 3592 3537 3637 sanctam

1962 3668 2152 3740 viginti
2185 3667 2347 3723 oboli.
2388 3668 2515 3722 Sieli
2538 3683 2667 3740 ergo
2727 3669 2840 3724 sive
2896 3669 3246 3737 didrachmze,
3270 3671 3389 3727 ideo
3439 3689 3540 3731 nos

1957 3760 2114 3831 juxta
2143 3775 2455 3814 mensuram
2488 3759 2695 3830 templi,
2725 3761 2809 3814 vel
2861 3762 3161 3815 secundum
3227 3777 3540 3819 mensuram

1962 3851 2262 3907 sanctuarii
2294 3850 2572 3906 reminisci
2615 3850 2808 3917 voluit,
2839 3851 2907 3907 ad
2942 3851 3096 3908 illum
3149 3853 3283 3925 legis
3333 3864 3541 3911 textum

1962 3943 2336 3997 transmittere
2367 3956 2468 3996 nos
2492 3942 2743 4011 cupiens,
2780 3942 2836 3995 in
2868 3958 2976 4012 quo
3001 3943 3191 4014 viginti
3242 3945 3431 3999 obolos
3454 3946 3539 4001 di-

1960 4030 2275 4086 dracbmam
2308 4038 2550 4084 sanctam
2580 4044 2723 4095 esse,
2754 4029 2868 4084 sive
2892 4030 3087 4085 siclum
3109 4030 3206 4086 ait.
3233 4030 3369 4087 Cum
3388 4034 3538 4105 adja-

1962 4126 2109 4174 ceret
2133 4127 2311 4172 autem
2337 4118 2626 4187 praecipere
2651 4133 2819 4172 unum
2856 4117 3072 4180 siclum,
3104 4119 3189 4174 vel
3225 4120 3537 4175 drachmam

1963 4205 2171 4269 oll'erri,
2198 4221 2308 4259 non
2341 4206 2420 4260 sic
2454 4205 2739 4275 praecepit,
2790 4206 2885 4260 sed
2919 4206 3035 4260 sicli
3067 4206 3181 4261 sive
3211 4207 3541 4263 didi-uolunte

1965 4292 2275 4347 dimidium.
2296 4291 2397 4347 Per
2422 4293 2525 4346 hoc
2546 4292 2945 4353 demonstrans,
2998 4293 3131 4362 quia
3162 4295 3379 4363 prOprie
3412 4310 3542 4350 san-

285 4384 505 4439 dicens:
535 4382 781 4451 Loquere
805 4379 927 4433 filiis
958 4378 1120 4433 Israel
1157 4378 1380 4432 etdices
1406 4378 1471 4431 ad
1517 4392 1612 4431 eos
1646 4394 1659 4431 :
1688 4376 1860 4431 llomo
1893 4394 1934 4449 ο
1968 4393 2112 4439 ctum
2140 4382 2195 4436 in
2230 4382 2345 4453 lege
2368 4390 2473 4448 est,
2507 4396 2616 4436 non
2648 4383 2791 4451 quod
2838 4383 3137 4439 secundum
3168 4386 3335 4440 solam
3394 4387 3542 4443 litte-

284 4474 375 4544 qni
398 4483 580 4528 votum
603 4472 813 4537 fecerit,
845 4480 901 4525 et
928 4469 1280 4540 spoponderit
1302 4470 1410 4524 Deo
1428 4470 1663 4523 animam
1683 4485 1857 4529 suam.

286 4566 387 4621 sub
413 4564 773 4619 aestimatione
796 4562 947 4617 dabit
971 4563 1226 4633 pretium.
1277 4562 1333 4617 Si
1369 4563 1535 4617 fuerit
1562 4561 1857 4628 masculus,

283 4657 601 4713 avicesimo
640 4670 811 4724 usque
874 4655 940 4709 ad
997 4655 1387 4726 sexagesimum
1434 4670 1660 4719 annum,
1710 4653 1858 4708 dabit

284 4749 680 4821 quinquaginta
703 4749 865 4803 siclos
893 4748 1101 4818 argenti
1132 4748 1197 4801 ad
1237 4762 1547 4801 mensuram
1606 4754 1857 4801 sanctua-

284 4841 352 4896 rii
379 4858 392 4894 :
420 4842 466 4895 si
495 4840 711 4902 mulier,
752 4839 991 4909 triginta.
1018 4838 1062 4893 A
1091 4838 1282 4907 quinto
1298 4846 1482 4891 autem
1511 4851 1657 4891 anno
1682 4851 1855 4904 usque

282 4933 353 4987 ad
391 4932 729 4996 vicesimum,
751 4930 1023 4984 masculus
1053 4930 1206 4983 dabit
1238 4929 1424 4999 viginti
1444 4928 1630 4992 siclos,
1656 4927 1856 4981 femina

286 5025 495 5081 decem.
518 5024 602 5079 Ab
643 5039 754 5078 uno
791 5037 981 5076 mense
1020 5036 1196 5090 usque
1235 5021 1301 5075 ad
1352 5034 1556 5074 annum
1604 5018 1855 5088 quintum

282 5132 384 5187 pro
425 5115 671 5170 masculo
721 5114 998 5169 dabuntur
1037 5112 1278 5180 quinque
1325 5110 1464 5173 sicli,
1527 5124 1628 5179 pro
1658 5108 1857 5162 femina

283 5216 418 5262 tres.
451 5205 869 5277 Sexagenarius,
892 5210 946 5257 et
980 5202 1119 5256 ultra
1144 5201 1416 5255 masculus
1454 5201 1604 5255 dabit
1628 5200 1860 5270 quinde-

283 5297 390 5354 cim
408 5297 591 5363 siclos,
612 5297 815 5352 femina
832 5295 1042 5349 decem.
1080 5293 1135 5347 Si
1183 5307 1391 5362 pauper
1422 5292 1607 5358 fuerit,
1632 5303 1687 5347 ct
1714 5293 1862 5347 aesti-

282 5390 582 5446 mationem
614 5390 842 5445 reddere
869 5401 979 5442 non
1022 5384 1273 5449 valuerit,
1322 5384 1488 5439 stabit
1535 5399 1719 5455 coram
1775 5399 1861 5439 sa-

356 5576 399 5609 “
426 5576 509 5630 lsa
565 5587 727 5640 xxxv,
763 5574 817 5637 4,
854 5572 908 5625 5.

988 5570 1032 5601 ¹²
1062 5568 1204 5624 l’sal.
1241 5580 1465 5633 Lxxxm,
1507 5570 1558 5624 8.

282 5659 414 5710 us,
446 5648 534 5701 t2.
1564 5656 1583 5675 ‘

1642 5568 1683 5599 ¹³
1715 5566 1942 5623 Malaclt.
1979 5583 2063 5635 tu,
2096 5567 2145 5621 l.

1968 4490 2105 4541 ram,
2139 4474 2234 4528 sed
2264 4475 2426 4528 etiam
2458 4475 2759 4529 secundum
2797 4475 3049 4544 spiritum
3084 4478 3426 4548 intelligitur,
3484 4489 3543 4536 ct

1965 4566 2131 4636 hujus
2170 4565 2396 4621 debetur
2456 4567 2678 4620 oblatio.
2738 4566 2892 4622 Unde
2941 4576 2996 4621 et
3020 4570 3323 4624 secundum
3367 4570 3536 4635 LXX,

1967 4658 2115 4728 ipsas
2142 4658 2490 4730 didrachmas
2510 4658 2612 4713 sibi
2633 4660 2935 4730 conjunxit,
2962 4660 3439 4717 dimidiumautem
3458 4663 3542 4716 of-

1962 4748 2092 4803 ferri
2124 4728 2416 4817 przecepit:
2441 4756 2499 4801 ut
2522 4749 2691 4813 dicas,
2723 4728 2847 4818 quia
2886 4749 3336 4803 condescendens
3395 4748 3540 4802 sicut

1963 4836 2214 4902 infirmis,
2248 4839 2333 4893 liis
2352 4839 2641 4908 quilegem
2665 4838 3025 4908 accipiebant,
3073 4854 3184 4891 non
3242 4836 3538 4907 perfectam

1962 4929 2312 4996 oblationem,
2349 4930 2728 5000 imperfectum
2757 4937 2842 4983 est
2894 4930 3094 4997 quippe
3129 4927 3431 4988 dimidium,
3457 4924 3540 4978 of-

1964 5023 2095 5078 ferri
2116 5022 2394 5091 prazcepit,
2431 5022 2575 5091 quod
2597 5030 2838 5076 sanctam
2862 5019 3234 5073 didrachmam
3254 5017 3307 5069 in
3339 5017 3424 5070 bis
3443 5016 3539 5070 de-

1965 5133 2081 5172 cem
2104 5128 2189 5170 est
2209 5115 2420 5179 obolos,
2457 5116 2509 5170 id
2540 5124 2644 5181 est,
2669 5115 2724 5169 in
2746 5112 2957 5184 viginti.
2986 5113 3098 5167 Lex
3134 5110 3289 5165 'euim
3335 5108 3420 5164 bis
3442 5110 3538 5166 de-

1967 5226 2083 5263 cem
2132 5206 2383 5260 mandata
2430 5206 2614 5271 liabet,
2675 5205 2899 5274 exigens
2927 5218 2990 5256 ea
3032 5200 3320 5270 duplicari,
3354 5199 3404 5252 id
3433 5208 3536 5265 est,

1967 5297 2268 5353 secundum
2298 5295 2556 5359 litteram,
2575 5303 2630 5348 ct
2651 5293 2949 5350 secundum
2979 5292 3227 5363 spiritum
3252 5291 3536 5347 custodiri.

1964 5388 2075 5444 Illis
2096 5396 2302 5454 autem,
2332 5395 2393 5441 ut
2419 5393 2601 5439 mente
2632 5382 2989 5454 pauperibus.
3024 5381 3349 5447 sulliciebat,
3370 5389 3421 5436 et
3448 5398 3539 5436 so-

2226 5564 2269 5597 "
2293 5564 2433 5621 Psal.
2460 5579 2602 5630 nix,
2634 5563 2686 5617 5.
2774 5564 2815 5595 ³³
2848 5561 2986 5617 Psal.
3018 5577 3100 5617 ιιι
3125 5602 3138 5627 ,
3169 5563 3218 5618 b.
3306 5561 3341 5595 ·⁶
