4036 6200
1732 204 2090 267 HESYCHII
2150 208 2621 273 PRESBYTERI
3694 217 3720 280 1
3740 220 3837 286 1(ῖῦ

581 184 678 252 ὶ59

543 308 649 361 lam
679 307 917 363 litteram
949 311 1249 376 custodire,
1278 324 1503 384 propter
1526 315 1895 374 infirmitatem
1922 338 2112 376 suam:
2152 329 2189 383 Α
2225 325 2498 380 tellectum
2553 330 2875 397 perfectum,
2926 341 2979 385 et
3029 334 3426 403 fortitudinem,
3468 352 3527 396 et
3570 342 3842 400 ﬁliorum
3919 349 3931 357 '

539 408 596 451 ει
625 399 816 454 decem
879 402 1256 458 mandatorum
1302 407 1502 463 oga-re
1549 413 1742 466 sane."
1788 416 2120 471 sensu,ij
2227 417 2659 480 procreationem
2693 418 2873 483 habet,
2910 432 2969 476 ut
3010 416 3076 478 ex
3120 427 3473 483 sensibilibus
3512 447 3620 485 nos
3658 433 3845 489 intel-

540 486 915 557 impletionem
969 502 1131 562 atque
1163 495 1454 563 actionem,
1476 515 1570 569 per
1602 518 1761 570 quam
1786 520 1938 560 suam
1956 509 2118 563 etiam

538 577 769 635 liberare
788 582 1027 636 animam
1061 584 1128 638 de
1156 597 1503 653 peccatorum
1541 594 1804 649 servitute
1842 599 2118 654 sensibilis

537 668 776 723 Israelita
796 681 1028 739 poterat.
1052 673 1108 728 Si
1137 678 1258 745 quis
1282 694 1410 749 ergo
1431 696 1462 735 a
1504 683 1767 738 vicesimo
1812 703 1960 740 anno
2008 697 2112 753 est,

535 761 590 814 id
627 769 728 824 est,
755 763 947 830 pubes,
982 764 1156 831 fortis,
1214 769 1444 836 validus,
1484 774 1761 830 sufﬁciens
1789 792 1980 833 omnes
1999 781 2114 832 vir-

536 860 679 907 tutes
706 855 943 923 operari.
968 867 1020 911 et
1042 859 1315 929 subjicere
1340 863 1704 935 intelligibiles
1730 868 1980 925 inimicos
2000 888 2114 926 om-

533 943 696 997 nibus
725 946 1052 1012 ac1ionibus,
1077 959 1131 1003 et
1161 953 1418 1019 Operibus
1444 973 1455 1007 :
1483 972 1512 1009 a
1541 957 1725 1027 viginti
1753 960 1896 1013 enim
1929 963 2109 1028 annis,

532 1044 587 1089 et
610 1052 795 1105 supra,
828 1038 989 1093 Israel
1021 1041 1142 1095 vide
1168 1044 1296 1111 quid
1328 1045 1395 1099 de
1418 1046 1520 1101 hac
1538 1061 1698 1105 aetate
1730 1052 1965 1106 dicebat.

603 1125 787 1180 Omnis
813 1130 1077 1184 masculus
1103 1149 1134 1184 a
1167 1135 1353 1204 viginti
1379 1140 1534 1192 armis
1597 1151 1645 1194 et
1691 1160 1875 1211 supra.
1906 1140 2109 1201 Omnes

527 1218 618 1287 qui
646 1220 923 1273 ambulant
950 1224 1003 1275 in
1033 1224 1233 1278 virtute
1261 1243 1272 1278 :
1309 1242 1405 1281 sua
1433 1229 1736 1286 fortitudini
1765 1236 1999 1291 maxime
2026 1238 2109 1294 his

526 1310 620 1378 qui
649 1309 776 1364 illud
810 1323 975 1381 agunt
1004 1323 1239 1382 tempus,
1276 1318 1331 1371 in
1387 1322 1664 1389 praedictis
1730 1326 2102 1382 testimonium

526 1401 758 1469 praebuit
794 1403 995 1468 verbis,
1028 1404 1103 1459 ita
1137 1416 1325 1476 utpote
1356 1410 1458 1465 hac
1482 1410 1660 1479 aetate,
1696 1431 1986 1473 excurrere
2009 1436 2103 1474 va-

523 1490 746 1556 lentem,
771 1502 827 1547 et
862 1510 1011 1548 arma
1057 1506 1297 1564 portare,
1329 1502 1670 1574 multumque
1702 1507 1989 1566 habentem
2045 1514 2100 1568 in

521 1583 730 1652 agendo
790 1584 1060 1640 fervorem
1099 1588 1471 1661 caloremque,
1518 1595 1682 1665 hujus
1751 1602 2010 1669 pretium,
2048 1604 2099 1658 id

2224 504 2445 575 ligihilia
2478 511 2797 580 c0gitemus.
2843 512 2979 586 Ergo
3015 518 3106 586 qui
3149 519 3484 575 intellectum
3532 533 3837 582 maturum

2220 604 2275 648 et
2318 597 2617 665 perfectum
2670 601 2852 667 habet,
2888 616 2942 659 et
2992 606 3389 677 fortitudinem,
3426 622 3487 667 ut
3529 616 3693 683 quod
3746 617 3836 671 in-

2222 684 2427 740 tellexit
2475 699 2615 759 agat,
2664 691 2753 746 hic
2802 693 2939 750 filios
2992 712 3309 768 comparare
3357 704 3494 758 alios
3542 704 3689 769 Deo,
3731 725 3835 777 per

2218 791 2370 830 suam
2426 783 2935 854 conversationem,
2984 789 3068 841 vel
3123 792 3425 848 doctrinam
3479 797 3830 867 impendens

2215 877 2414 933 potest.
2479 870 2652 941 Hujus
2708 878 2942 943 pretium
3012 880 3207 935 anima:
3267 886 3679 957 quinquaginta
3739 892 3826 946 di-

2214 958 2487 1015 drachmae
2518 964 2792 1032 perfectus
2833 967 3039 1023 fructus
3078 981 3180 1036 est,
3224 984 3278 1028 et
3318 978 3685 1045 perfectionis
3723 1000 3824 1038 co-

2214 1064 2369 1114 rona,
2401 1068 2522 1121 qua:
2567 1064 2622 1108 et
2663 1058 2980 1128 martyrium
3014 1061 3234 1117 habebit
3274 1074 3329 1119 et
3371 1084 3557 1124 rerum
3600 1073 3818 1143 despe-

2211 1147 2378 1199 ctum.
2415 1151 2469 1196 et
2513 1159 2729 1199 onmem
2775 1147 2918 1202 illam
2963 1151 3373 1220 perfectionem,
3405 1174 3570 1228 quam
3615 1163 3817 1217 Domi-

2209 1247 2313 1286 nus
2340 1233 2557 1290 dicebat
2576 1256 2590 1290 :
2611 1238 2777 1293 Eritis
2804 1242 3040 1310 perfecti,
3069 1245 3202 1298 sicut
3236 1257 3283 1299 et
3315 1248 3480 1303 Pater
3504 1263 3686 1307 vester
3717 1273 3820 1310 ca:-

2208 1320 2349 1375 lestis
2388 1327 2646 1395 perfectus
2677 1338 2749 1382 est
2780 1332 2846 1384 ²⁰.
2884 1330 2997 1387 Hoc
3042 1344 3224 1389 autem
3258 1341 3478 1407 quando
3520 1348 3817 1403 masculus

2206 1411 2405 1478 fuerit,
2454 1417 2505 1470 id
2555 1428 2658 1483 cst,
2694 1422 2911 1489 quando
2965 1439 3183 1495 semper
3238 1427 3395 1483 fortis
3441 1433 3598 1487 :ltoc
3655 1438 3809 1492 enim

2205 1506 2293 1560 hic
2329 1511 2627 1564 masculum
2677 1513 2829 1570 dicit.
2876 1516 3113 1573 Femime
3159 1530 3339 1576 autem
3391 1527 3501 1580 erit
3548 1532 3807 1585 aestima-

2205 1598 2300 1663 tio,
2339 1600 2556 1670 triginta
2600 1604 2738 1670 sicli,
2768 1606 2883 1661 sive
2930 1609 3283 1679 didrachmze,
3332 1624 3388 1668 ut
3439 1619 3553 1673 sint
3597 1622 3805 1675 drach-

519 1682 624 1737 cst,
654 1677 997 1730 conversatio
1064 1687 1118 1733 et
1162 1681 1291 1749 vita,
1316 1685 1625 1754 retributio,
1663 1706 1823 1757 quam
1879 1710 1979 1763 pro
2014 1712 2075 1751 se

2202 1705 2303 1742 nun
2357 1694 2673 1763 sexaginta,
2739 1687 2974 1751 fructum
3038 1700 3289 1758 videlicet
3345 1713 3798 1778 sexagenarinm,

517 1764 751 1833 metipso
785 1765 893 1819 Deo
925 1766 1104 1833 offert,
1134 1781 1189 1824 et
1220 1776 1513 1842 promittit,
1538 1779 1931 1851 quinquaginta
1952 1785 2092 1850 sicli,

516 1853 631 1908 sive
667 1854 944 1910 drachmae
972 1869 1121 1913 sunt.
1150 1860 1666 1936 Quinquagenarius
1695 1871 1843 1925 enim
1896 1890 2095 1929 nume-

514 1960 610 2000 rus
632 1947 934 2015 spiritalem
969 1949 1167 2020 figurat
1198 1953 1383 2020 vitam,
1456 1959 1583 2027 quia
1637 1960 1694 2013 in
1730 1963 2094 2035 quinquage-

513 2036 656 2092 simo
704 2038 801 2093 die
882 2044 1052 2095 sancti
1119 2044 1357 2112 Spiritus
1420 2049 1685 2105 adventus
1755 2052 1931 2108 factus
1987 2066 2089 2112 est.

515 2125 624 2182 Sed
656 2127 711 2181 in
750 2145 895 2183 anno
932 2133 1384 2205 quinquagesimo
1417 2139 1668 2196 liberatio
1697 2143 1755 2197 fit
1783 2147 1963 2200 omnis
1990 2148 2089 2202 de-

509 2221 633 2287 biti,
664 2231 721 2276 et
758 2230 916 2278 terra:
941 2226 1236 2293 restitutio,
1273 2230 1619 2299 multaquein
1636 2249 1703 2287 eo
1720 2236 1822 2289 alia
1838 2237 1975 2291 bona
1992 2239 2091 2293 Ju-

507 2311 639 2366 daais
667 2328 766 2381 per
794 2313 966 2385 legem
1002 2315 1261 2386 disposita
1289 2329 1436 2374 sunt.
1472 2321 1873 2397 Quinquaginta
1906 2339 2117 2416 autem,

508 2402 584 2457 ait
629 2403 814 2470 siclos,
856 2406 938 2460 vel
984 2406 1367 2476 didrachmas,
1429 2424 1488 2468 ut
1538 2416 1732 2470 iterum
1786 2420 2088 2489 duplicaret

507 2489 920 2562 quinquaginta,
946 2504 1002 2548 et
1030 2506 1251 2551 centum
1282 2500 1812 2573 diceretdrachmas,
1849 2509 2086 2564 fructum

507 2580 658 2634 illum
692 2583 993 2650 perfectum
1033 2587 1274 2657 signans,
1311 2584 1467 2645 istam
1513 2595 1701 2650 dicens
1737 2598 1931 2653 bonam
1976 2610 2086 2654 ter-

506 2688 621 2726 ram
656 2669 1005 2741 fructiﬁcare,
1035 2693 1314 2749 exponens
1348 2687 1616 2741 seminum
1662 2691 1995 2760 parabolam,
2032 2695 2085 2749 in

508 2762 746 2835 triginta,
776 2776 831 2821 et
861 2772 1160 2841 sexaginta,
1183 2783 1240 2826 et
1265 2785 1484 2830 centum
1507 2779 1697 2835 dividit
1728 2800 1738 2834 :
1767 2782 1913 2838 hunc
1938 2781 2082 2841 enim

503 2870 796 2912 numerum
852 2860 1034 2917 nullus
1092 2863 1372 2920 hominum
1432 2878 1614 2938 potest
1672 2878 2078 2935 transcendere.

503 2949 736 3004 Centum
777 2962 959 3007 autem
990 2955 1267 3013 drachma:
1308 2975 1499 3016 rursus
1532 2963 1852 3036 dccuplatte,
1890 2971 2082 3027 obolus

503 3041 647 3093 enint
705 3043 893 3099 decem
948 3048 1270 3116 drachmas,
1318 3057 1774 3123 quemadmodum
1821 3060 2077 3126 diximus,

502 3129 685 3191 habet.
729 3134 1091 3191 millenarium
1121 3155 1409 3197 numerum
1434 3147 1746 3215 perficiunt,
1784 3150 1837 3205 in
1861 3169 1968 3223 quo
1996 3164 2078 3209 est

500 3233 611 3272 non
654 3222 908 3289 qutelibet
951 3226 1231 3294 perfectio,
1278 3233 1373 3287 sed
1415 3236 1740 3304 cmlestium,
1777 3241 1828 3296 id
1870 3252 1953 3297 est
1993 3244 2077 3298 in-

500 3320 913 3376 corporeorum,
933 3327 1052 3381 quae
1076 3325 1160 3370 est
1184 3317 1418 3386 illorum,
1444 3324 1533 3392 qui
1560 3326 1947 3386 habitationem
1984 3349 2075 3388 su-

497 3410 596 3464 per
616 3411 718 3451 nos
739 3401 917 3455 sortiti
943 3412 1091 3470 sunt,
1116 3422 1236 3474 quae
1258 3418 1342 3462 est
1366 3415 1744 3473 excedentium
1772 3427 2075 3494 corruptio-

496 3498 644 3550 nem,
695 3497 749 3541 et
804 3496 1254 3561 consequentium
1312 3500 1799 3574 incorruptionem,
1850 3528 2074 3585 propter

494 3576 637 3644 quod
696 3577 787 3633 Dei
840 3582 1062 3650 spiritus
1113 3586 1166 3640 in
1205 3588 1445 3648 Canticis
1486 3596 1699 3653 diccbat
1725 3620 1737 3655 :
1768 3576 1923 3659 Vinea
1954 3576 2069 3677 -fait

493 3666 745 3735 paci/ica,
795 3670 850 3721 in
903 3688 962 3723 ea
1015 3690 1130 3744 qua:
1179 3677 1332 3733 liabet
1379 3688 1612 3753 populos.
1668 3690 1901 3746 Tradidit
1951 3666 2067 3752 eam

492 3760 811 3827 custodibus,
848 3764 928 3816 vir
952 3766 1101 3834 a/fert
1131 3769 1359 3839 fructum
1391 3776 1503 3843 ejus
1530 3780 1672 3833 mille
1700 3796 1972 3852 argenteos
2002 3791 2063 3844 ¹’⁷.

491 3845 623 3913 Quis
664 3850 746 3903 vir
802 3852 1001 3923 (neque
1034 3856 1179 3910 enim
1208 3875 1398 3918 omnes
1436 3866 1581 3921 hunc
1609 3870 1807 3927 offerre
1836 3888 2065 3942 possunt

488 3936 864 4009 fructum),ex
913 3950 1266 4016 sequentibus
1309 3954 1476 4010 disce.
1516 3957 1659 4015 Mille
1708 3964 1782 4016 tui
1831 3936 2058 4036 pacifici,

487 4040 543 4084 et
570 4031 790 4087 ducenti
825 4037 912 4091 his
940 4040 1032 4108 qui
1064 4044 1383 4100 custodiunt
1410 4048 1617 4106 fructus
1646 4054 1785 4124 ejus.
1812 4031 1956 4113 lliille
1985 4031 2059 4114 tui

483 4119 716 4189 pacifici,
736 4125 787 4179 id
808 4137 891 4181 est
910 4128 1166 4185 Salomon
1189 4151 1202 4186 :
1226 4134 1481 4193 Salomon
1506 4119 1690 4197 autem
1705 4145 2059 4220 intelligibilis

481 4206 735 4267 Christus
767 4225 869 4278 est,
902 4218 1027 4294 quia
1072 4221 1327 4278 Salomon
1358 4229 1609 4298 paciﬁcus
1642 4206 2051 4305 interprelatur.

2199 1795 2452 1850 maguum
2519 1785 2738 1853 quidem
2790 1796 2843 1840 et
2892 1789 3106 1858 ipsum,
3167 1794 3260 1847 sed
3306 1801 3627 1854 centenario
3688 1805 3799 1858 mi-

2197 1888 2298 1943 nor
2343 1883 2445 1939 est,
2487 1887 2711 1945 propter
2763 1880 2904 1948 quod
2952 1890 3005 1936 et
3052 1883 3268 1941 femina":
3315 1887 3618 1947 introduxit
3664 1911 3798 1964 per-

2196 1977 2404 2026 sonam,
2444 1982 2565 2035 qua:
2609 1969 2787 2024 minor
2826 1981 2908 2027 est
2948 1990 2978 2028 a
3010 1976 3173 2030 virili.
3215 1978 3359 2050 Ergo
3399 1990 3455 2036 ct
3496 1986 3788 2053 mulieres,

2194 2056 2412 2122 quando
2452 2058 2517 2112 ad
2562 2076 2872 2115 mensuram
2919 2080 3186 2121 summam
3242 2077 3602 2142 pervenerint,
3638 2095 3783 2148 pro-

2192 2146 2457 2216 fectaeque
2502 2149 2702 2206 fuerint
2753 2159 2820 2208 ad
2868 2158 3281 2229 perfectionem,
3332 2165 3489 2220 fortes
3534 2146 3815 2239 possunt

2191 2239 2475 2307 appellari,
2514 2250 2698 2312 utpote
2729 2262 2848 2315 quze
2881 2264 3034 2305 suam
3079 2263 3403 2326 trangrcssa’.
3443 2270 3568 2314 sunt
3614 2264 3787 2320 inﬁr-

2192 2329 2460 2395 mitatem,
2507 2334 2976 2411 iutentionemque
3022 2343 3360 2403 fortitudinis
3407 2367 3785 2424 resumentes,

2190 2429 2413 2488 propter
2441 2426 2585 2492 quod
2611 2433 2667 2478 et
2697 2429 2922 2497 spiritus
2950 2431 3044 2487 Dei
3085 2434 3137 2489 in
3175 2438 3484 2498 Proverbiis
3511 2446 3741 2505 dicebat
3768 2471 3780 2505 :

2188 2510 2459 2567 Mulierem
2510 2518 2695 2586 fortem
2742 2523 2859 2590 quis
2900 2526 3125 2582 inveniet
3153 2512 3237 2584 “7?
3270 2531 3371 2592 Cui
3413 2553 3547 2607 ergo
3590 2557 3786 2600 rerum

2187 2603 2477 2674 despectus
2524 2608 2714 2664 deest?
2747 2614 2862 2667 Alia
2916 2626 3099 2673 autem
3137 2622 3211 2676 ait
3245 2603 3508 2693 perfecte,
3548 2647 3679 2700 qua:
3714 2636 3784 2690 de

2186 2697 2428 2751 omnium
2480 2715 2660 2755 rerum
2713 2706 3052 2763 continentia
3092 2712 3176 2767 lex
3208 2718 3481 2789 corrigere
3510 2722 3701 2791 jubet,
3728 2729 3779 2783 ei

2186 2788 2273 2856 qui
2308 2791 2607 2846 secundum
2644 2810 2762 2849 eam
2806 2798 2957 2854 vivit.
3000 2801 3171 2874 llujus
3208 2810 3497 2868 mstimatio
3549 2829 3633 2872 cst
3688 2822 3784 2875 tri-

2185 2879 2330 2949 ginta
2382 2883 2519 2945 sicli,
2566 2886 2680 2942 sive
2735 2891 3088 2963 didraehmaz,
3131 2898 3182 2954 id
3242 2912 3327 2957 est
3377 2913 3781 2979 sexagenarius

2108 3012 2151 3066 ϐ
2186 2968 2415 3033 fructus,
2453 2990 2614 3043 quem
2664 2990 2720 3033 et
2769 2979 2966 3039 Paulus
3012 2986 3248 3059 figurans
3295 2968 3559 3053 dicebatv:
3602 3002 3778 3061 Vidua

2184 3058 2414 3129 eligatur
2447 3080 2549 3117 non
2582 3068 2754 3121 minor
2784 3076 3057 3143 sexaginta
3090 3096 3354 3138 annorum
3377 3087 3423 3116 ¹²
3458 3108 3470 3141 :
3501 3106 3604 3160 per
3631 3105 3779 3151 atta-

2183 3156 2288 3202 tem
2347 3167 2757 3231 numerumque,
2807 3178 3073 3221 annorum
3127 3156 3775 3252 manifestarc'volens,

2180 3258 2315 3310 quas
2358 3245 2587 3303 virtutes
2642 3260 2695 3305 et
2749 3254 2992 3311 actiones
3031 3261 3293 3321 exhibere
3346 3268 3545 3326 debeat
3578 3276 3772 3345 vidua,

2136 3375 2144 3380 .
2178 3352 2297 3405 quae
2345 3352 2374 3390 a
2421 3337 2529 3393 Deo
2556 3341 2769 3412 legitur,
2815 3362 2935 3417 qum
2966 3352 3018 3405 in
3052 3354 3251 3413 divinis
3280 3364 3539 3419 scribitur
3561 3368 3771 3441 Libris,

2177 3434 2231 3478 et
2256 3443 2377 3495 quze
2408 3437 2585 3497 potest
2618 3433 2671 3485 in
2702 3451 2931 3494 numero
2954 3441 3252 3504 Jerusalem
3280 3456 3513 3511 caelestis
3536 3461 3765 3533 degere.

2174 3516 2401 3586 Propter
2426 3522 2567 3589 quod
2607 3534 2662 3578 et
2695 3529 2953 3597 subdidit,
2993 3536 3281 3596 insinuans
3310 3551 3454 3614 quod
3482 3516 3768 3611 nonvtan-

2174 3618 2285 3663 tum
2315 3612 2362 3665 ei
2390 3612 2456 3667 de
2481 3625 2659 3681 relate,
2691 3631 2785 3675 aut
2827 3626 3008 3694 annis,
3052 3612 3423 3700 quantum—de
3459 3643 3766 3707 virtutibus

2169 3712 2289 3766 quae
2332 3716 2430 3769 per
2478 3704 2591 3759 haec
2641 3708 3038 3782 signiﬁcantur,
3075 3736 3204 3776 cura
3244 3734 3363 3780 erat
3397 3747 3407 3780 :
3448 3729 3620 3789 Unius
3657 3741 3764 3794 viri

2169 3806 2300 3844 uxor
2328 3809 2345 3845 :
2378 3796 2425 3847 si
2454 3797 2590 3863 ﬁlios
2616 3802 2877 3872 educavit,
2915 3809 2962 3861 si
2995 3813 3218 3880 hospitio
3246 3834 3502 3888 pauperes
3538 3833 3758 3899 recepit,

2164 3883 2215 3959 si
2237 3896 2537 3943 sanctorum
2566 3894 2717 3960 pedes
2745 3894 2896 3961 lavit,
2930 3902 2977 3953 si
3008 3906 3399 3966 tribulationem
3425 3920 3759 3984 patientibus

2162 3972 2597 4047 subministravit,
2624 3985 2669 4036 si
2700 4002 2847 4042 omne
2881 4008 3010 4061 opus
3041 3994 3229 4052 bonum
3263 4006 3541 4063 subsecuta
3572 4025 3653 4066 est
3688 4019 3755 4074 ⁸³.

2165 4062 2288 4119 llaec
2334 4069 2548 4141 quidem
2582 4065 2948 4141 perfectus-et
2992 4102 3090 4155 per
3120 4095 3302 4148 omnia
3331 4112 3755 4165 consummatus

2161 4152 2343 4207 homo.
2381 4156 2509 4213 Vide
2560 4173 2741 4220 autem
2781 4178 2834 4222 et
2882 4152 3007 4227 eum
3048 4179 3134 4233 cui
3180 4182 3283 4237 hoc
3319 4152 3492 4256 deest,
3526 4196 3623 4250 sed
3665 4152 3753 4253 ta:

2157 4259 2281 4297 men
2315 4250 2381 4301 ad
2407 4249 2559 4304 illum
2587 4258 2815 4321 provehi
2845 4262 3136 4326 desiderat.

1788 4299 1803 4305 '
2356 4299 2379 4301 ν
2408 4299 2558 4304 ““““““
2587 4299 2815 4321 r'v'v-u
2845 4299 3136 4326 υωοιυειιιι.

480 4299 729 4357 Christus
770 4323 899 4378 ergo
940 4326 1130 4380 pacem
1169 4319 1350 4385 generi
1395 4321 1633 4379 humano
1663 4326 1828 4382 dedit.
1872 4330 2051 4400 Ipsum
2088 4337 2129 4391 D
2227 4339 2270 4391 A
2300 4344 2483 4411 quinto
2515 4357 2690 4403 autem
2724 4369 2864 4409 anno
2894 4374 3005 4430 usq:
3030 4379 3056 4415 e
3086 4368 3157 4418 ad
3188 4369 3487 4430 vicesimum
3529 4397 3748 4437 mascu-

480 4387 636 4437 ἀεερι
661 4397 931 4437 nrmoimm
957 4411 1008 4437 nl
1039 4406 1299 4437 ιιονΓηηιῖη
1354 4418 1401 4437 ...ο
1443 4426 1529 4437 ΛΝ.
1563 4415 1648 4437 -.-ε
1692 4432 1780 4437 ---ξ
1837 4435 1847 4437 _
1953 4423 1985 4437 ,α
2163 4428 2174 4437 .
2308 4433 2316 4437 .
2365 4435 2405 4437 ..

477 4387 636 4443 decet
660 4397 931 4465 praecipue
957 4411 1009 4455 et
1039 4406 1318 4473 perfectio,
1352 4418 1405 4463 et
1441 4426 1531 4466 eos
1560 4415 1650 4483 qui
1685 4387 2053 4478 conversatio-

477 4491 603 4531 nem
640 4482 758 4549 ejus
789 4494 1086 4550 sectantur,
1120 4504 1173 4548 et
1194 4500 1494 4568 angelicum
1518 4517 1782 4577 peragunt
1806 4526 2045 4581 cursum,

473 4569 671 4638 quibus
720 4574 1055 4636 millenarius
1102 4600 1364 4644 numerus
1406 4602 1592 4664 utpote
1630 4600 1902 4667 perfectus
1948 4607 2047 4661 de-

470 4668 695 4729 putatur
729 4682 742 4718 :
779 4665 947 4722 Millia
1002 4673 1147 4727 enim
1213 4680 1436 4735 millium
1488 4665 1858 4744 ministrabant
1899 4696 1947 4747 ei
1983 4697 2045 4763 ’⁸,

468 4750 545 4806 ait
603 4751 819 4822 Daniel,
883 4760 1012 4817 dum
1076 4769 1324 4826 cmlestes
1371 4775 1599 4832 virtutes
1649 4779 1758 4836 Deo
1803 4796 2042 4844 astantes

467 4856 781 4912 exponeret.
816 4848 922 4906 Sed
948 4863 999 4908 el
1031 4854 1197 4913 David
1223 4862 1297 4916 ait
1322 4882 1334 4915 :
1358 4863 1562 4921 Mentor
1580 4872 1682 4939 fuit
1711 4874 1765 4926 in
1789 4879 2038 4931 sarculum

465 4941 762 4993 testamenti
805 4944 887 4995 sui
926 4945 1015 5000 ‘9:
1066 4951 1211 5006 verbi
1259 4957 1401 5023 quod
1457 4963 1735 5019 mandavi:
1787 4968 1839 5021 in
1892 4971 2037 5026 mille

462 5028 862 5098 generationes,
898 5036 1290 5104 perfectionem
1333 5047 1530 5105 divina:
1572 5051 1723 5125 legis,
1757 5070 1810 5112 et
1842 5076 2033 5123 eorum

458 5115 552 5187 qui
610 5118 781 5189 legem
835 5127 1243 5198 percipiebant,
1302 5151 1398 5205 per
1452 5142 1600 5199 mille
1651 5153 2032 5218 generationes

455 5207 773 5265 ostendens.
807 5212 849 5267 A
891 5215 1078 5288 viginti
1124 5232 1305 5279 autem
1350 5232 1507 5286 annis
1546 5207 1719 5307 usque
1760 5242 1826 5295 ad
1870 5259 2028 5299 sexa-

452 5291 602 5363 ginta
633 5312 829 5368 aunos,
862 5303 998 5361 intra
1041 5308 1157 5367 haec
1194 5315 1340 5372 enim
1389 5291 1650 5394 tempora:
1683 5340 1814 5386 aetas
1843 5344 1896 5388 ct
1940 5337 2027 5390 in-

588 5476 752 5551 _(._aut.
772 5498 889 5551 vm,
918 5486 1004 5546 ll.

452 5539 503 5574 ιι
531 5492 889 5578 ξίιῇωξιὶινηδ
918 5492 1004 5546 “'
1080 5493 1124 5526 ’⁸
1148 5492 1283 5551 Dan-
1310 5510 1407 5565 νην
1439 5499 1527 5553 ίυ.
1594 5503 1635 5536 ¹⁹
1661 5504 1801 5561 Psal.
1845 5526 1948 5578 Civ,
1984 5513 2034 5569 8.

528 5542 658 5599 ibid.
695 5551 779 5603 10.

2154 4428 2236 4483 Ius
2282 4433 2428 4487 dabit
2469 4438 2652 4508 viginti
2691 4444 2863 4500 siclos.
2913 4428 3058 4518 Sive,
3098 4468 3153 4511 ut
3184 4460 3345 4527 LXX,
3377 4428 3741 4530 didraelt—mva;

2156 4517 2251 4574 llic
2288 4522 2423 4576 eum'
2443 4528 2533 4596 qui
2566 4534 2799 4589 necdum
2836 4541 3054 4608 quidem
3096 4557 3180 4602 est
3214 4554 3509 4621 perfectus,
3542 4577 3743 4621 sensa-

2153 4618 2266 4664 tum
2346 4624 2528 4673 tamen
2605 4622 2881 4683 hominem
2946 4634 3113 4703 dicit,
3182 4618 3237 4695 et
3301 4648 3394 4714 qui
3464 4618 3737 4720 prolicere

2149 4705 2314 4774 ccepit
2348 4724 2361 4759 :
2398 4724 2594 4767 sensus
2628 4717 2773 4771 enim
2816 4738 2911 4791 per
2947 4740 3235 4786 numerum
3275 4739 3515 4811 quinque
3550 4760 3732 4803 anno-

2147 4808 2269 4848 rum
2301 4796 2500 4866 innuit,
2528 4804 2619 4871 qui
2652 4815 2729 4861 tot.
2755 4823 2884 4867 sunt
2912 4830 3164 4875 nmnero.
3197 4796 3476 4887 Perfectus
3498 4848 3725 4896 autem:

2143 4886 2237 4953 qui
2287 4889 2354 4943 ad
2401 4892 2746 4961 juventutem
2802 4908 2995 4974 tendit,
3032 4921 3086 4966 et
3133 4916 3200 4971 ad
3251 4922 3660 4997 perfectiorem,
3695 4948 3726 4989 ι

2140 4979 2382 5050 quinque
2416 4987 2596 5055 annis,
2628 5000 2681 5044 ct
2711 5009 2880 5066 usque
2911 5002 2978 5056 ad
3011 5005 3329 5067 vicesimum
3367 5031 3576 5074 annum
3617 5035 3721 5080 est.

2141 5068 2339 5141 Viginti
2388 5079 2532 5133 enim
2571 5097 2865 5153 annorum,
2902 5092 3048 5148 inter
3078 5097 3247 5156 fortes
3277 5105 3438 5161 etiam
3472 5126 3722 5183 pugnare

2141 5162 2319 5183 “Abh
2366 5182 2369 5183 ν
2586 5181 2594 5183 Α
2862 5181 2872 5183 _

2136 5162 2324 5219 valens
2350 5181 2667 5228 numeratus
2692 5187 2774 5232 est
2798 5196 2828 5233 a
2860 5181 2998 5254 lege,
3024 5187 3165 5244 sicut
3187 5162 3722 5262 Numerorumcliber

2136 5257 2397 5353 ostendit.
2446 5259 2617 5332 Hujus
2667 5282 2799 5340 ergo
2839 5278 3073 5342 pretium
3120 5282 3306 5354 viginti
3353 5288 3715 5365 didrachmae,

2135 5342 2188 5397 id
2246 5356 2330 5402 est
2380 5351 2654 5412 drachma:
2701 5364 3059 5438 quadraginta
3110 5342 3254 5430 oboli
3294 5342 3712 5458 quadringeni:

2117 5517 2161 5548 ²⁰
2181 5517 2371 5579 Matth.
2418 5542 2468 5595 v,
2501 5529 2586 5587 48.
2652 5538 2693 5567 ²¹
2736 5539 2895 5599 Prov.
2931 5562 3078 5618 xxxi,
3124 5552 3202 5606 lO.
3278 5556 3528 5614 "lTim.
3561 5580 3622 5635 ν,
3650 5565 3709 5625 9.
