4036 6200
296 274 429 344 1161

1419 271 1502 329 ΙΝ
1541 265 1982 331 LEVITICUM.
2006 286 2079 301 ··-
2107 263 2255 324 LIB.
2285 264 2411 319 VII.

3412 260 3552 327 1162

289 392 630 465 Jejuuiorum
663 400 845 447 autem
865 400 1030 461 atque
1067 387 1332 444 orationis
1368 386 1697 456 profectum,
1732 399 1869 453 qua-
1899 397 1942 452 Α
1972 380 2249 436 drachmae
2284 388 2434 443 sunt,
2462 387 2522 434 ut
2551 378 2606 434 in
2642 377 2920 450 mysteriis
2945 377 3195 448 duplices
3223 393 3422 434 sensus
3451 382 3552 436 ha-

291 487 538 558 draginta
588 484 972 539 drachmarum
1022 496 1286 537 numerus
1324 480 1612 550 signiﬁcat,
1651 478 1778 548 quia
1816 485 1873 532 et

297 587 375 632 tot
401 578 596 633 diebus
618 575 900 646 jejuuasse
924 583 979 629 et
1002 573 1262 644 Moysem,
1292 581 1348 627 et
1377 571 1575 636 Ellam,
1606 580 1663 625 et
1692 569 1870 639 ipsum

296 667 587 723 Dominum
631 666 959 728 didicimus,
1007 663 1229 734 quando
1281 679 1311 718 a
1359 662 1575 717 diabolo
1625 661 1875 716 tentaba-

294 770 386 816 tur
408 760 475 814 “.
508 757 1043 829 Quadringentorum
1065 764 1248 811 autem
1268 770 1532 810 numerus
1552 753 1681 825 quid
1702 753 1872 825 signi—

297 852 442 917 ﬁcet,
477 857 573 905 aut
603 864 764 920 quam
799 849 1139 904 demonstret
1168 847 1659 911 conversationem,
1688 857 1874 903 osten-

295 944 379 998 dit
401 940 779 1011 quod'dictum
804 947 889 995 est
912 940 966 994 in
989 941 1131 995 libro
1156 939 1387 1011 Regum,
1410 940 1629 1009 quando
1656 954 1875 995 reversa

297 1034 455 1089 navis
490 1048 618 1103 quae
672 1032 997 1087 mittebatur
1031 1047 1062 1085 a
1106 1032 1416 1097 Salomone,
1454 1032 1523 1086 ad
1562 1029 1873 1100 Sophiram,

299 1125 518 1180 dicebat
541 1140 559 1189 ;
585 1124 662 1178 ait
689 1125 834 1179 enim
865 1123 1166 1180 secundum
1200 1121 1340 1176 LXX
1363 1139 1378 1176 :
1402 1122 1469 1176 Et
1502 1123 1643 1176 venit
1670 1122 1743 1175 ad
1778 1120 1877 1176 So-

298 1216 511 1280 phiram
540 1214 630 1268 ⁸⁵⁸.
669 1212 870 1284 Sophir
905 1221 1091 1267 autem
1135 1212 1326 1266 bonum
1378 1210 1788 1280 interpretatur,
1822 1218 1879 1264 et

300 1302 515 1371 accepit
556 1300 684 1355 inde
718 1300 837 1354 auri
873 1300 1229 1371 quadraginta
1261 1311 1317 1354 et
1343 1299 1534 1369 viginti
1578 1299 1795 1363 talenta,
1823 1307 1879 1353 et

303 1392 531 1446 adduxit
559 1392 671 1462 regi
711 1390 1010 1446 Salomoni.
1045 1391 1205 1457 Quod
1247 1407 1377 1463 ergo
1418 1391 1499 1447 sic
1529 1391 1733 1446 bonum
1771 1399 1876 1454 est,

302 1486 447 1540 sicut
484 1500 582 1553 per
611 1484 906 1554 jejunium,
934 1495 991 1539 et
1029 1484 1332 1540 orationem
1361 1484 1627 1549 exerceri,
1654 1492 1711 1538 et
1751 1498 1880 1553 pro-

304 1577 431 1631 vehi
471 1576 537 1630 ad
573 1578 720 1631 illam
747 1577 936 1641 vitam,
963 1576 1032 1631 ad
1072 1592 1234 1646 quam
1273 1576 1485 1648 Moyses
1514 1586 1571 1632 et
1606 1576 1749 1631 Elias
1783 1591 1880 1630 su-

305 1665 735 1735 peraediﬁcantes
755 1665 969 1735 jejunio
999 1675 1163 1735 atque
1198 1666 1432 1721 orationi
1468 1666 1723 1730 virtutes,
1752 1680 1880 1734 pro-

1973 475 2121 535 beat.
2158 473 2214 528 id
2253 484 2355 537 est,
2395 483 2457 527 ut
2486 488 2608 542 quae
2653 472 2987 528 sensibi‘liter
3004 471 3188 531 audit.
3229 473 3345 528 lucc
3389 474 3554 529 intel-

1972 561 2255 634 ligibiliter
2281 561 2565 631 suscipiat.
2606 561 2664 615 Si
2697 561 2862 615 etiam
2891 560 3105 622 videns.
3136 570 3193 616 et
3222 571 3468 634 gustans,
3499 571 3558 619 et

1973 654 2231 717 odorans,
2261 661 2319 708 et
2364 662 2618 724 tangens,
2651 652 3045 722 perducit-hoc
3094 668 3221 708 eum
3265 656 3333 709 ad
3374 655 3558 725 perle-

1975 746 2237 806 etiouem,
2274 752 2503 813 propter
2544 744 2689 812 quod
2736 754 2790 799 et
2834 753 3053 800 centum
3098 746 3382 801 obolorum
3430 765 3558 818 pre-

1978 836 2114 891 tium
2142 835 2328 890 habet.
2366 835 2637 891 Numerus
2664 845 2872 901 autem,
2902 836 3046 892 sicut
3065 836 3270 892 dictum
3299 850 3400 904 est,
3436 856 3559 910 per-

1976 927 2155 983 fectus
2175 935 2282 983 est.
2308 926 2455 998 Ergo
2475 928 2666 997 procul
2692 927 2862 984 dubio
2889 943 3039 995 eum,
3062 930 3154 997 qui
3181 946 3331 984 nunc
3358 940 3561 1001 myste-

1979 1017 2185 1074 riorum
2216 1019 2492 1091 particeps
2520 1019 2753 1075 eﬁ'ectus
2780 1028 2884 1083 est,
2914 1022 3258 1093 necdumque
3290 1024 3356 1079 ad
3391 1041 3561 1096 agen—

1977 1111 2110 1167 dum
2138 1112 2438 1182 processit,
2467 1113 2562 1168 sed
2600 1112 2655 1166 in
2703 1113 2809 1168 ﬁde
2839 1114 3057 1170 interim
3092 1117 3379 1185 probatur.
3421 1119 3562 1173 sicut

1978 1201 2161 1257 adhuc
2182 1202 2474 1267 infantem,
2502 1213 2557 1259 et
2583 1205 2821 1260 necdum
2851 1215 3065 1276 tempus
3094 1208 3163 1262 ad
3189 1209 3561 1264 ostensionem

1979 1294 2239 1351 virtutem
2284 1295 2601 1360 habentem,
2652 1297 3018 1353 demonstrat.
3057 1298 3114 1353 Si
3152 1308 3333 1355 autem
3382 1302 3563 1356 minor

1981 1386 2089 1454 bis,
2121 1386 2214 1456 qui
2243 1386 2351 1441 tale
2378 1397 2483 1452 est,
2515 1388 2698 1451 fuerit,
2731 1390 2804 1444 ita
2845 1398 2906 1444 ut
2940 1392 3235 1447 conveniat
3272 1393 3326 1446 in
3367 1408 3437 1448 eo
3477 1394 3562 1449 fe-

1981 1477 2144 1532 minae
2186 1492 2458 1547 personae,
2499 1479 2680 1534 minor
2719 1490 2902 1535 autem
2944 1490 3028 1536 est
3064 1490 3124 1535 ut
3159 1483 3475 1553 simplicior,
3506 1496 3565 1539 et

1981 1583 2091 1624 non
2136 1568 2293 1626 valde
2329 1569 2599 1626 discretus
2635 1589 2649 1625 :
2686 1571 2850 1641 hujus
2903 1574 3136 1642 pretium
3188 1585 3273 1630 est
3321 1585 3430 1631 trcs
3475 1577 3564 1631 di-

1983 1661 2281 1727 drachmas,
2314 1662 2451 1717 ﬁdes
2489 1662 2688 1727 Patris,
2719 1672 2777 1718 et
2804 1664 2950 1725 Filii,
2987 1674 3044 1719 et
3085 1666 3323 1735 Spiritus
3365 1669 3562 1732 sancti,

303 1757 445 1813 vecti
473 1765 601 1812 sunt
630 1775 651 1810 ι
678 1757 758 1812 sic
787 1756 1047 1812 Dominus
1074 1757 1360 1812 insinuare
1388 1756 1742 1825 semetipsum
1784 1770 1882 1824 per
1912 1740 1954 1795 Β
1984 1762 2045 1808 ut
2072 1769 2184 1809 non
2215 1755 2357 1811 hanc
2384 1756 2840 1827 transgrediatur.
2868 1758 2964 1813 sed
2995 1758 3161 1814 corde
3184 1761 3391 1823 credat,
3422 1761 3566 1817 sicut

301 1848 769 1918 praedicationem,
798 1857 853 1903 et
898 1848 1051 1919 signa
1083 1848 1283 1918 generi
1310 1847 1552 1903 humano
1588 1846 1876 1917 incipiens,

298 1937 567 2008 jejunium
610 1947 667 1993 et
703 1938 1008 1994 orationem
1048 1954 1161 1995 sua:
1200 1938 1635 1997 conversationis
1679 1938 1882 2009 princi-

303 2030 452 2099 pium
500 2028 650 2085 fecit.
699 2027 1022 2102 Quicunque
1061 2045 1191 2101 ergo
1227 2039 1480 2088 sensatus
1518 2030 1736 2100 quidem
1774 2037 1878 2095 est,

302 2131 359 2176 et
402 2123 671 2192 proﬁcere
717 2122 930 2193 incipit,
963 2137 1074 2176 non
1112 2131 1295 2177 tamen
1327 2122 1514 2188 nimis,
1547 2121 1642 2176 sed
1679 2119 1880 2186 medie,

304 2220 364 2266 ut
395 2212 824 2283 praesumptione
856 2213 1290 2269 conversationis
1326 2213 1520 2285 jcjunii
1563 2229 1673 2268 non
1712 2214 1883 2283 possit

304 2304 541 2367 on'erari,
579 2304 666 2358 hic
698 2305 934 2373 pretium
973 2288 1161 2359 decem
1205 2303 1666 2370 didrachmarum,
1706 2304 1759 2359 id
1799 2312 1883 2359 est

308 2398 492 2470 viginti
523 2399 929 2463 drachmarum,
970 2407 1027 2454 et
1053 2399 1337 2453 obolorum
1376 2398 1738 2454 ducentorum
1778 2406 1879 2452 est.

305 2488 365 2542 ln
400 2489 647 2543 custodia
682 2489 828 2543 enim
866 2489 1055 2544 decem
1090 2490 1494 2557 mandatorum,
1538 2505 1660 2559 quae
1700 2488 1883 2559 dupli-

303 2587 461 2634 catur
498 2581 800 2634 secundum
838 2579 1094 2646 litteram,
1131 2579 1499 2650 et’spiritum,
1540 2579 1881 2636 conversatio

304 2672 468 2740 hujus
500 2679 604 2737 est,
634 2671 779 2726 inter
816 2687 938 2741 qua:
969 2672 1241 2742 jejunium
1272 2688 1381 2727 non
1411 2680 1496 2728 est
1524 2682 1878 2744 praeceptum.

304 2761 601 2817 Sublimior
630 2765 777 2817 enim
808 2772 895 2819 est
929 2765 996 2819 ad
1041 2780 1160 2819 eam
1192 2765 1477 2834 pertinens
1513 2764 1879 2834 conversatio,

301 2868 423 2923 quae
447 2853 804 2924 legislatores,
833 2863 890 2909 et
921 2856 1238 2925 prophetas,
1265 2865 1323 2911 et
1356 2871 1551 2911 omnes
1578 2857 1671 2927 qui
1704 2858 1882 2928 prole¢

299 2953 515 3004 serunt.
528 2944 705 3011 decet,
721 2955 781 2999 et
800 2945 1033 3002 necdum
1046 2945 1266 3016 quidem
1285 2949 1632 3005 conversatio
1644 2950 1766 3019 ejus
1786 2950 1882 3005 lia-

300 3034 393 3090 bet
414 3034 808 3105 perfectionem
827 3051 842 3089 :
860 3048 998 3106 opus
1016 3037 1163 3091 enim
1180 3037 1356 3093 habet
1375 3039 1878 3102 mansuetudinem,

296 3126 711 3196 perfectamque
747 3126 1095 3194 charitatem,
1126 3144 1251 3198 quae
1284 3137 1369 3186 est
1400 3129 1457 3183 iu
1493 3129 1612 3185 zelo
1652 3130 1876 3195 Christi,

297 3218 551 3289 producit
579 3227 764 3274 tamen
793 3219 862 3275 ad
891 3220 1308 3291 perfectionem.
1335 3220 1474 3287 Quia
1504 3230 1688 3277 autem
1721 3236 1879 3277 utan-

295 3308 548 3363 datorum
582 3310 884 3365 secundum
917 3310 1178 3373 litteram.
1205 3320 1263 3365 et
1306 3312 1565 3381 spiritum
1604 3312 1876 3378 custodia,

296 3396 490 3451 decem
522 3397 876 3461 didrachmas.
906 3400 1058 3468 quod
1098 3407 1231 3455 sunt
1265 3399 1409 3455 oboli
1451 3400 1698 3467 ducenti,
1731 3410 1880 3458 recte

297 3494 544 3556 putatur,
576 3488 643 3542 ad
688 3489 1017 3545 memoriam
1046 3499 1200 3545 tuam
1232 3500 1452 3546 revocat
1481 3507 1686 3555 sermo,
1712 3507 1876 3563 quem

299 3592 363 3630 ex
400 3577 644 3632 Canticis
673 3579 1013 3634 canticorum
1042 3595 1222 3652 nuper
1248 3582 1596 3651 protulimus.
1625 3583 1771 3639 Mille
1798 3583 1877 3641 tui

298 3668 533 3738 paciﬁci,
561 3678 619 3724 et
647 3671 868 3725 ducenti
898 3671 986 3727 his
1008 3673 1102 3742 qui
1131 3673 1452 3729 custodiunt
1473 3673 1713 3731 fructum
1732 3676 1875 3747 eius.

297 3760 471 3827 Quam
504 3760 760 3817 vineam?
801 3763 870 3818 de
896 3779 1002 3834 qua
1040 3765 1096 3819 in
1132 3766 1572 3836 praecedentibus
1612 3768 1827 3825 dicebat
1858 3788 1873 3825 :

307 3851 472 3906 Vinea
497 3853 596 3923 fuit
624 3853 846 3922 paciﬁca
870 3856 924 3909 in
951 3872 1014 3910 ea
1044 3872 1162 3928 quis
1187 3857 1343 3911 habet
1369 3858 1587 3928 populos
1612 3861 1678 3925 ",
1709 3875 1873 3931 quam

296 3956 409 3996 non
458 3943 837 4000 custodierunt
882 3945 1089 4014 Judaei,
1139 3953 1368 4019 propter
1410 3951 1555 4019 quod
1608 3966 1708 4021 pro
1754 3952 1875 4007 uvis

296 4034 485 4104 spinas
528 4037 900 4105 protulerunt,
948 4040 1044 4094 sed
1091 4049 1149 4095 et
1199 4040 1534 4097 vindemiant
1574 4057 1639 4097 ea
1680 4058 1876 4099 omnes
1916 4027 1923 4035 ’

294 4126 389 4196 qui
442 4134 731 4185 transeunt
781 4130 946 4185 viam.
995 4131 1100 4198 Qui
1159 4134 1478 4189 custodiunt
1522 4145 1705 4191 autem
1755 4135 1872 4191 fru-

293 4227 466 4285 ctum,
500 4219 555 4275 in
596 4221 872 4288 ducentis,
917 4224 973 4279 id
1020 4234 1104 4280 est
1145 4225 1339 4297 viginti
1379 4226 1656 4282 drachmis
1694 4228 1871 4297 dupli-

292 4320 415 4367 cata
453 4314 701 4369 custodia
745 4315 1144 4382 mandatorum,
1189 4316 1333 4372 sicut
1378 4318 1639 4382 diximus,
1675 4332 1871 4373 secun-

291 4401 421 4456 dum
452 4402 711 4469 litteram,
742 4415 798 4461 et
824 4406 1097 4475 Spiritum,
1135 4408 1514 4464 inveniuntur.

365 4495 438 4547 Ab
468 4513 572 4551 uno
598 4507 777 4552 autem
804 4516 975 4554 mense
993 4517 1156 4572 usque
1183 4503 1256 4556 ad
1275 4518 1476 4557 annum
1505 4503 1745 4573 quintum
1775 4514 1868 4573 pro

292 4591 525 4645 masculo
568 4592 843 4647 dabuntur
883 4596 1112 4666 quinque
1168 4596 1320 4660 sicli,
1365 4598 1475 4651 sive
1509 4598 1740 4668 quinque
1785 4597 1870 4650 di-

288 4681 575 4749 draclume,
614 4699 711 4751 pro
750 4685 945 4755 femina
982 4695 1105 4740 tres.
1149 4684 1323 4742 Unius
1363 4687 1568 4742 mensis
1600 4686 1868 4756 intelligas

286 4785 411 4825 eum
452 4772 543 4840 qui
574 4787 723 4829 nunc
748 4784 832 4829 est
859 4777 1077 4845 genitus
1120 4777 1175 4831 in
1215 4777 1343 4839 ﬁde,
1373 4778 1442 4832 ad
1479 4793 1643 4855 quem
1673 4778 1868 4833 Petrus

285 4860 547 4919 dicebat:
589 4862 737 4918 Sicut
784 4868 939 4920 modo
989 4868 1152 4937 geniti
1197 4869 1455 4938 infantes,
1502 4868 1862 4931 rationabiles,

280 4955 395 5006 sine
420 4953 559 5020 dolo,
599 4956 682 5009 lac
715 4958 1084 5025 concupiscite,
1108 4968 1163 5012 ut
1194 4961 1439 5012 crescetis
1466 4961 1520 5013 in
1549 4976 1609 5013 eo
1638 4961 1695 5012 in
1720 4960 1870 5013 salu-

283 5055 406 5108 tem,
439 5049 485 5101 si
523 5058 702 5103 tamen
738 5052 980 5120 gustatis.
1022 5052 1148 5116 quia
1195 5052 1367 5106 dulcis
1407 5063 1479 5105 est
1513 5051 1770 5105 Dominus
1800 5053 1866 5104 ⁸⁸.

283 5139 459 5209 Hujus
512 5141 749 5211 pretium
805 5156 979 5211 usque
1029 5142 1097 5196 ad
1147 5142 1560 5211 quinquennem
1610 5150 1865 5206 aetatem,

277 5230 335 5288 id
360 5240 446 5285 est
475 5233 844 5298 conversatio,
890 5241 946 5288 et
978 5233 1110 5297 vita,
1138 5232 1383 5304 quinque
1420 5233 1864 5289 didrachmarum

277 5324 513 5395 argenti,
546 5325 601 5379 id
641 5334 726 5380 est
762 5325 954 5380 decem
1001 5325 1297 5390 drachmis,
1337 5325 1482 5380 oboli
1515 5332 1703 5379 autem
1730 5339 1865 5379 oen-

279 5424 417 5471 tum.
467 5414 826 5473 Conversatio
882 5432 1015 5488 ergo
1058 5417 1221 5471 modo
1267 5416 1460 5487 geniti,
1498 5415 1740 5487 quinque
1784 5416 1867 5471 dio

1981 1844 2059 1898 ait
2099 1845 2322 1911 Paulus,
2355 1845 2458 1902 Ore
2503 1858 2682 1902 autent
2724 1849 3041 1916 conﬁteatur
3068 1852 3131 1905 ’⁷.
3174 1850 3271 1907 Sic
3320 1852 3463 1907 enim
3511 1855 3565 1908 ei

1985 1937 2122 2001 haec,
2159 1937 2263 1992 tria
2303 1953 2416 1992 non
2463 1939 2640 1993 solum
2675 1939 2958 1995 conﬁtenti
3002 1940 3204 2013 lingua,
3239 1944 3333 1998 sed
3366 1951 3424 1999 et
3458 1944 3565 2000 ﬁde

1982 2029 2251 2092 credenti,
2298 2029 2438 2088 ﬁunt
2482 2031 2605 2087 duas
2651 2031 2946 2086 drachmzc.
2984 2033 3071 2089 Fit
3117 2047 3299 2089 autem
3338 2047 3394 2091 et
3438 2037 3565 2091 huic

1985 2121 2111 2175 talis
2140 2120 2275 2176 ﬁdes
2312 2122 2383 2176 ad
2422 2121 2817 2192 perfectionem
2866 2123 3197 2180 mediocrem
3233 2144 3246 2179 :
3282 2140 3388 2182 tres
3415 2128 3562 2182 enim

1984 2209 2338 2277 didrachmas,
2369 2227 2465 2267 sex
2498 2223 2631 2267 sunt
2655 2214 2930 2268 drachma-
2961 2232 2975 2267 :
3016 2229 3109 2269 sex
3141 2224 3323 2271 autem
3360 2218 3565 2272 drach-

1984 2320 2109 2367 maz,
2140 2305 2421 2376 sexaginta
2451 2313 2581 2360 sunt
2614 2306 2783 2371 oboli,
2812 2307 2900 2363 hic
2927 2317 3110 2363 autem
3145 2309 3266 2364 talis
3301 2325 3565 2366 numerus

1985 2397 2313 2451 mediocrem
2344 2396 2740 2467 perfectionem
2782 2398 2938 2467 gerit.
2981 2398 3272 2470 Propterea
3301 2409 3358 2457 et
3387 2416 3563 2471 popu-

1987 2488 2072 2542 lus
2098 2487 2285 2552 lsrael,
2326 2498 2710 2545 sescentorum
2756 2490 3009 2553 millium,
3052 2493 3197 2560 quod
3237 2501 3367 2547 sunt
3405 2508 3565 2549 sexa-

1984 2580 2135 2649 ginta
2178 2579 2468 2651 myriades,
2516 2595 2810 2637 numerum
2844 2581 3053 2638 habuit.
3095 2581 3385 2640 Seusibilis
3412 2586 3562 2641 enim

1984 2672 2150 2727 lsrael
2179 2672 2417 2727 habebat
2438 2673 2659 2741 quidem
2688 2683 2746 2728 et
2768 2674 3119 2731 mediocriter
3144 2675 3440 2746 perfectos,
3470 2677 3565 2747 qui

1984 2757 2039 2811 in
2096 2756 2215 2828 lege
2269 2759 2588 2823 constituti,
2652 2759 3031 2832 Evangelicam
3090 2766 3565 2822 conversationem

1983 2849 2331 2919 aliquatenus
2357 2852 2611 2922 agebant.
2657 2851 2798 2908 Sunt
2821 2862 3028 2920 autem,
3056 2856 3255 2925 quibus
3286 2860 3564 2917 mediocre

1983 2941 2119 3012 legis
2146 2949 2203 2995 et
2230 2942 2625 3011 prophetarum
2653 2953 2773 2999 erat
2800 2945 3043 3001 studium
3075 2958 3299 3018 propter
3334 2952 3479 3019 quod
3507 2960 3565 3007 et

1983 3032 2204 3099 similia,
2240 3034 2510 3103 myriades
2539 3045 2717 3101 erant,
2753 3037 2848 3093 sed
2893 3053 2999 3092 nec
3041 3038 3191 3094 mille
3235 3040 3426 3105 millia,
3458 3059 3564 3099 nec

1984 3124 2170 3194 myrire
2201 3125 2491 3195 myriades,
2523 3134 2585 3180 ut
2627 3142 2848 3198 semper
2885 3138 3034 3187 esset
3068 3131 3124 3185 in
3157 3132 3239 3187 eis
3262 3133 3560 3204 perfectio;

1984 3218 2088 3271 hoc
2137 3217 2282 3275 enim
2331 3218 2686 3289 angelorum,
2741 3230 2798 3275 et
2843 3223 3144 3278 secundum
3191 3226 3563 3297 evangelicum

1982 3306 2151 3360 vitam
2209 3307 2657 3367 conversantium
2711 3317 2817 3364 est.
2872 3310 3065 3383 Angeli
3118 3313 3268 3367 enim
3323 3321 3380 3367 et
3430 3313 3558 3384 ipsi,

1980 3398 2201 3468 quando
2234 3398 2587 3469 profecerint,
2618 3398 2953 3457 efﬁciuntur.

2051 3483 2440 3558 Sexagenarius
2466 3496 2643 3541 autem
2675 3496 2724 3542 et
2753 3489 2895 3543 ultra
2922 3491 3208 3554 masculus,
3231 3492 3375 3548 dabit
3405 3495 3562 3565 quin-

1979 3577 2142 3631 decim
2178 3577 2350 3642 st'clos,
2383 3578 2491 3632 sive
2525 3578 2884 3641 didrachmas,
2916 3580 3112 3650 femina
3144 3591 3321 3635 autem
3360 3583 3557 3638 decem.

1980 3669 2049 3726 Et
2078 3670 2202 3740 quis
2232 3680 2315 3726 est
2342 3671 2452 3736 hic,
2484 3670 2576 3740 qui
2602 3670 2899 3726 maximam
2927 3673 3425 3735 conversationem.
3463 3691 3560 3745 per

1978 3761 2349 3834 virginitatem
2370 3778 2422 3816 v.
2446 3778 2554 3833 gr.,
2592 3762 2680 3817 vel
2716 3778 2827 3817 non
2857 3762 3211 3835 possidendo,
3237 3764 3561 3835 virtutibus-

1977 3871 2086 3925 que
2129 3856 2253 3913 aliis
2302 3855 2595 3927 promittit,
2633 3864 2692 3911 et
2745 3865 2870 3927 post
2914 3856 3032 3913 haec
3079 3857 3389 3914 inﬁrmatus
3434 3857 3560 3913 est?

1976 3945 2291 4018 Cognovisti
2346 3947 2516 4013 enim,
2556 3946 2683 4020 quia
2739 3964 2888 4014 cum,
2927 3949 3021 4019 qui
3072 3967 3103 4004 a
3150 3949 3344 4021 viginti
3396 3951 3560 4007 annis

1978 4055 2150 4108 usque
2179 4039 2245 4094 ad
2277 4038 2558 4112 sexaginta
2597 4056 2870 4095 annorum
2901 4050 3006 4104 est,
3043 4041 3300 4096 omnibus
3336 4040 3556 4114 legisla-

1976 4141 2062 4187 tor
2099 4133 2419 4202 praeposuit.
2465 4131 2673 4189 Deinde
2721 4148 2868 4188 nunc
2902 4143 3028 4204 post
3071 4150 3261 4189 omnes
3297 4150 3421 4189 eum
3459 4134 3555 4205 qui

1974 4240 2005 4279 a
2046 4224 2326 4296 sexaginta
2358 4226 2521 4280 anuis
2554 4235 2610 4281 et
2652 4242 2812 4294 supra
2841 4235 2947 4292 est,
2984 4226 3080 4280 ait.
3124 4227 3229 4282 Per
3267 4227 3371 4282 hoc
3409 4227 3556 4298 quod

1974 4318 2134 4386 dixit,
2187 4334 2371 4388 supra,
2421 4319 2619 4373 ultimae
2676 4308 3127 4373 senectutem'ct
3180 4318 3553 4375 inﬁrmitatem

1902 4424 1946 4480 ο
1974 4413 2116 4483 ejus,
2163 4412 2255 4482 qui
2295 4412 2585 4466 maximam
2639 4411 3113 4473 conversationem
3171 4422 3555 4483 proposuerat,

1975 4504 2167 4576 procul
2216 4504 2384 4559 dubio
2426 4503 2698 4574 designat.
2748 4501 2850 4569 Qui
2900 4519 3030 4575 ergo
3070 4520 3168 4573 pro
3219 4505 3554 4576 virginitate,

1974 4595 2059 4650 vel
2093 4595 2356 4666 despectu
2391 4592 2708 4664 possidendi
2749 4591 3224 4649 convei‘sationcm
3261 4596 3553 4665 promittit,

1973 4694 2027 4740 et
2077 4685 2353 4756 proponit,
2385 4682 2585 4738 deinde
2636 4683 2945 4737 inﬁrmatur
2989 4684 3263 4754 complere
3307 4686 3556 4754 proposi-

1971 4789 2110 4846 tum,
2142 4780 2329 4834 audiat
2349 4794 2379 4832 a
2402 4776 2574 4832 Paulo
2608 4796 2621 4831 :
2650 4776 2708 4831 Si
2734 4779 2850 4849 quis
2879 4790 3082 4849 turpem
3108 4797 3161 4834 se
3183 4781 3349 4835 videri
3374 4781 3555 4835 existi-

1972 4882 2081 4924 mat
2129 4887 2285 4940 super
2337 4871 2590 4941 virginem
2649 4886 2827 4932 suam,
2871 4887 2931 4924 eo
2979 4872 3116 4941 quod
3162 4872 3319 4941 fuerit
3365 4885 3552 4938 super-

1972 4962 2156 5016 adulta
2192 4964 2260 5027 ⁸⁸,
2292 4962 2535 5035 ostendit
2571 4962 2974 5031 quodammodo
3009 4961 3360 5025 iulirmatutu,
3400 4969 3456 5016 et
3482 4961 3553 5016 ad

1970 5057 2311 5103 senectutem
2367 5049 2661 5103 deductum
2710 5042 3081 5119 propositum,
3134 5059 3181 5102 et
3232 5051 3304 5102 sic
3352 5060 3550 5119 oportet

1969 5141 2107 5209 fieri,
2153 5140 2291 5210 quod
2340 5143 2447 5200 vult
2499 5141 2681 5208 faciat.
2729 5158 2830 5195 non
2877 5150 3054 5209 peccat
3095 5142 3139 5195 si
3183 5142 3344 5194 nubat
3377 5144 3440 5193 '9.
3486 5141 3553 5197 Et

1970 5249 2207 5289 rursus:
2244 5231 2301 5287 Si
2358 5232 2616 5301 nupseris,
2659 5249 2762 5286 non
2814 5225 3064 5300 peccasti.
3108 5230 3175 5284 Et
3224 5232 3269 5285 si
3318 5235 3550 5302 nupserit

1968 5324 2148 5394 virgo,
2202 5339 2305 5376 non
2357 5321 2610 5392 peccavit.
2665 5319 3079 5374 Tribulationem
3140 5330 3317 5375 autem
3374 5326 3550 5377 carnis

1969 5415 2230 5467 habebunt
2278 5410 2603 5480 Itujusmodi.
2654 5408 2766 5480 Ego
2812 5417 2990 5463 autem
3039 5409 3179 5464 vobis
3218 5427 3408 5480 parco,
3456 5411 3551 5467 hoc

346 5601 394 5634 “
420 5599 610 5655 Matth.
645 5570 718 5652 Iv.
795 5597 861 5629 ’δ’
896 5599 958 5652 Ill
987 5596 1121 5671 Reg.
1146 5616 1220 5665 Ix,
1252 5597 1343 5652 28.
1439 5598 1486 5631 ¹⁸
1518 5597 1676 5653 Cant.
1704 5613 1802 5665 vn,
1835 5598 1875 5651 ιτ

2011 5596 2059 5629 ³⁸
2086 5594 2106 5649 l
2141 5595 2286 5650 Pctr.
2317 5610 2358 5659 ι,
2384 5592 2443 5648 2.
2522 5591 2571 5629 "
2592 5589 2757 5646 Rom.
2801 5607 2855 5659 x,
2882 5593 2933 5647 9.
3032 5594 3075 5624 "
3105 5591 3120 5644 1
3146 5589 3270 5647 Cor.
3295 5605 3396 5660 vn,
3439 5591 3535 5650 56.

271 5669 316 5703 ¹⁹
346 5671 479 5727 ibid.

594 5765 867 5828 ernon.
901 5763 1021 5824 Gn.
1054 5759 1277 5822 XClll.

3131 5758 3211 5817 3'7
