4036 6200
473 260 610 324 1163

1657 257 2018 318 IIESYCHII
2054 255 2526 318 PRESBYTERI

3599 251 3750 316 11M.

471 387 648 433 autem
674 377 812 438 dico,
844 379 1054 446 fratres,
1090 387 1290 443 tempus
1329 375 1477 427 breve
1520 384 1615 438 est,
1661 374 1919 444 reliquum
1975 375 2048 425 est
2079 374 2122 429 Α
2153 389 2255 426 non
2288 374 2536 436 valuerit,
2557 373 2716 427 stabit
2740 388 2919 426 coram
2949 372 3239 429 sacerdote.
3273 379 3323 423 et
3362 380 3622 440 quantum
3655 368 3763 421 ille

471 479 528 524 ut
555 479 604 524 et
637 471 726 540 qui
759 471 952 522 habent
980 484 1166 521 uxores
1193 477 1448 536 tanquam
1488 483 1592 519 non
1627 466 1870 520 habentes
1896 467 2000 520 sint
2033 483 2050 518 :

471 570 520 614 et
550 563 639 631 qui
670 560 868 629 lugent,
902 568 1158 628 tanquam
1190 574 1292 610 non
1325 558 1657 626 lugentes:et
1686 558 1775 626 qui
1802 559 2050 627 gaudent,

471 665 728 723 tanquam
781 668 882 704 non
915 653 1201 720 gaudentes
1243 668 1261 706 :
1305 662 1354 704 et
1392 652 1482 721 qui
1512 659 1712 711 emunt,
1756 651 1906 720 quasi
1952 665 2054 702 non

469 745 791 814 possidentes
817 762 830 796 :
857 753 904 795 et
933 743 1022 812 qui
1048 753 1270 795 utuntur
1296 744 1392 797 hoc
1419 743 1633 805 munda,
1670 752 1922 810 tanquam
1953 757 2054 793 non

473 844 709 886 utantur.
739 832 985 886 Prteterit
1015 835 1156 887 enim
1185 834 1355 904 ﬁgura
1387 833 1545 901 hujus
1575 833 1773 886 mundi.
1798 832 1927 886 Volo
1952 849 2054 884 au-

473 937 574 978 tem
607 942 694 978 vos
726 925 837 978 sine
863 924 1220 980 sollicitudine
1247 943 1353 979 esse
1372 926 1438 978 ³⁰.
1469 924 1767 993 Propterea
1797 933 1853 977 et
1889 923 2052 993 quin-

473 1019 650 1073 decim
710 1018 1046 1073 didraclnme
1099 1019 1206 1074 erit
1261 1019 1497 1089 pretium
1553 1018 1709 1087 ejus,
1758 1032 1880 1086 qua!
1928 1025 2056 1072 sunt

475 1110 751 1165 drachma:
803 1109 1048 1180 triginta.
1099 1111 1236 1165 Tres
1287 1111 1435 1164 enim
1487 1109 1939 1165 fructificationes
1986 1109 2054 1163 de

476 1207 618 1260 bona
672 1216 816 1261 terra
858 1204 1114 1260 Christus
1161 1203 1449 1274 preposuit
1485 1219 1499 1256 :
1534 1218 1632 1272 per
1676 1201 2051 1257 centenarium

473 1297 827 1367 virginitatis,
858 1306 914 1350 et
959 1311 1070 1348 non
1118 1294 1458 1364 possidendi,
1494 1308 1593 1363 per
1632 1293 2053 1360 sesagenarium

475 1389 854 1450 continentiae,
892 1403 989 1458 per
1030 1387 1389 1441 tricenarium
1427 1385 1563 1440 casti
1603 1385 1841 1453 conjugii
1889 1389 2054 1437 vitam

473 1482 786 1552 designans.
820 1479 874 1534 Si
919 1488 1103 1534 autem
1149 1479 1418 1532 infirmior
1460 1477 1772 1548 hnjusmodi
1803 1485 1908 1540 est,
1941 1475 2055 1530 for-

474 1572 617 1625 sitan
643 1571 790 1626 enim
822 1571 876 1624 in
905 1569 1289 1632 fornicatione,
1322 1569 1406 1623 hic
1431 1570 1521 1637 qui
1553 1568 1675 1622 talis
1700 1577 1802 1633 est,
1831 1567 2052 1632 decidit,

479 1663 623 1716 unde
691 1670 748 1716 et
808 1659 1010 1714 femina
1065 1661 1286 1714 dicitur.
1319 1658 1431 1715 Nec
1464 1660 1542 1713 sic
1573 1659 1920 1728 respuendus
1949 1666 2052 1721 est,

477 1754 572 1809 sed
606 1753 772 1808 habet
814 1753 1051 1822 pretium
1098 1753 1288 1807 decem
1336 1744 1706 1806 didrachmas.
1736 1750 2053 1805 Custodiam

475 1849 624 1903 enim
677 1846 1059 1901 mandatorum
1112 1845 1224 1909 Dei,
1257 1860 1418 1914 quam
1468 1843 1661 1914 viginti
1701 1856 1822 1917 esse
1859 1841 2056 1896 drach-

479 1952 597 1990 mas
652 1947 710 1990 et
758 1936 948 1991 obolos
999 1936 1266 1989 ducentos
1319 1932 1685 1996 ostendimus,
1718 1931 1880 1986 oﬂ‘ert
1923 1931 2053 1996 Deo,

476 2038 534 2083 et
579 2028 633 2082 in
678 2028 781 2082 hoc
831 2027 1307 2082 conversationem
1373 2025 1560 2088 habet,
1602 2039 1701 2095 per
1755 2024 2056 2079 custodiam

479 2119 866 2175 mandatorum
918 2118 1272 2188 justiﬁcatus.
1325 2118 1380 2171 Si
1432 2127 1614 2170 autem
1659 2118 1807 2172 dicas
1854 2134 1868 2172 :
1911 2116 2057 2181 Quo-

480 2211 688 2267 modo?
717 2227 988 2266 annorum
1023 2210 1283 2265 Dominus
1323 2219 1440 2263 erat
1479 2209 1722 2279 triginta,
1754 2209 1883 2261 dum
1913 2205 2061 2259 solus

478 2309 629 2355 esset
655 2300 934 2370 perfectus
969 2315 1093 2354 cum
1135 2315 1237 2353 nos
1280 2298 1331 2352 in
1376 2297 1694 2352 centenario
1721 2312 1952 2350 numero
1976 2295 2061 2349 di-

477 2392 1107 2462 camuspcrfectionem
1164 2408 1326 2455 esse,
1381 2401 1503 2460 post
1565 2390 1712 2444 hunc
1762 2398 1944 2444 autem
2006 2390 2061 2441 in

479 2485 785 2556 sexaginta,
813 2486 978 2538 tertio
1009 2493 1193 2538 autem
1234 2483 1288 2536 in
1331 2481 1584 2553 triginta;
1613 2482 1785 2545 disce,
1815 2481 1943 2550 quia
1971 2495 2062 2533 so-

481 2577 566 2630 lus
603 2576 826 2644 quidem
865 2576 968 2628 fuit
1003 2591 1130 2628 vere
1169 2574 1468 2644 perfectus,
1503 2580 1882 2627 verumtamen
1923 2571 2064 2624 sicut

398 2731 401 2734 _
481 2668 731 2722 omnium
761 2667 973 2730 doctor,
1015 2677 1070 2720 et
1105 2665 1359 2735 primitice
1389 2679 1583 2718 massa:
1617 2663 1784 2717 totius
1813 2662 2061 2727 effectus,

481 2779 549 2816 ex
579 2760 834 2816 omnibus
867 2767 1224 2828 temperatam
1255 2757 1730 2811 conversationem
1766 2755 1981 2824 ﬁgurat,
2011 2761 2066 2806 et

481 2853 740 2924 proponit
779 2869 794 2906 ε
842 2852 956 2906 sive
998 2851 1148 2904 enim
1202 2849 1574 2919 virginitatem
1625 2847 1782 2909 velis,
1833 2845 1950 2916 ipse
1997 2860 2064 2898 ex

482 2943 690 3014 virgine
723 2941 875 3011 virgo
908 2950 1010 3003 est,
1055 2949 1110 2992 et
1150 2937 1513 3009 virginitatem
1547 2935 1733 2989 docuit
1763 2951 1774 2986 :
1809 2932 1925 2986 sive
1963 2947 2066 2984 nu-

481 3036 643 3106 ptias,
679 3045 736 3089 et
773 3034 981 3088 nubere
1030 3031 1309 3102 praecepit,
1340 3039 1396 3084 et
1436 3028 1710 3082 nubentes
1747 3023 2062 3079 benedixit:

483 3130 598 3183 sive
650 3125 1064 3191 abstinentiam,
1113 3124 1278 3178 etiam
1316 3123 1458 3176 hanc
1483 3119 1706 3174 docuit:
1735 3116 1987 3172 similiter
2012 3123 2068 3168 et

485 3221 612 3275 tldei
648 3235 869 3284 cursus,
902 3217 1020 3271 sive
1055 3214 1428 3285 perfecturum
1460 3209 1792 3281 simplicium
1827 3217 1933 3262 est.

557 3357 696 3423 Quia
745 3371 875 3425 ergo
929 3355 985 3408 in
1034 3351 1291 3424 praesenti
1346 3349 1690 3406 differentias
1736 3345 1957 3408 innuit,
2013 3355 2069 3398 et

483 3448 890 3519 quodammodo
921 3447 1088 3500 vitam
1130 3443 1502 3518 distinguebat
1541 3439 1848 3502 hominum,
1880 3447 1936 3491 et
1964 3437 2068 3490 bu-

483 3543 576 3611 jus
607 3539 826 3610 quidem
873 3554 997 3610 esse
1036 3536 1270 3607 pretium
1301 3533 1694 3604 quinquaginta
1728 3529 2070 3585 didrachmas

483 3633 580 3694 ait,
631 3631 794 3700 hujus
849 3628 1102 3700 triginta,
1155 3627 1318 3696 hujus
1368 3624 1591 3694 viginti,
1643 3621 1808 3692 hujus
1857 3621 2067 3682 decem,

484 3721 654 3789 hujus
687 3721 950 3789 quinque,
980 3718 1143 3786 hujus
1182 3725 1315 3780 tres,
1344 3715 1510 3785 hujus
1541 3711 1878 3783 quindecim,
1915 3708 2069 3763 colli-

488 3820 687 3882 gentur
725 3811 842 3864 haec
883 3825 1100 3878 parum,
1132 3807 1275 3876 quod
1315 3805 1384 3858 de
1422 3812 1645 3859 centum
1685 3799 2070 3872 quinquaginta

491 3901 672 3954 minus
717 3900 993 3964 habentia,
1019 3901 1134 3953 hzec
1181 3907 1362 3951 autem
1402 3897 1456 3949 in
1504 3895 1746 3965 quinque
1784 3891 1954 3945 divisa
1989 3889 2072 3942 fa-

489 3992 647 4047 ciunt
685 4007 857 4063 prope
897 3990 1248 4052 tricenarium
1294 4003 1604 4043 numerum.
1643 3985 1774 4038 Vide
1814 3981 2073 4052 quemad-

493 4084 711 4138 mOdum
767 4099 870 4137 nec
920 4082 1199 4152 legislator
1245 4079 1515 4150 ignoravit
1560 4082 2070 4146 temperamentum,

491 4175 634 4244 quod
664 4175 916 4230 Christus
952 4175 1007 4228 in
1035 4184 1222 4228 nostra
1254 4173 1363 4226 vita
1393 4179 1448 4225 et
1477 4169 1894 4225 conversatione
1923 4165 2071 4231 fecit,

495 4283 597 4322 nec
629 4266 969 4334 Evangelista
1001 4280 1294 4319 numerum
1340 4271 1830 4333 temperamentum
1870 4259 2077 4312 haben-

2154 465 2516 526 a’stimaverit,
2565 473 2612 516 et
2663 463 2849 516 viderit
2895 478 3012 515 eum
3062 477 3210 530 posse
3253 462 3484 523 reddere,
3529 469 3760 512 tantum

2154 559 2322 612 dabit.
2369 557 2524 611 Nunc
2564 557 2696 620 dicit
2732 557 2799 610 de
2842 571 2909 616 eo
2967 555 3057 624 qui
3105 554 3335 607 multum
3379 552 3649 622 peccavit,
3695 565 3760 607 et

2157 659 2442 720 propterea
2488 650 2680 719 Aquila
2724 664 2822 719 pro
2859 663 3121 718 paupere,
3159 647 3202 699 si
3245 647 3501 709 excessit,
3539 646 3754 700 edidit.

2156 741 2255 796 llic
2279 757 2408 812 ergo
2432 741 2474 794 si
2499 740 2682 794 oﬂerri
2717 739 2826 793 Deo
2854 739 2984 800 vult,
3019 751 3200 790 coram
3232 735 3516 790 Sacerdote
3543 735 3756 797 stabit,

2159 843 2217 887 ut
2247 842 2510 902 quantum
2549 831 2744 886 viderit
2782 845 2909 884 eum
2942 843 3123 898 posse,
3164 828 3399 882 aestimet
3435 843 3561 880 eum
3608 827 3745 880 red-

2155 925 2288 980 dere
2323 943 2335 978 :
2372 926 2613 993 regulam
2659 924 2709 977 ci
2751 922 2878 976 vita:
2923 921 3232 989 imponens.
3259 933 3380 986 quae
3420 925 3504 972 cst
3533 933 3754 972 secun-

2155 1017 2285 1071 dum
2315 1015 2594 1078 virtutem,
2628 1026 3048 1079 mensuramque
3075 1008 3438 1079 philosophize
3465 1009 3755 1069 indicens,

2154 1122 2317 1176 quam
2348 1121 2474 1160 eum
2511 1103 2825 1175 probaverit
2867 1115 3028 1171 posse
3070 1108 3310 1168 portare.
3345 1097 3508 1152 Verbi
3540 1099 3753 1168 gratia,

2157 1143 2317 1176 ψη...
2348 1143 2474 1160 νυ...
2512 1143 2825 1175 puum”...
2868 1143 3028 1171 ,ιν-..ν
3070 1143 3310 1168 μην.--
3365 1143 3508 1152 η.-.
3540 1143 3753 1168 ο----.,,

2157 1199 2201 1252 si
2233 1196 2476 1266 locuples
2504 1202 2611 1259 est,
2636 1204 2696 1247 ut
2724 1192 3016 1247 distribuat
3040 1189 3332 1258 pecunias;
3361 1189 3406 1241 si
3438 1203 3605 1242 sanus
3627 1200 3754 1255 est,
4027 1143 4036 1286 λ

2159 1298 2217 1342 ut
2241 1287 2488 1357 jejuniis,
2520 1293 2574 1338 et
2607 1282 2966 1342 orationibus,
2999 1280 3229 1348 aliisque
3265 1278 3546 1332 laboribus
3576 1277 3758 1331 bonis

2157 1389 2354 1446 vacet;
2401 1379 2448 1433 si
2490 1385 2672 1432 autem
2699 1385 2753 1430 et
2777 1373 3020 1444 locuples
3053 1380 3140 1426 est
3171 1381 3228 1425 et
3261 1386 3450 1431 sanus.
3477 1385 3753 1440 quascun-

2157 1488 2266 1542 que
2299 1469 2505 1524 divitia:
2553 1476 2608 1522 et
2644 1466 2792 1521 salus
2825 1465 2873 1519 ei
2915 1469 3232 1533 suggerunt,
3265 1476 3431 1530 agere
3464 1460 3692 1528 jubetur
3730 1477 3747 1514 :

2159 1565 2204 1618 si
2243 1573 2425 1618 autem
2473 1570 2756 1623 neutrum,
2815 1557 2870 1610 in
2911 1554 3159 1610 oratione
3197 1552 3371 1606 ﬂere:
3409 1561 3470 1605 ut
3501 1551 3752 1607 breviter

2158 1657 2425 1716 dicamus,
2464 1653 2829 1723 quodcunque
2864 1663 2990 1702 eum
3026 1645 3222 1699 viderit
3256 1659 3354 1714 per
3395 1659 3612 1714 corpus,
3642 1654 3750 1698 aut

2161 1765 2256 1817 per
2301 1746 2686 1808 substantiam,
2729 1751 2823 1795 aut
2854 1755 2950 1810 per
2993 1737 3154 1793 aliam
3207 1735 3602 1799 valetudinem,
3642 1745 3748 1789 aut

4023 2513 4036 2568 1

2161 1841 2472 1894 facultatem
2505 1851 2664 1907 posse
2694 1847 2976 1904 peragere.

2231 1973 2395 2028 Vens.
2444 1973 2498 2036 9,
2547 1971 2631 2024 lt).
2686 1988 2703 2020 ι
2742 1965 2957 2020 Animal
3017 1972 3204 2016 autem
3262 1961 3408 2031 quod
3473 1958 3747 2013 immolari

2161 2074 2339 2135 potest
2387 2061 2638 2124 Domino,
2676 2058 2722 2112 si
2762 2057 2887 2128 quis
2941 2055 3170 2116 voverit,
3216 2061 3461 2106 sanctum
3507 2048 3625 2111 erit,
3675 2060 3746 2101 et

2162 2155 2358 2212 Inutari
2407 2170 2514 2208 non
2562 2141 2763 2223 potest,
2806 2149 2858 2203 id
2907 2157 2991 2202 est
3036 2161 3138 2200 nec
3189 2144 3382 2198 melius
3418 2141 3572 2203 malo,
3620 2152 3745 2192 nec

2162 2247 2317 2317 pejus
2343 2245 2506 2299 bono.
2535 2242 2690 2308 Quod
2721 2240 2764 2293 si
2803 2237 3113 2298 mutaverit,
3144 2243 3199 2288 et
3228 2235 3406 2302 ipsum
3437 2229 3576 2299 quod
3608 2244 3747 2282 mu-

2165 2345 2333 2390 tatum
2368 2341 2471 2392 est.
2496 2342 2551 2386 et
2579 2330 2707 2383 illud
2739 2344 2837 2398 pro
2866 2342 2974 2397 quo
3009 2333 3278 2378 mutatum
3317 2329 3424 2382 est,
3451 2333 3749 2374 consecra-

2167 2438 2279 2482 tum
2311 2426 2416 2480 erit
2447 2423 2697 2478 Domino.
2733 2441 2751 2472 ›

2233 2563 2370 2629 Quia
2403 2561 2550 2632 ipsas
2578 2575 2699 2630 qua:
2729 2573 2792 2612 ex
2824 2553 3233 2624 nobismetipsis
3261 2551 3565 2606 offeruntur
3591 2549 3747 2604 obla-

2168 2654 2344 2709 tiones
2388 2650 2650 2721 quosdam
2701 2649 2904 2703 habere
2945 2646 3142 2716 gradus
3197 2654 3252 2698 et
3291 2641 3633 2698 differentias
3668 2641 3749 2695 le-

2167 2747 2388 2817 gislator
2424 2743 2679 2812 exposuit
2711 2759 2723 2794 :
2765 2755 2893 2794 ecce
2926 2738 3074 2794 enim
3111 2751 3324 2797 eorum,
3359 2734 3452 2803 qui
3500 2733 3747 2802 quolibet

2167 2840 2329 2894 modo
2368 2838 2448 2891 sic
2489 2835 2648 2890 nobis
2684 2833 3074 2902 subjiciuntur,
3102 2839 3164 2883 ut
3204 2829 3370 2882 etiam
3405 2841 3600 2896 pecora
3637 2840 3746 2878 nu-

2167 2939 2278 2986 stra
2312 2928 2688 2987 nominentur,
2729 2931 2949 2992 propter
2987 2921 3090 2974 hoc
3121 2916 3267 2988 quod
3307 2915 3475 2970 nimis
3507 2913 3747 2982 subjecti

2168 3031 2318 3085 sunt,
2359 3027 2454 3073 aut
2495 3017 2622 3088 quia
2674 3031 2781 3070 non
2827 3015 2908 3067 eis
2948 3013 3014 3066 ad
3055 3019 3304 3065 nostrum
3350 3007 3746 3068 ministerium,

2169 3111 2626 3183 quemadmodum
2670 3106 2962 3178 pecoribus
3016 3102 3240 3168 utimur,
3289 3101 3510 3170 quando
3555 3108 3747 3153 sancta

2168 3207 2240 3261 sit
2266 3205 2488 3268 oblatio,
2510 3218 2607 3271 per
2631 3201 2766 3264 haec,
2783 3214 2905 3268 qua:
2930 3196 3075 3251 dicta
3101 3203 3251 3256 sunt,
3276 3192 3518 3262 exponit.
3544 3189 3750 3244 Praeci-

2169 3299 2248 3369 pit
2285 3304 2490 3356 autem,
2518 3303 2578 3348 ut
2615 3307 2724 3346 non
2765 3305 2864 3344 nos
2901 3285 3158 3358 poeniteat
3181 3284 3250 3338 de
3289 3283 3377 3337 bis
3411 3299 3530 3350 qua:
3567 3280 3752 3334 offeri-

2169 3408 2292 3448 mus
2319 3390 2452 3445 Deo.
2487 3387 2623 3458 Ergo
2658 3386 2700 3439 si
2732 3383 2949 3455 quidem
2985 3381 3053 3436 de
3089 3379 3176 3434 his
3206 3377 3565 3432 obtulerimus
3589 3388 3756 3443 peco-

2171 3485 2342 3547 ribus,
2375 3497 2495 3551 qua:
2541 3493 2659 3533 mos
2701 3486 2784 3531 est
2819 3473 2929 3529 Deo
2951 3471 3162 3530 offerri.
3203 3485 3322 3524 mos
3354 3476 3535 3521 autem
3571 3474 3656 3518 est
3690 3473 3755 3516 ut

2171 3577 2222 3630 ei
2270 3573 2611 3629 immaculata
2659 3578 2714 3624 et
2756 3565 2958 3621 munda
2999 3562 3299 3617 ollerantur
3334 3576 3348 3612 :
3389 3568 3592 3609 munus
3642 3568 3754 3605 no-

2172 3679 2346 3724 strum
2381 3665 2524 3720 illico
2557 3659 2950 3720 sanctificatur,
2982 3655 3146 3709 etiam
3178 3667 3287 3705 non
3317 3656 3403 3702 est
3432 3647 3513 3700 fas
3561 3654 3621 3697 ut
3648 3658 3756 3696 nos

2171 3761 2240 3816 de
2266 3775 2334 3814 eo
2353 3757 2640 3827 paaniteat,
2673 3750 2839 3806 veluti
2876 3749 2923 3803 si
2954 3746 3144 3809 filium,
3176 3737 3628 3807 veldiscipulum,
3666 3735 3758 3787 vel

2173 3823 2412 3912 servum,
2445 3854 2540 3898 aut
2579 3843 2742 3896 alium
2782 3838 2874 3908 qui
2917 3836 3019 3890 sub
3057 3847 3222 3888 manu
3271 3837 3455 3883 nostra
3499 3833 3604 3883 est.
3640 3823 3756 3876 Deo

2173 3937 2552 3993 obtulerimus.
2592 3933 2776 4000 Neque
2805 3937 3017 3984 mutare
3048 3924 3251 3979 malum
3291 3921 3356 3974 ad
3395 3919 3612 3979 melius,
3657 3928 3756 3968 aut

2174 4027 2379 4082 bonum
2426 4023 2494 4076 ad
2535 4021 2758 4074 nudum.
2813 4015 3011 4070 Malum
3063 4019 3244 4066 autem
3301 4007 3387 4060 hic
3431 4005 3590 4066 dicit,
3641 4018 3758 4056 non

2173 4119 2318 4190 quod
2349 4130 2576 4188 pravum
2605 4111 2782 4166 modis
2810 4107 3066 4163 omnibus
3097 4110 3151 4158 et
3181 4097 3556 4160 immundum;
3584 4096 3626 4148 si
3652 4110 3760 4146 au-

2177 4301 2360 4357 ofl'erri
2386 4301 2515 4363 Deo,
2537 4310 2658 4351 esse
2678 4301 2859 4348 autem
2880 4291 2948 4344 de
2973 4287 3058 4342 his
3095 4300 3218 4353 quze
3239 4277 3502 4336 immolari
3524 4284 3759 4346 possunt

496 4371 618 4455 mi".
654 4359 941 4429 ignoravn'
994 4359 1225 4455 PN)me
1267 4356 1416 4455 “"09
1467 4370 1611 4455 eu.m.
1637 4368 1744 4455 “0i!
1789 4353 2072 4455 Nummi}?
2108 4393 2152 4448 D
2183 4353 2436 4455 immitto,
2469 4353 2612 4442 hanc
2639 4383 2968 4440 oblationem
3006 4375 3282 4446 legislator
3313 4370 3468 4425 dixit.
3497 4366 3606 4419 Sed
3638 4380 3754 4416 ma-

497 4448 719 4519 triginta
768 4464 1036 4503 annorum
1090 4448 1305 4502 venisse
1354 4448 1429 4500 ait
1479 4445 1545 4499 ad
1599 4445 1956 4512 baptismum,
1997 4445 2074 4494 ait

497 4542 642 4594 enim
679 4558 694 4594 :
732 4542 797 4596 Et
833 4543 941 4612 ipse
976 4541 1126 4595 Iesus
1170 4550 1282 4594 erat
1336 4539 1587 4608 incipiens
1629 4535 1780 4606 quasi
1815 4549 2074 4586 annorum

503 4633 717 4702 triginta
748 4634 811 4684 ".
839 4632 904 4686 Et
925 4647 1022 4685 cur
1051 4631 1190 4686 hoc?
1219 4629 1344 4697 quia
1369 4640 1423 4682 ct
1449 4628 1542 4698 qui
1569 4627 1732 4680 nimis
1753 4623 2072 4695 perfectam,

501 4735 551 4777 et
590 4724 680 4792 qui
724 4722 1073 4779 mediocriter
1104 4720 1401 4791 perfectam
1434 4739 1446 4773 :
1477 4729 1528 4774 et
1564 4720 1653 4788 qui
1691 4719 1958 4771 minorem
1994 4716 2077 4770 vi-

505 4828 610 4870 tam
644 4816 848 4880 studet,
871 4830 980 4868 non
1006 4813 1246 4884 perfecte
1270 4811 1420 4866 venit
1445 4811 1509 4864 ad
1538 4825 1870 4869 mensuram.
1898 4810 2078 4863 minus

500 4911 648 4963 enim
675 4910 841 4964 habet
866 4907 1206 4973 omnimodo,
1223 4905 1350 4976 quia
1375 4903 1468 4959 Dei
1493 4905 1664 4958 solius
1686 4913 1769 4957 est
1793 4902 2078 4972 perfectio,

505 5000 604 5056 sed
635 5001 817 5054 minus
843 4999 1008 5054 habet
1037 5006 1248 5052 tantum
1276 4997 1331 5050 in
1359 5004 1620 5064 quantum
1651 4995 1861 5048 veniam
1895 4993 1948 5046 in
1981 4992 2081 5046 hoc

501 5093 648 5163 quod
673 5092 854 5146 minus
880 5099 964 5144 est
990 5089 1082 5144 dat
1108 5106 1121 5143 :
1151 5088 1295 5142 unde
1326 5088 1391 5141 ad
1422 5096 1638 5141 centum
1667 5084 2080 5156 quinquaginta.

503 5195 712 5254 septem
761 5183 946 5239 minus
982 5190 1108 5236 sunt
1137 5199 1150 5235 :
1180 5181 1240 5234 in
1280 5188 1498 5234 centum
1538 5177 1683 5231 enim
1726 5177 2081 5248 quadraginta

504 5283 616 5330 tres
638 5275 928 5346 praedictus
953 5287 1218 5328 numerus
1246 5270 1520 5341 colligitur
1547 5287 1558 5320 :
1589 5284 1683 5338 per
1710 5267 2078 5337 septenarium

502 5381 687 5426 autem
717 5385 1029 5436 numerum,
1056 5366 1346 5422 manifeste
1376 5365 1530 5420 venia
1563 5363 1920 5434 significatur.

575 5504 636 5560 Si
679 5515 858 5563 autem
899 5519 1098 5573 pauper
1138 5503 1317 5574 fuerit,
1349 5511 1395 5555 et
1428 5498 1828 5552 restimutionem
1874 5496 2083 5548 reddere

583 5679 628 5712 ‘°
654 5679 676 5734 l
697 5680 824 5734 Cor.
847 5695 946 5744 vn,
969 5679 1156 5733 28-32.

2181 4491 2291 4544 lum
2326 4485 2415 4540 hic
2439 4481 2590 4545 dicit,
2613 4477 2756 4548 quod
2782 4483 2865 4530 est
2896 4470 3156 4530 deterius,
3188 4467 3268 4521 sic
3287 4465 3432 4519 enim
3467 4459 3759 4516 manifeste

2183 4589 2238 4635 et
2267 4575 2624 4649 Symmachus
2659 4568 2895 4624 tradidit.
2927 4563 3044 4617 Non
3088 4559 3263 4615 reddit
3293 4555 3490 4610 melius
3520 4567 3622 4621 pro
3657 4551 3758 4649 de-

2183 4642 2396 4734 teridri,
2435 4676 2529 4721 aut
2563 4664 2810 4720 deterius
2853 4673 2952 4728 pro
2996 4651 3230 4713 meliori,
3262 4658 3322 4702 ut
3356 4661 3466 4702 non
3510 4645 3662 4698 hunc
3694 4642 3755 4696 ﬁ-

2184 4764 2340 4826 lium,
2384 4733 2482 4812 aut
2556 4767 2775 4808 servum
2824 4749 3120 4804 offerentes
3165 4736 3380 4794 Domini
3428 4733 3659 4790 servitio
3707 4743 3762 4784 et

2187 4850 2514 4913 ministerio,
2551 4846 2793 4916 recipere
2834 4856 2960 4896 eum
3013 4839 3065 4890 in
3107 4841 3353 4889 nostrum
3393 4827 3763 4884 ministerium

2185 4957 2241 5002 et
2289 4945 2554 5000 utilitates
2597 4938 2846 5000 velimus,
2889 4931 3271 5003 promittentes
3323 4921 3526 4978 offerre
3578 4917 3764 4972 melio-

2187 5054 2300 5095 rem
2345 5036 2608 5094 forsitan,
2650 5029 2732 5084 vel
2781 5024 3128 5082 deteriorem.
3181 5018 3366 5086 Neque
3410 5012 3559 5068 enim
3615 5010 3760 5074 licet,

2187 5141 2410 5204 propter
2442 5125 2588 5198 quod
2623 5132 2680 5178 et
2709 5124 2863 5176 Anna
2899 5119 2966 5172 de
2997 5111 3249 5167 Samuele
3293 5107 3510 5163 dicebat
3540 5117 3557 5156 :
3594 5102 3653 5158 Si
3687 5119 3768 5155 re-

2185 5198 2408 5296 spiciens
2457 5217 2742 5290 respexeris
2787 5213 2856 5267 ad
2900 5208 3256 5264 humilitatem
3297 5198 3506 5254 ancillis
3549 5209 3680 5255 tuae,
3718 5201 3770 5248 et

2188 5287 2487 5371 memineris
2520 5287 2643 5375 mei,
2678 5317 2727 5362 et
2759 5305 2964 5360 dederis
3001 5298 3209 5354 ancilla:
3238 5305 3342 5348 tua:
3377 5305 3553 5345 semen
3593 5287 3767 5350 virile,

2194 5415 2238 5457 et
2266 5402 2404 5456 dabo
2434 5417 2554 5454 eum
2584 5399 2638 5452 in
2668 5401 2941 5464 conspectu
2977 5401 3065 5442 tuo
3098 5387 3286 5439 datum
3323 5393 3486 5451 usque
3518 5378 3592 5430 ad
3629 5376 3768 5431 diem

2191 5493 2372 5547 mortis
2402 5490 2515 5545 ετ
2544 5490 2612 5521 δ’·

2177 4187 2284 4266 tem
2317 4187 2658 4262 immundum
2693 4213 2796 4262 est,
2836 4214 2945 4253 non
2983 4194 3163 4250 estde
3201 4191 3306 4245 illis
3343 4203 3463 4258 qua:
3511 4200 3634 4239 mos
3671 4195 3760 4238 est

2177 4301 2360 4357 offerri
2386 4301 2515 4363 Deo,
2537 4310 2658 4351 esse
2678 4301 2859 4348 autem
2880 4291 2948 4344 de
2973 4287 3058 4342 his
3095 4300 3218 4353 quze
3239 4277 3502 4336 immolari
3524 4284 3759 4346 possunt

2183 4393 2436 4455 Domino,
2469 4389 2612 4442 hanc
2639 4383 2968 4440 oblationem
3006 4375 3282 4446 legislator
3313 4370 3468 4425 dixit.
3497 4366 3606 4419 Sed
3638 4380 3754 4416 ma-

2181 4491 2291 4544 lum
2326 4485 2415 4540 hic
2439 4481 2590 4545 dicit,
2613 4477 2756 4548 quod
2782 4483 2865 4530 est
2896 4470 3156 4530 deterius,
3188 4467 3268 4521 sic
3287 4465 3432 4519 enim
3467 4459 3759 4516 manifeste

1237 5679 1275 5709 ³¹
1309 5681 1441 5730 Luc.
1475 5692 1557 5741 ut,
1593 5677 1683 5732 25.
1753 5673 1794 5705 ³³
1829 5672 1846 5723 ι
1879 5670 2011 5740 Reg.
2045 5686 2083 5738 ι,
2113 5671 2198 5726 Η.
