4036 6200
336 278 452 343 Ϊ165

1452 265 1535 326 ΙΝ
1576 255 2017 324 LEVITICUM.
2041 280 2111 292 -·
2148 255 2298 315 LIB.
2334 251 2469 313 Vll.

3440 243 3573 309 llCG

382 389 533 456 Quod
576 389 622 444 si
668 388 970 452 mutaverit,
1025 395 1072 439 ct
1122 385 1294 453 ipsum
1338 382 1477 444 quod
1527 386 1810 435 mutatum,
1845 381 1894 425 et
1926 377 1969 431 Λ
1997 383 2128 423 vere
2160 369 2305 421 hunc
2333 380 2473 436 opus
2515 364 2697 425 habet,
2730 372 2783 417 et
2815 361 2994 416 facere
3026 359 3456 456 intelligentema
3482 359 3575 413 Sic

314 480 446 534 illud
476 494 570 548 pro
599 494 701 548 quo
728 484 989 530 mutatum
1019 484 1116 539 est,
1139 481 1500 527 consecratum
1520 467 1622 521 erit
1649 463 1891 520 Domino.

1998 461 2144 516 enim
2173 460 2527 529 semetipsum
2551 456 2873 528 gubernare,
2906 462 3086 507 etnon
3112 465 3337 507 necesse
3372 451 3572 505 habere

319 568 392 623 lit
426 547 646 631 ethunc
684 584 846 637 quem
870 575 1030 635 antea
1082 552 1399 625 obtulimus,
1440 569 1498 615 et
1553 574 1677 614 cum
1733 570 1896 626 quem
1999 552 2225 608 alterius
2256 550 2547 621 paedagoga
2578 547 2799 617 poterit.

317 668 528 730 postea.
543 675 667 714 cum
686 660 859 729 prima
883 658 1160 714 oblatione
1180 649 1609 717 sanctificemus,
1638 659 1695 705 et
1717 658 1897 704 utros-

317 767 424 824 que
460 754 570 807 Deo
597 751 983 807 concedamus.
1009 749 1124 805 Hoc
1152 748 1300 803 enim
1334 762 1445 801 non
1476 760 1579 800 nos
1607 742 1895 814 permittit,

319 841 378 896 in
432 840 519 896 his
563 854 685 909 qua:
740 839 1067 901 offerimus,
1121 837 1499 907 paenitentiam
1552 846 1715 903 agere
1752 848 1764 883 :
1801 828 1899 883 sed

318 932 565 1006 percutit
602 931 926 987 inimicum:
956 930 1049 1000 qui
1098 929 1258 983 nobis
1298 927 1569 998 ptenitere
1610 921 1897 995 suggessit,

322 1026 454 1081 dum
510 1024 765 1080 videlicet
820 1022 1162 1092 duplicamus
1207 1029 1450 1075 nostram
1509 1016 1839 1076 oblationem
1885 1033 1899 1069 :

323 1132 486 1188 quam
520 1117 610 1171 ille
638 1131 737 1186 per
765 1114 1142 1185 pmnitentiam
1178 1112 1509 1182 intercipere
1541 1109 1733 1165 voluit.

396 1206 562 1263 Vsus.
592 1207 769 1262 ll-l5.
806 1226 825 1257 ‹
856 1205 1070 1260 Animal
1100 1204 1443 1259 immundum
1462 1203 1609 1273 quod
1633 1199 1904 1256 immolari

328 1299 561 1355 Domino
590 1313 700 1352 non
728 1305 906 1368 potest
945 1297 988 1352 si
1028 1297 1154 1366 quis
1193 1297 1425 1356 voverit.
1452 1295 1752 1349 adducatur
1779 1302 1906 1348 ante

326 1390 689 1445 sacerdotem.
734 1389 838 1456 Qui
881 1388 1190 1459 dijudicans
1235 1403 1305 1442 an
1340 1388 1578 1451 bonum,
1606 1402 1673 1441 an
1704 1386 1906 1440 malum

327 1482 422 1544 sit,
444 1489 651 1537 statuet
693 1481 932 1550 pretium
966 1498 979 1534 :
1012 1480 1159 1550 quod
1207 1480 1251 1534 si
1290 1480 1426 1535 dare
1464 1478 1698 1533 voluerit
1738 1478 1786 1533 is
1813 1476 1906 1546 qui

325 1572 526 1634 offert.
579 1572 745 1627 addet
789 1586 954 1642 supra
1005 1571 1428 1627 aestimationem
1477 1570 1724 1640 quintam
1781 1584 1909 1639 par-

329 1671 461 1718 tem.
508 1682 530 1715 ι

2077 644 2238 698 Vens.
2279 642 2462 696 Illi-l9.
2502 660 2521 690 ι
2548 641 2724 693 Ilomo
2750 638 2795 691 si
2821 638 3032 692 voverit
3055 638 3275 692 domum
3320 652 3496 702 suam,
3521 645 3579 690 et

2002 733 2428 791 sanctiﬁcaverit
2460 731 2714 795 Domino,
2750 730 3123 785 considerabit
3156 745 3276 784 eam
3302 731 3580 795 sacerdos,

2005 837 2187 881 utrum
2228 826 2373 881 bona
2409 839 2478 877 an
2506 823 2648 877 mala
2670 822 2762 887 sit,
2793 830 2850 876 et
2869 821 3023 891 juxta
3046 822 3305 891 pretium,
3338 823 3485 892 quod
3515 823 3584 878 ab

2004 931 2073 974 eo
2113 916 2283 971 fuerit
2320 915 2700 980 constitutum,
2761 915 3129 969 venundetur.
3157 916 3216 970 Si
3265 927 3449 971 autem
3496 916 3587 971 illo

2000 1007 2095 1079 qui
2128 1006 2358 1070 voverit,
2399 1006 2633 1061 voluerit
2692 1006 2961 1061 redimere
2987 1021 3131 1071 eam,
3160 1007 3312 1062 dabit
3339 1008 3588 1077 quintam

2006 1106 2217 1170 partem
2237 1098 2618 1154 aestimationis
2636 1113 2823 1167 supra,
2846 1106 2902 1152 et
2919 1097 3143 1154 habebit
3162 1099 3407 1153 domum.
3431 1099 3590 1165 Quod

2008 1191 2054 1247 si
2084 1207 2278 1263 agrum
2306 1190 2675 1261 possessionis
2697 1206 2811 1245 suae
2841 1192 3072 1252 voverit,
3102 1199 3159 1246 et
3189 1193 3591 1271 consecraverit

2008 1284 2267 1347 Domino.
2335 1285 2491 1354 juxta
2531 1299 2846 1339 mensuram
2924 1284 3188 1339 sementis
3234 1286 3593 1339 mstimabitur

2010 1376 2269 1447 pretium.
2302 1376 2360 1430 Si
2407 1377 2627 1448 triginta
2680 1376 2878 1431 modiis
2928 1376 3119 1432 hordei
3172 1379 3374 1433 seritur
3425 1389 3590 1439 terra.

2009 1468 2403 1540 quinquaginta
2440 1468 2590 1523 siclis
2619 1468 2876 1522 venietur
2915 1468 3144 1538 argenti.
3194 1469 3252 1522 Si
3300 1469 3483 1523 statim
3524 1471 3593 1523 ah

2010 1575 2160 1615 anno
2179 1559 2491 1629 incipientis
2505 1556 2717 1613 Jubiltei
2739 1558 3391 1628 voveritagrnm,quanto
3413 1562 3593 1615 valere

2013 1658 2216 1718 potest.
2238 1656 2392 1703 tanto
2413 1647 2808 1712 aestimabitur;
2839 1646 2886 1700 si
2910 1657 3095 1702 autem
3119 1649 3594 1717 postaliquantum

400 1755 766 1827 ιηηυίιεηάαε
804 1763 889 1809 ρει
930 1754 1176 1817 ιυάεριιε,
1215 1754 1491 1823 ηυοωοάο
1538 1754 1644 1807 hoc
1685 1752 1912 1807 manda-
1944 1744 1988 1800 Β
2019 1740 2301 1809 temporis,
2336 1738 2656 1809 snppntabit
2696 1738 2954 1794 sacerdos
2982 1741 3274 1808 pecuniam
3302 1740 3461 1809 juxta
3494 1757 3594 1794 an-

329 1856 445 1903 tum
490 1857 639 1903 stare
674 1848 830 1918 juxta
879 1848 1117 1902 litteram
1169 1845 1388 1916 potest?
1424 1845 1483 1901 Si
1528 1846 1676 1900 enim
1722 1844 1911 1900 oll‘erri

327 1955 441 1995 non
475 1940 625 2007 licet,
664 1955 769 1995 nec
802 1940 1047 1995 nondum
1092 1938 1200 1993 erit
1237 1937 1595 2007 acceptabile,
1639 1937 1915 2006 quomodo

333 2041 626 2102 utrumque
666 2031 964 2102 legislator.
1006 2039 1262 2099 tanquam
1307 2029 1411 2083 sibi
1457 2043 1791 2100 repugnans,
1832 2038 1916 2082 at-

332 2139 442 2194 que
505 2123 767 2179 resistens
830 2123 1090 2192 scripsit?
1143 2121 1251 2177 Sed
1318 2121 1525 2191 aliquid
1589 2120 1917 2191 evangelicae

334 2216 643 2289 proximum
675 2215 911 2287 largitati
949 2215 1126 2269 modis
1161 2214 1421 2268 omnibus
1456 2212 1657 2278 innuit,
1696 2221 1755 2267 et
1788 2227 1918 2268 con-

336 2308 703 2373 descensioni,
744 2324 907 2377 quam
953 2308 1123 2375 gratia
1171 2306 1346 2361 novit.
1386 2304 1477 2359 Sic
1523 2319 1654 2376 ergo
1694 2320 1757 2358 ea
1797 2319 1919 2375 qua

336 2399 482 2455 dicta
510 2408 662 2464 sunt,
694 2398 1082 2467 intelligamus,
1118 2412 1229 2451 non
1267 2396 1466 2451 licebat
1493 2395 1607 2450 Deo
1635 2394 1823 2450 oll‘erri
1852 2396 1920 2450 de

339 2488 653 2560 pecoribus,
681 2504 801 2557 qua:
830 2503 938 2541 non
968 2486 1132 2541 simul
1160 2493 1218 2541 et
1248 2485 1508 2556 ungulam
1541 2484 1838 2550 (indebant,
1866 2491 1921 2538 et

339 2581 713 2638 rnminabant.
742 2578 869 2635 llaec
893 2578 1039 2634 enim
1064 2578 1147 2633 lex
1170 2577 1410 2634 habebat
1438 2578 1737 2643 immunda,
1765 2579 1922 2649 cujus

339 2681 522 2728 autem
562 2679 680 2726 erat
716 2672 966 2741 aenigma,
1015 2670 1067 2725 id
1114 2678 1199 2725 est
1239 2670 1496 2741 ungulam
1540 2686 1651 2724 non
1691 2670 1918 2738 ﬁndere,

339 2780 451 2820 non
476 2764 815 2834 distinguere
844 2763 976 2833 legis
1006 2762 1264 2828 litteram,
1295 2772 1351 2817 et
1378 2763 1633 2833 spiritum
1659 2763 1918 2818 scientis:

339 2870 451 2910 non
488 2864 671 2911 autem
704 2853 982 2909 ruminare
1012 2854 1152 2923 ejus,
1180 2854 1273 2924 qui
1304 2869 1415 2909 non
1456 2853 1717 2909 continue
1746 2854 1920 2909 medi-

340 2945 566 3000 tationis
591 2943 725 3016 legis
744 2944 982 2999 habebat
999 2944 1263 3008 studium,
1289 2953 1347 2999 et
1383 2944 1476 3014 qui
1509 2945 1691 3016 lingua
1721 2946 1919 3012 solum,

338 3053 451 3092 non
504 3037 668 3092 etiam
716 3036 882 3092 corde
932 3051 1052 3091 eam
1099 3036 1166 3091 ad
1215 3038 1627 3093 meditationem
1678 3047 1918 3093 revocat.

340 3130 396 3184 Si
423 3143 555 3200 ergo
581 3128 779 3198 aliquis
812 3127 982 3182 lilium
1029 3127 1212 3193 talem,
1249 3128 1333 3182 vel
1371 3143 1615 3195 servum,
1645 3129 1732 3184 vel
1762 3129 1925 3184 disci-

341 3223 529 3293 pulum
560 3222 671 3277 Deo
699 3219 919 3284 oderat,
951 3220 1047 3290 qui
1082 3221 1150 3276 ad
1180 3221 1520 3277 meditandas
1552 3236 1738 3277 sacras
1776 3221 1925 3278 Seri-

340 3325 553 3385 pturas,
586 3322 683 3370 aut
714 3314 783 3368 ad
814 3313 1141 3367 divisionem
1173 3312 1672 3383 contemplationis,
1708 3329 1819 3368 non
1860 3329 1925 3369 ex

342 3404 571 3468 malitia,
613 3404 709 3459 sed
746 3419 814 3458 ex
849 3402 1167 3458 inﬁrmitate
1207 3403 1389 3458 minor
1419 3405 1513 3470 sit,
1546 3403 1776 3459 necdum
1806 3407 1928 3475 qui-

342 3494 470 3548 dem
508 3501 593 3548 est
633 3502 794 3547 votus
838 3494 972 3555 Deo,
998 3507 1177 3562 neque
1217 3495 1366 3549 enim
1406 3495 1562 3564 quasi
1596 3495 1811 3552 oblatus
1835 3497 1925 3565 sit,

343 3584 466 3654 ejus
489 3584 768 3655 legislator
800 3585 1119 3639 memoriam
1148 3584 1298 3641 facit.
1328 3586 1564 3641 Addueit
1591 3595 1773 3643 autem
1799 3599 1926 3645 ante

346 3674 711 3737 sacerdotem,
753 3682 810 3729 et
854 3675 1047 3730 statuit
1088 3675 1324 3744 pretium
1363 3677 1484 3747 ejus
1526 3680 1799 3743 sacerdos,
1842 3680 1925 3734 di-

342 3764 599 3834 judicans
624 3773 808 3819 utrum
840 3764 1047 3819 bonum
1078 3778 1146 3818 an
1179 3764 1380 3818 malum
1408 3765 1499 3830 sit,
1524 3774 1582 3821 ut
1609 3766 1930 3837 imperfecto

345 3853 832 3920 condescendens,
897 3854 1239 3909 moderatum
1297 3855 1346 3908 ei
1399 3854 1591 3934 iugum
1660 3856 1926 3927 imponat,

348 3948 404 4004 id
438 3957 545 4012 est,
575 3963 694 4003 eam
725 3964 849 4018 quae
876 3957 961 4004 est
988 3948 1165 4003 media
1215 3949 1358 4004 inter
1391 3950 1589 4005 bonam
1625 3950 1929 4020 malamque

348 4039 844 4095 conversationem.
881 4039 976 4094 Est
1022 4048 1207 4095 autem
1254 4056 1284 4093 a
1332 4041 1475 4095 malo
1520 4041 1834 4107 declinatio,
1873 4050 1931 4096 et

350 4134 629 4203 prolectus
665 4133 732 4188 ad
764 4134 1012 4189 meliora.
1044 4132 1158 4188 Hoc
1195 4134 1342 4188 enim
1383 4133 1610 4189 forsitan
1646 4134 1927 4204 proprium

348 4226 584 4282 dicimus
608 4240 731 4281 esse
764 4225 911 4281 inter
944 4225 1187 4280 deterius
1215 4233 1270 4279 et
1303 4226 1534 4281 melius:
1562 4229 1707 4296 quod
1739 4243 1836 4295 pro
1862 4243 1931 4282 co

348 4317 493 4388 quod
526 4318 733 4373 dictum
774 4325 881 4381 est,
913 4327 1095 4370 utrum
1128 4316 1334 4370 bonum
1381 4332 1451 4369 an
1496 4316 1724 4379 malum,
1760 4316 1932 4372 edidit

2016 1845 2215 1886 norum
2262 1831 2356 1901 qui
2412 1830 2604 1899 reliqui
2646 1838 2797 1893 sunt,
2828 1846 3119 1885 numerum
3152 1846 3325 1901 usque
3355 1834 3420 1888 ad
3442 1833 3597 1887 Juhi-

2018 1924 2199 1987 laeum,
2218 1922 2692 1978 etdetraheturex
2719 1924 2915 1992 pretio.
2933 1922 3089 1989 Quod
3114 1923 3160 1977 si
3188 1925 3421 1980 voluerit
3452 1927 3598 1980 redi-

2012 2031 2169 2071 mere
2193 2030 2382 2086 agrum
2414 2015 2505 2070 ille
2533 2016 2627 2084 qui
2649 2025 2893 2083 voverat,
2920 2015 3085 2070 addet
3111 2017 3356 2086 quintam
3387 2028 3597 2088 partem

2019 2108 2305 2164 aestimata:
2332 2106 2599 2177 pecuniae,
2629 2117 2686 2161 et
2710 2108 3018 2176 possidebit
3042 2123 3188 2163 eum.
3226 2129 3245 2161 ν

2090 2200 2211 2257 Non
2241 2201 2636 2271 qualiscunque
2662 2199 2754 2254 hic
2778 2200 2991 2271 paritur
3012 2201 3258 2270 quaestio.
3286 2201 3454 2256 Paulo
3476 2213 3601 2272 post

2020 2293 2167 2347 enim
2197 2293 2266 2347 ad
2300 2291 2466 2347 linem
2494 2291 2619 2346 libri
2659 2291 2939 2363 legislator
2966 2292 3045 2346 sic
3063 2292 3198 2347 dicit
3235 2310 3247 2345 :
3278 2291 3438 2347 Omne
3459 2295 3600 2364 quod

2023 2383 2249 2437 Domino
2277 2392 2634 2445 consecratur,
2653 2383 2762 2436 sive
2780 2383 2932 2436 homo
2957 2382 3077 2449 erit,
3111 2384 3218 2438 sive
3245 2385 3469 2449 animal,
3494 2386 3602 2439 sive

2023 2491 2168 2545 ager.
2198 2491 2303 2529 non
2332 2477 2590 2541 veniatur,
2624 2490 2717 2529 nec
2741 2475 2933 2529 redimi
2970 2478 3182 2545 poterit.
3210 2474 3496 2547 Quomodo
3528 2478 3602 2533 ibi

2026 2567 2249 2635 quidem
2284 2567 2477 2621 redimi
2508 2566 2691 2621 oblata
2724 2566 3026 2636 prohibuit,
3053 2567 3141 2622 hic
3166 2577 3344 2622 autem
3376 2568 3601 2624 domum

2020 2669 2075 2715 et
2094 2674 2280 2730 agrum
2298 2667 2585 2729 postquam
2597 2659 2931 2713 sanctiﬁcata
2951 2668 3079 2713 sunt
3099 2661 3347 2731 praecipit
3367 2661 3599 2717 redimi?

2022 2753 2134 2806 Ant
2190 2750 2416 2805 forsitan
2453 2749 2772 2806 omnimodo
2825 2751 2983 2805 aliam
3040 2751 3144 2807 hic
3218 2754 3599 2819 intentionem,

2025 2843 2184 2897 aliam
2221 2842 2311 2897 hic
2346 2841 2631 2897 oﬂerentis
2680 2843 2853 2897 novit.
2894 2843 2973 2899 lbi
3013 2844 3254 2913 quidem,
3304 2855 3362 2898 ut
3398 2860 3604 2915 nequa--

2025 2952 2188 3005 quam
2215 2935 2354 2990 ultra
2378 2943 2633 2990 attrectet
2651 2937 2796 3005 quod
2842 2936 3042 2992 obtulit
3089 2954 3104 2991 :
3143 2939 3238 2992 sed
3285 2948 3341 2993 ut
3388 2940 3606 3009 penitus

2026 3030 2158 3084 illud
2188 3037 2538 3084 consecraret
2566 3029 2699 3093 Deo,
2730 3034 2956 3100 propter
2974 3029 3119 3100 quod
3147 3045 3255 3084 non
3286 3031 3381 3097 ait,
3412 3040 3605 3101 quem-

2026 3123 2318 3177 admodum
2377 3122 2507 3176 hic:
2541 3120 2600 3176 Si
2649 3123 2985 3178 consecrarit
3036 3123 3260 3179 domum
3303 3139 3481 3187 suam,
3509 3135 3607 3180 aut

2028 3229 2218 3286 agrum
2258 3215 2623 3285 possessionis
2660 3230 2773 3271 suae
2810 3234 2822 3269 :
2857 3216 2971 3279 sed,
3011 3232 3162 3271 omne
3207 3219 3346 3288 quod
3382 3218 3610 3272 Domino

2029 3317 2385 3361 consecratur.
2436 3307 2639 3362 Eorum
2683 3306 2829 3362 enim
2873 3322 2994 3377 quae
3042 3310 3415 3364 oﬂ‘erehantnr
3476 3308 3606 3376 Deo,

2029 3396 2166 3452 nihil
2195 3398 2393 3452 licebat
2418 3397 2473 3452 in
2513 3413 2674 3452 usum
2715 3398 3018 3453 humanum
3049 3400 3190 3454 ultra
3235 3403 3456 3467 reverti,
3509 3404 3607 3458 sed
3646 3403 3654 3411 ’

2029 3503 2133 3544 nec
2187 3489 2442 3544 sacerdos
2481 3488 2587 3542 illis
2619 3487 2696 3542 uti
2744 3497 2978 3559 poterat.
3034 3489 3384 3546 Demonstrat
3424 3502 3617 3548 autem

2029 3581 2136 3637 hoc
2171 3597 2256 3646 ea,
2296 3597 2418 3653 qua:
2453 3590 2537 3636 est
2582 3580 3046 3636 Amalechitarutn
3091 3582 3339 3637 historia.
3393 3584 3608 3640 Prmcc-

2028 3681 2185 3742 ptum
2226 3683 2312 3726 est
2356 3671 2505 3725 enim
2561 3670 2691 3725 Saul
2740 3680 2799 3726 ut
2839 3672 3129 3726 anathema
3177 3682 3362 3726 essent
3424 3676 3610 3730 omnia

2030 3764 2291 3819 Amalech
2340 3764 2512 3834 spolia
2546 3773 2641 3819 :et
2681 3764 2808 3834 quia
2835 3764 3107 3820 concessit
3135 3766 3336 3836 popqu
3362 3767 3611 3834 quaedam

2029 3856 2099 3910 de
2163 3855 2421 3926 gregibus
2496 3864 2552 3909 et
2600 3855 2866 3911 armentis
2926 3856 3200 3927 accipere,
3259 3857 3609 3912 maledictum

2031 3950 2257 4019 grande,
2320 3949 2565 4018 iramque
2606 3948 2867 4003 sustinuit
2907 3966 2919 4001 :
2961 3956 3017 4002 et
3077 3947 3390 4003 nullatenus
3440 3951 3490 4004 ei
3544 3952 3613 4005 ad

2030 4039 2461 4096 satisfactionem
2490 4040 2728 4104 sutl'ecit,
2754 4057 2879 4096 cum
2911 4041 3242 4095 irasceretur
3286 4041 3524 4107 Samuel,
3558 4053 3614 4097 ct

2031 4129 2334 4199 inquireret
2383 4147 2396 4182 :
2444 4130 2574 4195 Quia
2610 4140 2684 4186 est
2725 4148 2825 4186 uox
2866 4133 3037 4202 gregis
3078 4134 3235 4203 hujus
3283 4134 3339 4187 in
3394 4133 3611 4187 auribus

2030 4223 2178 4284 meis,
2195 4234 2245 4276 et
2271 4239 2370 4277 vos;
2389 4224 2541 4277 boum
2562 4240 2720 4294 quam
2746 4239 2839 4292 ego
2852 4225 3013 4278 audio
3032 4226 3098 4291 ³³,
3121 4241 3244 4280 cum
3262 4226 3616 4296 responderet

2030 4318 2134 4371 alia
2189 4318 2256 4371 ad
2291 4318 2611 4389 prophetam
2648 4319 2835 4381 verba,
2866 4334 2931 4373 ea
2964 4335 3084 4388 qua:
3108 4330 3266 4375 erant
3296 4340 3308 4375 ε
3347 4322 3421 4376 De
3453 4325 3614 4377 Ama-

351 4410 715 4482 Symmachus
745 4429 760 4464 :
795 4410 1000 4464 Statuit
1027 4410 1252 4478 pretium
1287 4410 1550 4474 sacerdos,
1575 4409 1619 4464 si
1652 4412 1930 4480 quomodo
1959 4424 2005 4480 ι)
2035 4410 2144 4463 lech
2168 4412 2390 4464 adduxit
2420 4427 2482 4463 ea
2511 4426 2628 4479 qua:
2656 4411 2934 4480 acquisivit
2952 4412 3175 4480 papulas
3199 4414 3420 4468 meliora
3445 4418 3615 4487 gregis

351 4503 648 4572 proﬁciens
676 4504 880 4558 donum
905 4517 1029 4559 esse
1053 4518 1267 4568 eorum,
1308 4517 1430 4571 qua:
1462 4500 1573 4558 Deo
1602 4502 1927 4569 oﬂeruntur,

353 4595 546 4664 possit.

422 4682 572 4748 Quod
600 4684 645 4737 si
677 4685 804 4738 dare
852 4684 1142 4747 volueritis,
1188 4697 1347 4753 quam
1385 4683 1552 4752 θῆαι,
1581 4684 1738 4737 addet
1776 4702 1934 4752 super

351 4776 754 4830 restimatiouem
803 4777 1043 4846 quintam
1098 4784 1326 4844 partem.
1361 4774 1427 4829 Et
1449 4776 1582 4844 quid
1646 4778 1750 4831 hoc
1803 4779 1935 4831 est?

352 4867 607 4937 Quinque
638 4882 865 4922 numero
901 4882 1098 4921 sensus
1120 4877 1269 4921 sunt.
1313 4866 1517 4921 Horum
1559 4869 1719 4921 nobis
1738 4869 1932 4938 quinta

353 4974 482 5030 pars
524 4974 682 5013 mens
720 4968 825 5022 est,
878 4960 949 5013 ab
988 4958 1102 5027 ipsa
1164 4959 1313 5013 enim
1355 4960 1750 5030 gubernantur.
1801 4958 1935 5014 Sine

354 5053 457 5107 hac
481 5067 611 5123 ergo
635 5066 745 5106 non
786 5050 941 5105 valde
969 5049 1335 5112 habentcsse.
1359 5065 1463 5105 nec
1484 5051 1698 5121 juvant.
1730 5049 1934 5106 ﬂorum

352 5160 483 5214 ergo
503 5144 745 5214 quinque
768 5144 1027 5213 virgines,
1049 5157 1169 5211 qua:
1194 5142 1260 5195 ad
1293 5142 1513 5211 nuptias
1531 5157 1638 5196 non
1662 5152 1939 5213 suscepta:

353 5246 501 5301 sunt,
534 5240 762 5308 liguram
794 5242 1011 5303 gerunt.
1037 5232 1291 5303 Quinque
1320 5248 1448 5303 ergo
1480 5249 1588 5287 non
1622 5234 1933 5291 habuerunt

353 5329 702 5398 sapientiam,
734 5326 880 5381 unde
900 5324 1147 5380 absolute
1173 5331 1231 5377 et
1261 5322 1423 5378 fatua:
1462 5324 1753 5378 nominataI
1783 5334 1941 5406 sunt.

352 5421 498 5492 Ergo
525 5422 571 5476 si
598 5421 723 5492 quis
756 5420 872 5475 vult
908 5416 1180 5473 redimere
1222 5430 1371 5476 eum.
1401 5418 1493 5486 qui
1532 5425 1755 5487 propter
1792 5433 1934 5489 prae-

354 5514 529 5570 dictas
553 5527 744 5569 causas
780 5509 1076 5566 immundis
1101 5516 1447 5576 comparatur
1487 5509 1795 5579 pecoribus,
1836 5510 1935 5567 hac

427 5693 472 5728 ³³
504 5694 527 5751 ι
560 5696 693 5770 Reg.
723 5713 813 5761 xv,
848 5696 933 5751 Η.
1047 5692 1089 5725 ³⁸
1129 5692 1265 5748 ibid.
1298 5695 1384 5750 l5.

2033 4514 2081 4555 et
2115 4503 2290 4563 boum,
2325 4512 2380 4554 ut
2411 4500 2817 4554 immolarentur
2842 4500 3065 4555 Domino
3110 4501 3217 4557 Deo
3262 4514 3370 4567 tuo,
3411 4488 3625 4575 reliqua,

2035 4609 2214 4649 autem
2247 4595 2535 4664 disperdidi
2562 4594 2629 4650 ".
2669 4592 2807 4665 Ergo
2836 4593 2981 4650 ali'ud
3012 4604 3093 4650 est
3121 4599 3460 4653 sanctiliearc
3482 4598 3613 4661 Deo,

2034 4686 2163 4741 licet
2195 4687 2341 4741 enim
2385 4686 2435 4739 ei
2466 4686 2559 4756 qui
2601 4687 2982 4750 sanetilicavit,
3021 4689 3124 4744 hoc
3154 4690 3317 4744 modo
3352 4689 3430 4742 uti
3454 4705 3618 4756 quem

2037 4793 2185 4833 nunc
2214 4778 2371 4831 nobis
2412 4777 2686 4849 lcgislator
2720 4779 3000 4834 ostendit:
3029 4780 3175 4834 aliud
3207 4791 3291 4835 est
3327 4780 3619 4833 anathema

2037 4873 2166 4941 quid
2202 4870 2405 4934 facere,
2451 4871 2616 4940 hujus
2665 4870 2812 4925 enim
2861 4888 2996 4926 usus
3041 4872 3371 4943 prohibitura.
3412 4869 3618 4924 Similis

2038 4971 2218 5013 autem
2241 4958 2368 5013 huic
2398 4966 2454 5013 et
2492 4959 2801 5014 intellectus
2834 4961 3034 5029 suscipi
3084 4961 3245 5015 debet
3283 4962 3621 5028 contempla-

2040 5051 2225 5117 tionis,
2256 5052 2352 5106 sed
2383 5050 2451 5105 de
2483 5052 2832 5107 anathemate
2852 5052 3072 5122 quidem
3104 5053 3371 5119 dicemus,
3400 5050 3620 5123 quando

2039 5144 2108 5199 ad
2140 5143 2288 5197 illam
2347 5150 2559 5214 partem
2611 5146 2785 5199 sancti
2836 5144 3171 5199 venerimus.
3225 5144 3383 5199 Nunc
3436 5151 3620 5197 autent

2043 5234 2171 5306 quid
2190 5234 2262 5289 sit
2278 5233 2501 5288 domum
2519 5234 2882 5297 sanetillcare.
2915 5233 3045 5304 quid
3069 5250 3278 5305 agrum,
3305 5234 3620 5294 doceamus.

2043 5327 2177 5382 mihi
2225 5331 2550 5396 suggerente
2584 5324 2801 5393 spiritu,
2840 5324 2942 5378 hoc
2975 5325 3150 5394 primo
3182 5326 3301 5380 loco
3323 5325 3567 5379 dicentes
3602 5341 3619 5378 :

2042 5418 2169 5488 quia
2198 5415 2344 5472 aliud
2379 5423 2463 5469 est
2488 5411 2816 5467 sanctificari
2848 5413 2980 5477 Deo,
3014 5414 3158 5469 aliud
3180 5424 3428 5471 sanctum
3457 5427 3577 5468 esse
3605 5430 3620 5464 :

2044 5509 2191 5565 aliud
2224 5506 2409 5564 olierri
2440 5504 2489 5561 ei
2512 5504 2736 5575 aliquid,
2761 5506 2908 5563 aliud
2930 5520 3042 5561 non
3073 5520 3209 5577 opus
3239 5507 3438 5562 habere
3467 5506 3626 5562 obla-
