4036 6200
447 278 584 345 1167

1636 282 2000 342 HESYCHII
2040 280 2513 345 PRESBYTERI

3562 272 3714 360 uss

442 397 668 461 tionem,
720 393 814 449 sed
882 409 1004 449 esse
1054 395 1171 458 Dei,
1225 402 1281 447 et
1330 390 1618 448 oll‘crentis
1673 408 1785 447 non
1837 408 2020 464 egere.
2053 400 2095 456 Α
2125 395 2720 469 sanctiﬁcatioproprie
2743 400 2938 457 domus
2959 401 3269 468 ascribitur,
3296 418 3408 459 non
3432 402 3610 461 solum
3643 418 3712 463 ut

439 487 596 552 Quod
619 486 765 539 enim
785 483 1173 545 sanctiﬁcatum
1188 481 1504 546 etoﬂ'ertur,
1523 497 1591 537 eo
1614 483 1759 552 quod
1776 483 2019 550 offertur,

442 578 770 633 s:mctiticari
815 575 1028 644 incipit,
1067 591 1197 646 ergo
1241 574 1394 644 prius
1420 589 1531 629 non
1582 582 1699 629 erat
1747 586 2018 632 sanctum.

2124 485 2396 551 otl‘erenti,
2428 488 2525 543 sed
2555 499 2611 544 et
2640 498 2700 544 ut
2722 491 2939 546 docenti
2974 510 2988 545 :
3013 493 3202 564 sicque
3218 509 3329 549 suae
3344 494 3529 551 domui
3558 497 3712 553 bene

2122 579 2470 647 praepositus,
2510 588 2565 634 et
2600 595 2935 651 recuperans
2966 598 3089 638 eam
3121 585 3225 639 sibi
3262 586 3518 642 sacerdos
3560 604 3710 658 quo-

441 671 597 737 Quod
629 678 814 723 autem
842 666 1035 736 incipit
1067 666 1417 729 sanctiﬁcari,
1452 666 1558 721 hoc
1586 681 1725 736 opus
1754 666 1939 729 habet,
1967 677 2023 722 et
2121 668 2412 725 dammodo
2439 670 2752 728 invenitur:
2774 675 2901 744 quia
2931 674 3133 730 Paulus
3154 692 3278 730 eum
3311 678 3403 748 qui
3425 679 3527 734 scit
3552 695 3704 751 prae-

434 763 773 833 profectum,
802 768 858 816 et
897 776 996 830 per
1027 767 1210 829 partes
1242 768 1615 830 augmentum.
1646 759 1804 826 Quod
1835 771 2018 816 autem

439 855 568 908 olim
615 863 863 908 sanctum
897 861 1004 917 est,
1028 862 1085 908 et
1103 852 1235 908 olim
1266 861 1354 907 est
1378 851 1492 917 Dei,
1528 853 1634 908 hoc
1668 853 1805 907 nihil
1839 855 2019 909 minus

438 948 620 1013 habet,
636 947 731 1002 sed
748 954 833 1001 est
848 945 1173 1016 perfectum,
1192 960 1291 1000 nec
1314 945 1425 999 ullo
1443 945 1815 1000 additamenta
1829 960 2012 1017 egens.

437 1040 732 1110 Propterea
776 1023 982 1095 bonum
1011 1038 1232 1108 quidem
1263 1045 1372 1101 est,
1400 1046 1460 1091 et
1489 1037 1756 1092 doctrinis
1785 1038 2014 1093 aliorum

435 1134 504 1188 ad
552 1131 1039 1205 sanctiﬁcatiopem
1093 1131 1193 1196 uti,
1241 1130 1440 1185 melius
1484 1138 1671 1184 tamen
1710 1130 1765 1183 in
1803 1138 2012 1184 tantum

436 1224 718 1293 proﬁcere,
754 1233 813 1278 ut
842 1224 937 1293 qui
980 1224 1338 1293 semetipsum
1369 1234 1426 1279 et
1461 1237 1559 1277 eos
1598 1223 1692 1292 qui
1715 1223 1838 1293 ejus
1864 1233 2011 1289 sunt,

432 1316 500 1372 ad
533 1315 1025 1372 sanctiﬁcationem
1056 1314 1343 1384 producat,
1374 1314 1522 1384 quod
1563 1329 1672 1369 non
1704 1313 1884 1368 omnis
1909 1315 2010 1368 viri

432 1416 536 1471 est,
557 1407 650 1460 sed
674 1406 846 1460 solius
864 1405 1091 1461 sensati.
1117 1405 1186 1459 Et
1208 1404 1325 1459 haec
1351 1412 1499 1468 sunt,
1519 1419 1641 1474 quae
1666 1403 1723 1457 in
1746 1404 1849 1459 hoc
1892 1404 2012 1459 loco

432 1498 740 1569 signiﬁcare
772 1497 1049 1568 legislator
1079 1497 1441 1551 intentionem
1472 1496 1659 1551 habet.
1695 1495 2012 1551 Sanctiﬁcat

430 1606 564 1661 ergo
609 1591 831 1646 domum
878 1589 1008 1653 Deo,
1053 1587 1146 1657 qui
1185 1586 1444 1642 familiam
1489 1603 1667 1652 suam,
1712 1597 1767 1642 et
1806 1604 2010 1659 cogna-

433 1681 661 1741 tionem,
709 1690 765 1733 et
814 1678 1211 1748 intelligibilem
1257 1678 1479 1732 domum
1533 1677 1588 1731 in
1649 1678 2007 1732 sanctimonia

2120 775 2241 815 esse
2277 775 2391 818 mae
2432 763 2640 829 domui,
2685 765 2751 819 ad
2796 767 3147 836 episcopatus
3175 767 3499 823 electionem
3533 781 3707 841 atque

2116 851 2437 921 dignitatem
2454 854 2768 910 sublimavit
2788 857 2853 910 ³⁸.
2869 855 3102 928 Propter
3116 861 3259 927 quod
3273 859 3487 929 Aquila,
3508 877 3603 930 pro
3627 878 3704 916 eo

2098 941 2263 1010 quod
2295 942 2501 997 dictum
2530 953 2634 1010 est,
2678 945 2779 1010 Qui
2833 962 2952 1001 eam
3013 949 3365 1019 sanctiﬁcavit
3417 952 3634 1006 redimet
3677 969 3699 1005 :

2117 1034 2165 1085 si
2208 1033 2544 1103 sanctiﬁcans
2572 1036 2645 1089 ad
2678 1037 2836 1104 ﬁnem
2878 1039 3289 1107 fecerit,edidit.
3321 1040 3476 1106 Quod
3511 1053 3699 1097 autem

2116 1141 2182 1179 ex
2217 1126 2321 1180 hoc
2352 1125 2630 1192 discimus,
2657 1127 2785 1197 quia
2810 1129 2857 1181 si
2874 1129 3078 1183 domus
3107 1130 3207 1184 sibi
3246 1130 3609 1201 principatum
3636 1144 3702 1186 et

2114 1216 2571 1287 gubernationem
2600 1219 2695 1287 qui
2736 1218 3119 1283 sanctiﬁcavit.
3169 1221 3429 1286 vindicat,
3455 1230 3511 1277 et
3554 1224 3703 1280 hanc

2114 1307 2230 1376 ipse
2259 1308 2542 1378 acquirere
2578 1308 2695 1362 vult
2723 1325 2738 1362 :
2769 1310 2837 1362 ad
2868 1309 3030 1364 ﬁnem
3076 1320 3258 1365 autem
3287 1311 3468 1367 facere
3493 1328 3698 1369 secun-

2112 1400 2242 1454 dum
2280 1400 2474 1470 legem,
2515 1410 2598 1454 est
2635 1401 2755 1455 aliis
2780 1400 2926 1456 sicut
2965 1412 3256 1473 Cognatam
3284 1405 3548 1473 praeponi,
3574 1406 3699 1460 haec

2113 1486 2279 1543 faciat
2318 1503 2440 1557 quae
2469 1488 2527 1542 in
2563 1488 2818 1558 prmsenti
2853 1489 3130 1560 legislator
3159 1491 3344 1560 jussit.
3385 1492 3483 1549 llis
3509 1504 3694 1550 autem

2114 1580 2186 1634 ita
2215 1594 2271 1634 se
2292 1581 2642 1644 habentibus,
2663 1583 2817 1651 quod
2831 1583 3050 1653 proprie
3069 1593 3356 1654 argentum
3381 1585 3693 1641 divinorum

2113 1670 2451 1740 eloquiorum
2502 1670 2797 1727 doctoralis
2846 1672 3156 1726 exhortatio
3207 1673 3297 1735 sit,
3350 1673 3476 1727 audi
3528 1674 3691 1730 David

429 1771 744 1827 conversari
776 1771 911 1833 vult,
939 1730 1262 1825 utchclesia
1282 1769 1372 1834 sit,
1402 1778 1460 1823 et
1482 1769 2009 1840 appelletur,quem-
2041 1730 2085 1790 Β
2114 1762 2389 1817 dicean
2409 1776 2428 1815 ε
2461 1762 2690 1834 Ειοφιὶα
2720 1762 2953 1828 Domini,
2979 1763 3187 1832 eloquia
3211 1773 3384 1829 casta,
3418 1778 3691 1836 argentum

427 1863 723 1921 admodum
765 1863 921 1918 multi
983 1862 1225 1917 ﬁdelium
1304 1862 1499 1917 domos
1560 1876 1710 1927 sinas,
1785 1870 2011 1932 propter

425 1956 917 2011 sanctiﬁcationem
981 1954 1247 2009 ecclesias
1311 1953 1605 2015 habebant.
1653 1954 1795 2010 sicut
1841 1955 2009 2009 Paulo

426 2046 705 2099 scribente
730 2046 796 2100 ad
829 2044 1105 2098 Romanos
1133 2042 1459 2098 audivimus.
1497 2042 1744 2099 Salutate
1768 2042 2007 2099 Priscum

427 2145 477 2188 ct
496 2134 775 2205 Aquilam,
820 2134 1096 2204 adjutores
1125 2150 1267 2188 meos
1300 2135 1356 2188 in
1382 2133 1587 2190 Christo
1612 2136 1759 2201 λεια,
1794 2138 1884 2208 arri
1912 2152 2008 2208 pro

425 2243 545 2281 mea
588 2227 772 2280 anima
816 2226 1037 2279 emices
1066 2242 1195 2280 suas
1235 2226 1488 2294 posuerit.
1534 2226 1741 2293 Quibus
1782 2242 1887 2281 non
1914 2244 2007 2299 ego

420 2317 568 2373 solus
601 2318 807 2389 gratias
841 2332 962 2387 ago,
993 2323 1083 2372 sed
1112 2328 1162 2371 et
1196 2332 1372 2372 omnes
1408 2317 1659 2372 Ecclesia!
1687 2320 1919 2390 gentium
1954 2331 2006 2374 et

421 2409 712 2463 domestica
754 2425 935 2463 eorum
975 2406 1212 2462 Ecclesia
1235 2409 1302 2463 ³⁸.
1333 2407 1660 2478 Quicunque
1693 2423 1826 2480 ergo
1865 2409 2006 2463 hanc

423 2501 592 2556 habet
649 2499 1035 2561 intentionem,
1084 2499 1201 2569 ipse
1261 2508 1442 2555 autem
1500 2515 1601 2569 per
1641 2515 1702 2554 se
1757 2514 1867 2555 non
1921 2510 2007 2555 est

423 2589 656 2645 idoneus
683 2587 752 2642 ad
784 2601 924 2657 opus
960 2587 1263 2657 perducere
1298 2602 1363 2641 ea
1395 2600 1519 2657 qua
1554 2587 1808 2653 intendit,
1841 2587 2005 2657 hujus

422 2686 651 2733 domum
675 2677 930 2732 sacerdos
954 2686 1137 2731 utrum
1157 2679 1298 2732 bona
1323 2693 1395 2735 an
1411 2678 1553 2733 mala
1573 2677 1665 2742 sit,
1692 2679 2005 2734 considera-

423 2769 529 2835 bit,
562 2777 621 2823 et
657 2766 802 2822 sicut
830 2768 1148 2832 aestimabit,
1175 2767 1259 2824 sic
1287 2767 1413 2824 erit.
1444 2768 1628 2835 Quare
1650 2778 1833 2824 utrum
1862 2769 2003 2824 bona

418 2875 490 2914 an
516 2857 693 2913 mala?
729 2865 794 2912 ut
823 2856 953 2928 quia
986 2857 1184 2913 domus
1202 2873 1270 2913 ex
1293 2857 1484 2913 multis
1506 2858 1778 2928 personis,
1809 2868 1867 2913 et
1894 2859 1999 2915 dif-

420 2951 726 3008 ferentibus
760 2959 997 3017 constat,
1026 2951 1081 3006 in
1112 2950 1313 3021 quibus
1336 2951 1492 3007 multi
1516 2951 2002 3008 condescensioni-

2109 1854 2229 1923 igne
2250 1855 2635 1915 nominatum,
2665 1864 2823 1908 terra:
2848 1865 3138 1925 purgatum
3164 1857 3229 1910 ³⁷.
3266 1858 3335 1912 Et
3357 1858 3638 1914 Jeremiam
3668 1868 3687 1913 ":

2112 1942 2337 1998 Frustra
2380 1944 2624 2013 conﬂavit
2664 1946 2942 2014 conﬂatar,
2973 1946 3148 1999 searia
3185 1948 3303 2016 ejus
3331 1965 3437 2002 non
3471 1962 3540 2003 est
3561 1964 3725 2005 eon--

2105 2044 2372 2090 summota
2396 2035 2463 2087 ⁸⁸.
2506 2036 2586 2089 De
2627 2033 2830 2090 Judzeis
2874 2037 3025 2100 dicit,
3058 2038 3185 2107 quia
3225 2039 3367 2093 nihil
3407 2042 3485 2095 cis
3522 2042 3681 2097 verba

2105 2128 2512 2184 exhortandum
2534 2128 2847 2198 proderant.
2886 2127 2995 2184 Sed
3020 2136 3076 2182 et
3092 2128 3322 2183 Paulum
3341 2131 3460 2185 andi
3489 2131 3678 2186 dicen-

2109 2232 2218 2273 tem
2251 2235 2266 2273 ε
2301 2217 2360 2273 Si
2387 2220 2501 2290 quis
2533 2220 2920 2290 superardr'ﬁeat
2969 2235 3128 2289 super
3160 2221 3552 2290 fundamentum
3582 2225 3683 2278 hoc

2104 2329 2321 2375 aurum,
2350 2322 2648 2383 argentum,
2684 2311 2892 2381 lapides
2915 2313 3172 2379 pretiosos
3197 2313 3265 2366 ”.

2176 2401 2326 2468 Quod
2351 2403 2396 2456 si
2423 2419 2611 2473 agrum
2652 2404 2986 2471 possessionis
3025 2419 3136 2457 sua:
3167 2404 3386 2469 noverit,
3425 2415 3475 2459 et
3502 2420 3691 2462 conse-

2105 2496 2332 2551 crauerit
2354 2495 2600 2561 Domitio,
2622 2495 2781 2564 juxta
2825 2511 3127 2549 mensuram
3148 2498 3416 2561 sementis,
3449 2500 3690 2554 estima-

2103 2588 2243 2642 bitur
2311 2588 2559 2657 pretium.
2613 2585 2817 2658 Agrum
2875 2585 3210 2657 Scriptorum
3265 2603 3388 2644 esse
3436 2590 3681 2647 divinam

2104 2691 2270 2732 nemo
2318 2676 2611 2732 dubitabit.
2646 2677 2817 2746 Cujus
2862 2676 2993 2730 ritis
3042 2676 3261 2747 proprie
3308 2677 3583 2743 Christus,
3624 2687 3689 2734 et

2104 2771 2348 2843 agricola
2376 2771 2539 2825 Pater
2570 2778 2654 2825 est
2675 2770 2741 2834 ⁸ο,
2772 2768 2826 2822 in
2856 2783 2968 2838 quo
2996 2769 3353 2824 absconditur
3375 2770 3684 2834 thesaurus.

2104 2861 2158 2918 id
2210 2870 2296 2917 est
2341 2859 2596 2916 salutaris
2652 2859 2989 2930 prmdicatio,
3037 2875 3197 2928 quem
3260 2860 3355 2930 qui
3417 2861 3691 2918 invenerit

2102 2962 2356 3024 operator
2396 2952 2534 3023 agri,
2574 2950 2781 3006 vendet
2817 2951 3001 3017 omnia
3031 2964 3151 3020 qua:
3192 2950 3379 3019 habet,
3421 2955 3690 3024 quemad-

417 3044 524 3099 bus
581 3054 766 3116 egent,
796 3060 930 3117 ,ιιοιι
981 3044 1228 3100 valentes
1299 3058 1461 3116 agere
1509 3052 1603 3100 aut
1646 3060 1841 3116 sapere
1881 3062 2004 3117 quas
2030 3064 2073 3122 α
2105 3046 2328 3103 modum
2370 3043 2640 3100 Dominus
2678 3044 2732 3097 in
2776 3043 3086 3114 Evangeliis
3116 3043 3207 3109 ait,
3234 3054 3297 3099 ut
3322 3056 3471 3102 emat
3497 3062 3691 3119 agrum

418 3136 660 3206 perfecta
681 3146 831 3201 sunt,
856 3135 995 3193 nihil
1019 3135 1100 3191 eis
1120 3136 1373 3208 injungat
1405 3151 1590 3207 grave,
1618 3137 1717 3192 sed
1742 3137 2003 3194 uniuscu-

332 3292 339 3297 ι
414 3229 615 3299 jusque
656 3243 896 3298 pensans
936 3227 1220 3294 virtutem,
1253 3243 1283 3282 a
1306 3228 1450 3284 malo
1475 3242 1573 3284 eos
1609 3228 1906 3296 declinare,
1947 3237 2005 3284 et

414 3322 487 3374 ad
522 3320 754 3374 virtutes
781 3332 878 3373 eos
907 3317 1174 3388 proﬁcere
1198 3318 1408 3389 jubeat.

493 3408 588 3464 Sin
614 3419 793 3465 autem
822 3408 913 3463 ille
941 3409 1031 3481 qui
1065 3417 1298 3473 voverat,
1326 3407 1549 3462 valuerit
1578 3408 1835 3465 redimere
1863 3419 2000 3474 eam,

420 3497 569 3552 dabit
597 3499 834 3568 quintam
875 3508 1083 3565 partem
1104 3499 1472 3553 (estimatiouis
1494 3513 1679 3567 supra,
1714 3506 1766 3552 et
1794 3498 2004 3554 habebit

422 3596 653 3647 domum.
693 3592 753 3647 Id
784 3602 889 3657 est,
936 3592 983 3646 si
1027 3592 1222 3648 domus
1279 3592 1552 3659 dominus,
1589 3592 1682 3663 qui
1711 3609 1833 3649 eam
1874 3609 2004 3649 san-

414 3685 664 3740 ctitieare
708 3686 843 3748 vult,
892 3700 1017 3738 cum
1062 3700 1173 3741 non
1219 3684 1415 3740 fuisset
1452 3696 1641 3742 sancta
1680 3686 1852 3757 prius,
1898 3702 2004 3743 nec

420 3776 707 3846 potuisset
764 3776 995 3831 ecclesia
1046 3776 1333 3847 appellari.
1383 3793 1510 3831 nam
1561 3786 1619 3833 et
1662 3779 2003 3834 sanctiﬁcata

412 3867 610 3936 .utique
639 3875 807 3931 esset,
839 3866 987 3936 quod
1005 3881 1154 3920 nunc
1176 3882 1237 3923 se
1264 3866 1336 3922 ita
1362 3882 1471 3923 non
1501 3866 1686 3931 habet,
1722 3867 1817 3923 sed
1838 3883 2003 3924 exor-

421 3963 572 4017 dium
617 3962 766 4032 capit
814 3961 1266 4018 sanctiﬁcationis
1307 3979 1325 4017 :
1373 3962 1421 4018 si
1442 3979 1577 4034 ergo
1639 3963 1726 4019 hic
1781 3964 2002 4019 redimit

417 4054 642 4111 domum
679 4070 857 4120 suam,
900 4054 1033 4111 illud
1061 4055 1308 4110 absolute
1360 4055 1652 4120 mandans,
1708 4056 1831 4126 ejus
1856 4056 2002 4126 quod

419 4144 848 4201 sanctiﬁcatione
882 4159 1044 4215 egere
1075 4145 1389 4200 sacerdotes
1413 4144 1852 4201 exhortationem
1899 4161 2002 4201 ne-

418 4235 714 4291 cessariam
743 4235 946 4290 habere
974 4235 1229 4291 faciebat.
1270 4234 1513 4291 “adimit
1538 4246 1723 4293 autem
1754 4252 1874 4292 eam
1904 4248 2005 4306 per

418 4326 723 4379 doctrinam
770 4326 989 4391 bonam,
1025 4334 1081 4381 et
1110 4326 1237 4382 vita:
1265 4325 1580 4394 formulam,
1608 4327 1848 4383 liberans
1882 4342 1997 4393 eos,

2103 3135 2254 3191 illum
2279 3135 2350 3188 ⁸⁸.
2384 3134 2442 3190 In
2478 3135 2585 3190 hoc
2601 3150 2734 3205 agro
2757 3133 2971 3189 diversa
2993 3143 3079 3189 est
3098 3136 3531 3209 uniuscujusque
3558 3154 3695 3210 pos-

2076 3225 2298 3290 sessio,
2320 3225 2375 3281 id
2394 3233 2483 3280 est
2510 3224 2725 3288 modus,
2748 3239 2910 3294 quem
2938 3224 3042 3279 sibi
3070 3241 3141 3279 ex
3173 3239 3238 3280 ea
3262 3227 3333 3283 ad
3360 3230 3693 3299 sapientium

2103 3318 2355 3377 obtinere
2379 3317 2636 3388 potuerit.
2663 3315 2720 3372 Si
2750 3331 2880 3388 ergo
2913 3319 3318 3373 consecraverit
3348 3320 3491 3375 hanc
3519 3322 3696 3379 homo

2106 3409 2354 3473 Domino,
2384 3424 2510 3467 cum
2535 3424 2642 3464 non
2666 3407 2822 3479 prius
2845 3412 3032 3462 sancta
3055 3407 3242 3475 fuerit,
3276 3426 3427 3467 nunc
3458 3410 3693 3485 incipiat

2103 3516 2435 3558 consecrare
2454 3500 2877 3572 gubernatorem
2901 3502 3341 3559 conversationis
3366 3514 3480 3559 suae
3508 3524 3523 3561 :
3557 3520 3690 3562 eum

2105 3592 2222 3661 ipse
2250 3609 2363 3651 non
2414 3594 2490 3649 sit
2515 3594 2746 3651 idoneus
2770 3599 3127 3670 semetipsum
3156 3601 3465 3672 gubernare
3495 3619 3690 3659 sacer-

2103 3684 2286 3740 dotem
2311 3685 2490 3757 eligat,
2527 3686 2850 3744 Consecrari
2891 3691 3038 3745 enim
3070 3692 3163 3746 hic
3185 3708 3248 3747 ea
3273 3708 3398 3763 qua:
3420 3693 3686 3765 deputata

2102 3786 2229 3832 sunt
2255 3777 2548 3843 sacerdoti,
2576 3779 2851 3850 legislator
2871 3783 3180 3853 appellavit.

2184 3866 2347 3921 Juxta
2402 3872 2705 3924 musarum
2745 3874 2992 3927 sementis
3037 3874 3385 3929 arstimabitrtr
3428 3877 3684 3946 pretium.

2107 3959 2180 4016 Ut
2211 3968 2479 4029 quntum
2512 3963 2817 4017 semiustus
2842 3971 2945 4030 est,
2984 3965 3241 4021 videlicet
3271 3966 3523 4022 edoctus.
3572 3967 3689 4022 Do-

2101 4049 2295 4105 ctrina
2330 4049 2478 4105 enim
2508 4051 2758 4116 verbum,
2787 4053 2843 4106 in
2871 4054 3081 4109 semine
3116 4055 3365 4124 accipere
3394 4054 3689 4125 Scriptura

2101 4139 2287 4196 divina
2334 4141 2495 4197 solet.
2538 4142 2779 4198 Tantum
2821 4144 2872 4199 ei
2920 4145 3182 4201 sacerdos
3230 4145 3453 4209 indicet,
3500 4162 3688 4217 quan-

2102 4239 2220 4286 tum
2259 4231 2428 4288 fuerit
2456 4234 2711 4291 eruditus
2746 4237 3082 4293 dedoctrina
3127 4237 3273 4291 bona
3311 4237 3578 4309 legitima,
3622 4249 3685 4293 et

2101 4323 2353 4392 spiritali,
2382 4335 2439 4379 et
2466 4340 2578 4380 non
2610 4343 2775 4396 quam
2800 4329 3054 4384 homines
3090 4330 3426 4393 seductores,
3461 4332 3681 4401 pagani,

418 4425 477 4470 et
506 4417 722 4472 diluens
757 4417 1018 4487 quidquid
1053 4418 1131 4473 eis
1175 4418 1429 4474 obviabat
1459 4420 1529 4474 ad
1554 4418 2006 4501 sanctimoniam:
2031 4403 2077 4461 ο
2104 4415 2253 4471 verbi
2285 4416 2478 4487 gratia,
2499 4418 2585 4472 vel
2614 4417 2808 4485 Judaei,
2832 4421 2917 4476 vel
2939 4420 3183 4477 haeretici
3204 4420 3421 4476 docent.
3452 4422 3684 4492 Propter

417 4508 563 4574 Quid
608 4508 809 4563 faciet?
842 4509 1026 4570 Dabit,
1078 4509 1194 4563 sive
1232 4509 1532 4569 secundum
1575 4508 1742 4574 LXX,
1781 4511 1999 4580 adficiet

419 4600 660 4660 quintam
692 4610 897 4667 partem
925 4600 1293 4653 mstimatiouis
1317 4617 1500 4668 supra.
1520 4600 1828 4657 Sacerdotis
1851 4604 1996 4658 enim

419 4690 703 4752 doctrinm,
751 4690 837 4744 cui
891 4690 1114 4745 domum
1160 4691 1230 4744 ab
1257 4690 1413 4745 initio
1466 4706 1620 4746 suam
1666 4693 1882 4757 obtulit,
1938 4702 1997 4749 ut

420 4797 540 4836 eam
575 4782 890 4845 aestimaret,
937 4781 987 4835 id
1015 4790 1099 4837 est
1131 4781 1506 4841 deﬁnitionem
1553 4783 1881 4853 imponeret,
1926 4786 1995 4841 ad

419 4889 581 4942 quam
621 4871 847 4926 deberet
884 4878 1050 4931 stare.
1086 4872 1199 4927 sive
1230 4871 1563 4938 conversari,
1611 4872 1728 4942 ipse
1776 4873 1997 4944 adjiciet

420 4964 525 5018 hoc
571 4963 715 5034 quod
761 4972 846 5017 est
877 4962 1207 5017 intellectus.
1244 4960 1359 5016 Hoc
1393 4970 1477 5017 est
1518 4978 1649 5034 ergo
1691 4964 1902 5033 quinta,
1942 4963 1993 5017 id

421 5064 522 5118 est,
559 5064 619 5108 ut
682 5069 803 5125 quae
846 5053 1107 5113 dicuntur
1158 5051 1437 5123 suscipiat,
1483 5057 1539 5106 ct
1599 5053 1997 5122 superaediﬁcet

419 5147 713 5202 sacerdotis
747 5145 1119 5207 sermonibus;
1145 5144 1478 5213 frequentior
1498 5144 1642 5199 enim
1665 5160 1996 5200 commemo-

420 5240 579 5300 ratio,
609 5247 858 5294 sensatos
892 5236 1335 5305 etintelligentes
1361 5234 1611 5290 homines
1639 5234 1787 5290 facit.
1825 5236 1895 5290 Et
1917 5237 1997 5293 sic

422 5328 643 5384 habebit
668 5330 909 5393 domum,
945 5344 1052 5383 non
1088 5327 1325 5397 perdens
1347 5327 1671 5383 sanctiﬁcari
1704 5328 1836 5389 Deo,
1870 5344 1990 5384 nam

421 5419 476 5475 in
520 5421 718 5476 damno
745 5422 794 5477 ei
824 5421 1194 5487 convertitur;
1227 5420 1322 5476 sed
1362 5419 1585 5474 habebit
1612 5436 1756 5487 eant,
1786 5421 1912 5490 quia
1942 5421 1993 5476 ei

528 5627 573 5713 ’ξ
611 5626 919 5713 namque“,
953 5624 1006 5683 '5.
1047 5625 1101 5679 4.
1124 5692 1138 5713 ι
1161 5623 1227 5713 ,³⁸
1257 5623 1276 5679 l
1315 5622 1459 5679 Tim.
1490 5639 1572 5687 ιιι,
1601 5623 1652 5678 5.
1737 5624 1780 5656 ³⁷
1811 5622 1953 5679 Psal.
1978 5642 2004 5680 ς

2108 5629 2142 5681 ἵ.
2230 5629 2274 5661 ⁸⁸
2303 5629 2506 5686 Jerem.
2540 5647 2615 5698 vl,
2646 5631 2738 5687 25.
2825 5633 2868 5713 ξ’
2902 5632 2917 5686 Ι
2946 5630 3071 5687 Cor.
3108 5648 3191 5697 ιιι,
3227 5633 3315 5687 12.

420 5710 511 5757 xv,
549 5698 598 5747 i.
675 5694 717 5723 Μ
747 5692 935 5745 Matth.
970 5708 1087 5757 sui,
1113 5692 1206 5745 44.

2100 4509 2243 4578 quod
2287 4518 2577 4579 postquam
2613 4511 2745 4566 dixit
2791 4530 2804 4565 :
2844 4512 3008 4567 Juxta
3052 4529 3357 4568 mensuram
3407 4516 3679 4580 semis,

2099 4600 2308 4655 addidit
2342 4624 2354 4656 :

2167 4689 2227 4745 Si
2246 4692 2464 4762 triginta
2481 4694 2669 4749 modiis
2689 4696 2869 4749 hordei
2894 4696 3087 4749 seritur
3107 4705 3269 4759 terra,
3294 4696 3681 4766 quinquaginta

2099 4783 2242 4836 siolis
2292 4785 2529 4838 uenietur
2576 4787 2805 4855 argenti.
2842 4785 2974 4840 Slve
3001 4795 3060 4841 at
3103 4785 3265 4851 LXX,
3293 4787 3682 4856 quinquaginta

2099 4875 2424 4930 didraoﬁmis
2464 4877 2673 4946 argenti
2724 4892 2737 4929 :
2786 4877 2841 4931 in
2889 4877 3091 4947 quibus
3150 4875 3321 4932 Vetus
3365 4886 3420 4930 et
3465 4876 3681 4931 Novum

2102 4965 2514 5023 Testamentum
2547 4970 2811 5042 intellige.
2841 4969 2903 5025 Et
2944 4984 3043 5041 per
3067 4971 3312 5027 modium
3340 4972 3456 5026 sive
3484 4986 3681 5027 eorum

2102 5058 2317 5123 hordei,
2362 5058 2535 5115 Vetus
2574 5061 2989 5117 Testamentum
3026 5063 3305 5118 ostendit:
3342 5063 3469 5133 quia
3517 5065 3686 5133 hujus

2102 5150 2598 5222 seminispinguior
2623 5153 2779 5209 cibus
2799 5165 2920 5210 est:
2954 5171 3055 5225 per
3081 5154 3473 5225 quinquaginta
3499 5167 3686 5212 autem

2100 5243 2464 5307 didrachmas,
2485 5253 2591 5298 tam
2618 5246 2767 5314 quod
2794 5246 3036 5315 spiritale
3057 5254 3163 5310 est,
3195 5263 3355 5317 quam
3377 5237 3685 5318 perfectum

2099 5333 2261 5389 simul
2284 5335 2461 5390 innuit
2485 5354 2500 5389 :
2529 5337 2768 5405 perfecta
2785 5338 2930 5391 enim
2956 5328 3204 5394 doctrina
3227 5340 3395 5393 etiam
3416 5341 3687 5408 spiritalis

2098 5434 2203 5482 est.
2234 5427 2338 5484 Sed
2376 5429 2594 5497 quando
2624 5430 2741 5485 hrcc
2767 5430 2950 5500 regula
2981 5430 3093 5485 sive
3125 5430 3377 5486 deﬁnitio
3398 5443 3611 5502 Integra
3630 5431 3687 5486 ei

3426 5635 3473 5667 ⁸ο
3505 5636 3592 5689 1r:
3611 5654 3675 5695 n.
