4036 6200
343 352 480 421 1169

1461 353 1547 413 ΙΝ
1584 349 2027 414 LEVITICUM.
2054 374 2125 401 r-
2160 348 2308 407 LIB.
2339 347 2472 408 VII.

3468 334 3490 397 l
3506 335 3599 399 l’iﬁ

340 468 647 530 indicendo,
679 469 899 538 quando
936 470 1232 525 minuenda
1268 469 1341 524 si;
1368 484 1468 539 per
1492 468 1919 525 condescensio-
1949 472 1993 530 Α
2026 473 2248 522 voverat
2274 463 2548 519 redimere
2575 476 2687 517 non
2717 457 2937 529 poterit,
2959 457 3087 526 quia
3113 471 3236 509 cum
3264 454 3478 510 Jtrbilnai
3508 471 3602 507 vc-

340 575 464 615 nem
489 574 585 628 per
610 561 892 629 sequentia
925 560 1094 617 disce.

408 651 470 706 Si
497 661 674 706 autem
704 653 887 707 statim
915 651 982 709 ab
1005 663 1149 707 anno
1170 652 1466 722 incipientis
1484 650 1699 706 ,Ιαὸὶιωὶ
1723 651 1919 705 noverit

337 759 548 812 agrum,
574 754 772 814 quanto
801 742 977 799 ualere
1003 744 1217 814 poterit,
1247 753 1396 798 tanto
1419 743 1788 798 wstimabitur.
1820 743 1917 797 Sin

338 845 518 889 autem
544 845 659 905 post
684 836 1022 907 aliquantum
1048 837 1315 907 temporis,
1340 836 1644 905 supputabit
1674 837 1919 890 sacerdos

340 928 617 995 pecuniam
631 928 792 997 juxta
826 944 1087 982 annorum
1116 930 1207 999 qui
1239 929 1442 1000 reliqua
1465 938 1595 982 sunt
1642 945 1917 982 munerum

340 1036 503 1089 usque
529 1021 601 1074 ad
619 1020 919 1085 Jubilarum,
951 1032 1001 1075 et
1033 1022 1420 1077 detrahetur”:
1452 1022 1639 1090 pretio.
1678 1020 1917 1074 Dtmrum

344 1112 433 1167 hic
446 1127 712 1166 annorum
731 1112 1069 1167 remissionis
1091 1113 1401 1173 velJubilmi
1425 1114 1745 1168 memoriam
1766 1114 1918 1177 facit,

343 1203 609 1271 baptisma
652 1206 842 1273 ape‘rte
887 1204 1177 1259 insinuans
1202 1211 1257 1258 et
1298 1204 1677 1274 prenitentiam
1713 1224 1727 1259 :
1766 1214 1920 1258 uter-

341 1311 448 1361 que
489 1295 638 1350 enim
689 1311 869 1351 annus
908 1296 1255 1351 remissionis
1297 1304 1402 1361 est,
1449 1296 1577 1365 quia
1624 1295 1923 1365 perfectam

343 1386 742 1453 remissionem,
815 1404 960 1443 unus
988 1387 1210 1457 quidem
1262 1403 1375 1457 per.
1423 1388 1648 1442 domum
1711 1388 1919 1458 gratim,

341 1477 481 1529 alter
507 1486 729 1547 propter
750 1494 845 1533 eos
872 1479 965 1548 qui
993 1488 1190 1532 vacant
1230 1478 1285 1531 in
1318 1479 1562 1533 oratione
1596 1488 1653 1533 et
1677 1480 1920 1549 jejuniis,

340 1568 572 1636 aliisque
593 1568 853 1639 operibus
879 1580 1002 1638 quae
1039 1569 1334 1638 perﬁciunt
1365 1569 1767 1638 pmnitentiam,
1793 1585 1924 1640 pos-

340 1656 501 1711 sidet.
535 1654 593 1715 Si
619 1671 753 1726 ergo
780 1656 946 1714 simul
979 1658 1103 1727 quis
1128 1657 1315 1729 gratiae
1350 1657 1520 1721 viam,
1544 1674 1709 1726 quam
1735 1659 1922 1729 elegit,

2023 556 2173 612 nerit
2221 556 2362 622 dies,
2388 553 2768 609 sanetiilcatns
2818 549 2927 603 erit
2956 547 3206 610 Domino,
3241 555 3297 600 et
3329 545 3602 616 possessio

2022 654 2360 711 consecrata,
2392 645 2461 700 ad
2489 645 2578 715 jus
2604 642 2843 714 pertinet
2875 638 3242 695 sacerdotum.
3279 656 3300 689 ι

2092 742 2235 797 Ecce
2264 741 2523 796 damnum
2551 740 2672 809 ejus
2705 737 2796 802 qui
2819 750 3036 805 semper
3056 734 3126 788 ab
3153 733 3261 787 alio
3286 732 3607 801 opusbabct

2024 833 2337 905 gubernari,
2359 842 2416 888 et
2434 847 2547 886 non
2576 829 2809 901 proﬁcit,
2846 842 3025 897 neque
3043 826 3268 895 juvatur
3288 841 3352 879 ex
3373 824 3600 878 aliorum

2024 926 2301 991 doctrina,
2332 925 2425 980 sed
2448 939 2578 979 suas
2615 937 2831 992 semper
2856 921 2973 990 ipse
3002 920 3113 974 dux
3141 917 3307 972 estad
3331 915 3603 986 agendum

2024 1018 2177 1073 utilia
2209 1032 2310 1088 per
2347 1016 2662 1087 praesentia,
2690 1023 2879 1083 aperte
2909 1010 3185 1083 legislator
3211 1007 3472 1064 ostendit.
3497 1006 3601 1072 Qui

2024 1109 2170 1165 enim
2201 1105 2544 1163 consecravit
2586 1119 2777 1175 agrum
2822 1111 2881 1157 et
2920 1110 3107 1171 postea
3142 1098 3382 1162 redimit,
3412 1097 3501 1151 ille
3523 1105 3608 1152 est

2025 1200 2118 1269 qui
2163 1215 2318 1255 suam
2362 1196 2842 1253 corrversationem
2872 1194 2967 1247 alii
3004 1192 3295 1263 gubernari
3339 1188 3603 1260 permisit.

2024 1293 2219 1348 Postea
2242 1291 2334 1361 qui
2360 1291 2582 1361 juvatus
2609 1297 2714 1351 est,
2744 1284 3150 1354 etconquisivit
3168 1282 3524 1342 intellectum,
3547 1288 3606 1332 at

2019 1387 2140 1456 jam
2192 1392 2346 1448 esset,
2397 1384 2542 1438 sicut
2580 1383 2656 1436 ait
2700 1380 3000 1449 Propheta,
3057 1376 3295 1431 docibiiis
3331 1374 3429 1428 Dei
3452 1374 3518 1436 “,
3552 1380 3610 1425 et

2026 1480 2327 1547 disponere
2363 1474 2508 1544 apud
2555 1472 2911 1542 semetipsum
2958 1469 3131 1539 possit
3172 1468 3227 1521 in
3262 1467 3449 1521 futuro
3485 1480 3608 1534 qum

2026 1568 2346 1638 expediunt,
2370 1567 2457 1622 hic
2489 1580 2679 1636 agrum
2701 1579 2862 1621 suum
2894 1563 2998 1616 sibi
3025 1560 3298 1630 recipiens
3322 1558 3607 1626 conquisi-

2029 1659 2128 1716 vit.
2162 1658 2268 1725 Qui
2298 1667 2485 1713 autem
2515 1656 2654 1711 nihil
2679 1654 2973 1726 proiicites
3000 1652 3225 1707 alterius
3255 1649 3607 1720 gubernatio-

340 1746 630 1815 gubornari
658 1763 755 1817 per
783 1749 1126 1805 sacerdotem
1175 1758 1234 1803 et
1251 1748 1478 1818 produci
1505 1751 1640 1815 vult,
1665 1750 1767 1805 hoc
1794 1766 1923 1807 eum
2030 1766 2119 1815 ne,
2150 1765 2256 1805 nec
2285 1748 2573 1818 acquisivit
2600 1746 2958 1805 intellectura,
2986 1743 3083 1799 sed
3117 1757 3331 1811 semper
3346 1754 3485 1810 opus
3510 1741 3609 1794 ha-

338 1836 596 1891 sacerdos
624 1837 823 1907 exigat,
861 1838 1009 1906 quod
1048 1852 1172 1895 cum
1218 1836 1531 1904 doceretur,
1571 1854 1637 1894 es
1682 1838 1923 1909 perfecta
1957 1819 1998 1875 Β
2025 1842 2164 1896 bens
2192 1841 2262 1896 ab
2291 1840 2398 1897 alio
2422 1838 2602 1894 doceri
2628 1848 2684 1895 et
2716 1836 2838 1891 talis
2869 1835 3153 1897 exsistere,
3178 1832 3357 1902 qualis
3387 1831 3610 1886 fuerunt

339 1936 397 1981 et
420 1928 650 1997 spiritali
675 1928 924 1987 doctrina
954 1930 1221 1999 percepit,
1258 1930 1411 1985 nullo
1447 1930 1608 1986 modo
1633 1932 1686 1987 ei
1723 1932 1927 1988 eonde-

340 2020 629 2086 seendens,
675 2034 857 2090 neque
897 2020 1043 2079 enim
1086 2036 1315 2078 necesse
1375 2022 1560 2087 habet,
1602 2032 1790 2093 utpote
1827 2025 1923 2094 qui

342 2124 441 2179 per
484 2110 691 2167 donum
731 2120 1026 2169 renovatus
1069 2122 1173 2178 est,
1214 2114 1312 2169 sed
1358 2115 1413 2169 in
1445 2114 1713 2193 doctrina,
1762 2132 1923 2185 quam

342 2202 557 2270 accepit
585 2202 744 2271 plene
768 2218 898 2258 eum
928 2219 1253 2273 permanere
1268 2206 1423 2263 facit.
1451 2206 1507 2260 Si
1542 2216 1724 2262 autem
1746 2208 1815 2263 de
1830 2208 1927 2263 illo

341 2300 429 2347 est
469 2292 637 2359 dono,
681 2295 829 2363 quod
863 2297 1130 2366 percepit,
1162 2297 1481 2368 deciditquc
1507 2299 1575 2353 ab
1601 2314 1669 2354 eo
1695 2299 1753 2353 in
1787 2315 1925 2355 eon-

343 2385 654 2441 versatione
698 2405 711 2441 :
769 2388 874 2443 hoc
930 2395 1012 2443 est
1070 2390 1219 2445 enim
1270 2391 1610 2460 aliquantum
1662 2392 1925 2461 temporis

342 2473 556 2531 Jubihei
581 2475 696 2532 sive
727 2476 1065 2532 remissionis
1099 2493 1426 2534 consecrare
1469 2495 1677 2551 agrum,
1706 2491 1853 2536 recte
1872 2481 1924 2536 ei

344 2569 617 2638 reputabit
658 2570 915 2626 sacerdos
944 2582 1230 2642 argentum
1268 2574 1322 2628 in
1346 2590 1521 2629 annos
1544 2574 1805 2644 reliquos,
1828 2591 1925 2630 us-

342 2672 449 2728 que
462 2659 531 2715 ad
550 2674 754 2716 annum
783 2662 1125 2718 remissionis
1157 2664 1277 2719 sive
1296 2664 1536 2732 Jubilaei,
1568 2675 1626 2721 ut
1652 2665 1925 2735 reliquum

342 2747 393 2802 ei
418 2756 635 2820 tempus
665 2752 891 2807 deﬁniat
917 2752 986 2808 ad
1024 2754 1405 2823 prenitentiam
1429 2764 1487 2811 et
1511 2756 1833 2813 detrahetur
1856 2771 1927 2813 ex-

341 2840 539 2910 pretio.
597 2841 755 2909 Quod
798 2846 944 2899 enim
995 2846 1180 2901 minus
1225 2846 1378 2911 fecit,
1422 2855 1480 2902 et
1529 2848 1921 2904 detrimentum

340 2932 584 3001 pertulit,
607 2944 664 2990 et
701 2935 946 2993 deterius
973 2946 1330 2995 conversatus
1369 2947 1473 3002 est,
1516 2938 1623 2996 hoc
1646 2940 1793 2997 dono
1820 2940 1924 2997 im-

340 3023 562 3089 minuit,
600 3035 659 3082 et
701 3026 968 3085 inﬁrmior
995 3029 1226 3087 edoctus
1253 3039 1340 3087 est
1386 3039 1447 3089 et
1488 3040 1779 3102 propterea
1825 3032 1924 3088 ab-

2024 1932 2246 2002 quidam
2288 1931 2648 1987 Judaeorum:
2696 1944 2833 1999 quos
2875 1928 3022 1982 Deus
3073 1941 3168 1995 per
3233 1923 3607 1993 propheticum

1984 2054 1987 2057 -
2026 2035 2219 2078 vocem
2243 2020 2602 2091 exprobrans,
2633 2020 2760 2075 talia
2791 2018 3008 2072 dicebat
3038 2036 3052 2072 :
3084 2014 3187 2080 Qui
3216 2015 3364 2068 electi
3398 2024 3518 2069 sunt
3544 2031 3610 2069 ea:

2025 2124 2195 2177 utero,
2253 2113 2422 2167 edocti
2450 2115 2516 2165 ab
2557 2112 2787 2183 infantia
2826 2126 2989 2179 usque
3015 2109 3087 2162 ad
3116 2116 3433 2163 senectutem
3464 2106 3530 2168 ³⁵,
3551 2113 3611 2162 et

2026 2216 2216 2258 rursus
2236 2219 2248 2257 :
2268 2201 2525 2270 Ephraim
2552 2202 2687 2254 sicut
2719 2199 2958 2253 columba
2992 2199 3259 2253 insensata
3289 2213 3390 2250 non
3416 2195 3609 2250 habens

2025 2310 2110 2348 cor
2124 2295 2190 2353 ⁵⁵.
2212 2302 2269 2352 et
2299 2308 2523 2349 rursus:
2555 2293 2815 2362 Ephraim
2846 2292 2901 2345 in
2918 2290 3125 2359 populis
3159 2290 3271 2343 suis
3298 2290 3610 2343 rorunaisce-

2024 2385 2181 2447 batur
2196 2385 2260 2439 “.
2286 2383 2542 2455 prraim
2566 2383 2743 2440 iactus
2763 2394 2846 2439 est
2870 2385 2921 2437 in
2940 2383 3157 2438 occulto
3172 2391 3265 2438 tuo
3281 2397 3607 2446 conversus,

2025 2487 2079 2535 et
2106 2477 2229 2532 cani
2268 2476 2625 2533 eﬂloruerunt
2662 2478 2737 2540 ei,
2777 2476 2893 2546 ipse
2938 2484 3123 2531 autem
3168 2491 3277 2529 non
3326 2476 3606 2545 cognovit,

2024 2570 2148 2640 quia
2189 2571 2235 2625 si
2275 2570 2444 2627 malos
2477 2569 2732 2626 doctores
2775 2569 3069 2631 invenerit,
3102 2568 3242 2623 mala
3285 2568 3461 2622 modis
3485 2583 3608 2622 om-

2024 2662 2188 2719 nibus
2233 2669 2515 2731 operatur,
2569 2669 2628 2715 ut
2671 2659 2765 2729 qui
2810 2674 2922 2713 non
2969 2659 3134 2714 habet
3186 2658 3604 2722 discretionem,

2022 2767 2269 2822 quaerere
2289 2767 2403 2809 non
2426 2760 2606 2822 potest
2634 2750 2941 2807 mercedem
2972 2750 3190 2807 virtutis
3216 2764 3383 2821 quam
3414 2748 3608 2821 egerit,

2023 2853 2078 2901 et
2102 2852 2389 2915 propterea
2416 2844 2698 2914 proprium
2728 2856 2921 2914 agrum
2948 2842 3150 2899 dicitur
3176 2857 3288 2898 non
3313 2842 3606 2897 redimere.

2025 2935 2135 2991 Sed
2172 2936 2429 2993 veniente
2479 2935 2731 2997 Jubileo,
2775 2934 2826 2991 id
2858 2943 2943 2990 est
2985 2943 3232 3005 tempore
3271 2932 3610 2991 remissionis

2023 3038 2365 3095 transeunte,
2399 3029 2455 3085 in
2481 3045 2590 3099 quo
2618 3027 2870 3084 remissio
2904 3027 3087 3085 locum
3109 3028 3296 3093 habet,
3315 3037 3402 3087 est
3420 3036 3608 3085 autem

338 3114 557 3216 jectior,
606 3124 684 3216 et
703 3132 813 3216 non
839 3119 951 3189 jam
1002 3120 1124 3175 talis
1167 3128 1254 3179 est
1284 3121 1462 3190 qualis
1490 3137 1614 3177 cum
1639 3123 1920 3194 acceperit
1948 3152 1994 3216 ο
2023 3135 2268 3192 praesens
2294 3121 2427 3187 vita,
2460 3122 2583 3179 vide
2603 3122 2763 3192 quale
2797 3131 3175 3193 quantumque
3202 3123 3296 3189 sit,
3333 3120 3480 3193 quod
3506 3134 3607 3192 pa-

339 3206 568 3270 donum,
607 3207 732 3269 fuit.
770 3208 1160 3267 Verumtamen
1200 3220 1261 3271 et
1292 3212 1379 3272 hic
1411 3213 1601 3271 volens
1652 3214 1923 3273 redimere

337 3313 530 3369 agrum
556 3315 719 3359 suum
750 3303 973 3372 poterit,
1003 3302 1056 3359 id
1090 3312 1195 3367 est,
1228 3305 1585 3374 semetipsum
1616 3306 1923 3376 gubernare

340 3398 398 3443 et
433 3390 651 3457 docere,
701 3394 964 3463 adjiciens
1002 3395 1247 3464 quintam
1296 3397 1506 3465 argenti
1555 3397 1624 3453 ad
1678 3398 1921 3467 pretium

343 3494 528 3543 suum,
567 3482 777 3539 addens
818 3486 1081 3543 doctrinm
1113 3488 1415 3544 sacerdotis
1451 3490 1732 3560 proprium
1765 3490 1925 3546 intel-

344 3570 569 3635 lectum,
608 3581 671 3628 ut
712 3573 1018 3647 intelligens
1058 3577 1411 3648 eruditusque
1456 3579 1542 3634 sui
1594 3581 1923 3650 gubernator

343 3664 641 3735 doctorque
695 3666 983 3724 eﬁiciatur.
1036 3667 1128 3724 Sic
1173 3669 1323 3724 enim
1378 3671 1733 3743 intelligibiiis
1773 3690 1919 3746 ager,

341 3771 503 3823 quem
534 3758 876 3815 consecravit
901 3759 1141 3815 oﬁerens
1163 3760 1455 3828 sacerdoti,
1487 3763 1559 3818 ab
1586 3779 1654 3819 eo
1672 3766 1923 3835 posside-

342 3846 511 3912 bitur,
536 3858 598 3904 et
633 3864 745 3905 non
784 3851 855 3907 ab
892 3851 1019 3916 alio,
1060 3853 1428 3917 conversatio,
1464 3865 1521 3910 et
1544 3855 1718 3912 virtus
1756 3869 1922 3928 quam

340 3941 546 4006 studet,
578 3943 694 3997 sive
716 3958 784 3999 ex
808 3953 946 4009 toto,
988 3944 1100 4000 sive
1127 3959 1197 4000 ex
1233 3956 1409 4016 parte,
1431 3949 1529 4003 sed
1553 3948 1673 4018 ipse
1694 3952 1787 4020 qui
1810 3953 1923 4020 agit

341 4033 703 4102 reputabitur.
772 4035 1035 4092 Divisioni
1090 4038 1236 4093 enim
1293 4039 1618 4111 legislatoris
1674 4042 1917 4109 intende,

338 4125 794 4194 quemadmodum
815 4128 1177 4195 sanctiiieare,
1194 4131 1317 4186 sive
1328 4148 1653 4189 consecrare
1671 4135 1921 4201 domum,

340 4216 425 4272 vel
455 4232 644 4288 agrum
694 4219 967 4275 volentem
1020 4222 1490 4279 consecrationem
1535 4224 1687 4294 prius
1741 4226 1921 4283 facere

339 4306 475 4371 vult,
514 4307 701 4377 sicque
742 4308 790 4363 ei
825 4308 1069 4379 prmeipit
1108 4310 1395 4374 redimere,
1424 4327 1547 4382 qua:
1582 4314 1919 4371 sanctiﬁcata

338 4410 487 4452 sunt.

2025 3213 2233 3269 tietur:
2266 3213 2545 3284 possessio
2587 3213 2923 3271 sanctiﬁcata
2951 3213 3057 3270 erit
3094 3213 3350 3277 Domino,
3380 3227 3610 3270 conver-

2023 3305 2289 3363 sationem
2314 3321 2477 3375 quatn
2519 3307 2688 3362 semel
2712 3316 3041 3362 consecutus
3084 3317 3188 3373 est,
3224 3305 3437 3363 etiamsi
3470 3305 3608 3363 alter

2023 3407 2141 3452 erat
2166 3397 2257 3466 qui
2289 3396 2646 3467 gubernabat.
2671 3409 2855 3455 sancta
2882 3399 2991 3453 erit
3009 3397 3255 3453 Domino.
3284 3397 3390 3455 Sed
3415 3412 3609 3467 quern-

2023 3485 2317 3541 admodum
2361 3495 2418 3540 et
2446 3484 2724 3555 possessio
2777 3493 3118 3552 consecrata,
3159 3486 3228 3540 ad
3254 3486 3344 3555 jus
3368 3485 3607 3556 pertinet

2024 3577 2375 3633 sacerdotum
2408 3595 2422 3630 :
2451 3576 2726 3647 possessio
2744 3576 2891 3635 enim
2918 3576 3058 3646 ejus,
3088 3586 3145 3633 et
3167 3577 3378 3635 lucrum
3408 3577 3481 3641 ei,
3510 3576 3607 3646 qui

2022 3669 2287 3725 continue
2328 3670 2673 3740 gubernavit,
2713 3669 3090 3740 imputabitur,
3125 3669 3228 3725 etsi
3273 3684 3466 3738 parum
3508 3683 3605 3723 ne-

2022 3762 2286 3834 glexerat,
2330 3769 2586 3827 verterat,
2634 3763 2750 3817 sive
2795 3770 3098 3823 mutaverat
3135 3777 3194 3817 se
3229 3761 3296 3816 ad
3328 3760 3527 3815 malum
3557 3760 3605 3815 is

2020 3854 2115 3925 qui
2156 3855 2227 3914 ab
2264 3869 2333 3910 eo
2360 3854 2806 3925 gubernabatur:
2840 3863 3030 3925 utpote
3064 3855 3157 3925 qui
3191 3855 3326 3909 nihil
3368 3854 3606 3909 habebat

2022 3948 2155 4007 boni
2193 3948 2362 4005 studii
2390 3964 2457 4007 ex
2507 3947 2789 4005 intellectu
2832 3949 3056 4018 preprio
3090 3948 3183 4018 qui
3213 3946 3554 4019 gubernabat
3585 3964 3601 4002 :

2021 4053 2153 4109 ergo
2191 4055 2340 4105 eunt,
2384 4040 2527 4098 sicut
2567 4040 2621 4099 in
2649 4054 2747 4097 sua
2780 4039 3221 4107 conversatione,
3253 4039 3416 4099 sicin
3452 4038 3600 4099 illius

2021 4132 2363 4204 gloriabitur,
2390 4143 2447 4190 et
2465 4142 2752 4204 propterea
2782 4134 2860 4191 ait
2891 4152 2906 4189 :

2091 4223 2361 4280 Possessio
2386 4233 2714 4288 consecrata,
2756 4224 2829 4279 ad
2854 4223 2947 4293 jus
2976 4225 3201 4292 pertinet
3245 4225 3600 4278 sacerdotum.

2022 4316 2090 4379 Et
2141 4316 2279 4371 nihil
2327 4315 2827 4381 nocet-sacerdoti,
2872 4315 2962 4369 alii
3023 4331 3213 4387 agrum
3259 4315 3443 4381 vendi,
3474 4316 3600 4385 quia

2022 4410 2188 4466 ﬁnem
2235 4410 2518 4475 doctrinae,
2554 4418 2609 4463 et
2648 4408 3067 4475 exhortationis,
3118 4423 3302 4485 quem
3332 4409 3598 4479 oportuit.

406 4491 475 4543 Et
507 4499 650 4553 tunc,
676 4492 868 4562 inquit,
899 4494 1176 4560 possidebit
1217 4510 1358 4547 eum.
1392 4494 1505 4550 Hoc
1536 4498 1919 4565 proculdubio
1951 4495 1994 4551 Ι)
2022 4500 2294 4558 exhibens
2342 4501 2390 4556 ei
2421 4517 2584 4571 quem
2628 4498 2991 4570 gubernabat,
3032 4499 3250 4559 invenit
3292 4498 3444 4555 illum
3489 4514 3601 4554 non

337 4580 628 4647 mandans,
656 4582 782 4652 quia
807 4594 1023 4655 oportet
1041 4586 1258 4656 quidem
1290 4602 1396 4643 nos
1426 4603 1526 4659 per
1560 4590 1917 4645 sacerdotum

335 4671 660 4737 doctrinam,
701 4685 757 4730 et
796 4677 1054 4747 regulam,
1095 4688 1152 4734 et
1170 4679 1346 4751 legem
1389 4690 1634 4739 nostram
1681 4696 1915 4739 conver-

335 4761 601 4817 sationem
640 4765 966 4836 gubernare,
1011 4769 1232 4838 quando
1269 4784 1391 4825 eam
1422 4771 1577 4842 prius
1603 4772 1914 4830 sanctiﬁca-

335 4867 478 4909 mus.
522 4854 628 4909 Sed
659 4866 877 4924 oportet
902 4868 960 4914 et
991 4861 1282 4928 proﬁcere,
1309 4867 1367 4916 et
1395 4862 1611 4918 illorum
1648 4864 1916 4920 doctrina

334 4951 581 5000 nostrum
606 4945 848 5016 adjicere
880 4948 1214 5005 intellectum
1251 4969 1267 5006 :
1299 4964 1523 5023 propter
1543 4954 1688 5023 quod
1712 4955 1913 5011 Paulus

332 5034 400 5088 ad
431 5035 778 5093 Timotheum
810 5039 1086 5095 scribebat
1119 5059 1132 5094 :
1169 5042 1411 5113 lntellige
1430 5061 1547 5114 quin
1571 5045 1726 5100 dico:
1763 5046 1914 5102 dabit

332 5127 473 5181 enim
502 5129 595 5183 tibi
633 5130 890 5185 Dominus
917 5133 975 5185 in
1003 5135 1242 5188 omnibus
1265 5134 1585 5189 intellectum
1605 5135 1675 5191 δ’.
1696 5136 1763 5192 Et
1782 5146 1912 5195 tunc

332 5219 736 5287 possidebimus
770 5224 991 5293 proprie
1032 5240 1153 5293 qua:
1180 5226 1453 5296 egerimus
1492 5227 1911 5287 sanctiﬁcationi

332 5311 598 5380 proxima.
628 5313 685 5368 Si
702 5324 884 5373 autem
911 5317 1050 5370 hanc
1070 5318 1393 5373 divisionem
1418 5335 1524 5374 non
1550 5320 1726 5376 intuiti
1744 5322 1912 5379 fueri-

330 5419 476 5467 mus,
505 5406 628 5461 vide
658 5408 790 5475 quid
815 5408 1106 5478 patiemur.

408 5495 565 5551 Vens.
604 5497 801 5553 20—2l.
844 5516 865 5550 ι
905 5498 961 5552 Si
1002 5510 1186 5553 autem
1225 5502 1463 5557 noluerit
1493 5503 1779 5569 redimere,
1815 5507 1912 5562 sed

328 5588 486 5643 alteri
524 5591 753 5647 cuilibet
802 5592 968 5647 fuerit
1019 5596 1383 5657 venundatus,
1439 5596 1577 5652 ultra
1641 5613 1765 5653 cum
1817 5600 1911 5669 qui

440 5793 478 5819 "
509 5792 547 5844 .l
604 5793 746 5848 Tim.
784 5811 841 5858 ιι,
872 5793 921 5846 7.
1039 5796 1215 5853 “15a.
1248 5813 1352 5852 [ιν.
1390 5798 1481 5866 Ιῧ;
1522 5797 1681 5854 Joan.
1715 5817 1785 5865 vi,
1816 5800 1901 5855 45.

2023 4605 2185 4660 posse
2217 4590 2436 4660 propria
2481 4590 2776 4656 redimere,
2804 4590 2857 4646 id
2887 4599 2973 4647 est
3010 4591 3369 4661 semetipsum
3414 4605 3602 4660 regere

2021 4691 2079 4739 et
2092 4682 2426 4754 gubernare.
2444 4690 2576 4737 tunc
2594 4698 2785 4754 agrum
2817 4682 3073 4739 vendidit
3088 4682 3252 4738 alium
3278 4695 3601 4751 praeponens

2019 4775 2095 4840 ei,
2130 4775 2228 4844 qui
2251 4773 2471 4839 obtulit,
2488 4774 2583 4844 qui
2621 4775 2903 4831 exhortari
2924 4775 3172 4840 deberet,
3199 4775 3296 4830 sed
3314 4788 3528 4828 merces
3547 4780 3603 4827 et

2021 4866 2234 4923 lucrum
2254 4866 2376 4935 ejus
2388 4875 2496 4931 est,
2524 4867 2615 4937 qui
2635 4867 2924 4938 proposuit
2951 4885 2966 4920 :
2995 4867 3106 4922 nisi
3130 4866 3270 4920 forte
3294 4879 3398 4920 nec
3414 4863 3599 4923 Petro.

2020 4974 2124 5013 nec
2165 4958 2352 5023 Paulo,
2404 4973 2509 5014 nec
2559 4961 2820 5030 apostolis
2884 4960 3133 5015 dicamus
3188 4956 3453 5028 imputari
3502 4970 3601 5011 eos

2020 5065 2162 5119 quos
2208 5065 2310 5120 per
2361 5051 2614 5122 proprios
2651 5052 2952 5124 discipulos
2999 5051 3068 5111 ad
3109 5051 3279 5107 vitam
3328 5048 3599 5122 guberna-

2021 5150 2241 5196 verunt.

2089 5231 2255 5286 Vens.
2277 5231 2467 5286 22—26.
2502 5250 2523 5283 ι
2555 5231 2615 5286 Si
2648 5247 2778 5302 ager
2790 5239 3030 5300 emptus,
3058 5239 3116 5284 et
3144 5244 3255 5284 non
3282 5230 3352 5286 de
3377 5244 3595 5301 posses-

2019 5326 2173 5382 sione
2204 5325 2478 5394 majorum
2500 5324 2878 5378 sanetitlcatus
2902 5321 3069 5376 fuerit
3103 5321 3354 5386 Domino,
3387 5336 3597 5390 suppu-

2022 5416 2157 5472 tabit
2194 5414 2454 5470 sacerdos
2476 5413 2632 5482 juxta
2672 5426 2965 5466 numerum
2991 5426 3285 5478 annorum,
3319 5427 3491 5482 usque
3527 5413 3593 5467 ad

2019 5506 2309 5563 Jubilzeum
2348 5501 2611 5574 pretium,
2645 5511 2702 5558 et
2723 5501 2878 5557 dabit
2909 5501 3000 5557 ille
3029 5502 3124 5572 qui
3147 5512 3335 5558 votum
3370 5511 3605 5559 voverat

2022 5599 2273 5654 Domino.
2312 5597 2369 5651 in
2406 5594 2640 5651 iubilazo
2669 5603 2855 5650 autem
2887 5603 3197 5651 revertetur
3239 5597 3308 5651 ad
3353 5597 3593 5666 priorem

2016 5802 2055 5832 '”
2079 5799 2283 5858 Jercm.
2319 5817 2398 5858 tit.
2514 5799 2559 5831 "
2591 5797 2752 5855 Osce.
2783 5813 2876 5862 vn,
2910 5797 2992 5852 il.
3116 5796 3161 5829 "
3200 5798 3335 5853 ibid.
3370 5794 3424 5852 8.
