4036 6200
408 318 543 386 1171
1600 332 1967 393 HESYCHII
2007 333 2486 398 PRESBYTERI

414 442 832 514 ltominum,qui
851 443 1170 500 vendiderat
1190 460 1335 511 eum,
1355 456 1412 502 et
1430 447 1767 505 habueratin
1784 459 1989 506 sortem
2020 456 2063 511 Δ
2094 451 2235 521 ejus,
2268 463 2458 509 sancta
2481 455 2714 510 Domino
2741 455 3051 512 invenitur:
3098 457 3244 512 bene
3271 466 3453 514 autem
3484 460 3684 530 David,

413 536 774 603 possessionis
800 553 932 591 sum.
960 535 1153 591 Omnis
1173 538 1466 594 aestimatio
1504 540 1640 596 siclo
1690 543 1988 598 sanctuarii

414 628 824 696 ponderabitur.
862 628 1044 683 Siclus
1066 629 1259 701 viginti
1278 630 1469 686 obolos
1498 632 1684 688 habet.
1718 634 1993 705 Primoge-

412 720 526 774 nita
569 735 692 788 quas
749 718 816 773 ad
856 718 1028 773 Deum
1077 721 1375 788 pertinent,
1433 738 1600 777 nemo
1646 725 1991 781 sanctiﬁcare

411 810 633 881 poterit,
656 820 712 865 et
744 825 966 877 vovere,
987 812 1104 867 sive
1134 812 1254 876 bos,
1284 814 1399 869 sive
1424 814 1544 869 ovis
1578 814 1738 871 fuerit
1773 816 1988 877 Domini

410 912 561 959 sunt.
604 924 622 956 ι

481 995 767 1051 Maximam
789 996 1060 1066 justitiam
1086 998 1220 1069 legis
1253 999 1434 1055 littera
1477 1009 1533 1055 et
1554 1002 1778 1072 spiritus
1809 1012 1989 1058 osten-

408 1088 510 1143 dit.
559 1087 766 1142 Littera
811 1088 1080 1158 siquidem
1117 1106 1307 1161 agrum
1349 1094 1690 1161 possidentes
1723 1095 1985 1162 alienum,

411 1189 472 1234 ut
528 1180 873 1235 sanctiﬁcent
917 1180 1049 1243 Deo,
1094 1190 1153 1235 ut
1200 1183 1436 1239 oﬁ'erant
1486 1186 1885 1255 sacerdotibus,
1927 1196 1988 1241 ut

409 1286 602 1326 eorum
632 1271 701 1326 sit
728 1270 977 1327 redditus
1003 1287 1152 1342 ager,
1184 1289 1293 1327 non
1328 1274 1502 1329 vetuit
1538 1275 1663 1344 quia
1706 1292 1817 1330 non
1861 1292 1987 1346 spe-

406 1364 619 1420 cialiter
638 1379 799 1420 suum
831 1363 1031 1419 obtulit
1061 1383 1073 1417 :
1106 1366 1250 1420 sicut
1279 1365 1426 1420 enim
1450 1376 1685 1437 emptus.
1708 1368 1827 1436 ejus
1857 1378 1988 1424 tunc

408 1464 545 1519 erat,
578 1456 657 1511 sic
682 1455 848 1509 etiam
872 1455 965 1526 qui
984 1456 1053 1510 de
1083 1457 1377 1512 vendentis
1410 1457 1587 1512 luerat
1612 1460 1981 1528 possessione,

410 1555 558 1601 recte
589 1546 801 1600 alienus
826 1555 929 1601 est.
965 1546 1233 1617 Praecepit
1258 1548 1404 1602 enim
1429 1558 1753 1619 computare
1798 1567 1985 1606 sacer-

408 1638 591 1692 dotem
621 1638 733 1709 agri
762 1639 1003 1708 pretium
1045 1655 1220 1709 usque
1255 1641 1322 1695 ad
1352 1640 1661 1709 Jubilasum,
1696 1653 1752 1698 et
1780 1645 1861 1698 sic
1887 1660 1985 1713 pro

403 1745 473 1786 eo
494 1730 625 1785 dare
650 1730 919 1799 pretium;
950 1731 1005 1785 in
1036 1730 1270 1787 Jubilaeo
1297 1741 1482 1787 autem
1508 1735 1705 1788 reverti
1741 1751 1804 1789 ac
1830 1736 1982 1791 reddi

406 1823 573 1892 priori
621 1824 866 1890 domino,
900 1824 952 1880 id
994 1834 1081 1881 est
1111 1827 1162 1880 ei
1193 1826 1287 1895 qui
1333 1835 1561 1897 propter
1604 1838 1982 1899 paupertatem

407 1931 521 1970 rem
550 1919 826 1986 propriam
858 1917 1124 1981 vendidit,
1167 1927 1223 1973 et
1250 1918 1318 1973 ad
1363 1926 1575 1974 certum
1605 1934 1725 1975 eam
1773 1931 1986 1990 tempus

406 2010 687 2065 alienavit.
720 2011 801 2064 At»
841 2012 945 2065 hoc
985 2026 1117 2081 ergo
1150 2022 1206 2066 et
1230 2012 1297 2067 ad
1339 2014 1639 2082 spiritalem
1672 2015 1982 2085 intelligen-

404 2104 536 2155 tiam
564 2102 779 2156 trausit.
960 2131 969 2135 -
1258 2154 1275 2165 κ

474 2191 531 2245 Si
582 2207 711 2260 ager
748 2201 973 2260 emptus,
1007 2200 1057 2245 et
1090 2208 1195 2245 non
1225 2193 1289 2246 de
1340 2193 1664 2262 possessione
1716 2194 1983 2264 majorum

403 2285 764 2353 sancti/iratus
829 2286 987 2355 fuerit
1069 2285 1320 2350 Dontino,
1379 2287 1685 2357 supputabit
1742 2292 1984 2345 sacerdos

395 2377 555 2446 juxta
584 2393 845 2432 annorum
878 2394 1152 2432 numerum
1176 2394 1337 2450 usque
1367 2381 1438 2434 ad
1459 2380 1760 2437 Jubilwum.
1779 2386 1981 2455 Agrum

403 2470 493 2537 qui
522 2468 766 2538 possidet
805 2485 969 2539 quem
987 2470 1141 2536 emit,
1181 2479 1239 2525 et
1274 2486 1385 2526 non
1419 2481 1504 2526 est
1522 2488 1638 2528 suae
1680 2476 1984 2544 possessio-

404 2560 513 2624 nis,
547 2560 592 2613 is
645 2559 737 2630 qui
791 2560 1188 2631 intelligibilem
1251 2572 1630 2632 paupertatem
1682 2566 1983 2635 patientem

403 2650 680 2706 exhortari
709 2650 873 2712 valet,
910 2665 1252 2721 arguereque
1276 2668 1425 2717 eum,
1458 2662 1624 2724 atque
1666 2671 1883 2713 movere
1913 2659 1980 2713 ad

407 2743 822 2806 pmnitentiam:
867 2742 1259 2813 intelligibilcm
1317 2746 1462 2801 enim
1527 2757 1764 2816 terram,
1819 2767 1980 2820 quam

408 2836 499 2890 ille
520 2834 863 2905 possidebat,
892 2833 964 2888 de
1009 2849 1119 2904 qua
1174 2834 1366 2890 David
1402 2838 1699 2906 psallebat:
1751 2839 1982 2911 Spiritus

406 2939 527 2983 tuus
577 2938 795 2982 sanctus
817 2930 1036 2982 deducet
1066 2945 1148 2982 me
1194 2929 1249 2982 in
1282 2941 1483 2984 terram
1535 2941 1736 2986 rectam
1753 2933 1821 2999 ",
1866 2934 1984 3005 ipse

405 3020 799 3091 possidet,‘non
823 3020 1151 3091 permittens
1166 3035 1286 3075 eam
1302 3036 1422 3090 quae
1450 3039 1517 3078 cx
1536 3032 1651 3079 toto
1678 3027 1980 3096 corrumpi,

2096 546 2254 600 redde
2268 546 2335 609 ⁸⁸,
2366 549 2452 603 vel
2482 548 2629 603 sicut
2658 547 2820 614 LXX,
2847 550 3047 609 reddet.
3081 564 3213 614 non,
3253 551 3506 609 reddent:
3544 570 3683 609 nam

2093 638 2197 692 etsi
2221 639 2498 694 communi
2524 640 2754 695 consilio
2770 640 3089 704 sacerdotis,
3133 650 3188 695 et
3210 643 3334 711 ejus
3364 644 3457 713 qui
3504 646 3681 701 movit

2094 740 2439 800 peccatorem
2461 732 2528 788 ad
2564 732 2968 803 paenitentiam,
3001 733 3071 787 de
3112 748 3178 788 ca
3238 734 3488 790 deﬁnitio
3536 752 3683 792 con-

2093 818 2371 884 stituitur,
2402 836 2526 891 quae
2573 822 2910 887 aestimatur,
2966 832 3342 879 verumtamen
3399 824 3491 880 ille
3544 841 3681 882 eum

2091 911 2304 976 eﬂ'erat,
2361 913 2455 983 qui
2517 912 2743 968 fratrem
2797 913 3110 983 culpantem
3156 917 3447 986 compungi
3510 917 3676 972 fecit:

2092 1002 2220 1058 huic
2251 1004 2397 1060 enim
2423 1014 2483 1059 et
2499 1004 2739 1069 obediet,
2767 1003 2864 1059 sed
2891 1013 2946 1059 et
2967 1004 3082 1074 ipse
3103 1005 3378 1076 obligatur
3403 1008 3458 1061 in
3483 1024 3682 1064 emen-

2090 1096 2371 1152 dationem
2419 1096 2545 1166 ejus
2593 1096 2685 1166 qui
2732 1095 3112 1166 penitentiam
3170 1098 3302 1168 agit,
3336 1107 3524 1167 utpote
3572 1102 3674 1170 qui

2090 1188 2258 1244 semel
2303 1187 2426 1258 ejus
2449 1186 2809 1242 correctionis
2835 1185 2966 1241 fecit
2999 1187 3306 1243 exordium.
3344 1188 3446 1255 Qui
3484 1200 3674 1246 autem

2089 1298 2200 1337 non
2227 1281 2396 1346 illico,
2424 1296 2549 1336 cum
2571 1279 2829 1335 deﬁnitur
2851 1279 3486 1349 paenitentiammnitens
3507 1298 3679 1337 mun-

2088 1376 2272 1442 datur,
2307 1374 2403 1430 sed
2431 1374 2652 1445 quando
2681 1388 2801 1428 eam
2834 1372 3130 1443 perfectam
3159 1373 3354 1443 egerit,
3380 1382 3675 1444 propterea

2088 1469 2197 1523 ait:

2159 1560 2225 1614 1η
2250 1559 2477 1616 Jubilteo
2503 1568 2684 1614 autem
2709 1568 2995 1615 revertetur
3023 1559 3095 1612 ad
3139 1559 3370 1628 priorem
3394 1559 3671 1613 dominum

2088 1653 2177 1724 qui
2205 1653 2512 1706 vendiderat
2570 1669 2710 1706 eum.
2747 1650 2888 1722 Ergo
2945 1649 3194 1706 deﬁnitio
3222 1650 3566 1721 ptenitentia:
3610 1652 3669 1705 in

2090 1746 2180 1799 illa
2214 1745 2303 1799 die
2346 1754 2540 1799 sancta
2592 1759 2715 1798 mox
2757 1744 2886 1809 ﬁet,
2938 1744 2995 1797 in
3045 1757 3152 1812 qua
3199 1758 3230 1797 a
3281 1744 3568 1799 sacerdote
3610 1752 3665 1798 et

2090 1834 2441 1887 exhortatore
2471 1834 2591 1902 ejus
2621 1832 2713 1903 qui
2738 1832 3118 1903 pmnitentiam
3148 1840 3378 1887 acturus
3416 1843 3532 1887 erat
3570 1849 3673 1903 per

2087 1923 2327 1979 divinam
2351 1921 2724 1993 Scripturam,
2753 1924 3030 1994 quomodo
3073 1939 3194 1978 eam
3237 1924 3437 1979 debeat
3483 1939 3662 1995 agere.

2086 2019 2408 2073 aestimatur.
2470 2015 2627 2071 Tunc
2675 2024 2859 2069 autem
2915 2014 3195 2085 paenitens
3260 2015 3660 2084 possessionem

2084 2125 2260 2174 suam,
2280 2122 2598 2180 agrumque,
2613 2119 2670 2161 et
2684 2106 3155 2162 conversationem
3179 2105 3425 2175 recipiet,
3442 2105 3656 2175 quando

2085 2200 2153 2255 ad
2181 2215 2385 2255 annum
2414 2197 2984 2269 perveneritJuhilmi,
3015 2196 3133 2251 sive
3163 2193 3513 2258 remissionis,
3533 2195 3658 2250 sive

2087 2288 2490 2350 immutatione,
2519 2297 2574 2341 et
2613 2285 2775 2357 plene
2806 2300 2976 2356 agens
3019 2300 3084 2339 ea
3129 2300 3255 2355 quae
3286 2286 3355 2339 ad
3387 2285 3660 2357 perniten-

2084 2384 2215 2436 tiam
2237 2378 2546 2451 pertinent:
2574 2377 2671 2432 sed
2691 2376 2864 2431 etiam
2907 2376 2962 2430 in
2992 2383 3167 2430 totum
3208 2377 3446 2433 reddens
3482 2392 3665 2433 sacer-

2083 2475 2268 2530 dotem
2302 2480 2361 2527 et
2399 2485 2619 2525 onmem
2671 2469 2948 2524 hominem
2988 2469 3082 2538 qui
3130 2469 3411 2525 exhortari
3458 2480 3663 2525 semet-

2082 2568 2261 2637 ipsum
2290 2574 2385 2620 aut
2410 2563 2742 2635 proximum,
2766 2572 2864 2617 aut
2898 2563 3124 2618 domum
3168 2577 3325 2618 suam
3349 2564 3487 2629 vult,
3514 2572 3573 2618 et
3590 2579 3665 2618 ex

2084 2660 2188 2714 hoc
2210 2658 2317 2713 sibi
2335 2654 2821 2711 sanctiﬁcatioaem
2844 2655 3190 2724 conquirere,
3210 2670 3475 2710 coronam
3496 2654 3667 2725 incly-

2085 2762 2216 2815 tam,
2252 2758 2307 2803 et
2334 2748 2644 2802 ﬁrmitatem
2677 2745 3054 2801 admirabilem
3083 2745 3403 2815 exquisivit.

2158 2842 2343 2897 Omnis
2398 2840 2685 2895 (estimatio
2736 2838 2866 2892 siclo
2897 2839 3195 2891 sanctuarii
3243 2838 3662 2917 ponderabitur‘:

2083 2938 2243 2990 sic-'us
2262 2936 2369 2989 sive
2392 2932 2704 2988 didrachma
2734 2932 2922 3002 viginti
2950 2931 3124 2985 obolos
3150 2931 3329 2985 habet.
3367 2930 3442 2985 Ut
3482 2930 3669 2985 omnis

2084 3028 2389 3092 aestimatio,
2418 3028 2536 3082 sive
2584 3026 2869 3089 deﬁnitio,
2901 3025 3110 3081 sanctis
3157 3025 3253 3079 ﬁat
3306 3025 3663 3095 ponderibus,

406 3110 507 3166 sed
532 3111 754 3206 lucrans
785 3111 972 3206 fratris
992 3112 1270 3206 virtutem,
1306 3112 1395 3206 vel
1420 3113 1609 3179 vitam,
1638 3116 1707 3171 de
1754 3133 1859 3187 qua
1893 3119 1981 3174 ille
2009 3149 2052 3206 ο
2086 3121 2138 3176 id
2166 3130 2270 3183 est,
2300 3120 2384 3174 his
2406 3134 2529 3189 qua)
2556 3126 2687 3173 sunt
2732 3119 2800 3173 de
2826 3133 2981 3173 sacra
3024 3116 3327 3186 Scriptura.
3381 3117 3667 3171 Exteriora

409 3218 507 3275 per
538 3204 925 3276 negligentiam
949 3205 1168 3260 cecidit.
1209 3203 1267 3259 Si
1315 3205 1478 3276 igitur
1498 3222 1622 3261 eam
1676 3210 1985 3265 sanctiﬁca-

405 3295 549 3351 verit
602 3294 854 3361 Domino,
893 3296 947 3351 id
1004 3306 1090 3352 est
1134 3297 1395 3353 obtulerit
1441 3300 1733 3367 sacerdoti,
1789 3303 1985 3365 audisti

407 3391 556 3444 enim
593 3389 720 3460 quia
774 3389 827 3444 in
888 3390 1146 3459 praesenti
1181 3389 1510 3445 sanctiﬁcari
1562 3391 1676 3447 Deo
1726 3392 1860 3447 dicit
1898 3406 1983 3459 ea,

406 3501 530 3555 quae
563 3483 941 3539 sacerdotibus
960 3494 1108 3543 sorte
1134 3485 1498 3540 obvenerunt.
1527 3484 1725 3542 OlTerri
1776 3498 1985 3551 autem,

407 3574 729 3644 quomodo?
752 3572 811 3629 ld
842 3582 945 3639 est,
979 3584 1196 3645 oportet
1228 3591 1376 3640 eum,
1405 3577 1498 3646 qui
1527 3577 1769 3648 culpavit
1795 3594 1987 3633 emun-

406 3668 548 3734 dari,
578 3676 634 3722 et
655 3676 899 3723 sanctam
926 3668 1047 3738 ejus
1071 3668 1287 3723 edicere
1316 3669 1808 3725 conversationem.

481 3759 798 3830 Supputabit
857 3761 1100 3815 sacerdos
1163 3760 1325 3831 juxta
1384 3777 1645 3817 annorum
1711 3779 1988 3818 numerum

409 3870 575 3926 usque
598 3855 670 3908 ad
702 3853 985 3909 Jubilaum
1009 3855 1256 3923 pretium,
1300 3864 1348 3909 et
1376 3856 1523 3910 dabit
1553 3856 1644 3911 itte
1674 3857 1764 3927 qui
1809 3868 1987 3911 votum

410 3955 619 4000 voverat
662 3945 910 4000 Domino.
969 3945 1137 4001 Recte
1184 3948 1462 4009 sacerdos,
1516 3947 1678 4002 simul
1743 3961 1868 4001 cum
1920 3961 1989 4001 eo

410 4037 503 4107 qui
529 4037 699 4091 movit
716 4035 938 4091 fratrem
973 4036 1038 4091 ad
1064 4036 1472 4106 paenitentiam,
1493 4036 1621 4106 quia
1650 4036 1744 4091 ille
1765 4036 1986 4106 quidem

410 4129 665 4184 districto
685 4128 807 4199 ejus
845 4129 1119 4185 actionem
1167 4137 1224 4183 et
1250 4127 1748 4193 conversationem,
1795 4136 1988 4197 utpote

352 4289 365 4297 ι
409 4220 504 4291 qui
528 4220 646 4291 ipse
673 4235 800 4275 eum
834 4218 1096 4282 correxit,
1130 4219 1220 4273 hic
1248 4225 1431 4273 autem
1466 4226 1527 4272 ut
1551 4220 1810 4273 sacerdos
1834 4217 1988 4273 novit

410 4328 598 4369 veram
626 4321 791 4383 atque
818 4311 1119 4381 perfectam
1170 4310 1624 4380 redemptionem,
1662 4318 1985 4380 supputant,

411 4404 529 4458 sive
560 4402 795 4472 probant
813 4401 1032 4470 qualem
1050 4400 1099 4455 ei
1121 4408 1371 4470 oporteat
1404 4399 1776 4469 pmnitentiam
1798 4400 1984 4456 indici.

2089 3213 2238 3268 enim
2289 3211 2555 3281 pondera,
2606 3210 2772 3266 veluti
2826 3209 3300 3280 philosophorum,
3362 3208 3416 3261 in
3465 3207 3672 3277 quibus

2090 3304 2189 3374 ipsi
2242 3304 2381 3358 vitas
2456 3301 3013 3371 conversationequ
3064 3308 3318 3368 pensant,
3369 3314 3478 3353 non
3535 3307 3675 3353 sunt

2088 3404 2298 3457 sancta,
2330 3393 2456 3464 quia
2484 3392 2769 3448 scientiam
2820 3391 3198 3457 imperfectam
3222 3390 3522 3459 possident.
3555 3389 3673 3444 Sed

2088 3501 2193 3539 nec
2243 3483 2623 3538 haereticorum
2665 3482 2909 3552 pondera
2939 3489 3128 3536 sancta
3172 3490 3321 3545 sunt,
3363 3481 3671 3536 center-iota

2089 3579 2164 3624 est
2192 3571 2333 3624 enim
2368 3585 2550 3624 eorum
2597 3570 2915 3624 conscientia
2938 3570 3020 3623 "z
3050 3570 3146 3624 sed
3188 3580 3375 3624 sancta
3428 3582 3559 3624 sunt
3599 3587 3675 3625 ea

2087 3677 2210 3732 quae
2252 3669 2383 3715 sunt
2416 3661 2473 3715 in
2519 3661 2704 3716 divina
2749 3660 3053 3731 Scriptura,
3107 3661 3163 3715 in
3219 3662 3423 3731 quibus
3469 3662 3676 3731 viginti

2088 3754 2232 3810 oboli
2260 3764 2409 3820 sunt,
2434 3754 2649 3817 siclum,
2677 3755 2795 3809 sive
2840 3753 3185 3818 didrachma,
3234 3754 3288 3810 id
3336 3764 3420 3809 est
3473 3755 3675 3810 decem

2090 3849 2343 3903 mandata
2378 3846 2683 3902 secundum
2710 3846 2971 3911 litteram,
2997 3856 3051 3902 et
3077 3846 3382 3902 secundum
3411 3847 3677 3917 spiritum

2089 3940 2390 4002 intellecta,
2443 3939 2590 3993 sicut
2620 3938 2936 4009 evangelica
2969 3940 3141 4006 gratia
3172 3940 3432 4003 insinuat,
3465 3948 3523 3993 et
3572 3941 3673 4009 qui

2088 4030 2145 4084 in
2174 4046 2239 4085 ea
2258 4030 2391 4086 dicit
2415 4047 2430 4085 :
2457 4029 2578 4084 Non
2605 4030 2960 4094 arbitremini,
2978 4031 3105 4099 quia
3125 4031 3242 4084 veni
3267 4029 3468 4091 soluere
3501 4030 3677 4100 legem

2089 4131 2183 4178 aut
2209 4123 2527 4191 prophetas;
2560 4138 2665 4176 non
2691 4122 2809 4176 veni
2831 4122 3052 4189 solvere,
3086 4122 3177 4175 sed
3200 4120 3419 4189 implere
3433 4121 3501 4175 ⁸⁸.
3530 4121 3676 4189 Qui-

2089 4228 2305 4284 cunque
2353 4222 2451 4268 aut
2496 4212 2670 4284 legem
2714 4212 2929 4267 irritam
2974 4212 3124 4278 facit,
3167 4220 3263 4267 aut
3316 4211 3674 4284 Evangelium

2090 4303 2290 4367 renuit,
2321 4301 2412 4358 hic
2428 4317 2536 4357 non
2562 4301 2727 4357 habet
2755 4302 3094 4369 didrachma,
3118 4319 3222 4358 nec
3255 4304 3419 4373 hujus
3460 4304 3675 4360 doctri-

2090 4410 2216 4449 nam
2250 4403 2305 4448 ul
2334 4392 2766 4448 sanctiﬁcantem
2797 4392 3108 4462 recipimus.
3153 4391 3450 4447 llaareticos
3480 4403 3673 4448 autem

413 4498 727 4565 Supputant
758 4500 942 4548 autem
975 4506 1148 4561 usque
1184 4491 1250 4545 ad
1276 4490 1486 4546 Jubilaai
1519 4490 1776 4560 pretium,
1826 4492 1877 4547 id
1903 4502 1990 4548 est
2022 4482 2067 4536 Ῐ)
2094 4495 2149 4541 et
2171 4484 2406 4550 Judaeos,
2429 4499 2661 4554 quorum
2688 4484 2776 4538 alii
2799 4484 3051 4555 gratiam,
3082 4484 3177 4538 alii
3221 4485 3398 4555 legem
3443 4495 3672 4555 negant.

409 4596 479 4637 ex
525 4580 611 4636 his
660 4595 782 4651 qua:
829 4580 900 4634 de
953 4579 1273 4650 ptenitentia
1326 4580 1383 4633 in
1423 4579 1608 4634 divina
1664 4580 1807 4636 dicta
1857 4592 1987 4637 sunt

413 4671 722 4743 Scriptura.
770 4668 893 4740 Ipsa
933 4668 1081 4723 enim
1134 4668 1424 4724 aestimatio
1471 4676 1554 4723 est
1582 4669 1713 4724 anni
1746 4669 1983 4737 Jubilaei,

410 4765 525 4820 sive
552 4760 912 4825 remissionis,
941 4768 1051 4814 tam
1081 4759 1210 4830 quia
1230 4759 1347 4830 ipsa
1377 4759 1687 4827 aestimavit,
1719 4760 1835 4815 sive
1858 4776 1989 4830 sup-

411 4855 622 4927 putavit
660 4851 1067 4925 paenitentiam,
1114 4867 1277 4922 quam
1324 4852 1451 4923 quia
1500 4852 1735 4907 aestimat
1780 4863 1987 4922 quanta

406 4947 529 5017 ejus
565 4943 636 5000 sit
661 4941 923 5015 dignitas,
965 4940 1070 4995 hoc
1112 4940 1260 4995 enim
1301 4940 1535 4996 dicimus
1563 4955 1687 4995 esse
1742 4941 1984 4996 (estima-

411 5040 639 5102 tionem,
667 5035 795 5106 quia
833 5034 915 5088 sic
946 5032 1266 5101 poenitentia
1289 5032 1533 5094 deﬁnita,
1567 5032 1815 5089 deﬁnitio
1864 5033 1987 5104 ejus

409 5135 597 5183 sancta
628 5128 732 5181 erit
762 5122 892 5189 Deo,
917 5132 1142 5194 propter
1171 5122 1315 5191 quod
1342 5132 1398 5176 et
1419 5120 1663 5176 addidit:

483 5220 550 5274 Et
574 5219 721 5273 dabit
750 5217 841 5271 ille
864 5216 954 5287 qui
980 5224 1157 5270 votum
1201 5222 1410 5267 voverat
1448 5212 1692 5268 Domino.
1741 5214 1867 5269 Sive
1893 5227 1982 5268 se-

407 5313 653 5369 cundum
679 5310 840 5376 LXX,
870 5310 937 5365 Et
966 5308 1146 5363 reddet
1176 5308 1402 5376 pretium
1436 5307 1491 5360 in
1512 5307 1598 5361 die
1624 5306 1714 5359 illo
1744 5315 1985 5360 sanctum

413 5403 659 5456 Domino.
697 5402 757 5456 ιιι
787 5411 1034 5472 tempore
1072 5401 1245 5464 enim,
1284 5398 1340 5453 in
1363 5412 1472 5468 quo
1512 5397 1813 5454 secundum
1845 5397 1986 5451 hanc

411 5494 699 5561 rationem,
728 5509 793 5550 ea
821 5509 945 5563 qua:
986 5502 1116 5549 sunt
1143 5492 1211 5548 de
1239 5490 1561 5562 poenitentia
1625 5488 1987 5553 deﬁniuntur,

410 5584 525 5639 sive
552 5584 889 5642 inducuntur
937 5584 1011 5650 ei,
1060 5598 1185 5638 cum
1238 5583 1546 5637 necessaria
1602 5588 1686 5635 est
1742 5579 1984 5635 deﬁnitio

514 5766 561 5797 "
596 5763 737 5817 Psal.
773 5775 938 5829 Lxxn,
984 5762 1063 5815 l0.
1180 5762 1220 5790 ³⁸
1263 5760 1402 5814 Psal.
1433 5775 1541 5826 ux,
1582 5760 1662 5813 lli.

1780 5757 1865 5811 "1
1898 5755 2038 5813 Tim.
2074 5773 2147 5824 tv,
2174 5757 2228 5810 ‘3.

2091 4576 2372 4647 aequaliter
2403 4575 2783 4645 suscipiamus.

2166 4667 2525 4739 Primogenita
2552 4684 2670 4739 qua:
2700 4669 2772 4723 ad
2796 4667 3261 4736 Deumpertineut,
3287 4686 3441 4724 nemo
3466 4670 3677 4724 sancti-

2091 4758 2252 4826 ﬁcare
2285 4767 2475 4827 potest,
2508 4767 2559 4811 et
2615 4774 2826 4822 wcere;
2855 4755 2977 4812 Sive
3011 4759 3123 4821 bos.
3164 4761 3272 4816 sive
3323 4763 3434 4816 ovis
3482 4763 3671 4832 fuerit,

2096 4851 2305 4906 Domini
2327 4861 2468 4905 sunt.
2496 4851 2699 4907 Pecora
2723 4866 2821 4905 eos
2843 4850 2935 4920 qui
2970 4852 3131 4906 nobis
3146 4852 3471 4909 obedientes
3515 4865 3669 4918 sunt,

2040 4934 2047 4941 ’
2095 4941 2252 5007 ﬁlios,
2286 4948 2340 4996 et
2357 4956 2566 5004 servos,
2600 4940 2654 4994 in
2694 4940 3131 5011 pra-cedentibus
3168 4941 3426 4996 diximus.
3461 4941 3674 4996 Horum

2091 5032 2538 5104 primogenitum,
2566 5032 2618 5087 id
2643 5040 2747 5097 est,
2772 5033 2865 5102 qui
2896 5033 3057 5089 nobis
3088 5034 3169 5089 sic
3210 5037 3409 5103 parens
3437 5043 3495 5088 et
3540 5033 3676 5088 obe—

2090 5123 2248 5177 diens
2278 5121 2464 5186 fuerit,
2497 5130 2634 5176 utet
2662 5121 2781 5176 aliis
2812 5121 3138 5176 obedientia:
3165 5131 3221 5177 et
3250 5120 3474 5191 parendi
3498 5122 3676 5177 duca-

2094 5225 2208 5270 tum
2232 5213 2493 5284 praehcat,
2555 5221 2611 5268 et
2644 5222 2934 5283 propterea
2965 5213 3055 5269 hic
3077 5213 3298 5283 quidem
3330 5206 3675 5285 primogenio

2095 5314 2211 5359 tum
2244 5303 2466 5367 dicitur,
2500 5302 2628 5356 alibi
2686 5310 2869 5356 autem
2925 5301 2996 5357 de
3055 5318 3122 5357 eo
3184 5302 3461 5374 legislator
3505 5303 3672 5358 dicit:

2094 5396 2258 5452 Omne
2292 5394 2641 5449 masculinum
2663 5394 2975 5463 adaperiens
3006 5394 3238 5460 vulvam,
3284 5404 3531 5448 sanctum
3563 5393 3675 5448 Do-

2095 5487 2237 5541 mino
2262 5487 2612 5540 vocabitur".
2652 5484 2917 5554 Adaperit
2957 5484 3103 5540 enim
3136 5486 3354 5540 vulvam
3400 5502 3676 5557 generan-

2094 5580 2286 5635 dorum
2319 5579 2575 5643 ﬁliorum,
2607 5578 2699 5648 qui
2723 5578 2948 5633 obedire
3003 5577 3307 5633 secundum
3367 5576 3565 5643 Deum,
3623 5588 3678 5634 ct

2342 5760 2385 5790 ⁵ο
2415 5757 2607 5812 Matth.
2650 5773 2701 5820 v,
2734 5754 2813 5809 l7.
2929 5756 2969 5786 ἰ
2997 5754 3366 5818 Exod.xsx1v,
3398 5752 3450 5807 9.

3540 340 3564 403 1
3580 341 3689 405 172
