4036 6200
278 341 300 408 1
314 342 411 412 173

1403 349 1488 411 IN
1526 348 1973 410 LEVITICUM.
1999 375 2067 386 -
2104 350 2252 412 LIB.
2302 350 2431 410 VII.

3408 342 3541 406 1171

274 471 399 513 cum
429 456 516 529 pia
566 457 911 529 subiectione
960 458 1173 532 incipit,
1203 461 1404 531 qualis,
1449 459 1604 519 verbi
1655 459 1853 532 gratia,
1883 460 1930 516 Δ
1956 468 2169 528 partem
2198 460 2394 530 pretii:
2441 458 2605 514 addet
2670 456 2938 528 quintam,
2980 470 3106 512 cum
3159 456 3439 512 intellectu
3490 458 3542 512 ei

274 560 394 607 erat
418 550 587 608 Paulo
609 551 955 613 Timotheus.
984 563 1042 609 et
1085 562 1377 625 propterea
1426 554 1495 609 de
1549 568 1618 608 eo
1643 553 1708 607 ad
1750 552 1859 608 Co-

287 643 525 700 rinthios
556 644 780 714 scripsit
817 644 963 710 :Qui
996 655 1073 701 est
1118 646 1261 716 filius
1313 663 1457 702 meus
1513 647 1571 700 in
1613 646 1857 708 Domino,

276 737 386 806 ipse
440 753 528 791 vos
574 738 1018 808 commonefaciat
1060 739 1176 793 vias
1232 756 1399 806 nicas,
1458 755 1576 811 qua:
1636 747 1760 793 sunt
1806 740 1863 792 in

284 824 493 879 Christo
524 824 674 880 Jesu.
708 824 869 882 Hunc
899 825 992 895 qui
1019 826 1144 882 talis
1170 836 1277 893 est,
1315 843 1479 884 nemo
1523 829 1858 885 sanctiﬁcat:

287 931 398 974 non
430 916 558 987 quia
587 915 843 988 indignus
884 925 971 971 est
1023 918 1474 983 sanctiﬁcatione,
1522 919 1616 974 sed
1665 928 1725 973 ut
1768 920 1860 988 qui

279 1024 393 1065 non
433 1017 559 1081 eget
584 1009 935 1074 sanctiﬁcari,
967 1018 1052 1065 est
1077 1026 1208 1082 ergo
1228 1012 1356 1066 olim
1387 1021 1631 1068 sanctus.
1659 1012 1862 1068 Didici-

283 1100 351 1153 sti
381 1100 557 1165 enim,
608 1102 886 1171 quomodo
945 1110 1019 1177 et.
1049 1103 1305 1173 superius
1349 1102 1691 1169 dicebamus,
1737 1106 1863 1175 quia

284 1188 432 1244 aliud
456 1199 542 1247 est
581 1200 833 1246 sanctum
880 1206 1003 1247 esse
1049 1193 1254 1263 aliquid
1290 1192 1419 1258 Deo,
1482 1194 1629 1249 aliud
1681 1203 1863 1249 autem

285 1279 502 1336 initium
532 1282 984 1339 sanctiﬁcationis
1010 1301 1250 1341 sumere.
1287 1286 1425 1342 Illud
1470 1286 1618 1342 enim
1670 1286 1867 1341 melius

287 1387 353 1428 ac
404 1374 659 1443 superius
704 1384 806 1437 est.
848 1385 1040 1445 utpote
1078 1378 1221 1447 quod
1242 1378 1373 1433 olim
1430 1378 1733 1448 perfectum
1784 1388 1870 1433 est

291 1465 519 1521 meliore
546 1467 744 1522 rationi
782 1483 893 1522 non
919 1478 1063 1540 eget.
1091 1468 1230 1535 Quia
1262 1484 1394 1541 ergo
1416 1469 1578 1537 ﬁlius,
1605 1471 1698 1540 qui
1750 1479 1868 1525 tan-

289 1569 404 1616 tum
440 1562 677 1618 honorat
708 1550 1022 1634 patrem’et
1048 1573 1304 1629 matrem,
1332 1574 1396 1619 ut
1448 1565 1571 1619 aliis
1604 1564 1697 1619 ﬁat
1744 1565 1870 1620 talis

288 1651 513 1707 honoris
541 1654 893 1722 exemplum;
949 1655 1228 1710 honoraus
1270 1665 1454 1710 autem
1492 1664 1716 1726 propter
1750 1657 1859 1726 pie-

290 1753 477 1809 tatem,
502 1744 558 1800 id
582 1753 666 1800 est
697 1755 925 1817 propter
959 1748 1329 1803 obedientiam
1374 1750 1527 1821 legis,
1556 1757 1614 1805 et
1661 1750 1861 1812 sciens.

287 1834 414 1905 quia
438 1834 548 1891 Deo
573 1834 738 1892 oﬂert
766 1837 916 1894 hunc
950 1837 1241 1905 honorem,
1275 1841 1369 1910 qui
1397 1842 1651 1898 honorari
1682 1850 1867 1913 patres

289 1926 568 1998 praecipit,
602 1929 841 1999 primum
874 1931 1194 1986 mandatum
1225 1933 1370 2002 quod
1416 1942 1502 1989 est
1553 1934 1607 1988 in
1636 1934 1868 2005 promis-

290 2017 468 2084 sione,
487 2019 788 2074 secundum
813 2021 959 2090 quod
988 2021 1184 2076 Paulus
1210 2021 1368 2089 dixit,
1397 2024 1868 2093 implevit.-Servus

289 2117 496 2173 autem,
528 2111 625 2180 qui
655 2111 884 2167 domino
912 2128 1051 2182 pure
1072 2113 1350 2179 subditur,
1371 2125 1595 2184 propter
1640 2116 1865 2172 manda—

291 2210 408 2253 tum
434 2200 582 2269 quod
640 2200 1000 2269 dixit:Servi,
1057 2205 1259 2259 obedite
1291 2206 1518 2260 dominis
1566 2208 1871 2262 carnalibus

293 2306 415 2343 cum
437 2290 624 2346 timore
658 2300 706 2346 et
736 2301 983 2357 tremore,
1034 2295 1091 2349 in
1118 2295 1462 2365 simplicitate
1490 2297 1681 2363 cordis,
1736 2302 1870 2353 sicut

296 2379 543 2446 Domino,
575 2398 676 2436 non
696 2384 772 2438 ad
798 2384 1007 2439 oculum
1049 2386 1349 2452 servientes,
1403 2389 1536 2442 sicut
1580 2390 1869 2443 hominibus

295 2471 581 2541 placentes,
623 2475 713 2528 sed
734 2475 871 2529 sicut
895 2478 1032 2531 servi
1067 2475 1164 2531 Dei
1197 2476 1546 2532 obedientiam
1577 2479 1684 2534 Deo
1700 2491 1874 2534 osten-

294 2564 508 2619 dunt".
543 2563 659 2622 Hoc
683 2576 863 2622 autem
900 2568 1043 2623 idem
1063 2578 1121 2625 et
1149 2569 1474 2640 discipulus.
1511 2569 1564 2625 Si
1613 2573 1872 2643 magistro

294 2655 364 2711 ad
391 2656 657 2712 honorem
689 2656 805 2725 Dei,
841 2660 934 2729 qui
955 2675 1053 2730 per
1078 2660 1304 2717 Paulum
1343 2673 1628 2720 sanctum:
1660 2664 1874 2720 Obedite

294 2750 592 2817 pra-positis
626 2753 831 2814 vestris,
863 2762 912 2807 et
932 2754 1199 2822 subjacete
1240 2756 1332 2819 eis,
1358 2757 1459 2824 ipsi
1510 2757 1650 2810 enim
1699 2760 1873 2829 pervi-

295 2838 467 2909 gilant
516 2854 616 2907 pro
677 2841 959 2896 animabus
1020 2844 1229 2909 vestris,
1273 2845 1512 2909 obedite,
1552 2855 1602 2900 et
1652 2846 1872 2917 subjecti

294 2939 454 2986 estote
467 2931 537 2996 ⁸³,
560 2933 629 2986 ad
655 2931 828 2987 Deum
856 2934 1062 2989 referre
1101 2950 1189 3001 ea,
1224 2952 1348 3006 qua:
1375 2946 1507 2992 sunt
1544 2937 1709 3008 huius
1738 2939 1873 2994 obc-

293 3022 520 3079 dientia:
578 3032 636 3078 et
692 3025 1081 3095 subiectionis,
1150 3029 1436 3084 evidenter
1498 3032 1873 3102 unusquisque

1962 552 2273 607 doctrinam
2298 552 2558 613 oﬁ'erens,
2583 549 2636 604 in
2672 549 2941 620 sapientia
2968 563 3094 603 eum
3119 548 3454 620 gubernans,
3488 558 3539 604 et

1964 656 2075 697 non
2108 640 2436 710 insipienter
2485 655 2701 710 regens.
2755 638 3027 694 lnsensati
3062 640 3207 692 enim
3260 639 3458 709 patris,
3487 649 3543 694 et

1968 733 2203 795 domini,
2251 741 2308 788 et
2352 733 2596 802 magistri
2656 738 2762 795 est,
2818 728 3155 792 obedientia,
3204 745 3326 799 quae
3379 730 3447 784 ad
3487 746 3545 785 sc

1964 826 2225 899 pertinet,
2251 826 2448 889 docere
2475 825 2665 889 ﬁlium,
2693 824 2781 879 vel
2800 822 3156 893 discipulum,
3186 823 3273 876 vel
3301 837 3544 883 servum,

1964 927 2153 973 etnon
2195 917 2490 987 disponere
2517 916 2640 987 ejus
2695 916 2885 980 vitam,
2932 924 2994 970 ut
3051 914 3353 969 secundum
3417 913 3548 985 legis

1966 1010 2251 1065 scientiam
2299 1017 2577 1079 operetur,
2611 1008 3053 1078 permittereque
3101 1019 3225 1062 eum
3266 1006 3544 1062 indoctum

1965 1117 2087 1158 esse
2116 1102 2171 1156 in
2225 1101 2344 1173 lege
2372 1109 2427 1157 et
2453 1100 2788 1170 imperitum.
2850 1100 3025 1154 Addat
3064 1099 3230 1169 igitur
3277 1108 3331 1153 et
3359 1099 3547 1169 subie-

1967 1194 2133 1248 ctioni
2168 1202 2224 1247 et
2249 1192 2516 1248 doctrina:
2561 1192 2918 1253 intellectum,
2962 1191 3079 1261 ipse
3117 1191 3264 1245 enim
3294 1191 3443 1245 solus
3490 1191 3545 1244 in

1968 1285 2227 1356 praesenti
2282 1284 2465 1337 minus
2511 1292 2618 1342 est.
2676 1292 2899 1353 propter
2959 1282 3103 1351 quod
3153 1282 3333 1336 dixit:
3382 1282 3547 1337 Addet

1969 1380 2209 1449 quintam
2230 1387 2434 1446 partem
2451 1378 2625 1446 pretii,

2041 1469 2178 1537 Quia
2211 1470 2446 1539 pretium
2492 1470 2657 1524 habet
2702 1468 3036 1529 obedientia,
3087 1468 3234 1522 unde
3278 1482 3387 1521 non
3438 1468 3544 1521 ait:

1972 1564 2279 1619 .Estimabit
2331 1580 2449 1617 eum
2504 1563 2769 1625 sacerdos,
2826 1562 2970 1617 sicut
3016 1576 3181 1632 supra
3231 1562 3390 1627 dixit,
3451 1564 3547 1616 sed

1973 1657 2120 1711 sicut
2146 1656 2277 1710 olim
2298 1656 2538 1726 pretium
2575 1654 2894 1719 habentem,
2926 1664 2982 1707 ct
3018 1654 3110 1723 qui
3172 1654 3546 1707 deﬁnitionem

1900 1779 1946 1839 Β
1973 1749 2257 1812 doctrinas,
2284 1748 2784 1819 subiectionemque
2814 1746 3040 1800 sortitus
3070 1754 3171 1801 est.
3202 1745 3549 1814 jussitsuper

1972 1857 2098 1896 eum
2150 1842 2281 1895 addi
2328 1841 2572 1909 quintam
2618 1848 2849 1907 partem,
2881 1849 2943 1893 ut
2988 1839 3115 1908 quia
3158 1838 3544 1903 obedientiam,

1968 1946 2132 2000 quam
2165 1929 2323 1985 valde
2347 1931 2430 1983 lex
2455 1928 2721 1999 praecipit,
2750 1927 3012 1998 possidet,
3051 1929 3351 1982 secundum
3384 1926 3544 1980 LXX.

1974 2023 2144 2078 Filius
2177 2022 2392 2093 sapiens
2422 2023 2675 2078 subditus
2703 2030 2789 2077 est
2828 2020 2992 2092 patri,
3017 2020 3265 2090 quintam
3292 2018 3548 2089 adiicitet

1973 2116 2432 2186 quemadmodum
2460 2115 2717 2181 diximus,
2756 2114 3081 2170 obedientiam:
3135 2112 3286 2167 addit
3325 2127 3546 2167 sensum

1972 2225 2033 2263 ex
2057 2223 2166 2278 quo
2191 2207 2510 2262 obediturus
2538 2218 2645 2272 est,
2680 2214 2736 2262 et
2764 2215 2910 2261 recte
2934 2207 3267 2276 redemptus,
3301 2204 3548 2259 invenie-

1975 2310 2064 2354 tur
2088 2302 2348 2353 mundus.
2383 2298 2558 2364 Tunc,
2602 2298 2903 2353 secundum
2944 2297 3104 2361 LXX,
3133 2298 3240 2353 erit
3274 2298 3411 2367 ejus.
3452 2296 3546 2365 qui

1974 2392 2221 2463 possidet
2247 2407 2489 2458 servum,
2526 2400 2620 2444 aut
2641 2390 2834 2453 ﬁlium,
2864 2399 2959 2444 aut
2986 2390 3332 2459 discipulum,
3379 2390 3550 2443 habe-

1974 2484 2057 2540 bit
2082 2482 2228 2538 enim
2252 2483 2305 2537 in
2332 2498 2399 2537 eo
2425 2483 2653 2554 gloriam
2677 2483 2818 2537 sicut
2846 2481 3046 2536 l’aulus
3075 2482 3240 2537 dixit:
3267 2480 3407 2547 Quia
3430 2481 3547 2553 glo-

1975 2578 2057 2630 ria
2094 2584 2271 2630 nostra
2322 2592 2411 2629 vos
2436 2576 2559 2628 estis
2606 2576 2661 2627 in
2702 2574 2909 2629 Christo
2960 2575 3171 2629 Jesn“.
3202 2574 3270 2628 Et
3322 2589 3545 2628 rursus:

1976 2666 2191 2720 Gaudeo
2212 2664 2374 2735 igitur
2396 2665 2451 2717 in
2468 2664 2628 2717 vobis.
2671 2664 2734 2718 Et
2787 2678 3003 2718 rursus:
3039 2662 3196 2716 Nunc
3252 2662 3391 2715 enim
3421 2663 3551 2715 uivi-

1936 2803 1945 2813 .
1978 2775 2112 2823 mus,
2148 2759 2193 2811 si
2215 2774 2304 2812 vos
2330 2758 2484 2812 statis
2506 2756 2562 2809 in
2598 2756 2901 2812 Domino".
2932 2754 2989 2811 Si
3033 2764 3215 2810 autem
3253 2770 3364 2809 non
3393 2755 3569 2808 redeo:

1977 2849 2162 2913 merit,
2231 2849 2324 2918 qui
2387 2849 2578 2914 ﬁlium,
2610 2859 2707 2904 aut
2771 2864 3014 2912 servum,
3063 2857 3158 2902 aut
3222 2847 3548 2916 discipulum

1975 2939 2261 3010 possidet:
2317 2939 2490 3010 ipsius
2521 2939 2668 2994 enim
2699 2954 2824 2994 eum
2887 2939 3156 2994 redimere
3209 2946 3294 2992 est
3348 2944 3404 2991 et
3452 2951 3550 3006 per
3636 2938 3641 2939 “

1977 3036 2302 3105 prudentem
2323 3034 2754 3089 admonitionem
2781 3043 3063 3089 sensatum
3092 3033 3328 3096 eﬁlcere,
3352 3046 3551 3087 secun-

293 3114 493 3171 horum
523 3115 742 3184 dicitur,
767 3117 886 3174 sive
914 3133 1013 3189 per
1065 3120 1263 3175 bonam
1301 3122 1705 3194 simplicitatem
1752 3125 1870 3195 pla-
1899 3119 1944 3176 C
1976 3128 2105 3183 dum
2149 3128 2397 3191 modum,
2437 3127 2530 3198 qui
2579 3127 2760 3183 dictus
2798 3137 2901 3193 est,
2955 3127 3225 3182 alienatur
3265 3127 3334 3182 ab
3387 3125 3552 3194 huius

292 3224 428 3264 cens
455 3218 541 3264 est
565 3206 696 3275 Deo,
727 3210 844 3266 sive
881 3225 979 3281 per
998 3212 1299 3268 studiosam
1322 3214 1703 3271 mandatorum
1737 3231 1870 3286 ope-

291 3302 585 3368 rationem,
616 3311 675 3358 et
696 3303 789 3373 qui
820 3303 1017 3359 debeat
1049 3304 1150 3359 bos
1175 3313 1401 3375 propter
1425 3307 1552 3373 hoc,
1582 3318 1678 3363 aut
1730 3310 1870 3374 ovis,

294 3393 596 3458 nominari,
624 3394 832 3449 domini
858 3403 1089 3464 uterque
1117 3402 1222 3449 est.
1259 3394 1469 3451 Audisti
1493 3397 1638 3452 enim
1677 3413 1872 3468 quem-

296 3485 592 3540 admodum
648 3486 716 3540 ad
784 3485 1067 3539 dominum
1135 3486 1375 3556 pertinet
1436 3488 1875 3559 uniuscuiusque

296 3576 634 3638 obedientia,
685 3585 743 3631 et
768 3576 1059 3646 subiectio,
1086 3580 1307 3646 quando
1330 3579 1578 3652 subiecti
1629 3582 1877 3651 patribus

300 3670 388 3725 vel
418 3668 653 3725 dominis
708 3671 797 3725 vel
821 3669 1116 3740 magistris.
1171 3670 1336 3726 etiam
1397 3673 1874 3728 conversationem

300 3757 506 3813 habent
526 3757 746 3823 bonam,
788 3774 1019 3829 qumeos
1043 3759 1186 3814 inter
1214 3761 1418 3815 munda
1449 3761 1701 3816 animalia
1751 3763 1878 3819 facit

298 3859 420 3899 esse
448 3881 464 3905 ,
513 3853 568 3897 et
606 3859 714 3898 non
767 3845 837 3900 de
882 3846 1206 3910 immundis,
1250 3848 1319 3904 de
1371 3849 1573 3920 quibus
1624 3852 1872 3908 subdidit

298 3936 615 4005 sequentia.

370 4025 532 4083 Vens.
554 4029 646 4084 27.
692 4050 712 4082 ι
747 4031 903 4099 Quod
934 4031 979 4088 si
1003 4032 1347 4089 immundum
1369 4044 1454 4089 est
1477 4036 1699 4099 animal.
1733 4037 1878 4092 redi-

299 4131 412 4176 met
429 4122 521 4192 qui
547 4124 805 4182 obtulerit
824 4126 982 4196 juxta
1006 4127 1423 4183 aestimationem
1446 4144 1623 4195 suam,
1652 4131 1880 4185 etaddct

297 4213 546 4283 quintam
580 4225 787 4286 partem
820 4217 1004 4289 pretii.
1033 4215 1090 4273 Si
1120 4218 1391 4274 redimere
1447 4220 1713 4285 noluerit,
1740 4236 1877 4277 ven-

298 4306 463 4361 detur
487 4307 666 4362 alteri.
711 4327 728 4360 ι

317 4400 321 4405 “
370 4398 506 4463 Quia
542 4400 858 4456 immundus
884 4402 1064 4458 omnis
1093 4413 1346 4473 peccator
1377 4416 1482 4472 est,
1524 4406 1874 4464 manifestum

298 4498 416 4545 est:
439 4492 756 4548 immundus
773 4495 918 4549 enim
936 4503 1043 4561 est,
1066 4496 1244 4567 inquit
1265 4497 1546 4567 Salomon,
1570 4509 1699 4556 ante
1736 4517 1874 4557 con-

303 4590 554 4652 spectum
581 4585 819 4651 Domini,
849 4588 1031 4644 omnis
1065 4588 1310 4660 iniquus.
1342 4590 1569 4663 iniquus
1593 4593 1739 4648 enim
1769 4603 1874 4658 est,

300 4674 432 4745 quia
451 4686 561 4731 tam
585 4680 861 4747 meditari,
884 4698 1048 4752 quam
1068 4683 1393 4739 discernere
1417 4685 1588 4756 legem
1607 4701 1756 4749 eum,
1784 4689 1877 4758 qui

301 4764 561 4833 ruminat,
580 4776 636 4824 et
662 4772 918 4843 ungulam
949 4773 1128 4841 ﬁndit,
1146 4773 1613 4846 legislatorjussit,
1636 4779 1874 4847 quicun-

298 4873 408 4928 que
459 4875 629 4916 unum
653 4877 723 4917 ex
760 4864 847 4919 his
895 4866 1079 4921 minus
1134 4867 1318 4922 habet.
1380 4867 1705 4938 Quicunque
1744 4874 1875 4940 ergo

300 4949 565 5007 obediens
591 4961 696 5020 est,
752 4965 808 5011 et
834 4955 1191 5013 vehementer
1244 4958 1497 5014 subditus
1552 4959 1716 5028 patri.
1781 4967 1878 5013 aut

305 5038 556 5105 domino,
608 5052 705 5098 aut
762 5044 1044 5115 magistro,
1090 5062 1199 5101 non
1235 5056 1415 5102 tamen
1464 5048 1672 5117 legem,
1735 5048 1880 5102 sicut

296 5137 538 5197 oportet,
558 5132 810 5187 meditari
833 5142 927 5188 aut
941 5133 1277 5207 distinguere
1294 5137 1463 5202 novit,
1485 5137 1880 5208 primogenitus

298 5218 523 5288 quidem
556 5221 610 5276 in
643 5224 935 5293 pecoribus
962 5233 1068 5291 est,
1101 5228 1244 5283 sicut
1272 5229 1595 5284 obedientia:
1622 5229 1753 5284 dux.
1785 5228 1882 5285 Est

299 5321 484 5366 autem
521 5314 859 5383 immundus,
901 5317 1029 5389 quia
1058 5335 1167 5373 non
1196 5321 1484 5376 habetihoc
1508 5323 1653 5393 quod
1674 5322 1877 5378 habere

300 5406 566 5461 mundum
608 5409 884 5481 legislator
925 5413 1109 5481 iussit.
1145 5412 1202 5467 Si
1232 5429 1362 5483 ergo
1405 5429 1531 5469 eum
1567 5425 1746 5486 pater,
1782 5425 1877 5471 aut

299 5495 579 5565 dominus,
635 5512 729 5558 aut
772 5506 1030 5575 magister
1067 5508 1182 5562 vult
1230 5507 1521 5574 redimere,
1575 5511 1876 5566 sccundmu

299 5589 722 5647 aestimationem
775 5594 893 5665 eius
946 5597 1264 5659 redimetur,
1309 5606 1362 5651 et
1414 5599 1578 5652 addet
1634 5600 1876 5667 quintam

1975 3220 2345 3292 possessione,
2399 3221 2600 3275 vendet
2646 3220 2815 3286 enim,
2880 3220 2980 3285 ait,
3040 3219 3218 3281 alteri,
3275 3218 3360 3273 vel
3411 3217 3553 3272 sicut

1977 3311 2118 3366 LXX
2145 3312 2189 3367 si
2219 3327 2331 3366 non
2368 3311 2701 3376 liberaverit,
2751 3310 2937 3367 veniet
2971 3311 3269 3365 secundum
3314 3309 3551 3379 pretium

1975 3401 2115 3470 eius,
2152 3400 2225 3455 ita
2255 3408 2313 3453 ut
2340 3400 2488 3454 illius
2525 3400 2747 3470 quidem
2792 3400 2866 3455 sit
2895 3401 3129 3469 pretium
3160 3400 3305 3470 apud
3359 3400 3549 3456 Deum.

1975 3491 2201 3546 obedire
2227 3490 2483 3553 domino,
2511 3499 2566 3543 et
2594 3489 2756 3558 patri,
2789 3498 2846 3543 et
2892 3489 3172 3558 magistro.
3211 3486 3314 3554 Qui
3371 3498 3551 3543 autem

1976 3598 2125 3647 eum,
2158 3596 2282 3636 cum
2312 3581 2539 3635 deberet
2597 3590 2654 3635 et
2689 3580 2957 3649 potuisset
2980 3579 3279 3640 exhortari,
3325 3595 3436 3633 non
3470 3588 3556 3633 est

1977 3676 2323 3734 exhortatus.
2360 3673 2624 3729 damnum
2650 3672 2856 3741 patitur
2886 3673 3007 3741 eius
3055 3671 3441 3742 possessionis,
3501 3680 3556 3725 et

1980 3782 2087 3821 non
2126 3772 2309 3835 potest
2356 3762 2573 3818 dicere:
2603 3760 2743 3816 Ecce
2782 3776 2884 3832 ego
2912 3769 2967 3815 et
3006 3758 3184 3830 pueri,
3224 3773 3364 3828 quos
3420 3756 3555 3811 mian

1977 3858 2127 3914 dedit
2153 3856 2318 3912 Deus.

2055 3949 2214 4007 Vens.
2242 3949 2335 4017 28,
2365 3949 2456 4004 29.
2492 3968 2510 4000 ‹
2539 3947 2712 4003 Omne
2743 3947 2886 4017 quod
2923 3945 3153 4000 Domino
3179 3952 3552 4005 consecratur,

1981 4045 2097 4099 sive
2126 4044 2291 4099 homo
2329 4042 2454 4103 erit,
2485 4041 2600 4096 sive
2640 4038 2866 4102 animal,
2905 4039 3019 4091 sive
3051 4052 3202 4107 ager,
3229 4052 3337 4089 nou
3374 4034 3556 4089 venie-

1983 4147 2089 4198 tur,
2153 4150 2257 4190 nec
2297 4133 2493 4189 redimi
2560 4132 2785 4204 poterit.
2841 4128 3119 4199 Quidquid
3168 4128 3337 4183 semel
3392 4127 3559 4181 fuerit

1980 4235 2386 4286 consecratum,
2420 4234 2670 4279 sanctum
2698 4231 3013 4279 sanctorum
3050 4220 3155 4274 erit
3202 4218 3464 4273 Domino:
3501 4228 3561 4273 et

1981 4314 2161 4370 cumis
2189 4313 2533 4368 consecratio
2584 4328 2706 4382 qua:
2736 4310 2968 4365 offertur
3018 4308 3088 4364 ab
3137 4308 3384 4371 homine,
3444 4323 3555 4361 non

1984 4410 2303 4471 redimetur,
2342 4406 2437 4461 sed
2476 4413 2654 4460 morte
2692 4403 2975 4457 morietur.
3008 4421 3028 4453 ι

2052 4500 2185 4568 Qua:
2214 4497 2524 4554 diﬁ‘erentia
2568 4495 2640 4551 sit
2671 4495 3158 4560 anathematizam,
3211 4501 3267 4549 et
3314 4493 3558 4549 sanctiﬁ-

1983 4609 2112 4649 care
2140 4591 2442 4648 secundum
2470 4591 2729 4653 litteram,
2763 4602 2862 4658 per
2890 4602 2951 4641 ea
2980 4603 3099 4657 qui?
3145 4587 3402 4657 superius
3444 4586 3560 4641 dis-

1981 4701 2143 4740 cussa
2209 4692 2359 4748 sunt,
2390 4681 2766 4738 ostendimus:
2795 4679 2886 4734 ubi
2945 4683 3048 4734 hoc
3069 4684 3215 4750 quod
3241 4679 3561 4733 anathema-

1983 4774 2207 4832 tiza'tum
2233 4784 2339 4839 est,
2377 4774 2529 4828 nullo
2548 4772 2785 4829 modoin
2809 4787 2967 4827 usum
2988 4773 3312 4833 humanum,
3329 4769 3557 4831 nullius,

1982 4882 2085 4921 nec
2117 4862 2420 4920 sacerdotis
2454 4860 2538 4916 fas
2562 4877 2686 4916 esse
2717 4861 2918 4917 reverti
2966 4860 3225 4922 diximus,
3259 4856 3559 4911 secundum

1985 4957 2448 5014 Amalechitarum
2503 4955 2810 5017 historiam,
2838 4969 2999 5023 quam
3065 4953 3118 5005 in
3186 4949 3559 5004 testimonium

1984 5049 2063 5103 rei
2094 5045 2452 5117 protulimus:
2485 5044 2542 5098 in
2567 5052 2778 5099 tantum
2806 5043 2954 5098 enim
2978 5056 3087 5096 non
3116 5040 3314 5094 licebat
3341 5046 3561 5107 tangere

1982 5137 2129 5208 quod
2156 5133 2742 5198 anathematizabatur,
2782 5142 2842 5187 ut
2885 5131 3104 5201 quando
3149 5128 3374 5183 Iericho
3427 5143 3562 5181 ana-

1990 5228 2509 5289 thematizaverunt,
2564 5226 2691 5295 quia
2747 5224 2966 5294 quidam
3005 5238 3074 5277 ex
3118 5220 3343 5292 populo,
3392 5220 3446 5275 id
3477 5228 3563 5275 est

1987 5324 2177 5378 Acbari
2219 5318 2361 5374 ﬁlius
2408 5315 2654 5378 Charini,
2702 5314 2770 5369 de
2803 5312 3156 5367 anathemate
3190 5311 3404 5368 furatus
3453 5318 3560 5377 est,

1987 5412 2144 5469 multi
2171 5411 2241 5466 de
2276 5408 2361 5464 eis
2391 5406 2447 5460 in
2503 5405 2647 5459 bello
2676 5403 2998 5465 ceciderint,
3059 5403 3339 5473 iratusque
3392 5403 3561 5470 Deus,

1986 5507 2103 5561 hinc
2127 5502 2296 5560 dixit:
2340 5498 2465 5554 Non
2494 5512 2582 5552 ero
2616 5493 2759 5547 ultra
2796 5494 3055 5549 vobiscum
3095 5498 3257 5550 donec
3284 5497 3564 5550 conteratis

1989 5614 2125 5660 eum,
2156 5594 2245 5661 qui
2280 5592 2437 5661 hujus
2476 5587 2684 5643 sceleris
2706 5602 2825 5639 reus
2858 5586 3011 5641 est".
3052 5586 3125 5640 Ex
3154 5595 3386 5658 utraque
3435 5602 3563 5658 ergo

410 5774 505 5831 ⁸⁸1
538 5779 665 5833 (lor.
696 5796 769 5843 iv,
808 5780 891 5833 l7.
1006 5781 1050 5812 ⁸³
1083 5777 1214 5836 llcb.
1251 5797 1365 5847 xm,
1402 5782 1485 5835 l7.
1598 5781 1642 5811 ”
1674 5782 1714 5836 ll
1743 5782 1867 5839 Cor.

1979 5782 2058 5839 l2.
2172 5784 2269 5839 "I
2307 5784 2498 5840 Thess.
2532 5799 2614 5840 ιιι.
2653 5785 2705 5838 8.
2796 5782 2841 5816 ³⁸
2866 5780 3031 5836 Josue
3064 5794 3156 5838 vn.
3200 5775 3289 5831 l2.
