4036 6200
441 300 575 366 1175

1627 311 1990 372 HESYCHH
2027 313 2499 375 PRESBYTERI

3559 317 3718 381 1176

433 420 687 482 historia.
720 421 998 490 quomodo
1026 423 1204 477 omnis
1243 440 1373 478 usus
1414 433 1470 479 et
1509 427 1789 495 possessio
1820 429 2008 497 prohi-
2038 437 2080 492 Α
2183 431 2248 484 Et
2277 434 2446 486 omnis
2481 435 2801 486 consecratio
2834 449 2951 503 qua:
2996 434 3210 502 o/fertur
3234 432 3298 486 ab
3319 433 3549 495 nomine,
3593 451 3716 487 non

433 515 593 568 betur
617 515 1008 575 anathematis,
1039 513 1475 570 demonstratum
1526 528 1631 572 est.
1678 519 1797 574 Non
1832 522 2009 574 solum

431 619 616 659 autem
650 605 776 668 hoc,
809 604 904 659 sed
936 604 1066 674 quia
1094 621 1438 676 quacunque
1471 609 1597 677 jure
1637 609 1830 665 bellico
1854 613 2011 666 valde

435 697 706 760 inimicis,
766 713 892 752 cum
945 699 1147 767 quibus
1191 714 1301 752 non
1361 701 1649 768 oportebat
1713 702 2009 758 amicitiam

427 791 678 860 jungere,
709 790 879 858 spolia
915 791 1206 846 sumebant
1245 802 1368 861 post
1401 793 1703 859 victoriam,
1730 805 1786 849 et
1817 795 2012 865 depre-

430 881 699 935 cationem
729 881 845 938 haec
866 881 1141 938 faciebant
1170 883 1462 938 anathema
1511 895 1565 938 et
1595 900 1704 939 non
1740 900 1770 938 a
1809 895 2012 942 semet-

432 973 600 1041 ipsis.
661 973 757 1028 sed
819 973 932 1030 Deo
988 975 1368 1044 praecipiente.
1431 975 1784 1047 Quaecunque
1860 980 2009 1034 enim

438 1065 718 1134 propheta:
770 1067 1120 1136 praecipiunt,
1179 1066 1536 1122 manifestum
1572 1078 1677 1133 est,
1727 1071 1854 1139 quia
1913 1069 2010 1124 Dei

432 1169 706 1229 praecepta
733 1169 881 1214 sunt.
916 1161 1058 1230 Ergo
1089 1170 1145 1214 et
1176 1175 1277 1214 nos
1307 1161 1693 1230 quodcunque,
1759 1162 2013 1226 intelligi-

433 1251 634 1306 bilibus
656 1252 915 1315 inimicis,
953 1252 1004 1306 id
1039 1261 1124 1306 est
1149 1252 1513 1317 dzemonibus,
1545 1263 2010 1324 pugnantes,cum

432 1344 636 1411 quibus
686 1360 794 1398 non
831 1345 958 1398 licet
1017 1345 1288 1399 amicitias
1328 1346 1579 1416 jungere',
1628 1355 1817 1401 contra
1873 1365 2011 1416 quos

433 1441 728 1500 perpetuas
769 1432 1109 1496 inimicitias,
1139 1442 1195 1486 et
1217 1433 1694 1489 incommutabiles
1721 1436 2007 1501 habemus,

436 1534 660 1594 propter
709 1541 847 1594 quos
902 1526 1164 1580 Dominus
1217 1525 1454 1581 dicebat.
1497 1529 1616 1580 Non
1663 1530 1778 1581 veni
1829 1545 2012 1596 pacem

435 1619 643 1670 mittere
693 1618 749 1670 in
781 1626 1001 1681 terram,
1060 1626 1149 1672 sed
1196 1619 1432 1690 gladium
1451 1621 1528 1672 "z
1593 1630 1815 1689 propter
1867 1622 2010 1690 quod

408 1711 636 1772 _dividet
666 1711 944 1767 hominem
982 1713 1248 1767 adversus
1280 1723 1512 1783 patrem,
1541 1721 1599 1768 et
1632 1713 1796 1768 filiam
1820 1714 2012 1768 adver-

436 1820 530 1858 sus
558 1813 813 1868 matrem,
852 1815 910 1858 et
940 1803 1156 1858 scindet
1185 1804 1621 1874 compassionem
1674 1805 1912 1872 generis,
1960 1813 2016 1858 et

434 1897 688 1952 deorsum
710 1897 1082 1966 relinquentes
1107 1897 1290 1952 carnis
1319 1895 1783 1966 compassionem,
1800 1895 2016 1952 facilius

436 1990 794 2060 incorporeos
832 1989 1171 2059 perimamus
1222 1989 1508 2044 inimicos:
1539 1989 1655 2043 sive
1713 1989 2013 2052 hominem,

435 2083 550 2138 sive
585 2097 779 2152 pecus,
821 2083 939 2136 sive
972 2097 1164 2150 agrum
1200 2097 1300 2151 pro
1326 2081 1524 2150 spolio,
1581 2095 1648 2135 ex
1682 2081 1826 2135 bello
1869 2082 2017 2150 quod

435 2185 625 2228 contra
659 2187 755 2228 eos
789 2172 1084 2235 habemus,
1134 2181 1298 2240 atque
1331 2170 1620 2226 victoriam
1670 2171 2018 2240 conquisive-

437 2269 626 2330 ritnus,
661 2282 990 2322 consecrare
1016 2265 1242 2335 quidem
1274 2264 1385 2318 Deo
1419 2265 1536 2319 haec
1569 2263 1861 2318 debemus.
1926 2262 2018 2318 Sic

435 2369 615 2413 autem
646 2373 995 2418 consecrare,
1029 2367 1089 2411 ut
1113 2356 1250 2410 nihil
1277 2359 1330 2410 in
1367 2355 1447 2411 eis
1480 2356 1778 2410 habeamus
1817 2365 2018 2410 nostra:

435 2451 752 2515 voluntatis,
788 2451 885 2505 sed
937 2451 1052 2505 sive
1083 2465 1195 2504 suae
1241 2448 1530 2518 potestatis
1579 2447 1852 2517 quispiam
1910 2456 2016 2510 est,

437 2539 543 2594 hoc
574 2538 722 2592 enim
749 2547 837 2593 est
859 2552 990 2592 vere
1023 2537 1209 2600 homo,
1241 2535 1477 2590 dicimus
1512 2545 1694 2589 autem
1745 2550 1893 2598 eum,
1925 2535 2018 2603 qui

437 2629 750 2683 nullatenus
783 2627 941 2682 nobis
980 2626 1264 2694 subjectus
1298 2635 1403 2688 est,
1456 2624 1551 2678 sed
1583 2623 1812 2692 azqualis
1858 2623 2020 2678 nobis

437 2727 521 2772 est
553 2715 854 2772 secundum
885 2714 1383 2778 conversationem,
1411 2715 1526 2768 sive
1556 2730 1680 2768 eum
1712 2715 1804 2783 qni
1858 2715 2020 2768 nobis

437 2810 723 2880 subjectus
789 2818 909 2874 est,
967 2819 1022 2863 et
1083 2816 1375 2877 propterea
1445 2822 1614 2876 pecus
1670 2807 2014 2872 nominatur,

435 2901 810 2972 intelligibiles
840 2901 1028 2956 hostes
1059 2901 1344 2955 vincentes
1387 2900 1869 2969 acquisiverimus,
1901 2899 2018 2953 sive

435 2998 504 3051 de
538 3010 670 3064 agro
697 2993 1084 3064 possessionis,
1145 2992 1197 3046 id
1229 3003 1334 3056 est,
1369 3007 1434 3046 ex
1474 3007 1580 3060 qua
1616 2990 1794 3045 sortiti
1828 3005 2018 3045 sumus

436 3087 932 3149 conversationem,
979 3087 1036 3140 in
1081 3086 1273 3155 spoliis
1315 3094 1370 3140 et
1404 3083 1666 3154 trophmis
1715 3081 2015 3152 sumpseria

438 3193 582 3242 ntus,
614 3186 806 3234 contra
837 3176 1092 3232 inimicos
1114 3175 1484 3245 intelligibiles
1521 3183 1852 3245 pugnantes,
1920 3188 2023 3228 nec

439 3270 767 3326 venundare
833 3270 949 3324 ba-c
1009 3284 1340 3339 possumus,
1408 3284 1513 3322 nec
1567 3267 1840 3322 redimere
1883 3282 2022 3336 opus

440 3363 730 3425 habemus,
763 3362 890 3431 quia
925 3376 1089 3416 omne
1123 3369 1528 3423 consecratum,
1571 3368 1823 3413 sanctum
1865 3375 2022 3413 sant-.-

443 3468 619 3510 torum
648 3463 733 3510 est
793 3454 1048 3508 Domino.
1093 3451 1417 3518 Quomodo?
1472 3452 1622 3506 audi.
1667 3451 1784 3506 Non
1843 3459 2026 3520 potest

440 3545 633 3614 aliquis
660 3537 964 3614 exspoliare
989 3543 1292 3608 inimicum,
1312 3551 1603 3610 antequam
1629 3557 1753 3594 eum
1786 3541 2024 3610 perfecte

441 3634 714 3704 subjiciat,
769 3633 913 3688 sicut
966 3633 1226 3688 Dominus
1269 3631 1473 3686 JUdiL'lS
1528 3631 1692 3686 dixit:
1755 3631 2024 3696 Quomodo

443 3737 611 3796 potest
635 3727 830 3799 aliquis
867 3727 1073 3797 ingredi
1103 3727 1159 3779 in
1191 3727 1401 3780 domum
1434 3725 1610 3797 fortis,
1643 3737 1690 3779 et
1726 3742 1855 3780 vasa
1909 3726 2024 3794 ejus

442 3817 694 3886 diripere,
730 3817 775 3870 si
803 3831 904 3868 non
935 3815 1082 3883 prius
1115 3814 1413 3884 alligaverit
1439 3815 1645 3878 (artem,
1671 3824 1718 3867 et
1744 3825 1866 3867 tunc
1895 3830 2023 3866 vasa

443 3909 560 3979 ejus
597 3909 923 3977 diripiantur
939 3907 1024 3958 δεῖ
1053 3905 1206 3960 Tunc
1235 3916 1416 3960 autem
1449 3907 1608 3976 plene
1630 3905 2023 3975 intelligibilem

445 4001 658 4055 hostem
682 4000 993 4064 subdimus,
1026 3999 1080 4053 id
1112 4009 1196 4053 est
1225 3995 1522 4062 diabolum,
1552 3998 1826 4068 ligareque
1873 4011 2021 4059 eum,

447 4103 502 4148 et
527 4090 852 4162 deprzedari,
887 4099 941 4147 et
966 4104 1296 4145 consecrare
1332 4089 1445 4143 Deo
1475 4087 1648 4158 spolia
1686 4087 1806 4157 ejus
1825 4101 2022 4156 possu-

446 4201 600 4247 mus.
657 4183 881 4254 quando
945 4183 1066 4252 ejus
1111 4196 1306 4236 omnes
1353 4179 1649 4234 vicerimus
1700 4179 2021 4260 machinas,

444 4289 606 4329 omne
663 4273 1090 4329 contt'ivcritnus
1151 4279 1336 4340 caput,
1393 4284 1725 4338 omnemque
1781 4268 2022 4338 speciem

446 4369 657 4439 peccati
719 4367 1197 4427 declinaverimus,
1273 4373 1472 4420 cuncta
1522 4363 1711 4418 mundi
1752 4361 2024 4418 desideria

2114 521 2420 582 redimetur,
2457 521 2547 573 sed
2597 523 2865 575 morietur.
2897 522 3015 586 Qua
3058 521 3273 574 morte?
3327 520 3442 586 Qua
3495 520 3718 575 Paulus

2113 611 2357 665 dicebat:
2405 610 2528 664 Vivo
2549 621 2725 664 autem
2749 613 2868 681 jam
2893 628 2996 665 non
3031 629 3145 681 ego,
3188 613 3312 664 vivit
3335 613 3590 665 autemin
3615 627 3720 665 me

2115 705 2355 758 Christus
2375 705 2442 759 ⁵⁸.
2483 705 2546 758 Et
2566 719 2788 758 rursus:
2809 705 2898 758 Sic
2920 715 2970 758 et
3008 721 3097 758 vos
3130 706 3394 759 aestimate
3439 722 3527 758 vos
3551 721 3713 757 mor-

2114 803 2228 847 tuos
2258 795 2466 859 quidem
2499 805 2732 863 peccato,
2759 796 2988 849 viventes
3015 806 3193 848 autem
3228 795 3356 856 Deo,
3407 796 3463 848 in
3484 795 3711 851 Christo

2110 886 2314 939 Jesu".
2375 885 2522 941 Talis
2577 902 2728 957 ergo,
2791 887 2936 942 sicut
2982 887 3076 956 qui
3132 903 3303 958 usque
3357 890 3425 944 ad
3475 890 3709 945 culmen

2113 976 2332 1030 virtutis
2356 977 2590 1045 prolicit,
2618 988 2673 1031 et
2700 992 2989 1032 mensuras
3026 979 3253 1049 contigit
3300 979 3662 1048 perfectionis
3686 997 3706 1034 :

2113 1078 2361 1122 mortuus
2388 1068 2533 1121 enim
2575 1069 2774 1122 seculo
2796 1077 2900 1134 est,
2933 1077 2988 1122 et
3019 1084 3048 1121 a
3082 1070 3448 1138 praesentibus
3475 1072 3708 1126 alienus

2113 1167 2169 1212 et
2201 1157 2332 1211 olim
2357 1174 2386 1212 a
2413 1159 2600 1213 mundi
2628 1159 2880 1229 migravit
2909 1160 3179 1228 sapientia
3206 1177 3218 1214 :
3265 1170 3413 1215 recte
3469 1173 3710 1216 sanctus

2115 1261 2430 1305 sanctorum
2462 1251 2692 1305 Domino
2734 1261 2848 1305 est:
2881 1253 3007 1320 quia
3061 1253 3323 1306 Sanctum
3377 1263 3704 1307 sanctorum

2114 1344 2358 1398 imitatus
2387 1352 2470 1397 est
2501 1343 2803 1398 secundum
2836 1343 3253 1412 possibilitatem
3285 1361 3463 1398 suam.

2187 1437 2346 1492 Vens.
2379 1437 2568 1492 50-53.
2601 1456 2618 1487 ε
2648 1437 2852 1490 Omnes
2873 1437 3100 1491 decimae
3121 1446 3304 1500 terrae,
3342 1438 3455 1491 sive
3476 1439 3544 1491 de
3575 1437 3703 1492 trh-

2115 1530 2291 1600 gibus,
2335 1529 2452 1583 sive
2475 1529 2544 1583 de
2587 1528 2767 1597 pomis
2798 1529 3078 1592 arborum,
3111 1527 3492 1592 Dominisum,
3535 1539 3588 1583 et
3617 1531 3702 1584 illi

2113 1622 2546 1676 sanetiﬁcantur.
2597 1620 2654 1674 Si
2708 1621 2834 1689 quis
2895 1632 3078 1674 autem
3136 1621 3376 1675 voluerit
3426 1622 3704 1676 redimere

2116 1715 2357 1770 decimas
2373 1729 2522 1776 suas,
2538 1712 2956 1780 addetquintam
2979 1721 3190 1781 partem
3211 1727 3425 1765 earum.
3440 1709 3702 1765 Omnium

2121 1808 2478 1870 decimarum,
2521 1806 2691 1860 boves
2717 1812 2772 1859 et
2801 1817 2933 1858 oves
2957 1818 3138 1872 capra:
3163 1817 3284 1872 quas
3318 1803 3425 1856 sub
3467 1803 3705 1870 pastoris

2121 1901 2269 1971 virga
2304 1907 2608 1963 transeunt,
2644 1897 2906 1966 quidquid
2952 1896 3226 1950 decimum
3285 1895 3516 1959 venerit,
3566 1909 3703 1948 san-

2118 1990 2451 2048 ctificabitur
2485 1988 2738 2043 Domino.
2767 1985 2889 2041 Non
2912 1986 3146 2055 eligetur
3196 1999 3302 2038 nec
3347 1984 3540 2038 bonum
3586 1997 3700 2036 nec

2120 2083 2346 2148 malum,
2379 2096 2483 2135 nec
2505 2081 2680 2135 altero
2702 2076 3148 2134 commutabitur.
3201 2075 3260 2128 Si
3298 2073 3419 2144 quis
3444 2080 3688 2127 mutave-

2120 2177 2212 2240 rit,
2237 2183 2293 2229 et
2320 2173 2464 2244 quod
2495 2180 2762 2226 mutatum
2798 2177 2905 2233 est,
2945 2176 3003 2222 et
3031 2183 3129 2237 pro
3151 2182 3263 2236 quo
3293 2173 3546 2219 mutatum
3575 2171 3692 2230 est,

2119 2267 2552 2325 sanctificabitur
2573 2265 2824 2327 Domino,
2848 2272 2902 2316 et
2934 2277 3043 2315 non
3081 2261 3407 2314 redimetur.
3448 2276 3466 2307 ι

2189 2361 2404 2428 Qumris
2434 2358 2683 2421 forsitan,
2709 2356 2869 2424 cujus
2899 2355 2979 2409 rei
3013 2354 3183 2423 gratia
3217 2351 3495 2406 fructuum
3537 2357 3704 2402 terra:

2121 2455 2316 2512 redimi
2347 2453 2616 2507 decimam
2655 2448 2922 2520 praecipit.
2955 2447 3121 2501 boum
3181 2455 3362 2499 autem
3413 2456 3468 2496 et
3511 2443 3700 2495 ovium

2120 2559 2232 2600 non
2268 2539 2554 2610 praecipit?
2584 2537 2730 2607 quod
2761 2536 2984 2591 Judzeus
3002 2535 3186 2588 dicere
3205 2548 3316 2586 non
3347 2540 3542 2601 potest,
3569 2530 3702 2598 quia

2119 2633 2221 2689 soli
2249 2632 2417 2687 servit
2442 2630 2654 2692 litterae,
2677 2629 2730 2680 in
2751 2642 2856 2696 qua
2882 2625 3117 2680 maxime
3145 2625 3312 2678 multa
3343 2621 3703 2691 quastionem

2122 2722 2443 2793 recipientia
2472 2719 2744 2790 legislator
2773 2714 3092 2785 interponit,
3114 2721 3172 2767 ut
3199 2709 3474 2781 angustati
3495 2711 3562 2760 ad
3584 2707 3704 2773 spi-

2122 2819 2284 2872 ritum
2313 2823 2558 2875 currant,
2591 2819 2647 2866 et
2670 2810 2848 2865 sciant
2887 2809 3015 2877 quia
3045 2807 3227 2860 littera
3258 2814 3388 2858 tunc
3418 2811 3500 2856 est
3536 2802 3701 2862 bona,

2120 2907 2341 2978 quando
2362 2905 2448 2958 illa
2474 2918 2568 2957 usa
2598 2901 2762 2956 fuerit
2787 2900 2935 2954 velut
2962 2898 3347 2952 instrumento,
3373 2901 3430 2945 et
3453 2889 3703 2944 ministra

2124 3000 2368 3070 spiritus.
2408 2995 2786 3050 Differentiam
2824 3005 2955 3060 ergo
3005 2986 3398 3056 discipulorum
3427 2983 3561 3052 legis
3611 2980 3708 3034 hic

2047 3112 2089 3170 ο
2124 3091 2397 3161 proponit,
2431 3099 2483 3143 et
2507 3083 2968 3156 quemadmodum
3008 3081 3066 3135 in
3117 3075 3496 3148 primogenitis
3538 3088 3705 3127 mun-

2123 3183 2228 3247 dis,
2257 3190 2314 3236 et
2344 3179 2660 3241 immundis,
2692 3176 2914 3245 quidam
2945 3188 3069 3228 cum
3092 3169 3401 3225 obedientia
3419 3176 3475 3220 et
3499 3167 3708 3220 bonam

2124 3273 2256 3342 legis
2313 3269 2725 3324 meditationem
2784 3275 2840 3320 et
2879 3262 3163 3318 scientiam
3225 3258 3706 3327 conquisiverunt,

2123 3365 2346 3436 quidam
2373 3371 2556 3416 autem
2587 3367 2718 3413 sunt
2741 3357 2833 3427 qui
2865 3357 3034 3410 solam
3067 3351 3433 3408 obedientiam
3465 3350 3704 3402 habent:

2124 3458 2202 3513 sic
2230 3465 2284 3510 et
2317 3455 2405 3510 hic
2437 3452 2657 3523 quidam
2710 3459 3004 3519 operantes
3052 3445 3328 3507 mandata,
3378 3440 3709 3509 sapientiam

2127 3562 2401 3606 terrenam
2430 3547 2657 3607 habent,
2683 3553 2737 3598 et
2763 3552 3052 3612 propterea
3092 3536 3470 3606 redemptione
3507 3547 3707 3585 neces-

2125 3643 2266 3699 saria
2298 3651 2486 3712 egent,
2535 3638 2756 3708 quidam
2793 3649 2898 3688 nec
2939 3631 3133 3686 redimi
3159 3643 3298 3698 opus
3353 3626 3575 3686 habent,
3609 3622 3711 3677 sed

2125 3750 2227 3788 nec
2240 3732 2436 3787 mutari
2460 3729 2681 3791 debent,
2707 3727 2849 3780 sicut
2878 3721 3100 3793 perfecti
3134 3734 3349 3788 semper
3365 3727 3421 3771 et
3447 3729 3713 3770 consum-

2126 3826 2278 3880 mati.
2344 3824 2553 3892 Fruges
2585 3835 2735 3890 ergo,
2795 3819 2848 3872 in
2904 3814 3158 3886 prmsenti
3219 3813 3301 3866 lex
3347 3809 3710 3870 messioncm,

2125 3933 2247 3988 quae
2279 3926 2362 3970 est
2387 3916 2454 3968 de
2487 3914 2717 3975 semine,
2759 3910 2908 3972 dicit,
2943 3907 3195 3961 similiter
3222 3913 3278 3958 et
3327 3917 3486 3971 poma
3541 3901 3712 3954 arbo-

2129 4024 2248 4064 rum
2282 4006 2582 4062 secundum
2604 4013 2822 4072 tempus
2852 4015 3036 4055 suum.
3071 3997 3274 4051 llorum
3301 4004 3481 4048 autem
3509 3991 3715 4062 germi-

2125 4102 2213 4156 nis
2259 4100 2472 4154 decima
2523 4111 2652 4166 pars
2711 4096 2820 4148 Deo
2874 4089 3178 4146 secundum
3222 4088 3397 4158 legem
3433 4084 3714 4146 debetur,

2127 4203 2418 4260 utrumque
2439 4197 2618 4242 autem
2647 4187 2754 4240 hoc
2768 4185 2838 4237 ad
2869 4183 3000 4252 legis
3033 4179 3512 4235 fructificationcm
3536 4173 3714 4242 accipi

2127 4289 2364 4352 oportet.
2396 4279 2660 4334 Dominus
2701 4276 2920 4345 quidem
2971 4274 3170 4327 bonam
3208 4280 3407 4324 terram
3471 4266 3712 4320 fructum

2129 4374 2452 4428 all‘erentem
2480 4370 2722 4440 triginta,
2745 4377 2801 4422 et
2815 4366 3117 4436 sexaginta,
3147 4373 3201 4417 et
3227 4369 3472 4422 centum,
3494 4373 3593 4413 eos
3610 4356 3711 4425 Qui

447 4461 764 4523 vicerimus,
795 4470 1133 4529 cunctasque
1181 4458 1412 4513 virtutes
1445 4456 1681 4510 assecuti
1719 4455 2024 4510 fuerimus:
2058 4449 2104 4508 D
2136 4465 2444 4535 suscipiam
2499 4462 2749 4522 verbum,
2781 4467 2837 4514 et
2875 4458 3085 4512 factum
3126 4455 3281 4519 iltud,
3331 4455 3384 4507 in
3455 4449 3717 4520 parabola

451 4566 582 4606 tunc
618 4551 764 4605 enim
818 4567 942 4604 eum
977 4563 1033 4605 et
1077 4551 1304 4619 ligatum
1363 4549 1650 4608 habemus,
1698 4556 1753 4601 et
1801 4545 2029 4616 praedari

450 4659 764 4717 possumus.
792 4644 884 4698 Sic
913 4652 1094 4697 autem
1133 4641 1474 4711 diripientes,
1500 4650 1555 4694 et
1594 4656 1718 4694 eum
1771 4639 2030 4708 prardicta

453 4738 684 4792 victoria
734 4735 1124 4800 devincentes,
1189 4733 1557 4802 quodcunque
1613 4729 2029 4801 diripuerimus,

403 4873 413 4903 ζ
457 4829 570 4883 Deo
603 4836 752 4882 recte
791 4825 1098 4880 offerimus.
1151 4824 1413 4878 Sanctum
1470 4830 1653 4876 autem
1712 4831 2029 4876 sanctorum

396 4912 404 4919 ’
452 4921 756 4994 perfectum
788 4928 1338 4986 consummatumth
1371 4915 1654 4977 habemus,
1715 4929 1816 4968 nec
1846 4923 2029 4968 nostra

454 5010 838 5066 exhortatione
867 5024 972 5063 nec
997 5006 1228 5061 aliorum
1253 5019 1442 5075 egens,
1485 5003 1631 5073 quod
1661 5017 1763 5056 nec
1818 5001 2032 5056 addita-

456 5110 701 5156 mentum
731 5100 974 5170 aliquod,
1006 5114 1110 5154 nec
1139 5097 1442 5168 perfectum
1471 5112 1611 5166 opus
1657 5095 1840 5150 habet.
1885 5093 2034 5160 Quo-

458 5195 660 5250 modo?
686 5194 842 5261 Quod
879 5208 1042 5248 omue
1079 5199 1364 5262 peccatum
1406 5189 1604 5254 evasit,
1656 5203 1877 5243 onmem
1922 5187 2035 5241 vir-

457 5295 627 5342 tutem
648 5296 932 5357 operatum
949 5293 1055 5350 est,
1087 5294 1144 5339 et
1174 5285 1471 5338 alienatum
1503 5289 1587 5336 est
1619 5281 1844 5344 mundo,
1868 5297 2028 5336 mun-

458 5380 637 5450 doque
663 5380 1004 5437 cruciﬁxum.
1053 5378 1227 5433 Nimis
1261 5393 1391 5448 ergo
1445 5385 1850 5444 consequenter
1879 5374 2030 5429 addi-

455 5471 568 5526 (lit:

566 5699 609 5727 ⁸⁷
640 5697 826 5748 Matth.
860 5713 912 5754 κ,
947 5697 1034 5748 δι.
1149 5700 1190 5729 ⁵⁵
1223 5698 1407 5752 Matth.
1434 5714 1529 5759 xu,
1559 5698 1648 5752 29.

461 5765 682 5831 101,17.
797 5765 841 5796 ⁸³
871 5765 1010 5820 Psal.
1046 5783 1114 5830 LI,
1156 5769 1232 5821 lit.
1350 5772 1390 5798 ’δ”
1418 5766 1560 5821 f‘sal.
1597 5784 1632 5834 ι,
1659 5768 1708 5821 5.

1763 5698 1806 5727 ""
1840 5695 1952 5750 Gal.
1985 5694 2154 5762 11,20.

2149 4558 2420 4612 seminum
2468 4552 2910 4624 evangelicorum
2959 4562 3242 4618 exponens
3274 4544 3492 4598 dixit“.
3543 4541 3718 4593 David

2138 4658 2320 4703 autem
2351 4660 2499 4699 nunc
2529 4643 2829 4698 clamabat:
2865 4639 3049 4694 Justus
3098 4648 3153 4691 ut
3189 4636 3371 4706 palma
3427 4632 3714 4701 ﬂorebit“.

2140 4732 2585 4802 litrursus:Ego
2612 4740 2790 4785 autem
2822 4728 2953 4782 sicut
2973 4727 3112 4781 oliva
3151 4725 3427 4794 frurtifera
3469 4723 3522 4774 in
3565 4722 3719 4772 domo

2142 4829 2352 4882 Domini
2369 4827 2434 4879 ⁸³.
2465 4823 2623 4878 Nunc
2651 4834 2832 4877 autem
2861 4820 3100 4876 breviter
3133 4817 3454 4874 describens
3468 4816 3717 4884 justum:

2139 4920 2204 4974 Et
2245 4919 2366 4980 erit,
2397 4917 2490 4982 ait,
2538 4917 2670 4970 sicut
2705 4915 2908 4984 lignum
2947 4913 3084 4982 quod
3119 4910 3426 4980 plumatum
3458 4917 3531 4962 est
3576 4922 3721 4960 secus

2137 5012 2386 5066 decursus
2412 5023 2694 5077 aquarum,
2714 5007 2851 5076 quod
2881 5005 3111 5074 fructum
3141 5019 3295 5057 suum
3327 5001 3474 5054 dabit
3504 5000 3561 5052 in
3589 5009 3723 5051 tent-

2140 5116 2266 5170 pore
2281 5099 2454 5152 suo“.
2493 5095 2668 5167 Hujus
2698 5112 2828 5167 ergo
2854 5095 3035 5150 omnis
3087 5093 3336 5153 decima,
3375 5103 3568 5146 sancta
3612 5101 3718 5144 est.

2141 5193 2342 5245 Sancta
2367 5188 2513 5242 enim
2549 5189 2744 5242 horum
2767 5185 2934 5250 actio,
2959 5194 3013 5238 et
3032 5183 3273 5238 studium
3317 5190 3421 5244 est,
3447 5180 3579 5250 quia
3608 5180 3720 5247 qni,

2140 5283 2277 5354 legis
2307 5281 2564 5337 mandata
2591 5293 2852 5349 operaus,
2892 5293 3045 5346 spem
3079 5277 3130 5329 in
3161 5274 3417 5347 praesenti
3484 5273 3724 5328 retribu-

2144 5375 2310 5429 tionis
2348 5372 2525 5442 ponit,
2569 5379 2788 5426 terrena
2830 5369 2992 5438 sapit,
3048 5368 3242 5438 quales
3283 5375 3441 5420 erant
3502 5362 3725 5433 quidam

2145 5466 2481 5526 Judzeorum,
2533 5465 2600 5518 ad
2657 5478 2796 5533 quos
2849 5443 3038 5532 utpote
3094 5471 3255 5515 terrae
3304 5459 3722 5522 inluerentibus,

3511 5683 3557 5715 ⁸³
3583 5681 3726 5736 Psal.

2272 5696 2314 5725 ⁶⁰
2352 5695 2507 5748 Rom.
2540 5709 2611 5760 γι,
2653 5693 2734 5746 ιι.
2817 5691 2854 5719 ⁸⁸
2889 5689 3075 5744 Matth.
3118 5701 3237 5755 sin,
3263 5686 3294 5742 8
3320 5699 3436 5755 seq.
