4036 6200
326 290 462 361 1177

1434 294 1520 358 ΙΝ
1550 293 1993 357 LEVITICUM.
2032 319 2101 334 --
2126 294 2274 358 LIB.
2310 296 2443 360 VII.

3432 292 3568 360 1178

323 405 591 461 Dominus
619 404 875 461 dicebat:
912 404 1009 460 Vos
1037 403 1367 458 dedeorsum
1393 404 1541 469 estis,
1574 419 1669 474 ego
1693 419 1900 458 sursum
1929 406 1978 463 Α
2005 402 2153 457 naris
2178 404 2328 458 hunc
2354 418 2613 474 respuere
2637 444 2651 468 ,
2681 401 2849 457 alium
2894 412 3079 458 autem
3103 418 3203 473 pro
3225 418 3294 461 eo
3316 404 3568 461 introdu-

321 509 441 548 sum
463 496 531 547 ⁸⁸.
581 493 687 549 Sed
728 508 783 548 et
838 493 1045 548 Paulus
1087 492 1158 547 de
1209 492 1293 547 eis
1320 491 1479 557 dixit,
1529 492 1627 561 qui
1677 500 1897 546 terrena

323 584 575 655 sapiunt:
596 584 792 639 Nostra
815 594 996 638 autem
1014 584 1340 637 conuersatio
1371 584 1424 636 in
1443 582 1582 637 caelis
1602 591 1679 637 est
1694 582 1765 636 ⁸⁸.
1783 581 1899 636 Hoc

319 685 505 731 autem
538 691 687 731 nunc
711 675 910 737 innuit,
947 689 1128 743 neque
1173 674 1321 729 enim
1357 674 1679 741 simpliciter
1731 672 1889 737 dixit,

320 783 498 825 0mm
523 769 737 821 decimae
764 776 951 820 terra:
983 765 1103 829 sed,
1137 780 1316 819 omnes
1330 766 1551 818 decima:
1571 773 1728 817 terre
1755 777 1898 832 pras-

320 858 478 921 dixit,
509 868 567 913 et
596 868 726 912 tunc
757 858 1024 923 subdidit,
1046 859 1154 912 sive
1175 857 1240 911 de
1266 856 1524 927 frugibus.
1546 861 1607 908 ut
1631 854 1894 925 pradican

323 955 410 1001 ret
457 955 649 1017 aperte
697 962 823 1002 eum
853 988 867 1011 ,
915 948 1008 1017 qui
1063 947 1432 1005 intentionem
1484 944 1893 1014 esSpectatione

324 1050 674 1095 terrenorum
714 1040 983 1095 bonorum
1016 1039 1152 1110 legis
1200 1038 1453 1093 mandata
1482 1045 1759 1107 operatur,
1790 1037 1893 1091 etsi

323 1141 514 1186 saneta
565 1131 684 1200 ejus
734 1130 973 1193 decima,
1006 1129 1060 1184 id
1107 1138 1194 1184 est
1219 1128 1462 1183 mandati
1509 1127 1756 1197 operatio
1788 1134 1891 1191 est,

324 1232 702 1278 verumtamen
758 1238 868 1276 non
919 1221 1123 1293 grande
1174 1220 1431 1291 juvamen
1487 1234 1678 1274 eorum
1709 1226 1893 1273 estex

323 1314 415 1369 tali
473 1313 792 1383 operatione
845 1312 990 1367 circa
1030 1310 1500 1373 ‘retributionem,
1560 1323 1723 1379 quam
1780 1322 1890 1361 non

320 1414 537 1475 oportet
566 1421 596 1459 a
617 1406 729 1460 Deo
746 1404 1053 1475 exspectari
1079 1404 1148 1458 ab
1166 1403 1250 1458 eis
1277 1403 1371 1473 qui
1397 1401 1630 1456 terrenis
1656 1399 1888 1454 inhiant.

290 1498 479 1565 .Unde
509 1500 552 1554 si
580 1499 692 1553 vult
718 1497 842 1567 quis
867 1496 1195 1567 sibimetipsi
1235 1495 1503 1550 decimam
1533 1492 1676 1546 hanc
1708 1491 1892 1560 acqui-

320 1602 463 1651 rere,
493 1588 657 1642 addat
675 1588 945 1656 quintam,
971 1585 1027 1642 id
1072 1595 1156 1641 est
1224 1584 1663 1656 intelligentiam,
1696 1591 1756 1635 ut
1777 1596 1891 1651 qua:

315 1695 525 1733 sursum
574 1688 695 1732 sunt
744 1678 942 1747 sapiat,
983 1677 1054 1729 ad
1088 1692 1150 1729 ea
1181 1691 1298 1745 qua
1326 1691 1533 1728 sursum
1564 1684 1685 1727 sunt
1722 1674 1892 1725 inten-

1998 508 2144 559 cere,
2195 504 2253 549 et
2282 510 2607 550 consecrare
2635 494 2745 549 Deo
2775 494 2931 563 quasi
2978 495 3261 549 meliorem
3291 512 3306 548 :
3342 509 3453 548 non
3481 503 3569 549 est

1999 593 2153 641 tuum
2183 587 2288 642 hoc
2312 587 2649 653 discernere,
2676 603 2854 657 neque
2887 588 3034 641 hunc
3062 587 3155 640 illo
3186 587 3331 640 inter
3349 596 3567 642 sanctos

1994 680 2269 749 appellare
2310 680 2678 734 deteriorem:
2715 680 2860 749 quod
2890 680 3054 734 etiam
3083 695 3153 732 ex
3209 678 3433 732 historia
3484 678 3567 733 l‘s-

1995 780 2145 824 etum
2171 786 2463 841 cognosce.
2495 770 2699 825 Paulus
2733 770 3028 839 aliquando
3041 778 3097 823 et
3114 769 3392 823 Barnabas
3426 768 3568 824 inter

1993 861 2319 930 semetipsos
2361 861 2785 915 contenderunt.
2824 859 3105 914 Barnabas
3157 859 3305 913 enim
3355 858 3571 912 dicebat

1992 951 2195 1004 debere
2261 950 2466 1005 assumi
2525 949 2764 1005 Marcum
2795 969 2809 1004 :
2843 950 3044 1005 Paulus
3093 959 3277 1003 autem
3328 949 3567 1013 dicebat,

1991 1056 2118 1096 eum
2149 1041 2242 1110 qui
2292 1040 2462 1094 semel
2512 1041 2738 1095 recessit
2764 1057 2795 1094 a
2836 1040 3165 1109 Pamphilio.
3206 1047 3263 1094 et
3309 1039 3399 1109 qui
3453 1054 3567 1095 non

1991 1130 2269 1184 concurrit
2298 1128 2378 1182 eis
2428 1128 2482 1181 in
2523 1144 2722 1197 opere,
2768 1144 2874 1182 non
2918 1128 3118 1183 debere
3147 1128 3371 1181 assumi.
3407 1125 3565 1181 Facta

1991 1230 2280 1275 estautem
2310 1221 2452 1274 Inter
2490 1234 2587 1274 eos
2623 1219 2745 1273 talis
2800 1220 3101 1280 contentio,
3161 1218 3232 1272 ita
3280 1228 3342 1273 ut
3394 1218 3566 1272 disce-

1990 1311 2182 1365 derent
2208 1311 2276 1364 ab
2308 1310 2563 1373 invicem,
2588 1319 2644 1363 et
2671 1309 2969 1375 Barnabas,
3022 1317 3306 1378 assumpto
3358 1308 3561 1383 Marco,

1989 1400 2266 1471 navigaret
2297 1400 2557 1471 Cyprum,
2605 1401 2806 1455 Paulus
2857 1409 3065 1465 autem,
3114 1400 3319 1470 eligens
3375 1397 3565 1463 Silam,

1992 1494 2221 1547 traditus
2238 1502 2321 1548 est
2338 1493 2523 1563 gratim
2543 1493 2657 1547 Dei.
2691 1492 2855 1546 Vides
2884 1491 3159 1560 quomodo
3185 1490 3416 1544 mutavit
3448 1504 3566 1542 me-

1988 1584 2112 1649 lius,
2154 1585 2295 1641 sicut
2321 1583 2633 1649 aestimavit,
2671 1584 2964 1639 deteriore.
3000 1583 3181 1651 Ipsum
3212 1589 3391 1633 autem
3415 1577 3561 1646 quod

1989 1686 2255 1731 mutatum
2284 1686 2367 1732 est
2392 1686 2447 1731 et
2480 1692 2579 1746 pro
2607 1691 2717 1745 quo
2764 1684 3031 1728 mutatum
3092 1682 3195 1735 est,
3244 1671 3446 1726 factum
3486 1678 3569 1724 est

316 1767 411 1821 dat
428 1768 494 1831 ⁸⁷,
540 1766 684 1821 sicut
730 1763 933 1819 Paulus
962 1764 1255 1819 scribebat.
1289 1761 1394 1828 Qui
1443 1762 1589 1821 enim
1642 1761 1721 1817 sic
1757 1759 1889 1829 legis

1990 1777 2265 1824 sanctum.
2297 1766 2462 1825 Silam
2491 1766 2661 1831 enim,
2682 1766 2825 1820 sicut
2856 1765 3119 1834 aptiorem
3148 1762 3347 1825 Marco,
3375 1761 3441 1814 ad
3473 1759 3570 1813 mi-

316 1857 571 1911 mandata
615 1865 900 1926 operatur,
943 1871 1056 1910 non
1104 1855 1296 1925 perdet
1326 1855 1535 1907 lucrum
1570 1852 1709 1922 ejus,
1760 1851 1886 1921 quia

315 1946 525 2001 decima
557 1946 677 2015 ejus
704 1944 958 2000 eﬁicitur.
985 1946 1125 2016 Ergo
1167 1945 1288 2015 ejus
1331 1942 1423 2013 qui
1462 1951 1677 1997 terrena
1724 1942 1886 2011 sapit,

315 2038 526 2091 decima
555 2044 743 2092 saneta
796 2037 1013 2106 quidem
1061 2044 1167 2096 est.
1197 2036 1291 2090 sed
1349 2050 1460 2089 non
1513 2034 1586 2098 ei,
1614 2033 1739 2103 quia
1777 2048 1887 2087 non

318 2129 742 2199 intelligibiliter
789 2127 1107 2182 mandatum
1136 2136 1418 2197 operatur,
1455 2141 1558 2180 nec
1610 2126 1714 2179 scit
1743 2125 1887 2194 quod

315 2218 529 2274 lucrum
561 2220 619 2274 in
642 2236 707 2275 ea
732 2228 1033 2290 exspectet,
1070 2228 1167 2273 aut
1189 2233 1349 2288 quam
1370 2216 1783 2272 retributionem
1832 2217 1888 2271 in

315 2323 380 2363 ea
404 2319 607 2379 speret.

385 2400 552 2456 Boves
585 2387 761 2456 autem
787 2411 836 2457 et
864 2419 1015 2465 aves,
1074 2411 1123 2456 et
1179 2418 1499 2473 quaecunque
1537 2401 1631 2455 sub
1673 2417 1889 2456 numero

312 2504 437 2550 sunt
452 2495 546 2548 sub
560 2495 708 2564 uirga
737 2503 1031 2551 transeunt.
1054 2493 1201 2550 Dicit
1216 2494 1363 2550 enim
1388 2509 1485 2550 eos
1505 2494 1600 2564 qui
1619 2494 1722 2550 sub
1740 2496 1888 2565 virga

315 2591 679 2649 numerantur
720 2584 921 2647 erucis,
975 2584 1176 2655 quibus
1218 2591 1280 2639 ut
1317 2592 1675 2638 numerentur
1701 2625 1716 2649 ,
1753 2583 1889 2638 ﬁdes

318 2675 409 2729 Dei
440 2675 680 2730 amicitia
713 2676 902 2731 donat.
937 2675 1196 2746 Quisquis
1233 2676 1379 2731 enim
1415 2675 1589 2730 ﬁdelis
1630 2685 1713 2729 est
1754 2675 1886 2738 Deo,

316 2767 408 2823 hic
425 2777 482 2823 et
497 2768 619 2837 ejus
641 2767 849 2825 amicus
877 2767 1172 2833 invenitur,
1190 2766 1336 2838 quod
1363 2767 1701 2823 demonstrat
1720 2766 1890 2822 Abra-

316 2856 442 2909 ham
472 2893 488 2917 .
534 2854 605 2911 de
631 2871 742 2926 quo
784 2856 987 2912 dictum
1027 2866 1112 2911 est
1141 2876 1155 2909 ;
1188 2856 1422 2910 Credidit
1452 2856 1721 2911 Abraham
1752 2855 1884 2922 Deo,

312 2955 362 3002 et
392 2956 693 3015 reputatum
737 2955 815 3001 est
857 2948 905 3001 ei
933 2948 1006 3001 ad
1028 2947 1317 3017 justitiam,
1351 2956 1399 3000 et
1428 2947 1631 3000 amicus
1667 2946 1763 3001 Dei
1789 2964 1887 3017 ap-

312 3037 540 3134 pellatus
585 3037 751 3134 est".
788 3035 892 3134 Qui
930 3037 1078 3134 enim
1130 3036 1289 3091 amici
1324 3036 1449 3134 Dei,
1479 3052 1708 3092 numero
1735 3036 1881 3109 digni
1909 3076 1952 3134 c

313 3125 606 3189 habentur,
640 3124 768 3179 licet
796 3126 906 3180 sint
929 3125 1209 3180 immensa:
1236 3125 1633 3192 multitudinis,
1677 3136 1731 3182 et
1772 3142 1883 3182 non

311 3217 486 3272 solum
512 3218 559 3272 si
593 3233 907 3281 numerum,
940 3218 1034 3272 sed
1063 3218 1230 3273 etiam
1259 3217 1304 3272 si
1352 3234 1661 3272 mensuram
1694 3232 1885 3272 exces-

313 3309 524 3378 serint,
580 3310 705 3364 audi
763 3309 930 3363 David
980 3310 1292 3365 dicentem:
1327 3307 1463 3363 bliln’
1507 3318 1686 3363 autem
1729 3310 1885 3363 nimis

310 3399 645 3467 Itonariﬁcati
680 3408 801 3453 sunt
846 3399 1007 3452 amici
1039 3399 1137 3463 tui,
1167 3397 1327 3461 Deus,
1368 3399 1523 3452 nimis
1560 3400 1884 3470 confortatus

312 3496 390 3540 est
422 3486 748 3554 principatus
769 3502 968 3541 eorum.
1001 3485 1357 3539 Dinumerabo
1380 3502 1485 3551 eos,
1513 3495 1561 3539 et
1584 3503 1740 3554 super
1760 3505 1883 3541 are-

314 3593 438 3629 nam
469 3575 960 3644 multiplicabuntur
990 3577 1057 3630 ".
1113 3575 1176 3630 lli
1220 3584 1490 3630 terrenam
1541 3593 1650 3631 non
1681 3577 1884 3632 habent

312 3660 656 3732 sapientiam,
712 3677 817 3717 nec
850 3661 905 3716 in
946 3663 1031 3717 his
1064 3679 1185 3732 qua:
1238 3673 1425 3735 agunt,
1475 3666 1880 3736 eorruptibilem

312 3752 729 3808 retributionem
760 3764 1032 3825 quierunt.
1070 3754 1303 3826 Propter
1337 3758 1478 3827 quod
1513 3774 1620 3812 non
1652 3760 1883 3828 speciale

309 3840 587 3918 quidpiam
628 3842 864 3906 illorum,
888 3845 983 3899 sed
1021 3845 1387 3915 quodcunque
1418 3849 1628 3919 egerint
1656 3854 1881 3905 manda-

311 3939 448 3995 tum,
482 3933 868 3987 sanetumDeo
890 3943 994 3988 est.

380 4020 484 4077 Sed
514 4039 607 4076 nec
636 4024 856 4094 eligetur
901 4025 1038 4077 inter
1088 4024 1278 4080 bonum
1326 4037 1377 4080 et
1427 4029 1647 4083 malum.
1687 4029 1739 4084 ld
1771 4040 1874 4094 est,

310 4112 457 4168 inter
477 4113 721 4169 deterius
753 4124 809 4169 et
837 4116 1049 4169 melius.
1085 4115 1205 4171 Non
1235 4126 1317 4172 est
1351 4118 1495 4173 enim
1526 4137 1717 4176 eorum
1745 4122 1879 4177 faci-

306 4202 375 4258 lis
410 4204 687 4270 discretio,
720 4205 844 4275 quia
886 4206 986 4260 etsi
1016 4206 1339 4261 altcrutrum
1379 4219 1662 4279 superant,
1684 4228 1878 4282 quem-

306 4297 599 4352 admodum
656 4298 811 4353 stclla
866 4299 1076 4353 stellam
1129 4299 1181 4354 in
1209 4300 1379 4372 gloria
1415 4301 1751 4367 diderentes,
1781 4306 1876 4361 sed

1990 1857 2270 1913 nisterium
2303 1856 2707 1925 praedicationis
2746 1854 2929 1925 elegit,
2948 1869 3059 1906 non
3092 1862 3272 1905 tamen
3301 1851 3561 1919 expulsus

1986 1956 2072 2000 est
2105 1945 2333 2000 Marcus.
2362 1944 2637 2000 Barnabas
2666 1952 2878 2007 autem,
2912 1958 3039 1997 eum
3073 1956 3360 1996 assumens
3385 1979 3399 2003 ,
3426 1940 3562 1995 abiit

1988 2038 2248 2107 Cyprum,
2278 2047 2329 2091 et
2361 2053 2486 2092 eum
2513 2052 2580 2091 eo
2607 2035 2970 2106 praedicabat,
3017 2044 3074 2087 et
3117 2032 3171 2085 in
3202 2039 3412 2085 tantum
3449 2042 3565 2085 erat

1989 2146 2214 2201 magnus
2232 2172 2247 2194 ,
2276 2140 2334 2183 ut
2362 2128 2696 2200 evangelista
2719 2142 2863 2181 unus
2889 2127 2957 2181 de
2972 2134 3206 2196 quatuor
3225 2123 3395 2177 ﬁeret.
3424 2122 3562 2193 Ergo

1986 2222 2189 2278 Paulus
2216 2233 2517 2276 retractans
2536 2260 2551 2285 ,
2577 2228 2632 2275 et
2664 2233 3025 2290 cognoscens,
3068 2216 3195 2286 quia
3222 2215 3405 2269 nullus
3435 2229 3563 2267 san-

1988 2321 2200 2368 ctorum
2236 2310 2578 2384 respuendus
2617 2318 2739 2375 est,
2772 2323 2875 2365 nec
2907 2317 3094 2379 potest
3127 2307 3322 2376 aliquis
3352 2320 3562 2371 eorum,

1985 2406 2078 2476 qui
2109 2405 2352 2475 perfecte
2387 2404 2743 2475 profecerunt
2762 2444 2778 2469 ,
2824 2402 2970 2457 hunc
2999 2401 3181 2456 dicere
3210 2400 3564 2464 deteriorem,

1986 2511 2091 2552 nee
2120 2494 2275 2551 illum
2293 2494 2606 2559 meliorem,
2632 2492 2750 2564 ipse
2776 2507 2968 2559 rursus
2985 2490 3225 2545 Marcum
3246 2488 3564 2558 assumpsit,

1986 2596 2041 2641 et
2055 2587 2120 2641 ad
2140 2586 2485 2640 Timotheum
2497 2585 2771 2639 scribebat
2791 2603 2803 2637 :
2823 2583 3041 2637 Assume
3058 2582 3317 2646 Murcum,
3335 2590 3384 2634 et
3400 2579 3568 2632 deduc

1986 2689 2199 2740 tecum;
2256 2686 2329 2730 est
2382 2678 2521 2729 enim
2580 2676 2708 2729 mihi
2760 2674 2906 2727 utilis
2937 2675 2992 2726 in
3030 2672 3326 2726 ministerio
3350 2671 3417 2723 ⁷⁸.
3447 2668 3566 2723 Non

1985 2783 2114 2838 ergo
2159 2766 2461 2821 intendatis
2532 2766 2656 2835 quis
2717 2765 2865 2819 inter
2893 2767 2992 2818 hos
3022 2763 3203 2817 bonus
3229 2770 3323 2815 aut
3368 2759 3563 2823 malus,

1984 2862 2076 2915 sed
2111 2875 2215 2915 nec
2241 2867 2548 2914 commutes
2569 2856 2803 2911 alterum
2836 2854 3031 2909 altero.

2054 2951 2120 3006 Et
2148 2968 2252 3004 non
2275 2951 2585 3004 redimetur.
2633 2947 2731 3003 Cui
2765 2948 2909 3002 enim
2940 2946 3077 3001 nihil
3108 2944 3294 2999 minus
3321 2953 3427 3011 est,
3458 2959 3563 3015 qua

1985 3043 2364 3113 redemptione
2397 3041 2564 3112 eget?
2596 3038 2651 3094 Si
2683 3050 2867 3094 autem
2918 3047 2974 3093 et
3004 3036 3319 3092 aﬁinitatem
3348 3046 3567 3107 oportet

1986 3133 2288 3205 intelligere
2342 3130 2816 3200 redemptionem,
2867 3128 3324 3199 quemadmodum
3370 3127 3564 3197 Aquila

1983 3223 2175 3283 edidit,
2217 3231 2363 3276 recte
2389 3220 2565 3275 afﬁnis
2604 3236 2711 3275 non
2740 3218 3026 3285 efﬁcietur,
3079 3218 3200 3273 talis
3226 3219 3374 3273 enim
3402 3233 3568 3273 nemo

1984 3311 2088 3366 sibi
2120 3310 2413 3364 vindicabit
2440 3310 2894 3381 gubernationem
2921 3350 2935 3373 ,
2972 3308 3067 3363 sed
3103 3309 3201 3363 etsi
3227 3309 3451 3363 alterius
3485 3320 3564 3364 ta-

1984 3416 2108 3455 men
2154 3397 2396 3463 fruetus,
2439 3397 2520 3452 vel
2547 3397 2847 3466 discipulus
2879 3397 3045 3451 fuerit
3073 3414 3138 3452 ex
3181 3414 3291 3469 quo
3323 3399 3391 3452 ad
3418 3400 3560 3453 hanc

1982 3492 2301 3562 pervenerit
2329 3488 2743 3560 perfectionem,
2771 3487 2886 3557 ipse
2918 3504 3050 3542 suus
3079 3488 3183 3541 erit
3210 3490 3561 3560 gubernator,

1982 3583 2099 3654 ipse
2148 3582 2361 3635 doctor.
2398 3580 2601 3635 Praeter
2622 3578 2724 3631 alia
2753 3578 2923 3641 enim,
2954 3594 3075 3647 quae
3102 3577 3156 3631 in
3201 3580 3454 3647 praesenti
3482 3580 3565 3632 di-

1982 3685 2067 3728 cta
2099 3682 2261 3733 sunt,
2289 3672 2583 3726 ostendere
2608 3670 2885 3740 legislator
2914 3669 3029 3723 vult
3055 3712 3070 3736 ,
3122 3668 3251 3739 quia
3295 3669 3348 3722 hi
3384 3668 3479 3738 qui
3528 3683 3561 3725 a

1984 3765 2141 3819 nobis
2190 3764 2489 3828 docentur,
2542 3762 2763 3833 quando
2812 3761 2950 3815 ﬁunt
2980 3759 3242 3831 perfecti,
3274 3758 3411 3813 nihil
3448 3760 3561 3829 jam

1983 3855 2156 3911 nostri
2187 3853 2484 3925 magisterii
2513 3861 2672 3923 egent
2700 3870 2712 3904 :
2751 3860 2808 3904 et
2841 3861 3126 3921 propterea
3157 3850 3562 3905 immundorum

1978 3944 2339 4018 primogenita
2369 3942 2565 3997 redimi
2598 3941 2694 4006 ait,
2749 3941 3075 3994 mundorum
3110 3949 3314 4005 autem,
3351 3955 3561 4009 nequa-

1978 4051 2159 4107 quam.
2204 4034 2308 4090 Sec
2351 4050 2451 4089 nec
2488 4050 2571 4094 ea,
2611 4049 2731 4103 qua:
2784 4030 2892 4088 Deo
2921 4038 3240 4087 consecrata
3267 4042 3416 4095 sunt,
3459 4047 3561 4087 nec

1979 4128 2117 4191 inec,
2173 4127 2240 4181 de
2283 4126 2481 4196 quibus
2527 4140 2675 4179 nunc
2706 4139 2886 4178 sermo
2920 4136 3023 4187 est,
3058 4122 3297 4194 perfecta
3328 4123 3559 4177 demou-

1977 4226 2149 4272 strata
2178 4225 2329 4279 sunt,
2359 4225 2548 4285 utpote
2607 4231 2730 4285 quae
2756 4214 3113 4268 intentionem
3150 4213 3387 4268 divinam
3445 4228 3560 4267 ca:-

1976 4309 2277 4378 lestemquc
2324 4315 2540 4377 gerunt.
2592 4305 2771 4371 Quem
2823 4304 2971 4358 enim
3024 4304 3189 4378 ﬁnem
3231 4303 3354 4358 libri
3396 4304 3559 4381 hujus

306 4403 500 4444 omnes
541 4390 594 4444 in
627 4391 765 4445 coelo
790 4400 937 4457 sunt,
970 4401 1029 4446 ut
1060 4407 1248 4446 revera
1287 4403 1580 4462 sequentes
1609 4396 1871 4463 caelestia,
1908 4410 1954 4466 ι)
1982 4403 2301 4474 praeceperit
2368 4417 2492 4456 esse
2544 4401 2772 4471 spiritus
2795 4440 2810 4465 ,
2869 4400 3017 4457 hunc
3086 4398 3140 4453 in
3204 4399 3560 4468 sequentibus

306 4487 362 4533 et
394 4495 423 4533 a
457 4481 572 4534 solo
623 4498 688 4537 eo
709 4523 723 4547 ,
770 4483 861 4553 qui
914 4483 1145 4539 idoneus
1192 4493 1277 4539 est
1310 4484 1621 4542 discernere
1656 4499 1876 4545 sanctos

306 4580 762 4640 cognoscuntur:
801 4574 1103 4629 secundum
1152 4573 1293 4630 hanc
1339 4576 1608 4632 rationem
1661 4588 1879 4650 Oportet

305 4660 530 4733 intelligi
567 4679 581 4714 :

376 4751 493 4807 Non
509 4753 728 4826 eligetur
743 4754 953 4820 bonum,
976 4773 1069 4811 nec
1084 4756 1304 4824 malum,
1327 4772 1419 4811 nec
1439 4758 1607 4813 altera
1637 4776 1874 4814 commu-

306 4843 525 4897 tabitur.
557 4843 691 4897 Cum
718 4844 865 4898 enim
895 4845 1075 4900 nullus
1100 4846 1169 4900 de
1199 4845 1280 4900 eis
1303 4846 1393 4909 sit,
1424 4848 1517 4916 qui
1537 4850 1724 4919 respui
1745 4867 1876 4920 pos-

302 4935 397 5000 sit,
431 4950 594 5005 quem
624 4951 734 5005 quo
761 4936 1125 4991 eommutabis
1144 4978 1160 5001 ,
1200 4946 1296 4991 aut
1326 4937 1455 5007 quid
1484 4939 1657 5009 magis
1684 4940 1874 5011 eliges,

303 5035 505 5081 nostra;
532 5042 640 5081 non
672 5035 755 5081 est
797 5026 1097 5095 dijudicare
1126 5026 1360 5082 virtutis.
1397 5026 1491 5082 His
1529 5044 1661 5099 ergo
1682 5045 1875 5101 super-

302 5116 599 5184 tedilicans,
623 5119 823 5173 addidit
848 5135 969 5189 quae
1000 5127 1306 5188 sequuntur
1331 5137 1345 5172 :

375 5206 435 5261 Si
458 5210 573 5279 quis
601 5211 901 5272 mutaverit,
930 5220 978 5264 et
1009 5212 1147 5279 quod
1176 5220 1436 5265 mutatum
1458 5222 1551 5279 est,
1582 5222 1634 5265 et
1656 5231 1750 5280 pro
1774 5233 1875 5282 quo

310 5308 574 5353 mutatum
604 5312 698 5367 est,
730 5301 1147 5369 sancti/imbitur
1170 5297 1410 5366 Domino,
1442 5311 1491 5355 et
1518 5318 1620 5355 non
1650 5305 1875 5359 redime-

305 5400 413 5444 tur.
450 5389 586 5457 Quia
614 5407 744 5464 ergo
767 5393 1009 5446 omnium
1042 5405 1234 5445 cursus
1269 5390 1485 5445 divinus
1518 5401 1574 5446 et
1604 5393 1869 5462 sublimis,

304 5491 360 5537 et
401 5498 652 5554 supernae
675 5483 1074 5539 eonversationi
1105 5483 1388 5554 proximus
1412 5492 1495 5538 est
1514 5525 1528 5550 ,
1561 5484 1759 5540 frustra
1784 5504 1876 5541 co-

410 5619 782 5696 “'dttal_1:___\'lti,
815 5620 928 5696 9.3._
950 5622 1026 5696 _“
1062 5619 1366 5696 Philip-In,
1399 5618 1491 5673 9.0.
1559 5621 1610 5696 _‘:
1640 5621 1838 5693 Cum",
1876 5628 1923 5696 1,
1954 5630 2009 5682 2,

318 5690 403 5745 18.
481 5692 524 5721 ’⁸
557 5689 762 5745 ll'l‘im.
799 5706 871 5755 tv,
912 5690 993 5745 ll.
1108 5690 1145 5723 ⁷¹
1173 5688 1316 5745 Psal.
1355 5691 1633 5758 canJS.
1733 5721 1744 5731 α

1984 4496 2221 4549 intuere.

2054 4584 2217 4639 Vsus.
2269 4581 2359 4636 3i.
2408 4598 2426 4631 ι
2465 4579 2591 4635 Haec
2632 4588 2763 4633 sunt
2798 4588 3071 4650 prrecepta
3115 4592 3237 4649 quae
3283 4576 3562 4631 mandavit

1984 4675 2248 4731 Dominus
2268 4672 2461 4744 Moysi,
2499 4671 2565 4727 ad
2595 4669 2736 4724 ﬁlios
2759 4670 2923 4724 Israel
2960 4670 3017 4723 in
3046 4678 3235 4723 monte
3266 4666 3439 4722 Sinai.
3472 4684 3491 4716 ι

2051 4768 2120 4821 Et
2139 4766 2299 4834 cujus
2319 4765 2395 4818 rei
2422 4764 2591 4834 gratia
2620 4777 2729 4815 non
2763 4760 2894 4831 ipsis
2921 4760 3046 4815 ﬁliis
3070 4759 3254 4821 lsrael,
3279 4757 3374 4811 sed
3393 4752 3558 4824 Moysi

1982 4858 2048 4913 ad
2069 4858 2210 4912 ﬁlios
2232 4857 2442 4911 Israel?
2469 4857 2605 4922 Quia
2628 4852 2863 4925 populus
2894 4862 3012 4906 erat
3033 4848 3323 4909 inﬁrmior.
3352 4854 3557 4899 tantam

1981 4946 2119 5019 legis
2150 4946 2487 5001 sanctionem
2520 4960 2717 5015 capere
2743 4958 2851 4996 non
2895 4942 3080 4995 valens
3106 4982 3121 5005 ,
3173 4940 3225 4992 in
3270 4952 3375 5006 qua
3414 4934 3559 4988 sicut

1983 5039 2039 5093 in
2068 5037 2305 5107 speculis
2328 5037 2500 5091 claras
2530 5036 2734 5091 formas
2749 5048 2973 5093 suorum
3003 5028 3384 5100 mysteriorum
3411 5025 3557 5079 Deus

1982 5128 2240 5183 ostendit.
2277 5126 2360 5180 Tu
2388 5142 2536 5197 ergo,
2591 5126 2634 5181 si
2667 5141 2779 5181 non
2834 5122 2918 5177 vis
2956 5121 3025 5176 de
3072 5118 3235 5187 vulgo
3280 5129 3418 5177 esse,
3459 5112 3555 5167 sed

1980 5220 2157 5292 qualis
2180 5218 2387 5288 Moyses
2417 5218 2539 5282 fuit,
2566 5218 2748 5289 praebe
2782 5213 3132 5281 temetipsum
3186 5205 3550 5269 obedientem,

1981 5310 2325 5377 mundosque
2361 5305 2652 5361 habentem
2682 5318 2875 5360 omnes
2907 5301 3101 5356 animae
3132 5312 3347 5361 sensus,
3378 5302 3433 5348 et
3463 5293 3552 5348 die

1982 5403 2092 5457 Deo
2125 5421 2138 5455 :
2173 5386 2363 5455 Revela
2393 5399 2566 5454 oculos
2591 5415 2761 5465 meas,
2811 5406 2859 5451 et
2900 5393 3237 5450 considerabo
3284 5389 3551 5444 mirabilia

1980 5498 2043 5550 (lc
2073 5495 2182 5567 lege
2212 5505 2303 5548 tua
2328 5493 2396 5547 τ’.
2429 5491 2694 5565 llclinque
2713 5490 2994 5545 materiam
3010 5486 3211 5547 carnis,
3241 5492 3295 5538 et
3324 5481 3550 5552 spiritus

2088 5632 2131 5661 επ
2170 5630 2305 5684 Gen.
2338 5647 2427 5693 xv,
2461 5628 2521 5694 6;
2556 5628 2711 5683 Rom.
2744 5644 2816 5692 tv,
2844 5627 2897 5682 ὃ.
2977 5626 3020 5659 ‘9
3047 5624 3131 5677 l‘s.
3171 5635 3423 5684 cxxxvm,
3456 5618 3553 5686 l7,
