4036 6200
254 296 275 360 ι
292 294 385 360 181

1408 300 1871 362 FRAGMENTA
1911 300 1994 360 IN
2034 302 2387 366 PSALMUS.

3390 307 3525 375 1182

255 417 480 488 προσέτι
504 416 605 489 τὴν
633 416 835 487 ψυχήν.
870 418 979 471 Καὶ
1003 417 1140 471 δστᾶ
1177 416 1277 487 μὲν
1309 417 1440 479 ἴσως
1469 419 1615 472 κατά
1640 436 1703 486 γε
1739 416 1835 488 τὴν

1938 417 2062 473 bata
2085 418 2252 476 fuisse
2284 422 2437 477 dicit.
2464 422 2566 479 Per
2595 439 2715 479 ossa
2745 439 2896 491 vero,
2918 423 3069 495 juxta
3094 423 3394 495 spiritalem
3439 426 3527 478 in-

255 511 310 561 ὲν
339 508 614 580 πνεύματ.
637 508 874 581 θεωρίαν
896 508 1139 579 νοηθεϊεν
1163 507 1231 562 ἂν
1249 510 1305 561 al
1334 508 1480 577 λόγῳ
1509 509 1712 578 ληπτα“ι
1735 509 1836 579 τῆς

250 600 431 670 ψυχῆς
459 601 744 673 δυνάμεις,
778 602 834 654 αἳ
875 602 969 655 καὶ
1004 602 1291 671 ἀνέχουσιν
1320 602 1490 673 αὐτὴν
1526 603 1606 666 είς
1638 602 1837 673 νοητὴν

251 693 578 762 εὐρωστίαν.
617 688 744 747 υἷον
771 695 1088 764 ἐγκράτεια,
1126 694 1412 765 φρόνησις,
1441 696 1475 765 ή
1519 694 1660 748 κατά
1705 696 1836 747 Θεὸν

252 784 496 855 ἀνδρεία,
512 785 861 856 σωφροσύνη,
880 787 978 839 καὶ
1000 786 1343 857 δικαιοσύνη,
1367 790 1462 842 καὶ
1485 786 1633 851 ἅπαξ
1650 788 1836 851 ἁπλῶς

255 877 363 929 πᾶν
383 876 523 939 εἶδος
554 877 782 947 ἀρετῆς,
809 873 885 931 ῶν
910 878 1013 930 οὐκ
1039 878 1218 931 οὑσῶν
1264 881 1323 931 ὲν
1354 880 1485 949 ἡμῖν
1511 879 1835 948 ἀσυγχύτως

254 966 445 1036 (ἤγουν
468 967 527 1018 ἰν
546 968 738 1039 κόσμῳ
759 966 834 1038 τῷ
852 967 1058 1037 δέοντι)
1080 968 1166 1023 διὰ
1188 970 1247 1021 τὸ
1271 969 1369 1039 τὴν
1406 971 1543 1022 ἰδίαν
1567 970 1667 1023 οὑκ
1690 971 1834 1040 ἔχειν

257 1058 411 1128 ἰσχὺν
429 1100 445 1123 ,
477 1058 691 1130 ἀνάγκη
718 1059 1087 1130 ταράττεσθαι
1115 1060 1215 1129 τὴν
1243 1060 1422 1132 ψυχὴν
1452 1062 1834 1115 ἀτακτούντων

254 1148 316 1202 ἐν
343 1150 483 1219 αὐτῇ
512 1149 623 1203 τῶν
656 1150 863 1204 παθῶν.

330 1345 351 1377 ι
373 1325 676 1397 Ἀπόστητε
710 1327 805 1380 ἀπ’
827 1326 962 1397 ἐμοῦ
996 1328 1216 1391 πάντες.
1249 1347 1267 1380 ι

338 1412 501 1484 Ὁρᾷς
529 1414 604 1478 ώς
636 1416 764 1468 ὅταν
793 1417 1120 1487 ἀποστῶμεν
1161 1418 1269 1471 τῶν
1303 1418 1555 1489 ἐργατῶν
1581 1422 1680 1490 τῆς
1705 1422 1831 1474 ἀνο-

256 1504 383 1567 μίας
409 1506 541 1575 (εἴτε
570 1506 897 1578 ἀνθρώπων,
913 1510 1026 1562 εἴτε
1038 1510 1363 1579 λογισμῶν),
1388 1512 1508 1564 τότε
1535 1513 1563 1564 ὁ
1584 1512 1713 1573 Θεὸς
1735 1512 1834 1575 τὰς

253 1598 527 1667 ἡμετέρας
556 1598 772 1670 δεήσεις
799 1592 1034 1671 ἑτοίμως
1079 1603 1175 1656 καὶ
1217 1603 1315 1673 τὴν
1356 1603 1662 1675 προσευχὴν
1685 1603 1834 1674 δέχε-

251 1706 363 1742 ται.

833 1783 1125 1837 ΨΑΛΜΟΣ
1163 1784 1234 1837 Z'.

327 1894 347 1925 ι
370 1875 682 1946 Ἀνάστηθι,
712 1875 908 1946 Κύριε,
940 1878 999 1930 ὲν
1027 1876 1167 1947 ὀργῇ
1198 1893 1314 1931 σου.
1346 1896 1364 1928 ι

333 1967 644 2038 ’Υψωθῆναι
673 1968 765 2021 τὸν
787 1968 1026 2038 Χριστὸν
1056 1968 1147 2021 ἐπὶ
1178 1968 1273 2021 τοῦ
1303 1968 1542 2040 σταυροῦ
1581 1986 1832 2039 παρακα-

249 2062 356 2121 λεῖ,
393 2060 711 2123 συντελείας
739 2062 835 2113 καὶ
863 2060 1178 2131 ἀφανισμοῦ
1210 2061 1320 2114 τῶν
1348 2060 1618 2131 δαιμόνων
1646 2061 1829 2116 ἕνεκα.

254 2154 443 2208 Ὅταν
468 2154 578 2223 γὰρ
605 2151 845 2221 ὑψωθῶ,
863 2153 1094 2220 πάντας
1122 2154 1365 2208 ἑλκύσω
1379 2155 1529 2223 πρὸς
1550 2156 1830 2224 ἐμαυτόν.

263 2247 338 2299 ιιέ
345 2262 442 2315 ρας
468 2244 524 2297 δὲ
546 2245 723 2298 ταῦτα
738 2245 835 2298 καλ⁸
851 2244 1149 2309 κατάλυσις
1163 2248 1264 2316 τῆς
1280 2246 1388 2329 τῶν
1404 2247 1610 2316 νοητῶν
1625 2248 1834 2321 ἐχθρῶν

260 2337 349 2392 δυκ
360 2336 579 2399 αστείας
608 2335 846 2404 ἐγένετο.

839 2471 1136 2527 ΨΑΛΜΟΣ
1172 2473 1256 2526 H'.

328 2628 348 2662 ι
380 2608 575 2679 Κύριε,
602 2606 808 2677 Κύριος
839 2606 1051 2677 ἡμῶν.ι

322 2702 420 2765 Τὸ,
450 2702 626 2767 Κύριε
651 2738 666 2762 ,
700 2702 733 2753 ό
765 2700 981 2766 Κύριος
1023 2697 1194 2767 ἡμῶν
1215 2740 1231 2765 ,
1264 2699 1297 2769 ἡ
1334 2699 1629 2771 Ἐκκλησία
1661 2698 1824 2769 λέγει.

250 2794 545 2863 Μετάγάρ
574 2791 672 2863 τὴν
692 2793 773 2854 είς
798 2790 1033 2860 Χριστὸν
1061 2792 1383 2859 ἐπίγνωσιν,
1415 2792 1515 2861 τῆς
1543 2793 1653 2844 τῶν
1681 2792 1832 2845 είδώ-

251 2888 359 2941 λων
401 2886 685 2940 ἀποστᾶσα
733 2883 1000 2945 δουλείας,
1033 2884 1238 2954 Κύριον
1292 2884 1463 2956 αὐτῆς
1508 2886 1697 2941 καλεῖν
1737 2886 1833 2940 τὸν

248 2979 471 3050 ἀληθῶς
499 2978 633 3032 Θεὸν
661 2978 758 3031 καὶ
785 2977 989 3047 Κύριον
1020 2976 1245 3048 ἧρξατο.

1939 510 2310 582 telligentiam,
2353 515 2582 572 virtutes
2625 518 2791 571 animi
2843 516 3077 571 rationis
3115 525 3394 584 compotes
3436 518 3522 568 in-

1884 656 1893 666 .
1940 603 2148 674 lelligit.
2176 621 2297 675 qua:
2316 615 2371 660 et
2400 606 2576 675 ipsum
2608 607 2675 662 ad
2714 605 3136 662 intellectualem
3189 606 3518 660 soliditatem

1936 695 2197 751 evehunt.
2257 697 2328 752 Ut
2377 706 2505 752 sunt
2545 698 2901 763 continentia,
2956 695 3263 766 prudentia,
3294 702 3348 748 et
3398 709 3519 761 quae

1936 788 2234 843 secundum
2259 788 2428 843 Deum
2463 799 2544 845 est
2604 789 2885 851 fortitudo,
2922 787 3302 858 temperantia,
3353 793 3409 838 et
3438 785 3519 853 ju-

1934 876 2100 942 stitia,
2128 888 2182 933 et
2227 878 2471 933 absolute
2528 881 2747 935 demum
2783 895 2954 950 genus
3012 893 3173 932 omne
3227 877 3514 940 virtutum,

1934 983 2055 1036 quae
2078 983 2201 1021 cum
2233 968 2288 1022 in
2315 970 2474 1024 nobis
2498 986 2605 1023 non
2637 970 2838 1025 fuerint
2870 969 3166 1024 inconfusze
3190 968 3262 1037 (id
3285 977 3363 1021 est
3390 982 3515 1021 cum

1933 1059 2145 1113 decenti
2166 1071 2361 1115 ornatu
2384 1062 2725 1132 ordinequo),
2755 1078 2976 1119 necesse
3005 1071 3087 1116 est
3115 1062 3371 1121 animam,
3391 1077 3516 1115 cum

1935 1154 2210 1219 proprium
2244 1153 2408 1207 robur
2437 1170 2546 1208 non
2585 1155 2850 1216 obtineat,
2879 1153 3186 1224 perturbari
3246 1150 3516 1222 passioni-

1933 1239 2034 1294 bus
2058 1241 2163 1294 illis
2184 1241 2504 1298 inordinatis
2530 1259 2650 1314 qua:
2669 1243 2867 1313 in‘ipsa
2901 1252 3051 1297 sunt.

2000 1334 2163 1387 Vens.
2197 1334 2249 1389 9.
2274 1353 2292 1385 ι
2322 1335 2591 1391 Discedite
2616 1351 2759 1411 alme
2785 1351 2994 1390 omnes.
3042 1354 3060 1386 ι

2003 1421 2160 1478 Vides
2186 1434 2244 1478 ut
2275 1424 2417 1479 Deus
2480 1441 2670 1495 preces
2702 1435 2918 1481 nostras
2962 1442 3026 1480 ac
3057 1424 3509 1495 supplicationem

1932 1523 2214 1583 promptus
2245 1515 2515 1577 admittat,
2548 1530 2672 1569 cum
2701 1521 2769 1569 ab
2792 1515 3143 1585 operantibus
3173 1515 3511 1583 iniquitatem

1936 1606 2073 1673 (sive
2102 1607 2369 1671 homines,
2402 1608 2518 1662 sive
2547 1608 2902 1679 cogitationes
2961 1607 3116 1662 malae
3166 1607 3298 1674 sint)
3352 1605 3513 1675 longe

1936 1697 2349 1755 recesserimus.

2500 1786 2817 1844 PSAIMUS
2840 1787 2949 1843 VII.

2008 1879 2169 1935 Vens.
2198 1880 2253 1936 7.
2285 1900 2304 1931 ι
2340 1881 2601 1951 Exsurge,
2639 1882 2883 1946 Domine,
2918 1880 2973 1934 in
2999 1879 3076 1933 ira
3107 1888 3217 1933 tua.
3260 1896 3278 1930 ι

2005 1970 2263 2027 Hortatur
2285 1983 2343 2027 ut
2372 1972 2621 2028 Christus
2656 1975 2710 2026 in
2765 1987 2927 2027 cruce
2982 1972 3268 2028 exaltetur,
3307 1969 3511 2023 (immo-

1932 2077 2065 2116 num
2108 2062 2361 2116 interitus
2413 2072 2576 2132 atque
2616 2063 2927 2117 abolitionis
2992 2075 3139 2131 ergo.
3176 2058 3306 2115 Cum
3340 2057 3508 2123 enim,

1934 2148 2177 2222 (inquit),
2191 2154 2456 2207 multatus
2480 2156 2647 2224 fuero,
2666 2154 2843 2207 omnia
2865 2153 3072 2206 traham
3098 2152 3168 2205 ad
3184 2168 3264 2204 me
3280 2152 3450 2219 ipsum
3469 2150 3508 2203 '.

1933 2242 2062 2298 Hac
2093 2244 2241 2299 enim
2286 2246 2406 2300 linis
2435 2253 2491 2300 et
2533 2245 2821 2301 dissolutio
2878 2242 3135 2315 potentia:
3186 2239 3511 2312 spiritalium

1934 2334 2279 2391 inimicorum
2314 2334 2488 2391 fuere.

2487 2472 2613 2530 PSA
2623 2472 2806 2531 LMUS
2842 2470 2984 2527 Vill.

2001 2608 2164 2663 Vens.
2192 2609 2247 2664 2.
2277 2626 2296 2660 ι
2331 2609 2578 2675 Domine,
2606 2609 2867 2663 Dominus
2890 2616 3093 2663 noster.
3124 2625 3143 2657 ι

2005 2700 2139 2756 lllnd
2170 2701 2387 2755 Domine
2420 2701 2675 2756 Dominus
2706 2711 2900 2763 noster,
2930 2700 3062 2755 dicit
3093 2697 3354 2754 Ecclesia.
3377 2692 3511 2750 Nam

1931 2802 2057 2862 post
2084 2792 2281 2846 Christi
2304 2792 2655 2862 agnitionem,
2685 2793 2753 2847 ab
2785 2792 3051 2846 idolorum
3082 2788 3344 2845 servitute
3386 2786 3516 2840 libe-

1932 2892 2070 2946 rata,
2111 2882 2397 2937 Dominum
2439 2898 2596 2937 suum
2644 2892 2901 2953 tanquam
2926 2896 3054 2937 vere
3099 2880 3267 2935 Deum
3300 2893 3365 2932 ac
3412 2877 3514 2931 Do-

1933 2976 2140 3031 minum
2175 2991 2369 3030 vocare
2408 2977 2596 3046 coepit.

333 3071 446 3124 Ἀεὶ
499 3068 597 3139 μὲν
644 3070 812 3139 γάρὴ
846 3068 917 3139 γῆ
948 3068 1101 3122 πᾶσα
1129 3054 1238 3121 τῶν
1265 3067 1565 3138 θαυμάτων
1612 3069 1828 3140 άληθῶς

2003 3064 2233 3134 Semper
2253 3064 2472 3135 quidem
2517 3064 2770 3119 universa
2810 3071 2952 3118 terra
3003 3053 3134 3116 vere
3173 3056 3514 3113 mirabilibus

246 3161 349 3230 τῆς
372 3158 467 3214 τοῦ
496 3158 631 3212 Θεοῦ
669 3157 1033 3228 δημιουργίας
1063 3156 1423 3227 πεπλήρωται
1446 3198 1463 3220 ,
1491 3158 1571 3210 ἔτι
1596 3157 1653 3210 δὲ
1693 3159 1831 3225 μᾶλ-

248 3252 361 3317 λον,
393 3251 488 3318 ἀφ’
504 3245 678 3320 οὗπερ
708 3249 877 3302 αὑτοῦ
903 3248 966 3301 τὸ
994 3248 1188 3318 ὄνομα,
1213 3249 1419 3319 δηλαδὴ
1452 3249 1514 3301 τὺ
1557 3249 1653 3301 τοῦ
1697 3250 1740 3301 Χ
1751 3268 1833 3319 ρι.

252 3341 402 3405 στοῦ,
431 3341 584 3411 παρά
612 3342 780 3393 πᾶσιν
810 3338 1117 3408 Ἕλλησίτε
1148 3340 1244 3393 καὶ
1273 3340 1589 3411 βαρϐάροις,
1620 3340 1709 3393 διὰ
1734 3340 1832 3410 τῆς

251 3437 331 3495 είς
358 3430 522 3485 αὑτὸν
552 3429 956 3501 ἐθαυμαστώθη
992 3429 1251 3493 πίστεως.

330 3542 351 3575 ι
381 3522 567 3577 Πάντα
599 3522 876 3589 ὑπέταξας
905 3522 1167 3576 ὑποκάτω
1190 3522 1297 3575 τῶν
1326 3522 1504 3575 ποδῶν
1532 3523 1720 3578 αὑτοῦ.
1755 3544 1774 3577 ι

326 3614 557 3669 Πετεινά
581 3613 676 3668 τοῦ
697 3615 757 3667 οὐ
767 3613 930 3685 ρανοῦ
953 3614 1085 3676 τοὺς
1107 3614 1235 3686 περὶ
1256 3615 1353 3682 τὴν
1374 3614 1654 3682 θεολογίαν
1677 3617 1835 3685 ησχο·

252 3704 521 3774 λημένους
550 3703 726 3768 καλεῖ,
760 3704 885 3767 τοὺς
914 3704 1254 3775 ἐρευνῶντας
1276 3704 1347 3757 τὰ
1376 3705 1556 3776 ὑψηλά
1584 3708 1677 3758 καὶ
1708 3724 1835 3775 μετ-

253 3798 420 3866 άρσια
454 3793 705 3865 δόγματα
720 3810 736 3826 ⁸
766 3795 955 3867 ίχθύας
976 3795 1035 3851 δι
1055 3796 1157 3866 τῆς
1182 3796 1480 3868 θαλάσσης,
1500 3800 1627 3863 τοὺς
1649 3801 1708 3853 ἐν
1726 3802 1834 3863 τοῖς

255 3886 545 3957 πράγμασι
591 3885 685 3939 τοῦ
719 3884 837 3956 βίου
862 3885 1055 3939 τούτου
1086 3888 1445 3957 νηχομένους,
1480 3887 1741 3961 καθάπερ
1778 3893 1837 3943 ὲν

254 3978 487 4049 κύμασι.
519 3979 774 4049 Σωτηρία
819 3978 877 4032 δὲ
920 3979 1018 4033 καὶ
1068 3979 1282 4043 τούτοις
1325 3982 1655 4050 ἀπόκειται,
1706 3986 1837 4037 ὅταν

255 4070 566 4140 πορευθῶσι
592 4070 814 4141 τρίδους
834 4070 1021 4124 οὐκέτι
1042 4070 1343 4143 Θαλάσσης,
1364 4074 1502 4128 ἀλλά
1524 4074 1836 4142 θαλασσῶν,

253 4159 342 4214 διὰ
374 4160 753 4232 βαπτίσματος
778 4162 874 4214 καὶ
906 4163 1201 4231 μετανοίας
1228 4164 1530 4231 ὁδεύοντες.

323 4248 433 4309 Ἦν
470 4252 570 4325 μὲν
598 4255 707 4326 γάρ
736 4254 886 4325 αύτῷ
914 4255 1010 4308 καὶ
1040 4255 1110 4309 τά
1136 4255 1370 4327 αίσθητά
1400 4258 1488 4313 διά
1513 4260 1603 4314 τὸν
1623 4261 1722 4330 τῆς
1741 4262 1834 4333 δη-

258 4348 544 4417 μιουργίας
573 4347 994 4418 ὑποτεταγμένα
1019 4348 1206 4417 νόμον,
1238 4351 1435 4420 κτήνη,
1459 4353 1553 4405 καὶ
1579 4354 1724 4423 βόες,
1743 4359 1838 4411 καὶ

1931 3156 2222 3211 creationis
2276 3154 2369 3211 Dei
2417 3156 2671 3227 operibus
2697 3155 2901 3226 repleta
2951 3154 3088 3217 fuit;
3116 3152 3287 3207 multo
3333 3159 3515 3205 tamen

1929 3249 2121 3319 magis,
2164 3265 2232 3304 ex
2281 3265 2391 3319 quo
2422 3264 2618 3303 nomen
2647 3248 2809 3312 illius,
2839 3247 3048 3302 scilicet
3097 3245 3325 3309 Christi,
3368 3244 3514 3314 apud

1931 3358 2122 3397 omnes
2165 3351 2355 3414 gentes
2395 3358 2459 3397 ac
2516 3342 2773 3397 barbaras
2813 3340 3061 3395 nationes
3119 3356 3216 3410 per
3249 3340 3408 3394 tidem
3460 3338 3515 3392 in

1932 3449 2055 3487 eum
2085 3433 2403 3489 admirabile
2432 3434 2637 3487 factum
2655 3439 2762 3489 est.

2006 3525 2169 3582 Vens.
2199 3527 2253 3582 8.
2295 3544 2314 3577 ι
2341 3525 2541 3580 Omnia
2570 3523 2853 3593 subjecisti
2881 3522 2982 3577 sub
3000 3521 3229 3591 pedibus
3250 3508 3389 3589 ejus.
3421 3537 3441 3571 ι

2004 3615 2264 3673 Volucres
2290 3618 2409 3673 cceli
2444 3626 2603 3672 vocat
2631 3617 2751 3670 illos
2770 3614 2893 3683 qui,
2934 3615 3038 3668 alta
3060 3622 3117 3666 et
3143 3612 3392 3666 sublimia
3422 3611 3517 3665 do-

1933 3717 2109 3778 gmata
2147 3716 2572 3778 perscrutantes,
2602 3707 2888 3777 theologia;
2931 3705 3260 3759 incumbunt
3297 3721 3308 3755 :
3342 3703 3518 3773 pisces

1935 3813 2064 3853 vero
2085 3799 2267 3863 maris,
2298 3812 2395 3852 eos
2426 3798 2517 3867 qui
2550 3799 2605 3851 in
2631 3798 2753 3851 vitae
2784 3796 2947 3866 hujus
2981 3795 3211 3865 negotiis
3258 3803 3515 3862 tanquam

1936 3891 1991 3945 in
2022 3890 2275 3946 ﬂuctibus
2306 3898 2517 3944 natant.
2546 3890 2640 3944 llis
2664 3899 2844 3944 autem
2868 3890 3031 3943 etiam
3075 3888 3220 3942 salus
3260 3874 3516 3956 reposita

1936 3993 2043 4047 est,
2075 3997 2199 4037 cum
2237 3998 2348 4037 non
2370 3982 2602 4052 amplius
2625 3982 2809 4043 maris,
2852 3981 2947 4035 sed
2998 3979 3250 4041 marium,
3288 3994 3382 4049 per
3419 3978 3517 4034 ba-

1936 4075 2197 4146 ptismum
2224 4084 2279 4130 et
2299 4073 2700 4145 paenitentiam,
2732 4073 2847 4128 vias
2876 4072 3238 4127 inambuleut.

2009 4255 2276 4311 Caeterum
2306 4260 2462 4306 erant
2497 4250 2659 4306 etiam
2699 4247 2800 4318 ipsi
2864 4246 3144 4303 sensibilia
3186 4245 3366 4299 omnia
3422 4259 3517 4314 per

1940 4343 2269 4404 conditionis
2318 4342 2489 4412 legem
2520 4339 2786 4408 subjecta,
2833 4337 3182 4406 jumenta,et
3230 4335 3415 4398 boves,
3464 4342 3519 4387 et

256 4439 526 4509 πρόϐατα.
553 4440 807 4510 Πρόδατα
828 4441 885 4493 δὲ
915 4440 1076 4495 πάλιν
1098 4442 1288 4511 νοητὰ,
1316 4444 1739 4517 ὑποτεταγμένα
1759 4448 1836 4520 τῷ

1942 4456 2091 4496 oves.
2116 4438 2328 4495 Rursus
2362 4447 2543 4493 autem
2565 4451 2695 4491 oves
2720 4434 3136 4498 intellectuales,
3166 4433 3415 4488 homines
3436 4430 3520 4484 in-

255 4530 477 4601 Χριστῷ
508 4533 634 4594 τοὺς
667 4534 727 4586 ἐν
771 4534 982 4605 ἀκακία
1019 4535 1477 4604 πολιτευομένους
1510 4539 1838 4611 ἀνθρώπους

256 4623 619 4693 εὑρίσκομενο
656 4624 783 4695 βόας
813 4627 940 4690 τοὺς
986 4627 1101 4681 τῶν
1145 4629 1380 4683 ἐντολῶν
1414 4631 1674 4701 ἐργάτας,
1705 4634 1840 4703 περὶ

255 4708 330 4769 ὦν
360 4715 566 4785 Μωσῆς
591 4719 622 4770 ὁ
655 4717 956 4788 νομοθέτης
986 4719 1207 4787 ελεγενο
1248 4722 1333 4775 Οὐ
1375 4722 1662 4790 φιμώσεις
1678 4724 1840 4789 βοῦν

257 4802 727 4860 ἀλοῶντα.’0οεν
756 4808 854 4877 οὐχ
882 4807 1068 4871 ἁπλῶς
1105 4808 1255 4877 βόας,
1287 4810 1427 4863 ἀλλὰ
1454 4812 1550 4864 καὶ
1577 4811 1779 4877 πάσας
1808 4815 1838 4865 ὁ

244 4896 562 4967 ’Ψαλμῳδὸς
590 4897 827 4963 ἐξέθετο.
860 4900 1033 4953 Πᾶσιν
1061 4901 1171 4970 γὰρ
1195 4904 1224 4954 ὁ
1246 4901 1378 4964 Θεὸς
1397 4901 1494 4973 τὴν
1515 4901 1718 4972 ἀρετὴν
1744 4904 1840 4958 καὶ

261 4989 359 5059 τὴν
408 4989 681 5060 τυχοῦσαν
728 4990 1124 5061 ἐργαζομένοις
1168 4992 1507 5063 εὑρίσκεται.
1541 4993 1733 5063 κτήνη
1782 4994 1840 5047 δὲ

263 5079 421 5135 καλεί
449 5084 578 5145 τοὺς
617 5083 981 5154 ἁμαρτωλοὺς
1000 5124 1016 5147 ,
1044 5084 1232 5154 ιπειδὴ
1261 5085 1413 5139 κάτω
1447 5085 1546 5148 τὰς
1578 5084 1731 5154 ὄψεις
1759 5087 1840 5149 είς

260 5172 366 5240 γῆν
388 5172 651 5237 νευούσας
680 5176 995 5244 κέκτηνται.
1014 5173 1178 5228 Ἀλλά
1198 5176 1293 5228 καὶ
1312 5174 1486 5229 ταῦτα
1512 5177 1844 5247 μετανοοῦν-

261 5279 350 5328 τα,
384 5263 479 5317 καὶ
507 5265 850 5333 ὑποταγέντα
881 5265 1137 5331 σώσεται,
1163 5267 1294 5320 ὅταν
1337 5267 1418 5336 τῷ
1458 5268 1678 5339 Χριστῷ
1707 5269 1842 5324 ἀνα-

266 5354 405 5426 ϐάτῃ
425 5354 516 5409 διὰ
537 5356 637 5423 τῆς
659 5358 1029 5427 εὑαγγελικῆς
1055 5357 1330 5422 πολιτείας
1356 5359 1701 5428 ὑποδέξηται.
1722 5362 1842 5417 Ἀν-

264 5450 538 5515 θρώπους
561 5449 691 5520 γὰρ,
721 5451 876 5522 φησι,
906 5451 1007 5506 καὶ
1028 5451 1220 5520 κτήνη
1246 5450 1487 5518 σώσεις,
1523 5454 1719 5522 Κύριε.

344 5731 360 5762 ⁸
386 5729 542 5786 Joan.
570 5749 666 5798 xu,
701 5733 789 5788 '59..

1939 4522 2202 4587 nocenter
2246 4531 2512 4594 viventes,
2557 4526 2772 4581 Christo
2828 4525 3107 4592 subjectos
3163 4522 3471 4593 reperimus
3509 4534 3523 4573 :

1939 4621 2108 4677 boves
2137 4621 2266 4677 item
2300 4628 2694 4690 praeceptorum
2757 4616 3159 4676 observatores,
3195 4615 3265 4668 de
3320 4611 3520 4682 quibus

1940 4713 2216 4784 legislator
2246 4712 2455 4782 Moyses
2486 4711 2597 4765 ait:
2630 4708 2751 4762 Non
2792 4706 3060 4760 obturabis
3097 4722 3152 4759 os
3193 4704 3308 4758 bovi
3360 4703 3517 4755 tritu-

1946 4807 2089 4859 ranti
2112 4814 2152 4861 ².
2171 4804 2321 4860 Unde
2342 4819 2448 4858 non
2474 4804 2639 4859 boves
2663 4801 2997 4871 simpliciter,
3015 4799 3109 4853 sed
3134 4799 3282 4851 boves
3311 4795 3520 4848 univer-

1945 4913 2050 4960 sos,
2084 4894 2534 4965 Psalmographus
2568 4894 2766 4964 posuit.
2795 4893 2875 4945 Ab
2900 4890 3156 4944 omnibus
3208 4886 3352 4941 enim
3377 4885 3519 4937 Dens

1947 4986 2381 5055 qualemcunque
2440 4985 2694 5039 virtutem
2770 4978 3150 5037 exercentibus
3221 4973 3514 5028 invenitur.

1950 5079 2151 5134 Pecora
2185 5093 2313 5132 vero
2364 5086 2672 5145 peccatores
2716 5082 2891 5135 vocat,
2926 5068 3192 5138 siquidem
3255 5079 3424 5135 prona
3463 5063 3518 5115 in

1949 5181 2149 5225 terram
2182 5171 2484 5239 spectantia
2521 5179 2701 5224 creata
2732 5176 2877 5222 sunt.
2902 5162 3062 5232 Atqui
3094 5173 3149 5216 et
3170 5162 3284 5230 ipsa
3309 5159 3352 5212 si
3405 5173 3518 5226 po:-

1950 5262 2236 5318 nitentiam
2263 5262 2496 5332 egerint,
2525 5271 2580 5317 et
2625 5257 2981 5318 obediverint,
3015 5254 3161 5307 salva
3199 5252 3364 5315 ﬁent;
3394 5265 3516 5305 cum

1951 5358 2228 5411 Christum
2274 5370 2370 5425 per
2397 5354 2765 5426 evangelicam
2815 5348 3207 5405 institutionem
3264 5359 3516 5401 ascenso-

1952 5465 2065 5503 rem
2105 5448 2440 5502 admiserint.
2472 5445 2714 5501 Homines
2763 5442 2946 5511 (cnim,
2988 5439 3177 5510 inquit)
3205 5447 3252 5493 et
3277 5437 3516 5506 ⁸ἱιιηηειιιιι

1951 5538 2197 5602 salvabis,
2229 5538 2445 5593 Domine
2475 5538 2514 5594 ³.

868 5736 886 5763 ¹
921 5733 1072 5787 Deut.
1102 5750 1223 5803 ιμ’,
1268 5735 1323 5803 i;
1363 5735 1378 5788 l
1415 5736 1539 5791 Cor.
1580 5752 1653 5802 lx,
1679 5737 1731 5792 9.
1811 5738 1829 5767 ³
1857 5736 2002 5794 Psal.
2036 5754 2198 5807 xxxv,
2238 5737 2291 5793 7.
