4036 6200
514 161 655 228 1137
1294 212 1317 228 κ
1709 152 2072 215 IIESYCHII
2113 152 2585 218 PRESBYTERI
3669 156 3824 219 1193

534 322 535 325 η
585 281 725 341 Non,
757 288 818 335 ut
841 279 1060 349 quidam
1089 285 1303 348 putant,
1326 272 1680 346 reprehendit
1703 273 1791 326 hic
1805 270 2087 326 Psalmista

2264 275 2396 344 Οὐχ,
2415 274 2489 338 ὥς
2503 293 2648 339 τινες
2666 277 2971 347 νομίζουσι,
2991 276 3050 331 τὸ
3067 276 3260 349 βρῶμα
3282 275 3521 331 ἐνταῦθα
3540 278 3569 330 ό
3592 275 3827 344 Tal?-

519 386 703 426 escam
739 369 973 424 filiorum
1007 369 1169 438 (nam
1217 381 1279 421 ea
1309 381 1429 434 quae
1460 364 1742 419 introeunt
1771 362 1827 416 in
1864 377 1948 425 os,
1980 376 2090 415 non

2232 367 2330 431 et;
2372 369 2646 424 διαϐάλλει
2684 371 2794 425 τῶν
2859 371 2991 424 υἱῶν
3028 371 3171 439 (οὐδὲ
3223 369 3333 441 γὰρ
3357 368 3428 422 τὰ
3461 370 3830 437 εἰσπορευόο

522 463 881 533 coinquinant
903 460 1178 516 hominem
1199 458 1267 530 ",)
1300 458 1399 514 sed
1425 458 1570 527 ipsos
1599 466 1659 511 ut
1686 455 1841 510 valde
1872 455 2095 508 insanos

2232 477 2337 515 ιενα
2363 463 2440 525 ei;
2460 464 2521 517 τὸ
2540 465 2717 536 στόμα
2763 467 2934 518 κοινοῖ
2960 464 3051 516 τὸν
3078 463 3409 532 ἄνθρωπον),
3441 461 3563 514 ἀλλ’
3596 461 3830 523 αὐτοὺς

523 553 716 626 arguit,
742 552 907 622 quod,
932 567 1056 608 cum
1083 551 1361 622 copiosam
1401 565 1433 603 a
1460 546 1572 603 Deo
1622 547 1831 619 prolem
1860 560 2095 616 accepe-

2232 571 2267 616 ις
2295 553 2414 607 λίαν
2439 554 2780 625 ἀγνώμονας,
2809 556 2891 609 ὅτι
2920 556 3090 608 τέκνα
3122 555 3230 607 άπὸ
3247 553 3385 607 Θεοῦ
3412 551 3831 623 λαμϐάνοντες

524 648 656 711 rint,
684 659 797 699 non
827 645 1082 699 virtutem
1115 644 1268 715 ipsis,
1313 643 1406 699 sed
1448 642 1667 698 malitiae
1695 656 1808 697 sua:
1837 640 2096 711 reliquias

2232 647 2277 710 ίς
2312 646 2541 717 πλῆθος,
2567 648 2667 701 οὐκ
2698 647 2901 720 ἀρετὴν
2928 648 3134 711 αὐτοῖς,
3163 645 3302 700 ἀλλὰ
3338 645 3673 699 κατάλοιπα
3712 647 3829 711 τῆς

522 750 621 806 pro
650 734 971 790 haereditate
1001 735 1412 804 dereliquerint.

2232 738 2409 792 αυτῶν
2437 738 2633 804 κακίας
2663 740 2786 794 ἀντὶ
2817 738 3023 810 κλήρου
3055 737 3403 809 παρέδωκαν.

1053 844 1375 902 PSALMUS
1406 844 1574 900 XVII.

2760 852 3055 907 ΨᾹΛΜΟΣ
3106 852 3207 905 ιΖν.

595 935 753 993 Vens.
786 937 882 994 10.
920 954 938 989 ι
971 935 1039 990 Et
1066 937 1351 992 inclinavit
1372 939 1562 1002 caelos,
1590 946 1647 992 et
1672 937 1980 993 descendit.
2008 956 2027 988 ι

2273 964 2293 996 ι
2324 946 2434 998 Καὶ
2457 943 2668 998 ἔκλινεν
2694 943 2979 1015 οὐρανοὺς,
3013 944 3108 997 καὶ
3135 942 3366 1014 κατέϐη.
3398 962 3419 995 ι

594 1028 876 1083 Inclinavit
915 1030 1087 1093 caios,
1130 1039 1192 1083 ut
1223 1039 1424 1083 terram
1469 1029 1607 1085 ctelo
1632 1028 2012 1098 coniungeret,
2045 1035 2101 1081 et

2272 1039 2550 1093 Ἕκλινεν
2571 1037 2870 1105 οὐρανοὺς
2887 1077 2902 1103 ,
2928 1038 3017 1091 ἵνα
3041 1038 3140 1105 τὴν
3166 1038 3270 1107 γῆν
3299 1036 3379 1107 τῷ
3411 1036 3650 1107 οὐρανῷ
3676 1053 3822 1090 συν-

526 1117 882 1179 lnl‘erioribus
910 1133 1036 1173 cum
1078 1116 1333 1187 supernis
1365 1117 1913 1172 communicationem
1958 1131 2098 1186 prae-

2232 1128 2342 1201 ψῃ,
2371 1131 2468 1183 καὶ
2510 1131 2624 1194 τοῖς
2652 1131 2806 1183 κάτω
2832 1127 2969 1200 πρὸς
2999 1127 3068 1181 τὰ
3097 1127 3211 1183 ἄνω
3241 1130 3533 1183 κοινωνίαν
3556 1129 3819 1200 χαρίσῃ·

524 1209 702 1264 beret.
745 1207 858 1263 Hoc
885 1219 1070 1263 autem
1099 1208 1324 1263 minime
1357 1208 1559 1263 factum
1608 1207 1838 1272 fuisset,
1872 1206 1977 1261 nisi
2002 1207 2099 1261 de-

2232 1239 2309 1276 αι.
2339 1222 2456 1276 Οὐκ
2488 1222 2556 1275 ἂν
2578 1221 2636 1275 δὲ
2666 1220 2828 1275 τοῦτο
2855 1221 3107 1289 ἐγένετο,
3137 1222 3186 1273 εί
3214 1221 3290 1292 μὴ
3320 1220 3572 1284 καταϐάς
3603 1220 3815 1274 τοῦτον

525 1299 798 1353 scendens
825 1314 891 1353 eo
924 1314 1033 1368 quo
1062 1298 1265 1368 suscipi
1301 1307 1516 1368 poterat
1550 1298 1711 1352 modo
1739 1337 1754 1361 ,
1808 1298 1863 1351 in
1899 1305 2098 1351 terram

2232 1313 2290 1365 δν
2334 1313 2559 1383 τρόπον,
2586 1314 2851 1385 ἐπεδήμει
2895 1316 2961 1384 τῇ
3003 1316 3098 1384 γῇ,
3129 1311 3252 1366 καθ’
3277 1312 3336 1366 ὃν
3370 1312 3615 1382 ἠδύνατο
3642 1312 3813 1382 δέχε-

525 1389 868 1454 advenisset;
918 1390 1130 1446 scilicet
1159 1391 1212 1445 in
1246 1405 1432 1456 carne,
1486 1406 1651 1459 quam
1690 1390 1972 1460 caliginem
2004 1389 2099 1443 sub

2232 1405 2349 1471 θαι,
2375 1406 2656 1460 τουτέστιν
2685 1408 2743 1459 ὲν
2771 1407 2959 1477 σαρκὶ,
2991 1408 3185 1478 ἥντινα
3230 1409 3463 1475 τνόρον
3494 1406 3625 1460 ὑπὸ
3659 1406 3814 1469 τοὺς

527 1482 746 1551 pedibus
783 1481 1098 1552 appellavit.

1017 1591 1338 1649 PSALMUS
1375 1591 1593 1648 xxxn.
1868 1617 1874 1623 ι
2134 1612 2180 1671 Β

530 1720 533 1723 -
604 1681 767 1738 Vens.
792 1683 846 1737 5.
891 1703 911 1736 ι
952 1682 1134 1754 Diligit
1156 1683 1586 1738 misericordiam
1615 1694 1671 1738 et
1691 1681 1974 1754 judicium.
2008 1698 2028 1732 ι

593 1773 1019 1829 Misericordiam
1047 1782 1206 1830 vocat
1240 1774 1630 1845 benignitatem
1654 1813 1670 1839 ,
1705 1788 1867 1842 quam
1896 1771 2104 1842 judicio

526 1875 814 1935 propterea
831 1880 934 1935 pra
944 1866 1147 1935 posuit,
1168 1865 1315 1934 quod
1334 1864 1478 1920 Deus
1498 1865 1732 1936 primum
1749 1864 2101 1936 benignitate,

527 1972 591 2010 ac
625 1958 827 2011 deinde
852 1957 1062 2027 judicio
1091 1966 1275 2011 utatur
1303 1956 1356 2011 in
1384 1972 1480 2012 eos
1508 1956 1602 2026 qui
1632 1956 1688 2011 in
1723 1966 1947 2026 peccato
1983 1972 2105 2026 per-

527 2058 805 2102 severam.

600 2138 767 2194 Vens.
804 2141 857 2193 7.
903 2158 922 2191 ι
947 2139 1296 2210 Congregans
1324 2139 1466 2196 sicut
1501 2148 1677 2196 utrem
1703 2155 1894 2211 aquas.
1919 2159 1940 2195 ι

596 2228 836 2299 Abyssos
860 2234 993 2284 vero
1020 2229 1158 2283 dicit
1185 2245 1450 2299 aquarum
1482 2231 1909 2297 multitudinem,
1942 2245 2105 2300 quam

528 2320 585 2374 in
614 2320 815 2377 abditis
844 2322 948 2376 sub
977 2331 1176 2376 terram
1220 2321 1356 2376 locis
1387 2322 1714 2388 collocavit,
1765 2331 1826 2378 ut
1856 2322 2019 2377 etiam
2049 2322 2105 2376 in

530 2412 636 2477 hoc
663 2413 934 2483 sapientia
963 2412 1085 2481 ejus
1112 2412 1429 2468 admiranda
1455 2415 1527 2469 sit
1559 2432 1574 2469 :
1603 2414 1872 2484 siquidem
1898 2413 2106 2468 aridam

528 2518 696 2573 super
734 2505 1021 2561 humidum
1052 2506 1341 2571 fundavit,
1387 2505 1678 2576 effecitque
1730 2516 1789 2560 ut
1835 2522 1867 2560 a
1905 2506 2107 2562 leviore

530 2595 748 2666 gravior
778 2606 1107 2667 portaretur.

2204 1497 2395 1564 πόδας
2418 1498 2699 1553 ἐκάλεσε.

2737 1611 3059 1678 “mox.
3096 1610 3223 1666 AB'.

2280 1722 2299 1755 ι
2322 1702 2538 1774 Ἀγαπᾷ
2564 1703 2939 1773 ἐλεημοσύνην
2967 1703 3065 1757 καὶ
3097 1702 3303 1772 κρίσιν.
3337 1721 3356 1754 ι

2287 1793 2735 1862 Ἐλεημοσύνην
2759 1793 2859 1864 τὴν
2887 1792 3298 1861 φιλανθρωπίαν
3345 1791 3530 1859 λέγει,
3576 1793 3653 1863 ἢν
3704 1791 3814 1861 τῆς

2204 1884 2439 1954 κρίσεως
2470 1883 2559 1937 διὰ
2585 1883 2746 1937 τοῦτο
2776 1883 3100 1954 προέταξεν,
3143 1883 3268 1934 ἐπεὶ
3301 1884 3540 1952 προτέρα
3570 1886 3644 1952 τῇ
3680 1882 3816 1950 φιλ-

2205 1972 2492 2044 ανθρωπίᾳ
2522 1973 2552 2025 ὁ
2578 1971 2732 2038 Θεὸς,
2761 1973 2898 2043 μετὰ
2921 1973 2979 2025 δὲ
3008 1970 3186 2026 ταῦτα
3213 1974 3281 2041 τῇ
3310 1971 3480 2041 κρίσει
3507 1973 3814 2042 κέχρηται

2208 2065 2352 2118 κατὰ
2379 2064 2487 2118 τῶν
2519 2065 2924 2135 ἐπιμεινάντων
2955 2066 3022 2133 τῇ
3051 2065 3323 2134 ἁμαρτία.

2281 2172 2301 2205 ι
2334 2154 2589 2223 Συνάγων
2613 2155 2746 2208 ὡσεὶ
2774 2155 2947 2210 ἀσκὸν
2979 2154 3171 2209 ὕδατα.
3203 2173 3222 2206 ι

2285 2250 2586 2313 Ἀϐῠσσους
2625 2250 2685 2305 δὲ
2723 2249 2794 2303 τὰ
2834 2250 3016 2320 πλήθη
3050 2248 3159 2303 τῶν
3191 2247 3402 2302 ὑδάτων
3434 2245 3611 2315 λέγει,
3649 2245 3812 2318 ᾇπερ

2206 2344 2265 2397 ὲν
2298 2342 2641 2414 ἀποκρύφοις
2687 2343 2793 2395 ὑπὸ
2838 2340 2940 2413 τὴν
2978 2340 3085 2409 γῆν
3124 2343 3155 2394 ό
3179 2339 3529 2410 Δημιουργδς
3575 2338 3806 2402 ἔταξεν.

2205 2431 2347 2486 ὥστε
2374 2432 2631 2486 καὶκατὰ
2651 2430 2808 2484 τοῦτο
2835 2429 2935 2501 τὴν
2964 2429 3132 2484 αὐτοῦ
3162 2430 3358 2497 σοφίαν
3392 2427 3802 2497 θαυμάζεσθαι.

2207 2524 2373 2577 ’Ὥστε
2406 2523 2505 2596 τὴν
2533 2522 2705 2596 ξηρὰν
2742 2524 2929 2578 ὲπάνω
2955 2521 3055 2592 τῆς
3082 2522 3258 2592 ὑγρᾶς
3289 2520 3628 2592 ἑθεμελίωσε
3648 2563 3666 2587 ,
3704 2523 3806 2575 καὶ

2207 2616 2268 2671 τὸ
2314 2616 2454 2689 βαρὺ
2506 2617 2612 2671 ὑπὸ
2652 2615 2749 2671 τοῦ
2797 2616 3168 2688 ἑλαφροτέρου
3223 2614 3591 2686 βαστάζεσθαι
3636 2615 3809 2668 δέδω-

2208 2725 2322 2763 κεν.

601 2773 763 2830 Vens.
794 2775 882 2830 16.
929 2794 947 2829 ι
984 2777 1103 2833 Non
1132 2779 1371 2833 salvatur
1402 2793 1496 2833 rex
1536 2794 1633 2849 per
1670 2779 1894 2834 multam
1934 2779 2106 2835 virtu-

2285 2822 2304 2853 ι
2335 2802 2411 2855 Οὐ
2453 2800 2686 2865 σώζεται
2717 2799 2976 2889 βασιλεὺς
3002 2798 3091 2854 διὰ
3118 2798 3321 2872 πολλὴν
3347 2798 3597 2869 δύναμιν.
3623 2818 3647 2850 ι

531 2875 662 2920 tetu.
698 2884 717 2916 ι

602 2958 663 3011 ln
707 2974 910 3014 vanum
938 2959 1107 3030 igitur
1143 2960 1391 3030 corporis
1440 2959 1609 3015 robur
1649 2960 1787 3021 adeo
1825 2962 2102 3029 curamus,

2281 2983 2445 3035 Ὥστε
2481 2981 2660 3050 μάτην
2693 2977 2795 3049 τῆς
2840 2976 2937 3031 τοῦ
2983 2976 3239 3047 σώματος
3274 2975 3459 3046 ἰσχύος
3500 2973 3810 3045 ἐπιμελού-

535 3060 740 3109 temere
773 3066 905 3107 vero
939 3052 1242 3122 potentiam
1281 3053 1349 3107 ab
1388 3052 1676 3119 allinihus,
1708 3054 1902 3110 amicis
1929 3066 1987 3110 et
2010 3070 2109 3125 pe-

2232 3073 2374 3136 ιεθα,
2411 3072 2535 3143 είκῆ
2585 3072 2645 3125 δὲ
2688 3070 2920 3139 δύναμιν
2958 3070 3174 3132 ἑαυτοῖς
3219 3066 3320 3139 τὴν
3350 3066 3460 3121 ἀπὸ
3491 3067 3807 3134 συγγενῶν,

533 3141 715 3198 cuniis
764 3143 874 3221 ipsi
924 3143 1080 3198 nobis
1111 3144 1500 3201 vindicamus:
1541 3161 1670 3200 nam
1719 3147 1857 3202 nihil
1909 3158 2110 3218 praeter

2232 3166 2306 3219 ιαὶ
2336 3141 2532 3234 φίλων,
2562 3163 2655 3217 καὶ
2682 3160 2918 3215 πλούτου
2948 3159 3354 3229 περιϐάλλομεν
3377 3175 3391 3188 ο
3427 3158 3585 3211 οὐδὲν
3615 3158 3814 3228 ἕτερον

532 3235 752 3289 οωΙίιιιε
776 3235 1004 3295 missum
1023 3236 1283 3291 auxilium
1305 3253 1525 3293 servare
1547 3254 1649 3294 nos
1668 3248 1871 3310 potest.
1907 3242 2110 3296 Exem-

2232 3257 2320 3328 τὰρ
2351 3255 2523 3311 σῶσαι
2550 3253 2673 3324 δίχα
2703 3253 2803 3321 τῆς
2830 3251 3155 3320 συνεργείας
3188 3247 3287 3319 τῆς
3313 3247 3521 3304 ἄνωθεν
3551 3247 3809 3302 δύναται.

535 3325 682 3392 plum
715 3339 871 3379 sume
901 3340 933 3380 a
962 3325 1178 3381 Goliath
1213 3338 1269 3381 et
1303 3345 1333 3382 a
1363 3328 1667 3386 Pharaone.
1704 3331 1798 3387 Ille
1843 3332 1992 3386 enim
2031 3333 2111 3404 gi-

2232 3325 2561 3418 ’Υπόδειγμα
2605 3346 2662 3399 δὲ
2704 3344 2799 3398 τὸν
2828 3344 2867 3397 Γ
2871 3342 3022 3397 ολιάθ
3055 3342 3151 3396 καὶ
3182 3342 3273 3395 τὸν
3299 3338 3500 3411 Φαραὼ
3529 3340 3809 3410 λάμϐανε.

534 3430 649 3483 gas,
665 3416 1078 3473 robustissimus
1110 3434 1233 3474 cum
1251 3429 1420 3486 esset,
1449 3437 1478 3475 a
1507 3422 1740 3493 simplici
1762 3438 1934 3493 puero
1946 3423 2110 3478 David

2232 3440 2282 3495 '0
2312 3441 2409 3511 μὲν
2437 3416 2599 3507 γίγας
2638 3438 2901 3507 ὑπάρχων
2926 3434 3169 3505 ἰσχυρὸς,
3185 3434 3295 3487 άπὸ
3317 3432 3411 3486 τοῦ
3433 3431 3608 3485 Δαϐὶδ
3630 3430 3811 3485 ἁπλοῦ

536 3504 697 3559 facile
729 3518 1019 3576 superatus
1076 3509 1224 3566 fuit:
1270 3512 1359 3568 hic
1408 3512 1663 3570 lsraelem
1709 3514 1946 3568 maxima
1984 3531 2112 3570 cur-

2232 3504 2857 3603 mt‘bapiou'vsvixntoh
2895 3530 2926 3581 ὁ
2968 3527 3026 3581 δὲ
3058 3504 3204 3597 μετὰ
3251 3523 3491 3595 πλήθους
3536 3524 3813 3596 ἁρμάτων

537 3612 697 3651 ruum
747 3607 803 3652 et
850 3613 1118 3668 equorum
1163 3604 1514 3659 multitudine
1546 3616 1908 3676 persecutus,
1964 3621 2113 3662 mare

539 3688 729 3743 habuit
756 3705 855 3743 oro
881 3693 1151 3743 sepulcro.

2232 3622 2306 3676 τὸν
2334 3619 2554 3692 Ἰσραὴλ
2580 3618 2778 3685 διώξας
2806 3617 2981 3686 τάφον
3011 3615 3137 3686 ἔσχε
3165 3614 3264 3686 τὴν
3287 3614 3590 3669 θάλασσαν.

539 3689 729 3743 habuit
756 3705 855 3758 pro
881 3693 1151 3761 sepulcro.

1029 3802 1347 3861 PSABMUS
1384 3805 1630 3861 XXXIII.

610 3888 772 3945 Vens.
801 3890 889 3945 12.
932 3911 951 3943 ι
982 3890 1196 3959 Venite,
1226 3895 1341 3959 lilii,
1370 3896 1554 3950 audite
1582 3911 1690 3951 me.
1716 3915 1736 3948 ι

614 3983 793 4037 Venite
821 3982 975 4046 dicit,
1014 3990 1123 4037 tam
1174 3984 1241 4039 iis
1270 3986 1362 4054 qui
1395 4000 1566 4055 prope
1607 3996 1775 4051 sunt,
1834 4002 2000 4059 quam
2047 3991 2114 4045 iis

2721 3829 2725 3834 ‘
2774 3813 3069 3869 ΨΑΔΜΟΣ
3106 3812 3229 3865 ΛΓ’.

2226 3968 2233 3973 ,
2292 3927 2312 3960 ι
2341 3907 2529 3973 Δεῦτε,
2569 3906 2761 3972 τέκνα,
2791 3903 3065 3959 ἀκούσατέ
3097 3920 3222 3973 μου.
3251 3921 3270 3955 ο

2286 4001 2488 4067 Δεῦτε,
2519 3999 2669 4066 λέγει
2693 4001 2807 4063 τοῖς
2840 3998 3032 4066 ἐγγὺς,
3065 3996 3296 4057 καὶτοῖς
3319 3992 3636 4064 πόρρωθεν,
3677 3994 3745 4047 ἵν’
3767 3994 3811 4046 εί

539 4074 634 4145 qui
663 4073 855 4144 procul
911 4074 1154 4137 absunt,
1235 4084 1297 4128 ut
1361 4075 1415 4129 hi
1478 4076 1699 4145 quidem
1753 4078 1848 4154 qui
1916 4082 2112 4135 remoti

2232 4096 2319 4165 μὲν
2350 4095 2569 4165 μακρὰν
2597 4082 2920 4162 ἐγγίσωσιν,
2941 4092 2995 4146 oi
3012 4090 3072 4144 δὲ
3093 4091 3261 4159 ἐγγὺς
3286 4088 3589 4157 ἐγγύτερον
3613 4089 3813 4157 γένων-

541 4177 701 4234 sunt,
767 4166 992 4239 propius
1042 4164 1345 4233 accedant;
1430 4165 1507 4220 illi
1570 4183 1699 4223 vero
1758 4185 1825 4224 ex
1887 4171 2113 4241 propin;

2232 4202 2330 4249 tat,
2356 4164 2609 4257 ὑπακοὴν
2637 4185 2713 4244 ὡς
2738 4183 2912 4255 πατρὶ
2939 4182 3018 4253 τῷ
3039 4180 3158 4253 Θεῷ
3189 4178 3691 4253 προσκομίζοντες,
3722 4179 3811 4233 καὶ

540 4261 685 4330 θυῖεν
722 4258 1138 4349 ρτορίηίιιξὶοτθε
1173 4258 1325 4349 (iam,
1364 4257 1474 4312 Deo
1506 4266 1765 4330 ιθιιίιιιίιιη
1807 4261 1946 4331 I33“i
1977 4262 2112 4317 οδε·
2143 4272 2182 4328 Β
2224 4280 2387 4349 φόϐον
2426 4278 2571 4332 θεῖον
2609 4276 2969 4348 διδαχθῶσιν,
3004 4272 3327 4343 ἀπαλλαγὴν
3366 4273 3464 4325 τοῦ
3500 4271 3681 4342 φόϐου
3709 4272 3811 4324 τῶν

541 4349 793 4405 dientes.
853 4357 909 4402 et
957 4347 1200 4401 divinum
1259 4347 1506 4401 timorem
1557 4351 1894 4416 doceantur,
1950 4352 2042 4420 qui
2086 4367 2113 4406 a

2232 4347 2492 4440 δαιμόνων
2523 4347 2856 4440 παρέχοντα,
2882 4368 3007 4422 ὅθεν
3046 4366 3329 4437 ἐπιφέρειο
3362 4366 3561 4420 Φόϐον
3590 4365 3812 4434 Κυρίου

543 4440 855 4494 daemonum
875 4447 1086 4494 terrore
1113 4439 1326 4495 liberat.
1351 4440 1508 4495 Unde
1530 4443 1837 4514 subiungit:
1861 4443 2113 4498 Timorem

2232 4439 2443 4527 διδάξω
2465 4439 2641 4530 ὑμᾶς.
2672 4439 2700 4440 ”
3284 4483 3293 4491 -

546 4532 756 4586 Domini
785 4532 973 4585 docebo
995 4548 1105 4586 vos.

998 4642 1325 4703 PSALMUS
1367 4646 1610 4703 XXXIV.

619 4757 638 4789 ι
673 4736 923 4791 Psalmus
952 4737 1052 4807 ipsi
1089 4738 1279 4794 David.
1317 4758 1335 4790 ›

613 4829 824 4900 Aperta
849 4828 1066 4898 quidem
1120 4837 1203 4883 est
1249 4831 1440 4900 psalmi
1474 4831 1639 4902 hujus
1666 4832 1952 4903 inscriptio
1980 4851 1995 4889 :
2023 4834 2118 4888 sed

543 4923 619 4975 in‘
661 4921 922 4975 Davidem
974 4922 1136 4976 simul
1190 4922 1489 4991 spiritalem
1530 4923 1814 4979 referenda
1853 4935 1973 4991 est,
2025 4926 2120 4996 qui

2787 4655 3083 4709 ΨΑΛΜΟΣ
3120 4654 3242 4708 ΔΔ¹.

2306 4771 2325 4802 ι
2353 4749 2585 4820 Ψαλμδς
2615 4748 2695 4816 τῷ
2726 4746 2910 4804 Δαϐίδ.
2941 4766 2960 4798 ι

2300 4841 2448 4912 Δήλη
2495 4840 2593 4911 μὲν
2643 4841 2674 4909 ἡ
2720 4837 3004 4909 ἐπιγραφὴ
3038 4837 3136 4890 τοῦ
3164 4833 3380 4906 ψαλμοῦ
3400 4849 3417 4865 ⁶
3450 4834 3533 4898 είς
3564 4833 3743 4888 Δαϐὶδ
3766 4831 3813 4884 ἃ

2231 4933 2378 5004 ὅμως
2408 4931 2500 4985 τὸν
2531 4930 2723 5001 νοητὸν
2751 4930 3105 5000 ἀναφέρεται,
3128 4928 3189 4992 ὃς
3216 4928 3314 4980 καὶ
3345 4925 3669 4997 προσευχῆς
3695 4926 3818 4979 13m-

543 5012 707 5066 etiam
746 5010 916 5066 verba
949 5010 1280 5081 preCationis
1302 5009 1522 5078 format,
1560 5029 1681 5083 quae
1715 5030 1825 5070 non
1860 5015 2123 5071 divinita-

545 5103 617 5157 tis
645 5103 857 5157 ratione
880 5140 896 5166 ,
952 5103 1047 5157 sed
1097 5110 1390 5171 assumptze
1420 5105 1601 5159 carnis
1631 5105 1936 5162 humilitate
1968 5106 2118 5162 testi-

544 5194 742 5247 manda
774 5202 921 5248 sunt.
955 5192 1092 5247 Cum
1117 5193 1265 5248 enim
1296 5195 1648 5265 semetipsqu
1673 5207 1952 5269 assumpta
1974 5197 2119 5253 servi

544 5284 717 5338 forma
763 5284 1131 5340 hnmiliavcrit
1153 5325 1167 5348 ,
1203 5301 1311 5339 non
1344 5286 1444 5342 abs
1478 5303 1537 5342 re
1568 5289 1840 5359 passionis
1875 5298 2120 5361 tempore

543 5384 665 5455 orat
716 5385 772 5430 et
802 5392 908 5431 una
945 5377 999 5430 in
1031 5377 1419 5436 afﬂictionibus
1440 5383 1753 5438 constitutis
1780 5383 1967 5438 orandi
2008 5383 2120 5439 lor-

547 5481 690 5521 mam
725 5470 1048 5537 praescribit.

615 5602 636 5635 ⁷
660 5601 849 5656 Matth.
883 5621 969 5669 xv,
1001 5607 1058 5660 ll
1086 5625 1102 5672 ;
1128 5606 1292 5665 Marc.
1321 5626 1418 5678 vn,
1447 5609 1534 5665 l5.

2232 5025 2478 5094 κρίνεται
2533 5017 2774 5094 ρήματά,
2805 5023 2868 5074 οὐ
2899 5024 2965 5092 τῇ
2999 5020 3129 5092 ἀξίᾳ
3170 5018 3346 5093 ταύτῃ
3388 5016 3490 5087 τῆς
3537 5017 3815 5089 θεότητος.

2235 5113 2371 5167 ἀλλὰ
2398 5116 2465 5184 τῇ
2493 5110 2820 5165 ταπεινώσει
2848 5113 2946 5180 τῆς
2977 5110 3399 5181 ἁνθρωπότητος
3422 5109 3708 5179 προσήκει
3746 5107 3821 5160 λο-

2234 5201 2507 5272 γίζεσθαι.
2533 5201 2596 5254 Εἰ
2630 5199 2739 5270 γὰρ
2764 5199 3135 5252 ἐταπείνωσεν
3165 5197 3360 5251 ἑαυτὸν
3394 5196 3616 5268 μορφὴν
3635 5196 3819 5251 δοΰλιν

2235 5292 2438 5358 λαϐὼν,
2471 5293 2701 5356 εἰκότως
2726 5291 2785 5344 ὲν
2822 5290 2902 5361 τῷ
2938 5290 3117 5362 καιρῷ
3148 5288 3243 5342 τοῦ
3276 5288 3485 5352 πάθους
3514 5288 3825 5361 προσεύχε-

2232 5404 2344 5449 ται,
2377 5384 2512 5455 ὁμοῦ
2562 5384 2655 5438 καὶ
2707 5382 3107 5456 προσεύχεσθαι
3155 5382 3424 5437 διδάσκων
3456 5383 3518 5435 ἐν
3557 5384 3690 5449 ταῖς
3715 5382 3829 5436 θλί-

2231 5476 2376 5530 abeat.
