4036 6200
279 248 415 313 1189

350 379 373 412 ι
401 360 653 423 Δίκασον,
682 358 877 428 Κύριε.
914 374 932 408 ι

344 451 486 514 Τοὺς
519 450 616 520 μὲν
647 448 968 510 ἀδικοῦντας
1002 445 1293 508 Ἰουδαίους
1325 444 1497 514 λέγει,
1523 444 1788 515 δαίμονας
1808 445 1864 497 δὲ

1422 240 1891 305 FRAGMENTA
1933 244 2012 303 IN
2054 242 2417 305 PSALMOS.

1896 367 1936 415 Α
2040 352 2203 409 \‘eas.
2243 355 2294 410 l.
2344 354 2600 417 «iudica.
2640 353 2888 409 Domine.
2920 374 2939 405 ι

3407 242 3542 310 H90

2037 445 2308 501 Nocentes
2325 447 2545 516 quidem
2574 442 2791 501 Juda'os
2808 447 3089 516 intelligit;
3110 447 3390 502 daemones
3413 462 3546 501 vero

274 543 401 605 τοὺς
422 538 796 610 πολεμοῦντας
816 555 830 567 ·
859 538 1060 599 οἵτινες
1087 537 1154 589 δι’
1176 538 1326 607 ἡμᾶς
1358 536 1450 591 τὸν
1466 536 1704 606 Χριστὸν
1734 536 1864 589 ἔπο-

1970 546 2381 609 oppugnantes,
2422 538 2515 607 qui
2566 547 2790 609 propter
2814 551 2916 591 nos
2942 536 3220 592 Christum
3258 552 3546 609 oppugna-

276 633 543 704 λέμησαν.
568 631 807 695 Τούτους
836 629 1236 700 πολεμηθῆναι,
1268 630 1519 683 τουτέστι
1579 644 1862 701 καταργη-

1970 631 2118 684 bant.
2158 628 2266 684 iios
2289 631 2608 702 expugnari,
2649 631 2752 683 hoc
2774 638 2900 693 est,
2941 643 3133 684 eorum
3163 639 3394 685 conatus
3419 627 3514 684 irri

212 784 217 787 _
280 725 460 798 θῆναι,
490 723 767 795 βούλεται.

355 836 377 869 ε
395 808 631 869 Ἕλθέτω
659 812 810 884 αὐτῷ
834 813 1002 882 παγὶς
1031 813 1099 885 ἢν
1124 812 1187 866 οὐ
1213 812 1493 881 γινώσκει.
1525 832 1544 865 ι

349 910 446 973 Et;
481 908 683 963 Ἰούδαν
708 908 803 960 τὸν
834 908 1108 979 προδότην
1131 905 1311 968 τοῦτο,
1337 905 1475 959 ἀλλὰ
1508 905 1617 977 μὴν
1661 904 1755 958 καὶ
1785 906 1867 968 είς

280 1002 373 1055 τὸν
401 1000 530 1056 λαὸν
554 1000 664 1054 τῶν
696 999 992 1063 Ἰουδαίων,
1016 999 1096 1052 ἔτι
1123 998 1181 1050 δὲ
1208 1000 1304 1051 καὶ
1336 1000 1416 1061 είς
1444 997 1609 1051 αὐτὸν
1636 996 1729 1050 τὸν
1753 996 1867 1051 διά-

286 1094 446 1149 ϐολον
477 1092 791 1163 εἶρηται.ὀ
817 1092 914 1163 μὲν
938 1092 1049 1162 γάρ
1080 1090 1280 1153 Ἰούδας
1308 1091 1389 1152 εἰς
1415 1088 1512 1160 τὴν
1544 1088 1747 1157 παγίδα
1768 1089 1871 1158 τῆς

289 1186 529 1257 ἀγχόνης
558 1185 815 1238 ἐνέπεσεν
835 1200 848 1214 ⁸
903 1185 933 1236 ό
979 1183 1037 1236 δὲ
1064 1182 1195 1237 λαὸς
1222 1183 1331 1235 τῶν
1367 1182 1661 1247 Ἰουδαίων,
1693 1197 1868 1249 παγι-

284 1274 460 1328 δεύειν
492 1273 741 1344 νομίσας,
763 1270 1135 1340 παγιδεύεται,
1169 1270 1263 1323 καὶ
1286 1268 1392 1323 ὑπὸ
1421 1269 1521 1339 τὴν
1549 1267 1715 1323 αὑτοῦ
1740 1284 1868 1321 συν-

283 1366 494 1437 ελήφθη
531 1366 724 1436 θήραν.
758 1362 1037 1425 Ὡσαύτως
1063 1365 1093 1416 ό
1124 1360 1392 1425 διάϐολος,
1421 1359 1520 1431 τὴν
1551 1359 1757 1429 παγίδα
1774 1359 1869 1413 τοῦ

284 1456 523 1527 σταυροῦ
554 1455 882 1527 μελετήσας,
914 1453 1003 1507 διὰ
1032 1452 1126 1506 τοῦ
1160 1453 1400 1523 σταυροῦ
1425 1453 1526 1523 τῆς
1554 1452 1748 1506 ἑαυτοῦ
1773 1451 1871 1522 βα-

284 1547 488 1611 σιλείας
520 1546 801 1614 ἐξέπεσεν.

357 1656 377 1690 ι
403 1636 855 1692 Ἀνταπεδίδοσάν
892 1652 985 1705 μοι
1030 1634 1266 1706 πονηρά.
1298 1654 1315 1686 ι

1969 728 2055 775 tos
2085 719 2202 773 ﬁeri
2233 720 2402 789 cupit.

2036 806 2206 862 Vens.
2239 808 2293 863 8.
2342 827 2360 860 ε
2401 809 2598 865 Veniat
2626 810 2702 864 illi
2733 809 2967 880 laqueus'
2984 823 3145 879 quem
3176 809 3412 880 ignorat.
3450 829 3472 864 ι

2039 897 2097 952 In
2126 896 2318 953 ludam
2359 900 2692 968 proditorem
2716 938 2731 963 ,
2780 914 2993 953 necnon
3056 900 3112 976 in
3146 898 3408 969 populum
3451 898 3548 955 Ju-

1968 988 2233 1050 dasorum,
2255 999 2416 1058 atque
2440 990 2668 1059 insuper
2692 991 2747 1043 in
2778 990 3056 1044 diabolum
3084 990 3286 1059 ipsum.
3323 992 3427 1045 hoc
3463 991 3549 1047 di-

1970 1086 2118 1132 ctum
2144 1087 2248 1133 est.
2290 1078 2424 1132 Nam
2446 1078 2616 1134 ludas
2632 1081 2854 1150 quidem
2889 1081 2945 1135 in
2974 1082 3228 1152 laqueum
3260 1085 3383 1140 colli
3415 1085 3549 1140 inci-

1969 1170 2050 1224 dit
2080 1188 2092 1224 :
2132 1172 2364 1240 populus
2393 1186 2524 1226 vero
2551 1170 2885 1238 Iudaeorum,
2911 1188 3037 1228 cum
3066 1174 3361 1245 illaqueare
3389 1185 3549 1245 puta-

1971 1270 2076 1326 ret,
2103 1261 2449 1332 illaqueatur,
2474 1274 2529 1317 et
2552 1279 2648 1318 sua
2670 1264 2844 1335 ipsius
2876 1274 3101 1335 captura
3124 1268 3551 1339 comprehensus

1971 1360 2075 1407 est.
2105 1352 2371 1406 Similiter
2390 1369 2609 1424 quoque
2636 1356 2906 1420 diabolus,
2937 1372 3064 1411 cum
3093 1357 3347 1428 laqueum
3369 1360 3550 1414 crucis

1972 1442 2356 1514 excogitasset,
2384 1460 2483 1515 per
2508 1459 2727 1500 crucem
2748 1461 2918 1517 regno
2945 1461 3047 1501 suo
3081 1448 3300 1503 excidit.

2046 1626 2211 1683 Vens.
2240 1628 2329 1682 12.
2376 1645 2395 1679 ι
2424 1624 2822 1681 Retribneliant
2853 1625 2986 1680 mihi
3028 1626 3192 1680 mala.
3223 1644 3242 1678 ι

369 1726 582 1798 Ἐαυτῷ
607 1726 719 1799 γὰρ
742 1727 844 1799 τὴν
874 1726 986 1779 τῶν
1013 1704 1285 1779 Ἰουδαίων
1304 1723 1611 1796 ἀκαρπίαν,
1631 1723 1707 1787 ὡς
1726 1724 1868 1778 οίκο-

2040 1718 2356 1774 Judaaorum
2386 1717 2532 1771 enim
2559 1716 2901 1771 sterilitatem
2937 1716 3043 1771 sibi
3095 1716 3197 1787 ipsi
3220 1717 3546 1785 ascribebat,

279 1818 550 1888 δεσπότης
575 1820 669 1870 καὶ⁸
694 1816 966 1888 γεωργὸς,
998 1816 1297 1886 ἐλογίζετο.

357 1928 377 1963 ι
403 1910 491 1973 Ὠς
518 1908 771 1979 πλησίον,
805 1908 903 1963 καὶ
930 1909 1005 1972 ὼς
1033 1908 1281 1978 ἀδελφόν.
1317 1926 1336 1960 ι

352 2002 466 2072 Τὴν
500 1996 636 2070 πρὸς
661 1999 753 2054 τδν
787 1999 991 2053 Ἰούδαν
1025 2000 1175 2068 λέγει
1203 1997 1572 2071 συμπάθειαν,
1603 1998 1753 2061 ὅπως
1776 1997 1874 2050 αὐ-

282 2090 360 2161 τῷ
392 2091 488 2144 καί⁹
512 2092 574 2144 τὸ
593 2090 985 2161 γλωσσόκομον
1014 2088 1329 2159 βαστάζειν,
1361 2091 1456 2143 καὶ
1484 2088 1645 2160 μόνον
1669 2087 1875 2158 συμϐά-

285 2200 441 2236 πτειν
481 2182 562 2246 είς
596 2180 851 2252 τρυϐλίον
888 2181 1215 2252 ἐπέτρεψεν,
1245 2179 1321 2243 ὡς
1350 2179 1580 2249 ἀδελφὸν
1608 2180 1706 2233 καὶ
1734 2178 1873 2250 πλη-

288 2275 424 2329 σίον.
450 2273 705 2343 Ἀδελφὸς
738 2272 1072 2344 εύαρεστῶν,
1114 2273 1396 2326 τουτέστιν
1425 2272 1675 2344 ἀρέσκων
1700 2270 1869 2341 αὐτῷ,

286 2369 380 2419 καὶ
405 2364 585 2428 καλῶς
610 2366 669 2417 ὲν
695 2363 868 2418 άπασι
898 2363 1202 2436 χρώμενος.

364 2475 384 2508 ι
426 2455 756 2526 Ἐπείρασάν
809 2472 917 2526 με,
972 2455 1416 2527 ὲξεμυκτήρισάν
1470 2472 1538 2525 με
1599 2472 1871 2527 μυκτηρι-

289 2549 430 2621 σμῷ.
465 2568 484 2601 ι

278 2700 285 2703 Ἰ
359 2645 521 2707 Ἴσως
556 2642 657 2712 μὲν
683 2643 781 2695 καὶ
807 2642 936 2706 τοὺς
967 2641 1189 2705 ὀδόντας
1214 2639 1273 2705 ἐξ
1300 2638 1587 2711 ὠμότητος
1615 2641 1867 2714 ἔϐρυχον,

297 2732 581 2806 μονονουχὶ
636 2732 913 2802 μάσασθαι
961 2733 1054 2785 τὸν
1098 2732 1305 2802 Ἰησοῦν
1350 2732 1687 2802 βουλόμενοι.
1725 2734 1871 2803 Πλὴν

291 2824 536 2896 βρυγμὸς
580 2823 812 2876 ὀδόντων
856 2825 952 2877 καὶ
995 2826 1028 2887 ή
1060 2825 1231 2878 κακία
1261 2826 1294 2895 ἡ
1321 2825 1380 2877 ὲν
1420 2824 1598 2894 λόγοις
1628 2824 1868 2893 λέγεται.

285 2918 391 2971 Τδν
420 2915 641 2987 Πατέρα
670 2911 766 2969 οὖν
792 2915 1045 2970 ἐϐούλετο
1070 2916 1327 2988 μάρτυρα
1356 2918 1499 2971 κατά
1523 2917 1632 2973 τῶν
1662 2918 1743 2981 είς
1774 2919 1871 2971 αὐ-

283 3009 375 3062 τὸν
403 3006 875 3079 βλασφημούντων
895 3008 1177 3080 ἐσόμενον.
1192 3007 1356 3084 Ὅθεν
1373 3008 1654 3080 ἀπιφέρειο
1669 3010 1865 3079 Κύριε,
1894 3034 1937 3092 ο

285 3102 431 3155 πότε
471 3100 713 3170 suam;

852 3208 1148 3265 ΨΔΛΜΟΣ
1180 3209 1305 3265 ΔΕ⁹.

360 3318 379 3352 ι
409 3302 579 3370 Φησὶν
602 3301 632 3353 δ
666 3299 985 3371 παράνομος
1007 3301 1101 3355 τοῦ
1132 3303 1494 3372 ἁμαρτάνειν.
1528 3321 1548 3355 ι

359 3393 472 3462 υύχ
512 3391 700 3455 ἀπλῶς
750 3393 1089 3462 παράνομον,
1125 3393 1264 3447 ἀλλά
1308 3393 1400 3448 τὸν
1448 3393 1748 3465 ὑποκριτὴν
1779 3396 1873 3448 καὶ

285 3481 457 3535 δόλιον
488 3485 517 3535 ό
544 3482 762 3552 ψαλμδς
793 3481 1133 3548 ὑποτίθεται,
1157 3484 1247 3536 τὸν
1291 3483 1459 3538 πολὺν
1508 3485 1566 3537 ὲν
1611 3487 1677 3556 τῇ
1725 3484 1870 3557 ψυχῇ

289 3571 553 3644 βόρϐορον
588 3573 936 3643 παρανομίας
962 3572 1174 3643 ἔχοντα,
1206 3575 1300 3628 καὶ
1332 3574 1421 3628 διὰ
1445 3575 1603 3629 τοῦτο
1642 3575 1870 3644 λέγοντα

286 3665 346 3715 ἐν
378 3661 560 3733 ἑαυτῷ
591 3662 685 3715 τοῦ
719 3664 1059 3735 ἁμαρτάνειν
1098 3664 1517 3735 ἀποτιθέμενον.
1550 3666 1648 3719 Διά
1692 3667 1745 3720 τί
1790 3668 1868 3733 δὲ,

284 3754 355 3804 ἐν
398 3751 613 3817 ἐαυτῷ,
660 3752 847 3821 λέγεις
912 3752 1133 3823 Ἐπειδὴ
1183 3753 1359 3807 ταῦτα
1401 3753 1676 3823 λογίζεται
1726 3758 1870 3830 ἅπερ

288 3843 539 3914 φανερῶς
563 3845 793 3917 είπείνῆ
822 3844 1070 3915 φοϐεῖται
1117 3845 1151 3918 ἢ
1189 3847 1529 3916 αίσχύνεται.

362 4048 381 4080 ι
408 4028 857 4099 Μεθυσθήσονται
883 4030 991 4083 ἀπὸ
1006 4031 1273 4103 ’πιότητος
1297 4033 1468 4087 οίκου.
1494 4051 1513 4085 ι

354 4116 530 4186 Οἶκος
560 4121 655 4174 τοῦ
686 4122 845 4187 Θεοῦ,
872 4122 932 4175 τὸ
972 4122 1132 4193 σῶμα
1156 4123 1342 4189 αὐτοῦ,
1375 4126 1593 4193 πιότης
1620 4125 1681 4178 τὸ
1706 4125 1869 4195 ἔκχυ-

285 4212 375 4265 Civ
400 4213 509 4267 ἀπὸ
533 4213 634 4283 τῆς
666 4214 909 4284 πλευρᾶς
939 4209 1081 4284 αἷμα
1105 4215 1202 4268 καὶ
1224 4214 1388 4287 ὕδωρ,
1421 4216 1480 4281 ἐξ
1507 4211 1679 4287 οὗπερ
1705 4218 1753 4270 οί
1776 4235 1867 4270 πι-

286 4307 401 4359 στοὶ
432 4307 635 4370 πάντες
666 4306 841 4377 μέθην
881 4309 1151 4377 σωτήριον
1182 4308 1586 4380 ἐμεθύσθημεν.
1617 4311 1864 4380 Χείμαρο

273 4399 386 4464 ῥος
414 4398 522 4470 γὰρ
563 4398 796 4468 τρυφῆς
837 4400 907 4454 τὰ
952 4401 1047 4454 τοῦ
1072 4400 1309 4473 Χριστοῦ
1340 4401 1510 4473 πάθη.
1551 4404 1866 4476 Χείμαῤῥος

285 4490 405 4559 μὲν,
454 4491 645 4562 ἐπειδὴ
692 4494 750 4546 ὲν
794 4493 947 4567 ἀκμῇ
995 4493 1087 4548 τοῦ
1131 4493 1403 4565 χειμῶνος
1445 4494 1544 4566 τῆς
1589 4495 1867 4566 ἡμετέρας

280 4583 553 4653 ἁμαρτίας
594 4584 915 4654 ἐπράττετο,
977 4586 1065 4638 ὅτε
1107 4587 1256 4639 πᾶσα
1298 4586 1397 4655 μὲν
1434 4586 1601 4659 ἀρετὴ
1626 4626 1641 4651 ,
1677 4585 1865 4657 ἀγάπη

278 4673 335 4725 δὲ
363 4672 597 4743 μάλιστα
635 4677 667 4747 ὴ
699 4676 836 4745 πρὸς
865 4675 998 4731 Θεὸν
1021 4674 1317 4747 ψυγήσασα
1344 4677 1867 4749 ἐνενέκρωτο.Ὦστε

278 4763 370 4816 τὸν
401 4766 691 4836 προφήτην
724 4767 1000 4839 Ζαχαρίαν
1041 4769 1169 4839 περὶ
1205 4768 1306 4837 τῆς
1336 4768 1549 4839 ἡμέρας
1573 4769 1670 4823 τοῦ
1706 4787 1870 4822 σταυ-

279 4852 376 4924 ροῦ
401 4853 580 4923 λέγειν
600 4872 615 4887 ⁸
663 4857 765 4911 Ἐν
799 4856 873 4926 τῇ
902 4857 1093 4928 ἡμέρᾳ
1117 4860 1324 4926 ἐκείνῃ
1358 4862 1469 4914 οὐκ
1501 4860 1672 4914 ἔσται
1710 4859 1856 4929 φῶς·

276 4947 478 5015 ψύχος
522 4948 620 5003 καὶ
667 4952 923 5019 παγετός
971 4951 1143 5004 ἕσται
1173 4950 1405 5020 ’ἡμέρα
1427 4949 1658 5021 μεγάλη
1703 4951 1857 5005 ἐστί.

277 5036 504 5108 Τρυφῆς
552 5039 609 5093 δὲ
652 5040 880 5104 εἰκότως
923 5040 1158 5108 ἐλέγετο.
1195 5040 1408 5111 Σφόδρα
1433 5040 1541 5109 γὰρ
1570 5041 1599 5093 ὁ
1627 5038 1860 5109 Χριστὸς

275 5128 549 5199 ινιτρύφα
588 5134 703 5196 τοῖς
748 5132 886 5202 ὑπὲρ
921 5132 1077 5205 ἠμῷν
1108 5132 1358 5198 πάθεσιν,
1394 5132 1488 5185 τοῦ
1523 5148 1579 5184 τε
1609 5130 1858 5185 διαϐόλου

274 5221 656 5289 καταπαίζων,
689 5224 785 5277 καὶ
815 5224 956 5294 ὑπὲρ
981 5224 1082 5293 τῆς
1115 5223 1223 5276 τῶν
1258 5222 1560 5294 ἀνθρώπων
1586 5221 1859 5293 σωτηρίας

274 5309 555 5382 ἡδόμενος.
588 5315 793 5369 Τοῦτον
821 5318 970 5386 ἡμᾶς
996 5316 1089 5370 τὸν
1125 5314 1466 5388 χειμάρρουν
1507 5314 1607 5385 τῆς
1651 5314 1861 5386 τρυφῆς

276 5405 557 5473 μυστικῶς
588 5408 819 5472 ποτίζει.
837 5410 910 5462 Τὸ
930 5410 1039 5481 γάρ
1067 5407 1159 5462 τοῦ
1191 5409 1463 5462 Δεσπότου
1492 5408 1662 5473 πάθος
1715 5426 1858 5482 μαρ-

270 5486 462 5560 τύριον
489 5495 603 5558 τοῖς
629 5495 839 5561 δούλοις
866 5497 1184 5568 γεγένηται.

344 5627 368 5660 ⁸
394 5628 560 5686 Zaeh.
584 5649 698 5699 xw,
740 5635 824 5691 16.

1973 1820 2232 1881 tanquam
2265 1809 2653 1880 paterfamilias
2680 1817 2736 1864 et
2761 1811 3015 1880 agricola.

2047 1902 2213 1957 Vens.
2243 1902 2329 1956 M.
2378 1921 2397 1952 ι
2426 1901 2592 1966 Quasi
2618 1902 2957 1975 proximum,
2988 1911 3043 1956 et
3072 1903 3228 1971 quasi
3252 1902 3494 1958 fratrem.
3527 1922 3546 1955 ι

1950 2008 1955 2011 ·
2040 1990 2314 2047 Aﬂ‘ectum
2344 1992 2614 2057 inJudam
2635 1994 2893 2057 ostendit,
2925 2003 2987 2048 ut
3011 1994 3189 2049 eidem
3213 1995 3551 2065 marsupium

1973 2082 2350 2147 concrederet,
2371 2091 2425 2137 et
2443 2097 2566 2136 eum
2603 2083 2780 2138 solum
2815 2098 3037 2138 manum
3065 2085 3335 2157 intingere
3364 2101 3551 2141 secum

1973 2173 2029 2227 in
2078 2174 2282 2238 catino,
2311 2189 2412 2229 ceu
2443 2173 2666 2229 fratrem
2714 2182 2771 2229 et
2809 2176 3140 2246 proximum,
3184 2178 3547 2248 permitteret.

1974 2265 2164 2321 Frater
2189 2267 2554 2336 complacens,
2606 2266 2661 2321 id
2687 2276 2792 2331 est,
2847 2268 3071 2338 placens
3105 2269 3180 2325 illi
3218 2270 3418 2326 dicitur
3443 2314 3459 2337 ,
3494 2281 3551 2326 et

1973 2357 2096 2427 ejus
2121 2371 2289 2427 opera
2321 2358 2377 2411 in
2408 2358 2669 2413 omnibus
2698 2367 2879 2415 utens.

2044 2449 2210 2504 Vens.
2235 2450 2324 2504 16.
2371 2469 2390 2502 ι
2420 2450 2793 2507 Tentaverunt
2819 2468 2927 2517 me,
2958 2454 3433 2511 subsannaverunt
3458 2470 3547 2511 me

1974 2541 2425 2595 sutisannatione.
2464 2561 2483 2593 ι

2046 2633 2317 2688 Fortassis
2344 2635 2508 2689 etiam
2536 2651 2600 2690 ex
2633 2634 2972 2692 immanitate
3008 2637 3264 2694 dentibus
3287 2638 3548 2695 frendue—

1974 2734 2123 2787 runt.
2157 2733 2485 2781 tantumnon
2518 2726 2705 2782 Jesum
2765 2729 3025 2783 mandere
3075 2722 3340 2784 relentes.
3374 2729 3551 2785 Caue-

1974 2836 2096 2875 rum
2118 2820 2324 2876 stridor
2352 2821 2600 2875 dentium
2633 2821 2798 2876 etiam
2822 2823 3025 2877 malitia
3060 2839 3376 2879 sermonum
3404 2840 3548 2878 nun-

1972 2900 2227 2981 cupatur.
2260 2911 2400 2966 llinc
2439 2912 2654 2965 Patrem
2686 2922 2878 2967 testem
2933 2914 3151 2969 volebat
3202 2928 3326 2969 esse
3360 2925 3547 2970 contra

1972 3018 2070 3056 eos
2097 3001 2188 3071 qui
2216 3002 2480 3055 adversus
2508 3000 2686 3070 ipsum
2717 3000 3195 3072 blasphemabant.
3228 3003 3387 3061 Unde
3413 3005 3548 3060 sub-

1964 3091 2149 3163 jungit
2173 3110 2188 3147 ;
2220 3092 2458 3160 Domine,
2495 3096 2708 3165 quando
2732 3096 2979 3163 respicies
2996 3096 3022 3148 Ρ

2461 3208 2782 3265 PSALMUS
2809 3208 3024 3264 XXXV.

2038 3295 2207 3354 Vens.
2235 3297 2291 3353 2.
2335 3318 2354 3351 ι
2384 3298 2529 3354 Dixit
2554 3300 2789 3369 injustus
2825 3309 2884 3354 ut
2910 3299 3210 3371 delinquat.
3241 3319 3260 3354 ι

2038 3387 2159 3443 Νοη
2204 3389 2526 3460 simpliciter
2560 3392 2849 3460 injustum,
2875 3391 2970 3445 sed
3002 3392 3337 3463 liypocrilam
3366 3402 3423 3448 et
3452 3392 3548 3448 do-

1969 3479 2147 3534 losum
2190 3480 2277 3535 hic
2305 3481 2550 3551 psalmus
2574 3481 2854 3552 proponit,
2884 3497 3013 3535 eum
3047 3481 3258 3537 scilicet
3288 3484 3381 3553 qui
3414 3485 3548 3540 mul-

1972 3579 2086 3625 tum
2146 3571 2201 3625 in
2251 3571 2433 3626 anima
2487 3571 2789 3642 iniquitatis
2842 3587 3060 3626 caenum
3110 3576 3431 3641 contineat;
3492 3584 3550 3629 et

1969 3659 2174 3715 idcirco
2200 3661 2408 3717 inducit
2446 3663 2717 3717 dicentem
2754 3662 2808 3716 in
2838 3662 3153 3734 semetipso,
3196 3666 3340 3734 quod
3368 3666 3547 3721 delin-

1968 3769 2137 3823 quere
2161 3761 2385 3809 statuat.
2419 3753 2525 3810 Sed
2552 3771 2650 3811 cur
2668 3755 2822 3818 dixit,
2856 3754 2923 3809 In
2937 3758 3211 3825 semetipso
3228 3760 3254 3813 Ρ
3277 3758 3544 3826 Quoniam

1968 3859 2030 3897 ea
2066 3859 2249 3899 secum
2280 3845 2462 3898 animo
2492 3854 2707 3910 versat,
2763 3862 2883 3917 quae
2932 3847 3107 3921 palam
3169 3849 3412 3919 proferre
3462 3852 3547 3907 vel

1972 3934 2125 3989 timet
2180 3935 2264 3990 vel
2296 3936 2591 3991 erubescit.

2040 4025 2204 4081 Vnus.
2236 4027 2289 4081 9.
2333 4045 2351 4079 ι
2392 4027 2810 4083 lnebriabuntur
2837 4030 2906 4085 ab
2936 4031 3183 4087 ubertate
3211 4032 3427 4089 domus.
3463 4050 3483 4086 ι

2010 4094 2236 4172 (Domus
2270 4118 2386 4184 Dei,
2419 4135 2619 4191 corpus
2657 4121 2777 4190 ejus
2804 4133 2926 4189 est;
2962 4126 3195 4189 ubertas,
3243 4126 3463 4197 sanguis
3490 4137 3548 4183 et

1968 4224 2106 4278 aqua
2127 4225 2246 4279 quae
2264 4225 2295 4264 e
2324 4210 2493 4266 latere
2520 4213 2638 4282 ejus
2658 4213 2887 4280 efﬂuxit,
2912 4230 2980 4270 ex
3009 4232 3114 4286 qua
3136 4217 3322 4273 fideles
3352 4234 3545 4274 omnes

1969 4304 2192 4358 salutari
2247 4304 2514 4359 ebrietate
2570 4306 2825 4361 incbriati
2873 4324 3083 4364 sumus.
3138 4309 3359 4365 Terrena
3396 4312 3542 4366 enim

1969 4399 2253 4469 voluptatis
2278 4439 2294 4463 ,
2346 4399 2498 4454 fuere
2536 4398 2736 4455 Christi
2777 4418 2971 4471 preme.
3011 4403 3249 4460 Torrcns
3298 4406 3542 4477 quidem,

1967 4490 2224 4560 quoniam
2278 4490 2333 4545 in
2383 4491 2564 4546 media
2600 4493 2779 4549 hieme
2828 4506 3173 4565 peccatorum
3225 4508 3541 4555 nostrorum

1968 4583 2265 4655 contigere,
2302 4584 2524 4654 quando
2555 4585 2732 4641 virtus
2765 4589 2963 4656 omnis,
3015 4600 3071 4645 et
3109 4593 3381 4662 pnecipue
3406 4594 3543 4648 cha-

1969 4671 2101 4725 ritas
2131 4672 2185 4725 in
2217 4670 2408 4738 Deum,
2464 4674 2663 4747 frigida
2695 4675 2885 4733 effecta
2905 4720 2919 4743 ,
2947 4680 3059 4750 jam
3086 4671 3353 4737 exstincta
3382 4691 3499 4737 erat
3524 4699 3540 4746 ;

1968 4763 2040 4817 ita
2070 4766 2434 4821 utZacbarias
2456 4770 2717 4840 propheta
2745 4772 2812 4827 de
2834 4774 2920 4826 die
2950 4775 3130 4829 crucis
3154 4776 3300 4830 dicat
3325 4794 3337 4828 :
3364 4775 3428 4830 In
3457 4776 3542 4830 die

1967 4855 2063 4909 illa
2102 4873 2205 4914 non
2244 4858 2345 4911 erit
2402 4858 2494 4913 lux
2515 4877 2535 4925 ;
2573 4863 2741 4934 frigus
2795 4875 2845 4917 et
2877 4865 2995 4934 gelu
3026 4868 3126 4919 erit
3156 4883 3174 4920 :
3203 4868 3313 4921 dies
3349 4883 3540 4937 magna

1966 4956 2041 4999 est
2070 4946 2113 5003 ⁸.
2170 4946 2477 5018 Voluptatis
2529 4961 2711 5006 autem
2761 4956 2957 5009 merito
3016 4957 3298 5010 dicebatur
3340 4958 3543 5013 :valde

1966 5038 2113 5092 enim
2146 5038 2399 5095 Christus
2432 5043 2804 5113 deliciabatur,
2850 5063 2973 5101 cum
3008 5063 3108 5117 pro
3139 5048 3296 5102 nobis
3325 5056 3542 5118 patere-

1964 5139 2073 5194 tur,
2090 5130 2305 5184 diabolo
2328 5131 2580 5201 illudens,
2609 5145 2663 5191 et
2681 5137 2749 5193 de
2779 5139 2952 5193 salute
2976 5138 3255 5193 hominum
3276 5140 3541 5211 gaudens.

1966 5221 2081 5276 lloe
2136 5230 2381 5278 torrente
2433 5227 2728 5298 voluptatis
2778 5230 3008 5301 mystice
3039 5246 3141 5286 nos
3180 5239 3335 5302 potat
3368 5249 3381 5286 :
3414 5247 3539 5288 nam

1968 5313 2183 5369 Domini
2218 5318 2519 5385 perpessio,
2554 5320 2871 5392 martyrium
2905 5322 3077 5379 servis
3104 5322 3245 5381 facta
3293 5336 3398 5383 est.
