4036 6200
516 250 653 322 “g1
1712 237 2005 300 HESYCH
2015 236 2075 298 II

2217 235 2587 299 ESBYTERI
3662 230 3694 295 1
3710 232 3808 296 ιεε

972 360 1294 419 I’SALMUS
1352 358 1596 416 XXXVI.
2122 361 2169 415 Α

2122 361 2169 415 Α
2756 352 3051 407 ΨΔΛΜΟΣ
3087 353 3226 416 ΔΕΓ.

583 462 751 519 ναις.
777 459 868 516 Ξθ.
922 476 941 510 ι
983 456 1176 512 Junior
1204 454 1305 509 fui.
1345 454 1405 506 »⁸

1384 454 1405 471 ⁸
2273 464 2293 497 ο
2320 445 2606 518 Νεώτερος
2633 446 2927 516 ἃγενόμην.
2959 463 2978 497 ι

583 549 813 606 Pulchre
836 562 939 602 nos
955 545 1146 616 judicii
1178 559 1448 600 memores
1472 542 1623 607 facit,
1644 556 1735 607 ne,
1760 556 1940 596 rerum
1969 554 2093 610 qua:

2264 536 2461 600 Καλῶς
2507 538 2657 608 ἡμᾶς
2697 536 3109 608 ἀναμιμνήσκει
3144 534 3244 604 τῆς
3276 532 3545 603 κρίσεως.
3581 535 3692 590 ἵνα
3742 537 3822 608 μή

512 641 604 697 hic
634 639 790 703 ﬁunt,
825 635 1211 694 confusionem
1236 635 1508 696 videntes,
1552 633 1810 689 virtutem
1850 631 2092 701 negliga-

2230 626 2332 700 ιρδς
2380 628 2481 700 τὴν
2528 628 2765 685 ἐνταῦθα
2810 628 3188 697 θεωρήσαντες
3237 625 3530 696 σύγχυσιν,
3588 629 3824 699 ἀρετῆς

515 748 658 795 mus,
682 732 802 785 viso
824 730 1027 799 probos
1055 728 1203 783 viros
1228 727 1372 798 apud
1397 726 1645 781 homines
1665 740 1788 781 esse
1811 723 2088 795 inglorios.

2224 721 2587 793 ,μελήσωμεν⁸
2627 720 2863 792 ὁρῶντες
2886 720 3013 783 τοὺς
3048 722 3105 773 ὲν
3134 719 3384 789 ἀρεταῖς,
3415 720 3478 773 δν
3510 719 3728 791 ἀδοξίᾳ
3751 726 3818 790 τῇ

512 831 569 877 et
598 820 983 876 amictionibus
1015 817 1224 874 vexari.
1262 815 1385 873 Non
1430 816 1579 871 enim
1618 815 1963 883 derelinquet
1993 827 2090 868 eos

2224 814 2345 885 παρὰ
2371 812 2716 887 ἀνθρώποις,
2745 814 2842 867 καὶ
2881 812 3067 875 πόνοις
3095 813 3503 883 τυγχάνοντας.
3533 814 3667 866 Οὐκ
3717 817 3818 880 ἐγ-

514 912 681 974 Deus,
711 912 817 967 hoc
843 919 949 974 est,
973 924 1082 963 non
1105 908 1408 978 despiciet;
1441 908 1538 963 sed
1564 907 1620 962 in
1646 907 1889 961 futurum
1914 920 2089 960 sacu-

2222 902 2508 974 αταλειψει
2540 904 2649 974 γὰρ
2677 903 2878 967 αὐτοὺς
2907 903 2937 955 ό
2966 902 3123 967 Θεὸς,
3157 902 3444 957 τουτέστιν
3474 904 3589 974 οςδχ
3624 904 3816 974 ὑπερ-

512 1004 625 1059 lum
652 1018 748 1059 eos
774 1010 978 1068 servat,
1001 1001 1093 1057 ubi
1116 1000 1329 1056 inﬁnita
1363 1009 1451 1055 est
1474 1000 1743 1055 bonorum
1778 998 2085 1054 retributio.

2216 993 2411 1061 ψεταιο
2452 992 2712 1062 φυλάττει
2744 992 2803 1046 δὲ
2829 992 3029 1055 αὐτοὺς
3070 995 3154 1055 εἰς
3193 995 3287 1046 τὸν
3316 994 3500 1055 αἰῶνα
3531 994 3639 1048 τὸν
3670 994 3810 1064 μέλα

2187 1084 2348 1140 λοντα
2366 1124 2383 1151 ,
2414 1084 2544 1140 ἔνθα
2571 1084 2679 1139 τῶν
2710 1083 2934 1153 ἀγαθῶν
2965 1087 2998 1155 ή
3030 1084 3181 1147 δόσις
3215 1084 3617 1157 ἀτελεύτητος.

996 1180 1315 1237 ΡεΑιυυδ
1344 1179 1617 1235 xxxvn.
2016 1144 2019 1145 ί
2369 1144 2379 1151 ⁷
2760 1144 3054 1229 anno):
3091 1144 3216 1229 Λὶο.

585 1274 751 1331 Vsus.
778 1277 833 1331 3.
877 1293 897 1327 ι
927 1274 1197 1341 Quoniam
1232 1275 1442 1345 sagitta
1475 1280 1580 1327 tua
1608 1270 1788 1327 inlixa
1808 1278 1956 1326 sunt.
1992 1289 2012 1323 ι

1680 1270 1788 1327 lixa
1808 1278 1956 1326 sunt.
1992 1289 2012 1323 ι
2263 1268 2419 1323 ιὀτι
2445 1267 2516 1321 τά
2548 1266 2678 1338 βέλη
2713 1282 2811 1320 σου
2843 1267 3226 1336 ὲνεπάγησαν.
3256 1284 3274 1316 ι

582 1369 699 1423 Non
732 1377 939 1423 temere
970 1383 1070 1436 pro
1094 1367 1214 1436 ipso
1239 1380 1441 1437 genere
1465 1365 1706 1419 humano
1735 1363 1900 1419 etiam
1925 1360 2086 1416 Chri-

2262 1359 2338 1413 υὺ
2382 1358 2564 1429 μάτην
2592 1359 2624 1410 ό
2659 1358 2896 1429 Χριστὸς
2942 1358 3037 1410 καὶ
3080 1355 3256 1410 ταῦτα
3287 1355 3367 1426 τῷ
3399 1356 3580 1428 llath
3619 1356 3804 1411 αὑτοῦ

512 1471 630 1515 stus
663 1460 781 1514 hac
811 1460 950 1529 petit
980 1475 1011 1513 α
1046 1457 1214 1524 Patre
1240 1472 1362 1512 suo.
1398 1457 1507 1510 Sed
1551 1456 1807 1526 quoniam
1829 1495 1846 1521 ,
1886 1454 2085 1523 inquit,

2209 1451 2332 1521 ’mép
2365 1450 2460 1504 τοῦ
2495 1449 2689 1519 γένους
2720 1448 2832 1501 τῶν
2858 1448 3163 1518 ἀνθρώπων
3205 1447 3599 1517 προσεύχεται.
3641 1448 3803 1502 Ἀλλ’

512 1560 633 1613 qua
667 1544 722 1597 in
754 1560 849 1597 eos
889 1544 1087 1598 intorta
1110 1551 1268 1598 erant
1300 1543 1497 1613 iacula,
1540 1544 1647 1597 hoc
1692 1552 1796 1607 est,
1832 1557 2088 1612 quacun-

2203 1543 2379 1611 ἐπειδὴ
2404 1543 2473 1596 τὰ
2499 1543 2617 1595 κατ’
2640 1542 2821 1595 αὐτῶν
2846 1540 3006 1612 βέλη.
3035 1540 3228 1609 φησὶν,
3261 1541 3394 1605 ὅσας
3439 1541 3675 1611 πληγὰς
3705 1543 3797 1595 6.3:

513 1649 619 1704 que
651 1634 820 1704 plaga
851 1641 1075 1704 propter
1104 1634 1277 1689 Adam
1321 1648 1667 1691 communem
1716 1644 1967 1690 naturam
1999 1634 2085 1687 in-

2200 1634 2277 1689 τδν
2316 1633 2487 1704 Ἀδάμ
2530 1632 2767 1704 ἐπῆλθεν
2809 1632 2952 1687 κατά
2995 1632 3096 1702 τῆς
3140 1634 3332 1702 κοινῆς
3377 1633 3628 1701 φύσεως,
3667 1635 3794 1705 ἐμοὶ

514 1736 788 1793 vaserant,
827 1727 883 1780 in
913 1741 999 1780 me
1026 1726 1206 1782 inﬁxa
1230 1736 1380 1782 sunt.
1407 1727 1541 1781 Nam
1571 1743 1695 1783 cum
1723 1742 1825 1798 ego
1866 1742 1964 1797 pro
1991 1742 2088 1799 ge-

2200 1699 2558 1798 ὶνεπάγησαν.
2594 1699 2813 1795 ’ἐπειδὴ
2846 1725 2956 1796 γὰρ
2996 1699 3107 1794 ἐγὼ
3150 1725 3250 1788 τὰς
3284 1699 3429 1795 huc?
3453 1724 3556 1779 τοῦ
3586 1699 3794 1793 γένους

514 1831 646 1870 nere
677 1816 918 1869 humano
944 1823 1165 1885 peccata
1190 1818 1552 1887 susceperim,
1582 1818 1894 1873 necessario
1921 1818 2087 1872 etiam

2201 1817 2294 1870 τῶν
2336 1815 2643 1887 ἀνθρώπων
2674 1815 2954 1886 ἁμαρτίας
2991 1814 3288 1877 ἀνέλαόον,
3319 1816 3651 1882 ἀναγκαίως
3695 1818 3795 1870 καὶ

514 1923 616 1977 pro
643 1908 747 1962 illis
780 1909 950 1962 subeo
976 1907 1341 1978 disciplinam.
1380 1909 1445 1963 Et
1482 1909 1604 1964 ideo
1630 1909 1964 1965 conﬁrmasti
1997 1926 2087 1964 su-

2200 1909 2284 1972 τάς
2334 1908 2475 1977 ὑπὲρ
2521 1907 2703 1961 αὐτῶν
2740 1906 2989 1969 παιδείας
3032 1905 3359 1975 ὑφίσταμαι.
3387 1907 3478 1959 Διὸ
3528 1908 3630 1960 καὶ
3682 1908 3794 1959 ἑπ-

514 2014 611 2068 per
642 2014 727 2053 me
757 2014 978 2053 manum
1007 2008 1155 2054 tuam
1180 2000 1590 2070 correptricem,
1624 2000 1691 2056 de
1718 2016 1826 2070 qua
1848 1999 1950 2056 Job
1968 2001 2045 2056 ait
2069 2014 2085 2053 :

2197 1999 2479 2070 εστήριξας
2526 1999 2735 2069 ἐπ’ὲμὲ
2769 1999 2869 2069 τὴν
2899 2000 3057 2069 χεῖρά
3105 2015 3201 2052 σου
3248 2000 3350 2069 τὴν
3389 2000 3791 2070 παιδευτικην,

511 2092 701 2147 Manus
730 2092 940 2146 Domini
971 2093 1141 2162 tetigit
1171 2110 1251 2147 me
1281 2094 1324 2149 ’.

2196 2088 2320 2160 περὶ
2361 2085 2429 2160 ἦς
2464 2088 2585 2143 Ἰὼϐ
2615 2089 2802 2157 ἔλεγε⁹
2838 2087 2975 2157 Χείρ
3000 2089 3226 2157 Κυρίου
3264 2089 3304 2157 τὶ
3332 2088 3604 2159 ἁψαμένη
3646 2092 3790 2160 μού

2187 2181 2381 2236 ἐστιν.

978 2275 1294 2332 PSALMUS
1332 2273 1626 2330 XXXVIII.

1619 2313 1626 2330 .
2737 2271 3033 2327 ΨᾹΛΜΟΣ
3081 2272 3213 2327 ΑΠ’.

580 2366 748 2422 Vens.
790 2369 847 2423 2.
892 2388 910 2420 ι
950 2368 1065 2421 Dixi
1096 2367 1448 2423 :Cnstodiam
1478 2367 1592 2422 vias
1622 2381 1790 2421 meas.
1818 2384 1838 2418 ι

1665 2381 1790 2421 leas.
1818 2384 1838 2418 ι
2266 2380 2285 2414 ι
2318 2357 2462 2415 Εἷπα
2482 2379 2496 2395 ο
2524 2362 2747 2429 ιιδυλάξω
2774 2363 2871 2426 τάς
2895 2362 3051 2423 ὁδούς
3080 2379 3206 2432 μου.
3240 2380 3259 2416 ι

588 2458 752 2514 Decet
786 2458 891 2514 hoc
916 2474 1136 2514 omnem
1167 2460 1488 2529 prophetam
1534 2467 1591 2513 et
1634 2459 1911 2514 doctorem
1965 2473 2090 2527 pro-

2263 2454 2434 2507 Παντὶ
2457 2451 2617 2506 τοῦτο
2646 2454 2905 2523 προφήτῃ
2938 2453 3034 2507 καὶ
3064 2452 3376 2524 διδασκάλῳ
3414 2455 3657 2525 πρέπει,
3685 2456 3789 2519 τὶς

513 2550 660 2619 prias
682 2550 798 2604 vias
824 2550 1118 2613 custodire,
1146 2550 1353 2605 scilicet
1378 2549 1658 2604 actionum
1687 2563 1886 2603 cursus
1913 2558 1968 2603 et
2000 2549 2089 2603 in-

2195 2543 2398 2605 υίκείας
2446 2543 2735 2611 φυλάττειν
2767 2542 2953 2607 ὁδοὺς,
2985 2542 3187 2614 δηλαδὴ
3222 2544 3351 2608 τοὺς
3394 2543 3638 2614 δρόμους
3689 2548 3789 2601 καὶ

514 2656 755 2711 gressus,
784 2641 859 2695 ita
894 2650 953 2696 ut
977 2657 1086 2696 non
1112 2639 1356 2696 declinet
1392 2641 1450 2695 in
1499 2640 1711 2702 vitium,
1737 2655 1846 2693 non
1871 2641 2090 2695 aberret

2194 2636 2288 2698 τὰς
2324 2635 2544 2704 πορείας
2573 2635 2684 2688 τῶν
2719 2635 2996 2709 πράξεων,
3020 2634 3162 2688 ὥστε
3192 2636 3267 2705 μὴ
3293 2635 3544 2689 ἐκκλῖναι
3573 2638 3661 2699 εἰς
3685 2655 3788 2690 κα-

513 2729 570 2783 in
615 2729 819 2800 lingua,
873 2729 1001 2784 dum
1052 2730 1211 2785 dictis
1272 2739 1400 2801 agat
1424 2730 1723 2785 contraria.
1769 2728 1908 2785 Vere
1938 2731 2089 2787 enim

2196 2727 2336 2793 κίαν,
2365 2728 2488 2799 μηδ’
2510 2728 2844 2799 ἁμαρτάνειν
2875 2729 2934 2781 ιν
2963 2727 3184 2798 γλώσσῃ
3205 2769 3222 2793 ,
3254 2729 3474 2783 ἐναντία
3500 2731 3619 2792 τοίς
3646 2731 3790 2783 ea».

514 2818 699 2890 lingua
734 2820 1110 2891 peccat,-qui
1158 2821 1305 2889 quod
1362 2820 1526 2875 verbo
1575 2820 1770 2875 vitium
1821 2822 2087 2892 coarguit,

2197 2819 2284 2874 τοῦ
2327 2820 2506 2889 λόγοις
2538 2820 3025 2890 διαπραττόμενον.
3041 2819 3373 2891 ’Δμαρτάνει
3412 2820 3526 2892 γὰρ
3555 2823 3791 2890 ἀληθῶς

511 2926 679 2983 opere
714 2912 948 2980 astruit;
1013 2928 1081 2967 ex
1124 2927 1233 2981 quo
1281 2912 1416 2969 illud
1458 2913 1839 2982 consequitur,
1871 2922 1933 2969 ut
1963 2902 2089 2971 viia

2198 2915 2257 2983 τῇ
2290 2911 2505 2984 γλώττῃ
2534 2914 2563 2967 ό
2590 2912 2670 2983 τῷ
2694 2911 2840 2982 λόγῳ
2886 2911 3213 2983 κατηγορῶν
3245 2913 3344 2982 τῆς
3371 2914 3598 2979 κακίας,
3630 2916 3792 2985 ἑργῳ

512 3018 625 3060 sua
663 3004 909 3059 instituto
934 3004 1238 3062 doctrinam
1268 3004 1629 3064 ernentiatur.

2200 3004 2247 3057 δὲ
2287 3002 2495 3074 ταύτην
2545 3003 2832 3068 συνιστῶν,
2867 3002 2959 3071 ἀφ’
2980 2994 3056 3057 ὧν
3090 3001 3265 3073 αὐτὴν
3300 3004 3659 3075 μετέρχεται,
3692 3008 3794 3059 καὶ

2188 3096 2288 3164 τὴν
2312 3096 2508 3149 ἑαυτοῦ
2533 3095 2885 3150 διδασκαλίαν
2912 3098 2979 3167 τῇ
3009 3095 3255 3167 πολιτείᾳ
3275 3096 3635 3167 ψευδόμενος.

583 3183 747 3237 Vsus.
770 3184 824 3238 3.
862 3201 882 3234 ι
909 3181 1189 3251 Obmutui,
1226 3194 1282 3241 et
1318 3186 1636 3243 humiliatus
1666 3204 1808 3243 sum.
1851 3207 1870 3241 ι

1666 3204 1808 3243 sum.
1851 3207 1870 3241 ι
2261 3205 2281 3238 ι
2303 3185 2655 3257 Έκωςρώθην,
2684 3187 2780 3241 καὶ
2809 3185 3204 3258 ὲταπεινώθην.
3237 3207 3255 3240 ι

582 3268 751 3325 Vides
777 3272 1053 3341 quomodo
1074 3274 1306 3343 primum
1335 3290 1432 3344 per
1451 3274 1878 3331 inobedientiam
1901 3276 2087 3332 obmu-

2272 3277 2436 3349 Ὁρᾷς
2457 3279 2541 3331 ὅτι
2572 3278 2785 3351 πρῶτον
2807 3278 2902 3332 διά-
2925 3278 3209 3350 παρακοῆς
3227 3278 3521 3349 ἐκωφώδη.
3542 3281 3645 3332 καὶ
3675 3299 3793 3333 κω-

513 3364 618 3419 ιυίι
639 3403 654 3427 ,
691 3373 747 3418 et
777 3380 901 3420 cum
930 3364 1229 3431 obmutuit,
1264 3365 1580 3421 humiliatus
1611 3377 1714 3424 est.
1747 3367 1893 3424 Nihil
1939 3369 2085 3425 enim

2197 3368 2392 3439 φωθεὶς
2442 3368 2801 3440 ἐταπεινώθη.
2835 3370 3002 3424 Οὐδὲν
3045 3371 3153 3440 γὰρ
3204 3369 3346 3423 οὕτω
3383 3374 3640 3423 ταπεινοί
3688 3375 3791 3426 τᾶν

511 3469 666 3522 aque
714 3453 989 3508 hominem
1040 3454 1295 3524 deprimit
1342 3471 1406 3512 ac
1451 3465 1643 3527 stupor
1688 3473 1983 3522 sensuum.
2030 3466 2087 3515 et

2186 3462 2471 3533 ἄνθρωπον
2511 3462 2587 3526 ώς
2614 3461 2963 3532 ἀναισθησία,
2991 3463 3087 3516 καὶ
3132 3464 3388 3534 παρακοὴ
3418 3466 3559 3534 μετὰ
3588 3466 3780 3520 τοῦτο.

512 3545 707 3601 deinde
760 3545 1150 3601 inobedientia.
1198 3547 1307 3603 Aut
1360 3549 1524 3604 etiam
1578 3560 1861 3620 propterea
1914 3552 2083 3617 siluit,

2188 3553 2263 3608 Ἥ
2290 3553 2385 3609 καὶ
2405 3554 2496 3609 διά
2525 3553 2685 3609 τοῦτο
2713 3555 2992 3625 ἐσίγησεν,
3026 3554 3087 3619 ἐξ
3110 3554 3366 3623 ἀγαθῶν,
3396 3557 3495 3626 τῆς
3535 3558 3782 3629 μελέτης

512 3638 769 3708 quoniam
797 3653 829 3691 a
859 3638 1033 3702 bonis,
1066 3639 1170 3693 hoc
1201 3648 1286 3695 est
1316 3655 1346 3693 a
1386 3641 1742 3697 meditatione
1771 3643 1926 3714 legis,
1963 3660 2085 3714 qua

2187 3645 2386 3717 δηλαδὴ
2414 3645 2508 3701 τοῦ
2533 3646 2700 3717 νόμου
2723 3686 2740 3712 ,
2784 3645 2879 3700 τοῦ
2911 3644 3122 3714 ἀγαθοῦ
3151 3645 3474 3701 διδασκάλου
3495 3686 3515 3707 ,
3555 3654 3781 3703 παυσα-

515 3727 640 3782 boni
685 3730 939 3799 magistra
988 3738 1106 3796 est,
1163 3731 1419 3786 cessavit.
1462 3730 1616 3787 Unde
1666 3748 1775 3787 non
1811 3732 2086 3788 immerito

2187 3752 2371 3805 μενος.
2395 3736 2554 3788 Ὅθεν
2603 3734 2958 3804 ἀνεκαινίσθη
2992 3736 3221 3799 εἰκότως
3252 3736 3315 3789 τὸ
3343 3735 3445 3805 τῆς
3488 3738 3778 3809 ἁμαρτίας

513 3830 805 3875 renovatus
851 3830 938 3875 est
994 3821 1147 3877 dolor
1199 3824 1407 3892 peccati
1443 3841 1455 3877 :
1488 3823 1756 3893 siquidem
1804 3826 2004 3881 vulnus
2053 3841 2086 3881 a

2185 3827 2409 3897 ἄλγημα
2427 3841 2441 3856 ’
2468 3826 2765 3896 βαρύτερον
2784 3826 2894 3895 γὰρ
2916 3827 2978 3879 τὸ
3010 3825 3225 3896 συμσάν
3251 3824 3310 3893 ἐξ
3334 3828 3609 3899 ἁμαρτίας
3638 3832 3775 3899 ἡμῖν

514 3922 736 3983 peccato
752 3912 960 3967 illatum
1008 3913 1229 3983 gravius
1255 3923 1361 3979 est,
1379 3930 1503 3969 cum
1527 3931 1557 3969 a
1576 3915 1709 3986 legis
1731 3916 2086 3974 meditatione

2183 3916 2429 3989 τραῦμα,
2459 3917 2586 3970 ὃταν
2614 3920 2715 3988 τῆς
2742 3916 2837 3970 τοῦ
2868 3916 3035 3987 νόμου
3072 3917 3304 3988 μελέτης
3353 3919 3587 3976 ἑαυτοὺς
3632 3922 3774 3973 ἁπο-

511 4020 614 4059 nos
641 4005 787 4076 ipsos
821 4006 1197 4061 subducimus.
1234 4006 1320 4060 Fit
1348 4021 1565 4076 quoque
1585 4007 1887 4077 depascens
1908 4009 2083 4077 ulcus,

2186 4008 2497 4077 στήσωμεν.
2522 4006 2737 4060 Γίνεται
2765 4008 2861 4060 καὶ
2879 4006 3059 4076 νόμων
3085 4006 3274 4079 ὥσπερ
3295 4008 3505 4074 οὐδενὸς
3536 4011 3652 4064 ἀπὸ
3674 4013 3773 4081 τῆς

513 4106 767 4168 tanquam
808 4098 955 4152 nullo
986 4114 1014 4153 a
1048 4098 1246 4153 divinis
1294 4099 1583 4169 praceptis
1624 4100 1874 4170 apposito
1909 4101 2085 4155 medi-

2186 4097 2338 4161 θείας
2386 4097 2608 4165 ἐντολῆς
2654 4096 3036 4168 ἐπιτιθεμένου
3081 4099 3378 4169 φαρμάκου
3425 4103 3459 4171 ἡ
3515 4104 3774 4173 σηπεδὼν

511 4199 783 4245 camento.
825 4190 893 4245 Et
926 4190 1048 4245 ideo
1075 4206 1184 4245 non
1218 4191 1369 4246 stetit
1411 4190 1467 4246 in
1494 4191 1729 4254 silentio,
1754 4193 1849 4247 sed
1879 4208 2004 4248 cum
2026 4208 2086 4249 se

2186 4190 2497 4259 ὑφίσταται.
2530 4190 2731 4259 Διόπερ
2781 4190 2883 4242 οὐκ
2914 4190 3183 4259 ἐπέμενεν
3232 4190 3332 4262 τὴν
3372 4193 3609 4265 σιωπὴν,
3641 4196 3772 4248 ἀλλ’

510 4282 857 4353 collegisset,
910 4283 1085 4352 ipsum
1143 4283 1379 4353 abjecit,
1428 4294 1685 4355 tanquam
1728 4300 1842 4340 rem
1888 4286 2083 4340 anima

2186 4281 2470 4353 ἀνανήψας
2516 4282 2709 4352 αὐτὴν,
2740 4284 2816 4345 ώς
2866 4281 3207 4355 ψυχοφθόρον
3256 4285 3543 4340 ἀπώσατο.
3579 4290 3771 4360 Δηλών

512 4374 814 4441 perniciem
854 4373 1187 4429 aﬂ'crentem.
1226 4372 1339 4430 l‘loc
1377 4375 1540 4446 igitur
1573 4375 1892 4443 ostendens,
1943 4377 2077 4432 sub-

2184 4372 2360 4439 τοῦτο,
2386 4374 2674 4445 τοιγαροῦν
2716 4375 3032 4445 ἐπήγαγενο
3078 4374 3447 4447 Ἐθερμάνθη
3480 4381 3517 4447 ἠ
3550 4382 3770 4449 καρδία

508 4464 690 4534 junxit
720 4482 733 4518 :
768 4464 1040 4521 Concaluit
1072 4484 1163 4520 cor
1198 4484 1394 4523 meum.
2179 4482 2317 4535 μου.

1001 4553 1315 4611 PSALMUS
1355 4556 1603 4613 XXXIX.

2734 4559 3029 4613 ΨΑΛΜΟΣ
3075 4562 3201 4617 ΛΘ’.

583 4640 744 4697 Vens.
773 4642 858 4697 10.
904 4664 923 4695 ‹
949 4647 1594 4717 Annuntiavijustitiam.
1628 4669 1647 4701 ι

1628 4669 1647 4701 ι
2259 4667 2278 4700 ι
2304 4647 2763 4719 Εὐαγγελισάμην
2800 4649 3167 4724 δικαιοσύνην.
3197 4672 3217 4705 ι

581 4730 827 4807 Magnam
858 4749 1015 4793 vocat
1041 4737 1361 4806 Ecclesiam,
1395 4757 1502 4795 non
1546 4743 1722 4797 solum
1759 4742 1904 4812 quod
1937 4742 2080 4797 mul-

2255 4737 2517 4807 Μεγάλην
2546 4740 2711 4810 φησιν
2743 4739 3173 4812 Ἐκκλησίαν,οὑ
3202 4744 3363 4814 μόνον
3383 4746 3483 4817 τὴν
3510 4748 3769 4820 σύστημα

513 4836 689 4881 torum
721 4828 1002 4883 hominum
1032 4834 1507 4903 congregationem
1531 4835 1958 4903 complectatur:
1985 4836 2079 4891 scd

2184 4829 2611 4904 πολυάνθρωπον
2645 4831 2876 4902 ἔχουσαν
2896 4873 2912 4896 ,
2944 4833 3079 4889 ἀλλά
3112 4836 3207 4889 καὶ
3231 4837 3410 4907 πολλῷ
3442 4840 3649 4909 μᾶλλον
3674 4845 3770 4913 τὴν

510 4922 683 4975 multo
709 4923 896 4992 magis.
925 4923 1068 4991 quod
1121 4923 1225 4977 alta
1259 4925 1620 4995 sublimiaquc
1667 4926 1952 4997 theologia
1985 4927 2080 4981 do-

2184 4923 2250 4977 τὰ
2280 4922 2457 4993 ὑψηλά
2501 4924 2596 4977 καὶ
2638 4925 3036 4997 μεγαλοπρεπῆ
3065 4926 3312 4995 δόγματα
3337 4930 3437 4998 τῆς
3483 4930 3773 5002 θεολογίας

510 5023 684 5082 gmnta
713 5027 906 5082 capere
932 5013 1125 5068 valeat.
1160 5012 1325 5068 Labia
1348 5026 1529 5070 autem
1555 5025 1610 5070 et
1646 5017 1789 5071 oculi
1822 5015 2079 5072 Ecclesia

2187 5015 2595 5086 παραδέξασθαι
2634 5016 2961 5089 δυναμένην.
2992 5018 3161 5089 Χεὶλη
3189 5019 3247 5073 δὲ
3276 5019 3378 5091 τῆς
3410 5022 3769 5095 Ἐκκλησίαςο

512 5103 735 5171 ﬁgurate
760 5106 929 5177 accipi
963 5116 1188 5177 possunt
1221 5108 1465 5163 celebres
1490 5109 1563 5163 illi
1588 5110 1841 5180 apostoli,
1874 5118 1929 5163 et
1958 5116 2081 5178 post

2186 5112 2281 5162 καὶ
2308 5110 2357 5162 οί
2386 5108 2653 5180 ὀφθαλμοὶ
2682 5110 2959 5179 τροπικῶς
2986 5110 3243 5181 ληφθεῖεν
3276 5112 3346 5167 ἂν
3388 5114 3439 5167 οί
3485 5117 3772 5189 πανεύςρη-

512 5194 658 5266 ipsos
683 5212 873 5252 omnes
906 5198 1177 5264 doctores,
1203 5215 1341 5269 quos
1371 5200 1635 5270 reliquum
1659 5216 1859 5270 corpus
1894 5200 2081 5256 Eccle-

2190 5216 2279 5271 μοι
2308 5200 2621 5265 ἀπόστολοι,
2652 5201 2747 5254 καὶ
2779 5201 2981 5265 πάντες
3009 5203 3059 5254 οι
3097 5204 3214 5274 μετ’
3235 5205 3478 5269 ἐκείνους
3514 5208 3777 5264 διδάσκα-

512 5287 605 5343 sia
639 5304 745 5341 non
778 5290 953 5344 solum
985 5306 1095 5345 non
1123 5291 1381 5362 prohibet
1412 5293 1742 5347 annuntiare
1768 5290 2072 5359 Christum,

2186 5291 2289 5353 λοι,
2317 5290 2409 5355 οὒς
2441 5290 2504 5343 τὸ
2530 5291 2715 5344 λοιπὸν
2742 5292 2901 5361 σῶμα
2930 5292 3028 5364 τῆς
3063 5295 3409 5366 Ἐκκλησίας,
3428 5299 3492 5351 οὗ
3526 5301 3774 5369 μόνονώ

509 5378 601 5447 qui
638 5380 978 5450 ipsajustitia
1005 5391 1121 5447 est;
1154 5383 1248 5437 sed
1281 5383 1451 5456 magis
1493 5384 1711 5453 excitat,
1744 5385 2082 5441 convenien-

2188 5382 2389 5436 κωλύει
2416 5383 2519 5453 τὴν
2540 5383 3024 5456 αὐτοδικαιοσύνην
3050 5386 3503 5457 εὐαγγελίζεσθαι
3524 5393 3622 5447 τὸν
3644 5395 3778 5468 Χρι-

513 5474 620 5520 tcm
654 5468 788 5537 ipsis
821 5484 1039 5539 Operam
1069 5478 1354 5541 prastans.

2192 5476 2336 5535 στὸν.
2369 5472 2506 5527 ἀλλὰ
2548 5474 2644 5528 καὶ
2693 5468 2895 5544 μᾶλλον
2928 5480 3184 5552 παρορμᾷ
3220 5477 3314 5551 τὴν
3343 5479 3621 5553 ἀνάλογον
3650 5500 3777 5541 συν-

2190 5564 2383 5637 εργίαν
2410 5565 2596 5631 αὐτοῖς
2622 5566 3029 5639 παρεχόμενον.

581 5661 602 5690 ⁹
630 5662 733 5717 Job
756 5681 869 5731 xu,
890 5667 980 5721 2i.
