4036 6200
252 354 384 419 1133

818 459 1111 514 ΨΑᾹΜΟΣ
1150 459 1239 513 Μ’;

323 573 341 605 ι
373 550 467 615 Εἰς
496 551 668 616 τέλος.
701 570 722 603 ι

319 644 382 697 Ei
413 644 509 695 καὶ
545 643 803 705 πολλάκις
831 643 958 706 τοὺς
990 642 1240 710 ψαλμοὺς
1267 641 1295 693 6
1334 641 1624 710 Προφήτης
1650 643 1737 706 εις
1765 641 1832 693 τὸ

253 735 421 800 τέλος
452 734 757 805 ἐπέγραψε,
791 733 871 786 δεῖ
898 733 953 785 δὲ
984 731 1226 803 νομίζειν
1252 732 1425 801 ὅμως,
1460 731 1536 795 ὡς
1563 732 1625 785 οὑ
1657 734 1834 802 μάτην

252 825 437 878 τοῦτον
463 825 679 895 ἑκάστῳ
705 822 815 876 τῶν
842 822 1075 894 ψαλμῶν
1098 822 1188 874 τὸν
1213 821 1390 875 τίτλον
1417 820 1719 893 ἐπιτίθησι.
1737 822 1835 884 Τίς

253 916 308 969 δὲ
339 915 433 969 νῦν
465 917 498 985 ή
527 915 715 981 uitia;
756 914 978 984 Ἐπειδὴ
1004 914 1072 967 τὰ
1107 914 1246 984 πρὸς
1280 913 1356 983 τῷ
1378 912 1523 967 τέλει
1561 913 1662 981 τῆς
1691 913 1833 965 οἰκο-

255 1006 446 1074 νομίας
473 1004 568 1057 τοῦ
599 1004 840 1074 Χριστοῦ
868 1004 1177 1072 διαλέγεται
1198 1043 1213 1067 ,
1241 1002 1299 1056 ὃν
1327 1002 1491 1056 Δα6¹ιδ
1519 1004 1579 1056 οὐ
1617 1002 1778 1074 μόνος
1808 1003 1837 1055 6

255 1100 542 1167 προφήτης
587 1090 765 1162 οὗτος,
817 1095 953 1148 ἀλλὰ
982 1096 1076 1149 καὶ
1104 1094 1260 1158 ἄλλος
1294 1095 1575 1161 ἐκάλεσεν,
1594 1095 1751 1166 Ὠσηὲ
1778 1094 1836 1149 δὲ

256 1182 410 1250 οὗτος
435 1201 450 1215 ⁶
491 1185 652 1240 Μετὰ
689 1184 912 1252 ταῦτα,
957 1186 1138 1257 φήσας
1159 1225 1176 1251 ,
1213 1184 1693 1253 ἐπιστρέψωσιν
1722 1183 1837 1238 υἱοὶ

270 1279 538 1349 Ἰσραὴλ,
568 1282 668 1333 καὶ
700 1278 1031 1346 ζητήσουσι
1060 1278 1280 1344 Κύριον
1302 1275 1409 1330 τὸν
1443 1276 1589 1331 Θεὸν
1616 1275 1835 1339 αὐτῶν,

257 1372 356 1425 καὶ
398 1372 577 1425 Δαόὶδ
613 1370 722 1423 τὸν
755 1367 1021 1435 βασιλέα
1068 1367 1299 1423 αὐτῶνθ
1332 1366 1511 1421 καίτοι
1540 1368 1705 1421 Δαϐὶδ
1735 1368 1840 1439 πρὸ

258 1462 470 1516 πολλῶν
518 1461 723 1531 γενεῶν
788 1460 881 1514 τοῦ
942 1460 1222 1533 προφήτου
1266 1457 1458 1512 τούτου
1511 1458 1841 1529 τελευτήσας

257 1551 665 1621 ἐτύγχανενοὲν
699 1549 931 1621 ἡμέραις
969 1549 1078 1617 γὰρ
1127 1547 1372 1612 Ἐζεκίου
1437 1546 1530 1600 τοῦ
1581 1547 1843 1618 βασιλέως

258 1644 358 1715 τὴν
389 1642 730 1714 προφητείαν
758 1640 995 1709 ἐξέθετο.
1027 1638 1191 1692 Ἀλλά
1214 1638 1308 1693 τὸν
1334 1640 1454 1692 νέον
1480 1638 1631 1708 λέγει
1655 1638 1839 1705 Δαϐὶδ,

267 1736 407 1807 πρὸς
433 1736 492 1788 ὃν
526 1736 577 1789 οἱ
610 1734 876 1795 σωθέντες
905 1730 1273 1803 ἐπέστρεψαν.

336 1845 356 1879 ι
391 1825 596 1897 Κύριος
631 1823 899 1894 βοηθῆσαι
926 1820 1107 1892 αὐτῷ.
1149 1839 1169 1875 ι

333 1916 584 1991 Εὕρηται
622 1916 719 1970 καὶ⁵
750 1916 914 1988 μέχρι
951 1912 1046 1968 τοῦ
1092 1913 1368 1984 παρόντος
1398 1911 1715 1982 πολλάκιςὴ
1743 1910 1843 1981 τῆς

262 2010 614 2082 προφητικῆς
659 2004 998 2075 ἐπαγγελίας
1023 2003 1275 2075 ἀλήθεια.
1301 2002 1496 2058 Πολλοὶ
1539 2003 1649 2073 γὰρ
1676 2018 1840 2071 νοση-

261 2100 570 2171 λευόμενοι,
600 2097 695 2153 καὶ
720 2096 975 2169 χαλεπῶς
1004 2096 1329 2167 κάμνοντες,
1364 2091 1485 2149 εἶτα
1508 2093 1845 2158 κενώσαντες

267 2193 348 2254 εἰς
365 2192 490 2255 τοὺς
512 2190 759 2260 πτωχοὺς
777 2188 870 2243 καὶ
883 2188 1121 2259 πένητας
1144 2188 1238 2240 τὸν
1262 2186 1513 2252 πλοῦτον,
1528 2185 1692 2248 εὐθὺς
1716 2201 1846 2254 μετ-

270 2283 578 2354 εὸλήθησαν
618 2283 755 2352 πρὸς
812 2280 874 2334 τδ
922 2282 1191 2352 κρεῖττον.
1218 2279 1283 2332 El
1302 2279 1411 2350 γὰρ
1434 2278 1571 2332 κάπὶ
1593 2277 1694 2347 τῆς
1721 2277 1847 2347 μελ-

267 2374 471 2445 λούσης
524 2374 743 2445 ἡμέρας
796 2376 1212 2446 κατακαυχᾶται
1268 2372 1418 2427 ἔλεον
1477 2371 1737 2442 κρίσεως,
1793 2369 1847 2424 τι

271 2465 613 2536 Θαυμαστὸν,
639 2468 689 2519 εἰ
717 2465 998 2520 κάνταῦθα
1022 2468 1114 2521 τὸν
1143 2463 1591 2538 προσδοκώμενον
1619 2464 1848 2519 θάνατον

272 2556 302 2609 6
349 2556 582 2627 δαψιλὴς
610 2557 759 2621 ἕλεος
805 2557 1126 2627 ἀνατρέπει,
1167 2557 1430 2628 καὶπρὸς
1477 2556 1647 2628 ρῶσιν
1682 2574 1848 2626 μετα-

273 2646 464 2699 ϐάλλει
487 2663 503 2712 ;
534 2648 684 2717 Πλὴν
714 2647 830 2701 ἐστι
861 2649 958 2702 καὶ
981 2649 1079 2718 τῆς
1105 2648 1282 2719 ψυχῆς
1307 2647 1605 2720 ἀρρωστία,
1632 2647 1847 2717 λαμϐα-

272 2738 478 2808 νομένη
508 2738 651 2791 κατὰ
676 2738 770 2792 τὸν
796 2738 1006 2792 ἔνδοθεν
1038 2738 1347 2811 ἄνθρωπον,
1381 2738 1506 2792 καθ’
1530 2740 1596 2810 ἢν
1623 2740 1847 2810 ἀνειμέ-

272 2845 371 2891 νας
410 2828 611 2898 εχουσα
654 2831 862 2899 χεῖρας,
899 2830 1019 2901 ἤτοι
1060 2831 1159 2894 τὰς
1202 2828 1513 2900 πρακτικὰς
1564 2830 1845 2901 δυνάμεις.

273 2918 602 2989 Εὑρίσκεται
626 2921 722 2972 καὶ
749 2919 954 2989 γόνατα
981 2921 1422 2990 παραλελυμένα,
1454 2925 1549 2978 καὶ
1575 2924 1665 2978 διὰ
1689 2924 1848 2979 τοῦτο

278 3009 354 3081 μὴ
383 3008 657 3077 δυνάμενα
692 3009 1024 3080 πορεύεσθαι
1069 3011 1165 3083 τὴν
1197 3013 1519 3082 ἁπάγουσαν
1555 3014 1674 3069 666v
1711 3015 1849 3087 πρὸς

273 3099 438 3169 ζωήν.
474 3098 792 3171 Τηνικαῧτα
827 3100 936 3172 γάρ
973 3102 1137 3154 οἱονεὶ
1169 3102 1269 3175 τὴν
1307 3104 1488 3176 ψυχὴν
1522 3105 1846 3180 δυσφορήτῳ
1875 3135 1919 3194 c

272 3192 415 3261 νόσῳ
438 3191 538 3260 τῆς
570 3190 856 3262 ῥᾳστώνης
886 3193 1282 3266 κατεχομένην,
1304 3196 1401 3250 καὶ
1419 3196 1506 3252 διὰ
1528 3197 1686 3252 τοῦτο
1713 3199 1851 3270 πρὸς

270 3280 365 3335 τὸν
394 3280 627 3336 θάνατον
648 3283 747 3353 τῆς
776 3283 1049 3353 ἁμαρτίας
1077 3285 1465 3357 ἐπειγομένην,
1494 3289 1528 3358 ἡ
1559 3290 1696 3360 πρὸς
1725 3291 1853 3353 τοὺς

276 3374 529 3443 πτωχοὺς
552 3373 893 3444 ἐλεημοσύνη
912 3374 1123 3438 ὲξιᾶται
1152 3379 1248 3428 καὶ
1282 3378 1630 3445 μεταϐάλλει.
1650 3376 1851 3453 Διόπερ

275 3465 499 3532 ἁμέσως
531 3466 828 3533 ὲπήγαγεν’
879 3462 1027 3532 Ἐγὼ
1045 3462 1204 3518 εἶπα·
1242 3466 1439 3533 Κύριε,
1464 3468 1727 3537 ἐλέησόν
1751 3487 1851 3539 με,

233 3588 248 3600 ο
276 3555 447 3608 ἴασαι
478 3555 591 3622 τὴν
623 3554 836 3624 ψυχήν
850 3573 992 3624 μου,
1013 3556 1102 3610 ὅτι
1136 3558 1408 3629 ἥμαρτον
1428 3577 1550 3615 σοι.

356 3664 372 3695 ι
407 3646 479 3699 Σὺ
507 3645 584 3711 δὲ,
618 3644 817 3717 Κύριε,
851 3646 1074 3717 ἐλέησόν
1103 3666 1191 3721 με.
1234 3670 1256 3704 ι

348 3738 428 3792 Ub
456 3738 546 3792 διὰ
588 3739 650 3792 τὸ
692 3738 1021 3793 πεπονθέναι
1067 3740 1160 3795 τὸν
1209 3741 1440 3798 θάνατον
1482 3745 1612 3816 παρ’
1648 3746 1850 3812 αὐτῶν,

278 3831 570 3900 ἐφιέμενος
605 3831 790 3895 αὐτοῖς
829 3832 1227 3887 ἀνταποδοῦναι
1259 3832 1360 3905 τὴν
1388 3837 1664 3908 τιμωρίαν
1696 3839 1853 3892 τοῦτό

279 3946 450 3998 φησιν
489 3921 675 3998 (αὐτὸς
700 3927 809 3998 γάρ
842 3927 1030 3996 ἔλεγεν
1056 3929 1114 3981 ἐν
1141 3928 1219 3999 τῷ
1248 3931 1425 4002 καιρῷ
1460 3931 1556 3985 τοῦ
1587 3934 1849 4005 σταυροῦ,

1380 349 1842 411 FRAGMENTA
1885 349 1966 409 IN
2000 300 2357 409 PSALMOS.

3357 345 3490 412 ιιοι

2465 454 2786 511 ΡΒᾹΙΔΙΠΞ
2820 454 2931 511 XL.

2007 567 2025 599 ι
2058 547 2118 601 In
2151 547 2337 603 ﬁnem.
2369 567 2390 600 ›

2001 639 2114 694 Etsi
2142 639 2458 710 frequenter
2480 637 2726 694 Psalmos
2754 638 2807 690 in
2830 636 2986 706 ﬁnem
3013 634 3491 705 inscripseritProv

1931 730 2118 800 pheta,
2140 710 2393 785 arbitrari
2422 739 2603 785 tamen
2634 737 2851 800 oportet
2871 744 2994 785 eum
3021 742 3130 783 non
3166 735 3371 783 temere
3389 728 3493 782 sin-

1931 822 2071 891 gulis
2083 822 2463 892 psalmishunc
2483 823 2695 889 titulum
2720 820 3062 891 apposuisse.
3080 819 3184 873 Sed
3207 834 3327 889 quae
3338 836 3499 877 causa

1934 922 2016 967 est
2048 913 2331 983 praesentis
2355 913 2772 983 inscriptionis?
2801 912 3070 976 Quoniam
3094 927 3216 981 quae
3236 912 3304 966 ad
3338 912 3499 968 ﬁnem

1934 1004 2364 1073 dispensationis
2415 1003 2619 1059 Christi
2672 1004 2952 1074 pertinent
3006 1012 3257 1059 recenset
3292 1021 3305 1058 :
3340 1020 3502 1074 quem

1935 1109 2045 1148 non
2092 1094 2243 1149 solus
2270 1094 2361 1150 hic
2388 1093 2678 1165 Propheta,
2709 1095 2804 1149 sed
2833 1104 2888 1150 et
2926 1095 3084 1160 alius,
3116 1094 3374 1151 Davidem
3402 1112 3499 1150 no:

1935 1184 2185 1253 minavit,
2206 1185 2460 1240 nimirum
2488 1184 2647 1252 Osee,
2676 1185 2791 1256 qui,
2824 1185 2951 1240 Post
2981 1188 3109 1248 haec,
3142 1187 3302 1252 dixit,
3332 1205 3499 1242 rever‘

1939 1281 2116 1326 tentur
2143 1274 2244 1343 ﬁlii
2272 1273 2463 1342 Israel,
2496 1284 2544 1330 et
2569 1286 2799 1345 quwrent
2836 1276 3114 1330 Dominum
3144 1276 3307 1330 Deum
3333 1294 3505 1342 suum,

1938 1372 1989 1415 et
2036 1362 2209 1417 David
2271 1380 2447 1435 regem
2478 1366 2743 1432 suum“;
2785 1366 2911 1421 licet
2947 1366 3113 1421 David
3166 1382 3265 1437 per
3312 1369 3511 1422 multas

1939 1454 2320 1523 generationes
2349 1466 2475 1511 ante
2498 1457 2644 1512 hunc
2687 1457 3009 1527 prophetam
3042 1458 3272 1513 obierit:
3307 1461 3507 1515 etenim

1940 1542 1996 1597 in
2030 1544 2221 1600 diebus
2247 1544 2493 1601 Ezechiae
2539 1549 2682 1617 regis
2732 1546 2875 1602 hanc
2924 1549 3270 1620 prophetiam
3304 1551 3508 1613 edidit;

1943 1635 2037 1690 sed
2067 1651 2269 1691 novum
2301 1636 2469 1692 David
2508 1637 2787 1709 intelligit,
2812 1638 2880 1694 ad
2907 1655 3070 1709 quem
3103 1640 3352 1695 conversi
3383 1646 3514 1696 'sunt

1942 1726 2035 1797 qui
2066 1729 2268 1783 servati
2306 1739 2456 1787 sunt.

1874 1799 1916 1856 Β
2022 1818 2186 1876 Vens.
2212 1821 2267 1877 4.
2306 1840 2325 1875 ι
2369 1822 2631 1877 Dominus
2661 1838 2820 1894 opem
2859 1822 2996 1879 ferat
3022 1823 3118 1882 illi.
3165 1843 3184 1876 ι

2017 1911 2161 1978 Quin
2218 1920 2275 1967 ct
2313 1912 2364 1966 in
2423 1928 2661 1983 praesens
2722 1930 2896 1984 usque
2951 1924 3164 1985 tempus
3202 1914 3516 1986 frequenter

1947 2003 2281 2074 prophetiae
2302 2004 2465 2075 huius
2490 2006 2871 2076 promissionis
2910 2007 3113 2062 veritas
3136 2008 3360 2078 reperiri
3391 2025 3517 2079 pos-

1945 2095 2036 2151 sit.
2072 2094 2223 2150 Multi
2260 2111 2494 2166 namque
2534 2098 2765 2152 morhidi
2792 2105 2850 2154 et
2878 2114 3021 2169 {egre
3064 2099 3394 2168 laborantes,
3422 2101 3514 2156 ubi

1947 2184 2002 2239 in
2043 2199 2242 2255 egenos
2281 2194 2336 2239 et
2377 2200 2652 2256 pauperes
2683 2200 2817 2255 Opes
2849 2201 2977 2240 suas
3007 2186 3423 2253 evacuaverint,
3452 2187 3518 2243 il-

1948 2281 2054 2336 lico
2109 2282 2427 2337 commutati
2450 2290 2578 2337 sunt
2621 2281 2677 2335 in
2729 2281 2943 2336 melius.
2988 2280 3122 2335 Nam
3158 2281 3201 2335 si
3246 2280 3409 2334 etiam
3459 2280 3512 2335 in

1950 2371 2133 2426 futuro
2178 2372 2267 2427 die
2302 2372 2669 2442 supercxaltat
2700 2370 3074 2427 misericordia
3101 2371 3365 2441 judicium
3416 2371 3515 2439 ¹⁰”;

1947 2462 2074 2532 quid
2101 2463 2322 2529 mirum,
2347 2464 2390 2518 si
2412 2463 2572 2518 etiam
2596 2464 2685 2519 hic
2702 2473 2932 2519 mortem
2959 2478 3116 2533 quam
3142 2470 3518 2533 exspectamus

1945 2551 2165 2621 pinguis
2198 2552 2477 2608 miseratio
2508 2560 2711 2607 avertat
2737 2594 2752 2619 ,
2782 2561 2839 2607 et
2885 2554 3051 2607 robur
3083 2553 3374 2608 restituat?
3399 2552 3518 2608 Cte-

1950 2649 2129 2697 terum
2166 2649 2251 2696 est
2293 2651 2349 2698 et
2389 2642 2584 2698 animae
2616 2643 2923 2709 inﬁrmitas,
2951 2660 3071 2714 quae
3102 2645 3402 2699 secundum
3432 2644 3519 2698 in-

1952 2732 2205 2787 teriorem
2234 2732 2509 2788 hominem
2544 2734 2829 2805 accipitur,
2870 2734 3022 2804 juxta
3056 2746 3217 2805 Quam
3255 2736 3520 2791 resolutas

1948 2820 2114 2878 habet
2138 2839 2352 2888 manus,
2379 2824 2498 2880 sive
2522 2825 2784 2894 operandi
2810 2825 2975 2883 vires.
3006 2825 3369 2895 Repcriuntur
3392 2843 3521 2898 quo-

1949 2918 2243 2983 que‘genua
2258 2912 2692 2983 luxata,ideoque
2716 2930 2824 2970 non
2843 2915 3071 2970 valentia
3086 2916 3361 2997 ambulare
3378 2917 3519 2974 viam

1949 3020 2070 3074 quae
2094 3004 2245 3060 ducit
2271 3005 2337 3060 ad
2367 3006 2555 3060 vitam.
2587 3005 2742 3062 Tunc
2766 3008 2911 3063 enim
2932 3008 3169 3064 animam
3197 3010 3346 3080 gravi
3370 3010 3522 3066 velut

1951 3096 2142 3151 morbo
2184 3096 2447 3151 socordiae
2475 3096 2749 3152 detentam
2775 3139 2790 3163 ,
2820 3107 2876 3152 et
2904 3114 3001 3168 per
3036 3099 3137 3154 hoc
3178 3100 3246 3155 ad
3290 3110 3518 3158 mortem

1950 3186 2161 3256 peccati
2188 3186 2499 3254 adductam,
2539 3188 2881 3260 eleemosyna
2914 3191 2966 3244 in
3001 3207 3269 3262 pauperes
3305 3203 3520 3266 erogata

1952 3287 2108 3332 curat
2135 3286 2190 3333 et
2223 3287 2453 3334 recreat.
2487 3279 2829 3351 Quapropter
2869 3282 3179 3340 immediate
3201 3287 3518 3357 subjunxit:

1953 3367 2063 3439 Ego
2093 3369 2205 3422 dixi
2229 3384 2248 3421 :
2265 3368 2745 3441 Domineptiserere
2768 3372 2889 3439 mei,
2909 3390 3043 3428 sana
3073 3376 3310 3431 animum
3329 3394 3518 3443 meam,

1952 3461 2076 3530 quia
2108 3460 2316 3529 peccavi
2344 3460 2455 3514 tibi.

2026 3656 2186 3713 Vnus.
2231 3659 2319 3714 Η.
2364 3678 2385 3711 ‹
2428 3660 2508 3715 Τιι
2530 3669 2736 3729 autem,
2764 3661 3016 3728 Domine,
3053 3664 3311 3723 miserere
3334 3669 3462 3724 mei.
3496 3688 3516 3721 ι

2020 3747 2138 3805 Non
2161 3750 2304 3820 quod
2330 3751 2456 3818 quia
2483 3761 2710 3808 mortem
2740 3754 2808 3810 ab
2838 3754 2970 3825 ipsis
2998 3757 3071 3811 sit
3099 3772 3310 3828 passus,
3344 3761 3523 3817 vindi-

1953 3849 2096 3896 ctam
2127 3842 2206 3897 eis
2249 3841 2453 3899 referre
2497 3845 2629 3920 velit
2651 3886 2665 3910 ,
2698 3846 2800 3901 hoc
2822 3847 2952 3909 dicit
2974 3848 2996 3919 (
3021 3849 3137 3920 ipse
3164 3853 3311 3907 enim
3342 3855 3521 3911 crucis

1954 3942 2195 4004 tempore
2218 3935 2389 3991 dixit:
2416 3935 2598 4004 Pater,
2627 3939 2831 3995 dimitte
2855 3940 2960 3996 illis
2983 3952 3253 4012 peceatum
3281 3946 3370 4018 ”);
3402 3949 3520 4016 sed,

277 4019 469 4086 Πάτερ
490 4058 506 4084 ,
531 4017 681 4086 ἄφες
710 4019 915 4086 αὐτοῖς
962 4018 1079 4088 τὴν
1108 4021 1432 4091 ἁμαρτίαν)
1458 4040 1472 4055 ο
1504 4025 1621 4078 ἀλλ’
1662 4025 1846 4096 ἐπειδὴ

1952 4041 2076 4080 cum
2133 4028 2250 4083 sine
2279 4043 2638 4098 personarum
2678 4033 2994 4104 acceptione
3036 4045 3091 4092 et
3120 4017 3522 4108 iustuml’atris

276 4109 376 4176 τὴν
400 4107 910 4179 ἁπροσωπόληπτον
936 4110 1031 4162 καὶ
1057 4109 1271 4163 δικαίαν
1298 4110 1478 4182 κρίσιν
1511 4113 1607 4167 τοῦ
1640 4116 1846 4187 Πατρὲις

1947 4117 2215 4187 judicium
2242 4120 2470 4176 vidisset
2506 4121 2562 4176 in
2594 4123 2895 4180 homicidas
2926 4126 3059 4183 istos
3098 4107 3399 4199 decretum,
3436 4135 3521 4191 id-

275 4196 472 4250 ἔδλεπε
513 4196 1041 4269 καταψηφιζομένην
1091 4202 1207 4263 τοῖς
1260 4202 1602 4271 μιαιφόνοις,
1659 4204 1846 4257 τούτου

1952 4208 2100 4264 circo
2129 4216 2385 4281 tanquam
2413 4211 2507 4282 qui
2560 4212 2704 4271 idem
2737 4230 2860 4270 cum
2896 4216 3007 4275 Deo
3038 4235 3102 4274 ac
3128 4219 3288 4277 Patre
3325 4196 3519 4294 operc-

274 4291 456 4360 χάριν,
488 4288 563 4351 ὡς
614 4289 693 4359 τῷ
732 4289 852 4360 Θεῷ
900 4291 998 4343 καὶ
1046 4291 1220 4362 Πατρὶ
1261 4296 1643 4364 ταυτουργεὶς,
1685 4293 1806 4349 εἷπε
1833 4312 1846 4327 ·

1951 4306 2058 4366 tur,
2089 4298 2165 4354 ait
2195 4317 2209 4355 :
2243 4300 2311 4356 Et
2350 4318 2444 4374 ego
2472 4304 2757 4359 retribuam
2782 4308 2876 4372 eis,
2909 4318 2970 4363 ut
2991 4311 3235 4367 eamdem
3262 4312 3319 4368 in
3354 4288 3520 4370 utris.

273 4382 381 4434 Kal
404 4381 813 4436 ἀνταποδώσω
839 4384 1045 4449 αὐτοῖς
1080 4383 1166 4437 ἵνα
1190 4384 1339 4458 δείξῃ
1369 4386 1499 4455 μίαν
1532 4387 1619 4439 ἐπ’
1647 4389 1846 4459 ἀμφοῖν

1951 4406 2056 4461 que
2093 4393 2466 4463 operationem
2498 4397 2753 4454 declaret.
2791 4397 2926 4455 Nam
2962 4418 3061 4454 non
3093 4412 3275 4470 potest,
3320 4406 3517 4477 inquit,

271 4471 373 4543 τὴν
417 4474 724 4543 ἐνέργειαν.
775 4475 935 4530 Οὐδὲ
967 4476 1075 4548 γὰρ
1126 4476 1377 4531 δύναται
1414 4482 1447 4533 ό
1486 4479 1642 4546 Υἱὸς,
1686 4482 1842 4553 φησὶ,

1953 4483 2124 4539 Filius
2153 4502 2186 4539 a
2216 4502 2271 4540 se
2300 4488 2476 4560 facere
2517 4489 2825 4561 quidquam.
2858 4491 2988 4558 Qua:
3033 4497 3167 4550 enim
3193 4498 3377 4553 viderit
3397 4471 3519 4554 Ῥαο

271 4562 468 4616 ποιεῖν
502 4563 604 4632 ἀφ’
648 4564 866 4620 ἑαυτοῦ
899 4566 1100 4621 οὐδέν.
1131 4569 1197 4620 Ἀ
1236 4570 1345 4637 γὰρ
1362 4567 1579 4632 βλέπει
1602 4569 1709 4623 τὸν
1737 4575 1846 4625 Πα-

1951 4585 2082 4630 trem
2110 4577 2305 4648 facere,
2334 4579 2443 4634 haec
2472 4592 2520 4635 et
2547 4581 2714 4637 Filius
2733 4583 2974 4640 similiter
2995 4588 3122 4658 facit
3157 4591 3233 4641 ":
3272 4593 3522 4648 volunta-

270 4655 411 4722 τέρα
457 4654 746 4710 ποιοῦντα
778 4659 963 4713 ταῦτα
992 4660 1091 4715 καὶ
1126 4663 1159 4713 ό
1211 4660 1343 4726 mc
1383 4662 1596 4729 ὁμοίως
1648 4662 1842 4716 ποιεῖ·

1948 4667 2019 4724 tis
2046 4677 2101 4725 et
2129 4672 2461 4742 operationis
2490 4654 3136 4751 identitatemutriusque
3172 4683 3299 4740 hinc
3332 4695 3510 4741 osten-

270 4749 369 4818 τὴν
403 4747 791 4804 ταυτοὸουλῐαν
808 4754 901 4805 καὶ
915 4752 1293 4825 ταυτουργίαν,
1302 4751 1551 4807 ἐντεῦθεν
1571 4755 1846 4825 ἑκατέρων
1948 4759 2104 4816 dens.

272 4853 350 4893 πα
358 4858 416 4911 ρε
426 4840 668 4911 μπεδῶν.

833 4935 1125 4989 ΨΔΛΜΟΣ
1149 4936 1284 4989 MA'.

348 5041 369 5074 ι
407 5025 502 5088 Et;
531 5026 592 5078 τὸ
613 5025 788 5090 τέλος,
815 5027 893 5088 εἰς
930 5026 1145 5080 σύνεσιν
1168 5030 1281 5091 τοῖς
1310 5029 1449 5092 υἱοῖς
1474 5028 1639 5098 Κορέ.
1682 5049 1700 5081 ι

338 5114 627 5186 Ψαλτῳδοὶ
654 5115 774 5168 ίκαὶ
824 5109 968 5170 οὗτοι
995 5157 1010 5183 ,
1043 5116 1294 5186 ψαλμοὺς
1337 5120 1488 5192 παρὰ
1533 5119 1627 5173 τοῦ
1658 5119 1845 5184 Δαθὶδ,

2492 4950 2812 5010 PSALMUS
2840 4954 2979 5009 XLI.

2022 5028 2188 5087 Vens.
2246 5035 2297 5090 Ι.
2334 5054 2353 5088 ι
2391 5038 2451 5094 In
2480 5042 2665 5109 tinem,
2695 5045 2748 5098 in
2780 5044 3115 5100 intellectum
3147 5046 3272 5101 ﬁliis
3301 5046 3460 5105 Core.
3489 5067 3506 5099 ι

2020 5122 2356 5181 Psalmorum
2397 5130 2454 5185 hi
2498 5149 2712 5203 quoque
2745 5145 2995 5191 cantores
3030 5144 3186 5191 erant
3210 5179 3225 5203 ,
3263 5140 3354 5208 qui
3382 5156 3518 5210 quos

267 5203 362 5265 οὒς
391 5207 555 5271 αὐτὸς
597 5209 970 5278 προεφήτευσε
1001 5247 1016 5272 ,
1043 5208 1433 5279 δανειζόμενοι.
1461 5212 1562 5276 Εἰς
1592 5213 1846 5266 σύνεσιν

1951 5211 2123 5267 David
2153 5216 2415 5286 propheta
2443 5222 2681 5290 psalmos
2707 5224 2930 5288 fecerat,
2964 5225 3033 5279 ab
3063 5240 3129 5280 eo
3154 5203 3512 5298 accipiebant.

264 5290 325 5344 δὲ
378 5291 512 5355 ἴσως
567 5293 596 5344 6
641 5293 859 5364 ψαλμὸς
907 5296 1316 5367 ἐπιγράφεται,
1366 5299 1554 5372 ὲπειίὴ
1584 5300 1846 5371 πρόγονος

1952 5301 2195 5361 Psalmus
2227 5320 2358 5361 vero
2391 5322 2455 5363 ea
2483 5309 2625 5364 forte
2659 5311 2726 5367 de
2752 5328 2914 5369 causa
2946 5314 3238 5373 intellectus
3264 5290 3517 5376 inscribi-

265 5382 452 5445 αὐτοῖς
504 5385 534 5436 6
581 5385 729 5454 Κορὲ
769 5387 1014 5454 ἐγεγόνει
1060 5386 1400 5459 παράνομος.
1453 5393 1482 5444 6
1531 5392 1609 5461 τῷ
1671 5394 1844 5464 Μωσῇ

1948 5400 2057 5456 tur,
2080 5396 2223 5464 quod
2249 5396 2409 5463 Core,
2443 5415 2677 5470 proavus
2697 5403 2933 5474 illorum,
2955 5409 3132 5466 malus
3149 5411 3334 5481 fuerit,
3355 5416 3515 5473 simul

270 5472 411 5543 μετὰ
439 5472 622 5527 Δαθάν
653 5474 748 5527 καὶ
781 5474 1045 5547 Ἀϐειρὼν
1074 5478 1409 5539 ἐπαναστάς.
1444 5473 1604 5533 Οὗτοι
1623 5481 1679 5533 δὲ
1710 5484 1846 5535 πάν-

1949 5499 2071 5580 eum
2115 5486 2322 5543 Dathau
2361 5500 2417 5546 et
2456 5492 2662 5549 Ahiron
2698 5504 2885 5555 contra
2921 5472 3159 5574 Moysen
3210 5472 3514 5580 insurgens.

269 5578 382 5627 τως
418 5565 512 5618 τὸν
563 5565 835 5635 πρόγονον
855 5568 957 5621 οὐκ
985 5567 1265 5640 ἐζήλωσαν
1290 5610 1303 5636 ,
1338 5571 1452 5624 ἀλλ’
1488 5574 1609 5626 οὐδὲ
1641 5575 1687 5627 οἱ
1722 5575 1846 5627 τού-

1952 5574 2150 5630 Verum
2205 5579 2259 5634 hi
2295 5583 2520 5655 vestigia
2557 5586 2740 5653 proavi
2772 5604 2881 5645 non
2911 5601 3039 5650 sunt
3077 5600 3271 5664 secuti,
3295 5565 3393 5657 sed
3418 5618 3518 5657 nr-

340 5741 388 5777 “
426 5741 586 5809 Osee,
613 5755 694 5807 ιιι,
720 5761 771 5798 v.
851 5744 1053 5799 ‘°'Jac.
1089 5762 1146 5809 ιι,
1180 5747 1263 5801 l5.
1344 5749 1381 5781 ¹¹
1419 5749 1546 5806 Luc.
1583 5767 1733 5819 χχιιι,
1760 5754 1847 5807 Si.

618 5835 886 5897 ΡΑτιιοι..
931 5839 1043 5895 Gn.
1089 5836 1289 5901 XCIII.

1928 5755 1969 5785 ¹¹
2008 5754 2164 5812 Joan.
2191 5774 2243 5823 v,
2285 5760 2345 5813 l9

3087 5860 3159 5922 38
