4036 6200
241 389 371 454 11θῖ

1292 375 1751 434 FRAGMENTA
1793 376 1870 435 IN
1913 377 2272 439 I’SALMOS.

3342 375 3474 443 1198

239 503 330 570 κῇ,
373 501 493 571 οὐχὶ
543 497 656 558 ταῖς
698 491 920 552 πολλαῖς
966 491 1083 552 ταῖς
1140 487 1446 555 ἀλογίστοις
1491 487 1807 557 ἀρέσκεται.

1916 489 2126 544 nalibus
2155 488 2374 559 placari.
2403 487 2578 555 Quare
2603 489 2748 559 ipsos
2768 490 3059 544 convenire
3079 492 3250 560 jubet,
3288 503 3343 546 ut
3372 495 3474 555 hoc

236 591 436 660 Διόπερ
461 591 552 641 καὶ
577 584 854 640 συνελθεῖν
885 581 1102 646 αὐτοὺς,
1131 578 1269 632 ῶστε
1305 577 1463 632 τοῦτο
1495 577 1808 648 διδαχθῆναι

238 677 589 752 προσέταξεν.

312 790 332 825 ι
367 771 482 824 Οὐκ
511 769 606 822 ἐπὶ
630 769 750 830 ταῖς
785 763 997 826 θυσίαις
1030 779 1124 814 σου
1153 761 1358 830 ἐλέγξω
1389 777 1469 812 σε.
1503 778 1523 811 ι

318 859 614 913 Ἦπίστουν
651 858 785 919 ἴσως
822 853 996 908 ταῦτα
1041 854 1091 905 οἰ
1138 851 1247 904 τῶν
1289 849 1564 904 Ἰουδαίων
1619 850 1810 913 παῖδες

239 951 553 1012 ἀκούοντες,
599 948 695 1002 καὶ
731 946 973 1016 ἠπόρουν
1016 945 1064 997 εἰ
1104 941 1166 994 τὸ
1207 939 1486 1002 παντελῶς
1530 940 1810 1010 συμϐῆναι

240 1041 528 1111 δυνήσεται
553 1079 568 1103 ,
593 1038 688 1092 νῦν
712 1038 769 1091 δὲ
797 1036 958 1106 ἔργον
996 1035 1023 1086 ό
1062 1034 1222 1101 λόγος
1258 1031 1414 1100 ὤφθη
1435 1047 1448 1062 ο
1477 1032 1662 1084 οὐκέτι
1701 1030 1808 1100 γὰρ

241 1130 422 1184 αὐτῶν
470 1128 786 1198 ἐνεργοῦσιν
833 1127 887 1180 αί
940 1125 1124 1179 θυσίαι
1174 1123 1269 1176 τοῦ
1333 1122 1464 1176 ναοῦ
1531 1122 1809 1187 λυθέντος,

243 1221 596 1284 πεπτωκότος
641 1219 734 1273 τοῦ
778 1217 984 1289 βωμοῦ,
1016 1216 1110 1269 καὶ
1147 1217 1326 1284 πάσης
1365 1215 1464 1284 τῆς
1507 1215 1596 1267 ἐπ’
1644 1214 1807 1267 αὐτοῦ

241 1313 513 1375 πολιτείας
548 1309 959 1382 διαφθαρείσης,
999 1307 1136 1361 ἀλλά
1169 1307 1275 1377 μὴν
1310 1306 1406 1360 καὶ
1435 1308 1534 1377 τῆς
1578 1307 1807 1370 πόλεως,

240 1405 369 1459 ἔνθα
417 1403 523 1456 ἔδει
571 1402 737 1472 μόνον
780 1403 877 1463 τάς
910 1399 1103 1461 θυσίας
1146 1397 1246 1460 τὰς
1274 1397 1414 1450 κατά
1447 1397 1609 1466 νόμον
1641 1397 1811 1465 πράτσ

239 1494 445 1549 τεσθαι.
476 1492 550 1544 Ού
583 1491 792 1562 χρῄζω,
823 1489 978 1559 φησὶ,
1013 1485 1213 1540 θυσιῶν
1243 1485 1454 1553 ἀλόγων
1474 1527 1488 1552 ,
1516 1485 1640 1539 ἐπεὶ
1671 1486 1723 1538 τί
1749 1486 1811 1539 τὺ

240 1583 448 1636 κωλύον
474 1582 542 1634 τά
567 1581 728 1651 θηρία
758 1579 850 1634 καὶ
878 1579 943 1632 τά
973 1573 1143 1646 κτήνη
1172 1575 1578 1645 προσφέρεσθαι
1606 1592 1622 1640 ;
1653 1577 1810 1638 Ἴσως

239 1675 294 1727 δὲ
321 1674 495 1740 θηρία
518 1673 616 1725 καὶ
664 1670 854 1738 κτήνη
902 1671 970 1722 τὰ
1009 1667 1135 1735 ἔθνη
1175 1667 1344 1734 λέγει·
1367 1667 1526 1732 ,βόας
1550 1668 1675 1729 τοὺς
1703 1667 1810 1720 ἀπὸ

240 1765 334 1818 τοῦ
364 1763 496 1818 λαοῦ
529 1763 638 1817 τῶν
679 1760 948 1814 Ἰουδαίων
975 1756 1375 1819 πιστεύσαντας
1399 1756 1572 1825 λέγει,
1612 1749 1686 1811 ὧν
1710 1757 1810 1828 τὴν

239 1854 555 1924 προσφορὰν
597 1851 933 1920 κεκτημένος
996 1848 1180 1902 οὐκέτι
1218 1846 1288 1898 τὰ
1338 1847 1489 1918 παρὰ
1536 1848 1631 1902 τοῦ
1678 1848 1806 1901 λαοῦ

238 1943 346 1994 τῶν
389 1940 696 2005 Ἰουδαίων,
728 1938 804 2000 ὡς
835 1937 1064 2008 περιττά
1102 1934 1482 2006 προσδέχεταιο
1521 1937 1650 2008 περὶ
1698 1937 1806 2008 γάρ

241 2031 421 2084 αὐτῶν
453 2031 548 2083 καὶ
584 2030 651 2082 τά
681 2028 922 2098 ἑπόμενα
949 2028 1187 2095 λέγεται.

313 2121 560 2174 Πετεινά
609 2118 668 2170 δὲ
710 2118 804 2173 τοῦ
840 2117 1069 2189 ούρανοῦ
1107 2119 1232 2183 τοὺς
1259 2117 1556 2189 παρθενίαν
1592 2117 1806 2186 φιλοσο-

242 2211 474 2280 φοῦντας
516 2209 549 2281 ἢ
577 2209 904 2278 ἐγκράτειαν
933 2209 1124 2278 νόησον
1142 2225 1158 2242 ο
1197 2210 1497 2281 ἐπειδήπερ
1545 2209 1656 2263 ἄνω
1683 2225 1746 2260 πε
1757 2208 1809 2276 ρὶ

243 2302 332 2354 τὸν
399 2299 664 2370 οὐρανὸν,
727 2299 817 2352 ἰσα
875 2300 988 2361 τοῖς
1043 2298 1806 2368 ἀγγέλοις’φιλοσοφοῦντες,

245 2391 522 2447 ἴπτανται.

315 2483 497 2553 Αὐτὴν
563 2482 661 2552 τὴν
726 2481 1058 2551 Ἐκκλησίαν
1122 2481 1269 2548 λέγει
1329 2481 1654 2551 ὡραιότητα
1701 2480 1808 2534 τοῦ

242 2574 448 2643 ἀγροῦ,
485 2573 684 2644 δηλαδὴ
723 2572 815 2627 τοῦ
848 2571 1051 2642 κόσμου
1087 2571 1458 2641 τυγχάνουσαν
1482 2587 1498 2602 ·
1528 2571 1808 2642 εὐπρεπὴς

245 2667 354 2735 γὰρ
387 2665 606 2732 ἐγένετο
637 2667 702 2734 τῇ
751 2663 844 2716 τοῦ
880 2663 1255 2732 βαπτίσματος
1291 2663 1507 2732 χάριτι·
1546 2661 1674 2714 ὅθεν
1707 2661 1808 2714 οὐκ

245 2753 420 2821 εἶπεν,
449 2755 585 2822 παρ’
618 2754 748 2823 ἐμοί
780 2755 978 2819 ἐστιν,
1006 2753 1139 2806 ἀλλὰ
1164 2793 1178 2818 ,
1198 2752 1324 2820 μετ’
1353 2753 1497 2821 ἐμοῦ
1517 2753 1704 2816 ἐστιν,
1733 2752 1808 2816 ὠς

245 2847 432 2917 νύμφη
472 2845 706 2915 νυμφίου
727 2861 742 2875 ο
776 2843 966 2898 τούτου
999 2843 1106 2912 γὰρ
1133 2839 1267 2895 εἶναι
1303 2844 1334 2909 ἡ
1378 2841 1673 2912 Ἐκκλησία
1713 2842 1806 2896 τοῦ

246 2936 481 3007 Χριστοῦ
518 2935 818 3004 νομίζεται.

319 3047 338 3080 ι
378 3028 551 3081 Θῦσον
578 3026 656 3097 τῷ
688 3026 809 3095 Θεῷ
838 3026 1029 3078 θυσίαν
1055 3023 1331 3086 αἰνέσεως.
1373 3043 1392 3075 ι

319 3119 480 3172 Γενοῦ
510 3158 524 3181 ,
553 3118 690 3188 φησι
711 3161 725 3184 ,
755 3119 866 3180 τοῖς
890 3116 1145 3184 ἀγγέλοις
1185 3115 1480 3185 ἐφάμιλλος
1507 3131 1520 3145 '
1571 3115 1808 3187 μίμησαι

238 3213 304 3280 τῇ
338 3208 614 3277 δοξολογία
649 3206 714 3258 τά
747 3205 993 3274 Σεραφίμ
1017 3221 1030 3234 ·
1069 3203 1326 3274 διήγησαι
1350 3203 1602 3272 καθάπερ
1641 3205 1690 3255 οἰ
1720 3205 1811 3256 ού-

242 3301 398 3370 ρανοὶ
431 3299 589 3362 δόξαν
610 3297 744 3351 Θεοῦ
773 3313 786 3326 ’
820 3295 982 3349 θύσον
1013 3293 1204 3348 θυσίαν
1233 3294 1410 3363 ἤνπερ
1438 3294 1587 3346 πᾶσα
1617 3295 1650 3362 ἡ
1691 3293 1810 3346 κτίσ

243 3407 326 3452 σις
375 3388 673 3459 προσφέρει
737 3385 1034 3450 δοξάζουσα
1075 3382 1354 3454 διηνεκῶς.
1398 3383 1558 3442 Ἴσως
1616 3380 1673 3432 δὲ
1717 3381 1811 3434 καὶ

243 3481 463 3533 θυσίαν
509 3480 793 3544 αἰνέσεως
827 3477 925 3540 τὰς
963 3475 1166 3546 ἀρετὰς
1203 3474 1371 3542 λέγει,
1414 3473 1482 3526 δι’
1523 3466 1598 3526 ὧν
1625 3474 1652 3524 ό
1680 3471 1812 3536 Θεὸς

245 3569 478 3620 αἰνείται
501 3604 518 3631 ,
550 3567 826 3620 τουτέστιν
853 3567 1189 3636 εύςρημεῖται
1217 3566 1312 3618 καὶ
1356 3565 1672 3630 δοξάζεται·
1709 3568 1814 3637 μά-

246 3659 404 3710 λιστα
425 3658 611 3728 διόπερ
633 3661 741 3721 τοῖς
802 3660 1121 3722 ἀποστόλοις
1153 3659 1336 3726 ἔλεγεν
1361 3675 1374 3688 ·
1416 3657 1716 3727 Λαμψὰτω
1750 3659 1810 3712 τὸ

245 3747 370 3816 φῶς
398 3746 565 3816 ὑμῶν
589 3747 926 3814 ἔμπροσθεν
951 3747 1070 3800 τῶν
1103 3746 1451 3816 ἀνθρώπων,
1493 3747 1650 3812 ὅπως
1682 3748 1813 3801 ἴδω-

243 3856 304 3894 σι
341 3839 413 3892 τὰ
431 3841 587 3891 καλὰ
611 3835 776 3906 ὑμῶν
802 3837 964 3907 ἔργα,
999 3840 1094 3892 καί
1118 3839 1434 3904 δοξάζουσι
1464 3841 1568 3892 τὸν
1585 3841 1812 3907 Πατέρα

244 3928 410 3999 ὑμῶν
448 3928 553 3981 τὸν
577 3929 645 3980 ἐν
674 3927 797 3992 τοῖς
825 3929 1123 3995 οὐρανοῖς.

314 4017 506 4085 Θλίψιν
551 4017 605 4069 δὲ
648 4016 736 4068 τὸν
773 4017 1100 4085 πειρασμὸν,
1125 4017 1217 4071 τὸν
1249 4018 1397 4088 παρά
1421 4019 1745 4091 ἀνθρώπων,
1778 4019 1808 4088 ἢ

243 4109 337 4160 τοῦ
369 4108 584 4160 Σατανᾶ
625 4106 910 4174 γινόμενον
951 4106 1162 4176 νόησον.
1207 4108 1306 4160 Ἂν
1345 4109 1523 4161 τοίνυν
1567 4109 1686 4161 τότε
1719 4109 1812 4162 τὸν

244 4200 376 4251 θεὸν
429 4195 909 4268 ὲπικαλεσώμεθα,
945 4195 1203 4261 ὲξελείται
1259 4199 1423 4268 ἡμᾶς,
1464 4199 1650 4272 ὥσπερ
1682 4201 1811 4253 ποτε

242 4291 340 4361 τὴν
405 4291 684 4344 Σουσάναν
728 4288 1001 4353 ἐξείλετο·
1065 4289 1158 4341 καὶ
1215 4291 1437 4354 εἰκότως
1489 4291 1650 4346 αὐτόν
1710 4310 1813 4344 πα-

247 4382 465 4452 ράδοξον
487 4384 618 4452 ἡμῖν
639 4378 1112 4450 οἰκονομουμένων
1137 4380 1476 4448 πραγμάτων
1496 4380 1809 4452 δοξάζομεν.

317 4490 337 4520 ι
373 4471 568 4522 Σύνετε
593 4471 657 4539 δὴ
689 4469 885 4533 ταῦτα,
911 4470 961 4521 οἱ
995 4469 1498 4538 ἐπιλανθανόμενοι.
1539 4489 1556 4521 ι

314 4563 424 4631 Τὴν
475 4563 687 4632 ἡμέραν
721 4563 1032 4632 ύπογραφεῖ
1058 4561 1151 4614 τοῦ
1197 4561 1447 4626 θανάτου,
1469 4565 1527 4616 ὲν
1614 4563 1808 4616 καλού-

247 4671 404 4723 μενος
439 4654 669 4717 ἕκαστος
720 4655 858 4724 μετά
901 4656 1099 4724 τάχους
1134 4655 1464 4725 ἀρπάζεται.
1497 4654 1659 4708 Ὥστε
1705 4657 1810 4726 χρὴ

245 4745 378 4813 πρὸς
403 4743 627 4812 ἀλειφὴν
655 4744 760 4796 τῶν
805 4744 1223 4814 ἁμαρτημάτων
1257 4746 1403 4809 ἰδεῖν,
1426 4747 1530 4808 ἕως
1565 4749 1693 4816 ἡμῖν
1733 4749 1812 4806 εἰς

246 4834 538 4904 μετάνοιαν
563 4831 750 4902 καιρὸς
774 4833 1144 4901 δαψιλεύεται.

323 5026 341 5057 ι
372 5008 545 5061 Θυσία
571 5009 828 5070 αἰνέσεως
862 5007 1074 5070 δοξάσει
1119 5026 1204 5078 με.
1229 5029 1261 5070 ,ι

1913 579 2210 635 addiscant.

1983 759 2144 816 Vens.
2179 761 2232 815 8.
2263 781 2281 812 ι
2323 760 2439 815 Νοη
2466 751 2518 814 in
2553 759 2833 815 sacriﬁciis
2863 759 2967 813 tuis
2990 774 3208 828 arguam
3236 768 3305 812 te.
3349 779 3366 810 ι

1983 851 2100 905 Non
2155 852 2451 925 credebant
2485 893 2498 917 ,
2535 850 2614 905 uti
2645 850 2955 906 verosimile
2993 858 3076 902 est
3109 890 3122 914 ,
3159 847 3331 902 Judati
3363 849 3478 906 hac

1911 944 2238 1010 audientes;
2293 953 2348 998 et
2387 934 2794 1006 addub‘itabant,
2854 949 3036 996 utrum
3095 940 3210 993 haec
3257 940 3479 996 omnino

1911 1029 2132 1083 evenire
2173 1037 2425 1099 possent;
2469 1044 2617 1084 nunc
2650 1043 2778 1083 vero
2808 1041 2989 1084 sermo
3022 1025 3199 1094 reipsa
3231 1040 3479 1093 compro.

1913 1120 2068 1173 batus
2089 1128 2210 1172 est:
2237 1133 2348 1172 non
2373 1119 2514 1173 enim
2537 1119 2768 1188 amplius
2789 1133 2978 1173 eorum
3005 1115 3268 1172 sacriﬁcia
3302 1116 3478 1172 locum

1915 1207 2133 1271 habent,
2183 1207 2384 1277 templo
2431 1209 2728 1272 destructo,
2790 1208 2944 1262 altari
2988 1208 3245 1276 collapso,
3278 1215 3333 1260 et
3358 1207 3481 1259 uni-

1913 1314 2069 1352 versa
2098 1297 2342 1367 ipsorum
2379 1298 2847 1372 administratione
2873 1299 3117 1363 sublata;
3158 1297 3286 1366 quin
3317 1296 3480 1357 etiam

1912 1390 2046 1445 urbe
2097 1404 2318 1454 eversa,
2373 1389 2428 1443 in
2480 1405 2584 1460 qua
2639 1389 2938 1444 secundum
2991 1389 3162 1458 legem
3217 1387 3480 1444 sacriﬁcia

1913 1479 2026 1533 ﬁeri
2057 1480 2361 1549 oportebat.
2395 1479 2512 1534 Non
2541 1479 2772 1550 indigeo,
2807 1479 3002 1548 inquit.
3035 1477 3310 1532 sacriﬁciis
3343 1478 3478 1531 irra-

1913 1571 2222 1626 tionalibus.
2266 1572 2346 1626 Ad
2383 1571 2516 1634 haec,
2546 1573 2675 1640 quid
2727 1571 2869 1626 feras
2909 1580 2962 1625 et
3006 1570 3242 1639 pecudes
3280 1569 3477 1624 oﬁ‘crre

1911 1660 2229 1729 prohibuit?
2258 1659 2510 1716 Fortasse
2542 1676 2672 1716 vero
2703 1676 2798 1730 per
2826 1661 2965 1729 feras
2991 1665 3043 1712 et
3060 1659 3302 1726 jumenta
3340 1673 3474 1728 gen-

1911 1756 1991 1802 tes
2015 1749 2266 1820 intelligit
2289 1767 2302 1816 ;
2327 1765 2421 1820 per
2439 1750 2586 1804 boves
2613 1758 2793 1804 autem
2817 1749 2934 1803 illos
2960 1748 3049 1817 qui
3077 1763 3140 1802 ex
3164 1748 3472 1805 Judteorum

1842 1835 1880 1889 Β
1912 1840 2111 1908 populo
2147 1841 2528 1905 crediderunt;
2583 1855 2814 1909 quorum
2849 1839 3176 1894 oblationem
3223 1853 3480 1893 consecuv

1913 1935 2031 1992 tus,
2068 1943 2175 1982 non
2223 1929 2454 1998 amplius
2493 1930 2722 1984 admittit
2754 1929 2894 1984 dona
2922 1929 3255 1993 Iudaeorum,
3291 1937 3478 2000 utpote

1911 2017 2190 2086 superﬂua
2218 2036 2231 2071 :
2264 2034 2389 2072 nam
2423 2019 2490 2072 de
2527 2019 2629 2072 illis
2658 2019 2938 2087 sequentia
2972 2018 3244 2072 dicuntur.

1984 2107 2230 2161 Volatilia
2264 2122 2396 2162 vero
2421 2107 2543 2163 εαξη
2572 2122 2668 2162 eos
2695 2108 2958 2179 intellige,
2987 2109 3078 2178 qui
3112 2109 3478 2180 virginitatem

1909 2207 1962 2250 et
1980 2197 2364 2251 continentiam
2392 2198 2614 2253 colunt:
2641 2199 2903 2268 siquidem
2934 2200 2987 2253 hi
3035 2215 3269 2270 superne
3333 2201 3477 2258 circa

1907 2287 2101 2343 callum
2135 2296 2385 2358 tanquam
2419 2289 2592 2360 angeli
2628 2290 2818 2346 intenti
2847 2287 3046 2346 volant.

1980 2484 2428 2538 Pulc/tritudinem
2474 2485 2592 2553 agri
2637 2483 2768 2538 dicit
2826 2483 2994 2552 ipsam
3038 2481 3368 2548 Ecclesiam,
3416 2491 3477 2538 ut

1913 2590 2033 2644 quae
2089 2576 2157 2628 sit
2221 2573 2409 2628 mundi
2470 2573 2818 2642 pulchritudo
2873 2587 3051 2627 :nam
3105 2572 3326 2643 pulchra
3379 2585 3480 2642 per

1912 2665 2167 2734 baptismi
2213 2663 2439 2735 gratiam
2490 2663 2628 2718 facta
2663 2673 2766 2719 est.
2797 2663 2953 2719 Unde
2998 2679 3107 2718 non
3147 2663 3301 2729 dixit,
3333 2665 3478 2734 apud

1913 2773 1995 2810 me
2054 2767 2166 2820 est;
2231 2757 2348 2820 sed,
2411 2772 2612 2810 mecum
2653 2765 2750 2819 est,
2791 2765 3043 2825 tanquam
3093 2770 3293 2826 sponsa
3351 2771 3477 2812 cum

1915 2862 2115 2918 sponso
2148 2865 2162 2903 :
2195 2849 2356 2918 hujus
2384 2848 2528 2904 enim
2554 2888 2570 2915 ,
2598 2848 2803 2904 scilicet
2830 2846 3052 2912 Christi,
3091 2846 3327 2904 Ecclesia
3357 2863 3477 2905 esse

1914 2949 2187 2994 censetur.

1985 3029 2145 3084 Vens.
2179 3030 2266 3084 14.
2305 3047 2324 3081 ι
2372 3029 2741 3092 immolaDeo
2769 3031 3092 3087 sacrificium
3123 3031 3315 3087 laudis.
3348 3051 3366 3084 ο

1837 3155 1878 3212 C
1982 3120 2132 3185 Esto,
2181 3120 2375 3190 inquit,
2423 3136 2648 3177 consors
2689 3125 2924 3196 angelis;
2958 3123 3168 3178 imitare
3209 3124 3479 3195 gioriﬁca~

1913 3207 2059 3262 tione
2105 3207 2386 3279 Seraphim
2437 3225 2672 3264 :enarra
2705 3211 2843 3266 sicut
2891 3211 3011 3266 mali
3058 3212 3279 3281 gloriam
3330 3211 3422 3265 Dei
3459 3229 3474 3266 :

1913 3298 2132 3352 immola
2170 3299 2515 3364 sacriﬁcium,
2555 3301 2696 3369 quod
2731 3301 2908 3354 omnis
2934 3301 3175 3355 immolat
3208 3311 3477 3364 creatura,

1913 3390 2042 3444 dum
2076 3391 2420 3444 continenter
2465 3390 2632 3444 Deum
2682 3391 2881 3445 laudat.
2917 3391 3077 3445 Forte
3109 3408 3238 3446 vero
3270 3391 3478 3458 sacri/i.

1914 3482 2052 3534 cium
2079 3481 2252 3533 laudis
2283 3481 2513 3535 virtutes
2543 3481 2810 3551 intelligit,
2843 3497 2938 3550 per
2963 3497 3096 3550 quas
3123 3480 3266 3535 Deus
3293 3482 3480 3535 laudae

1915 3581 2002 3625 tur
2028 3586 2042 3634 ;
2077 3570 2181 3624 hoc
2201 3580 2305 3633 est.
2339 3571 2680 3626 benedicitur
2707 3580 2760 3625 et
2785 3572 3148 3640 gloriﬁcatur;
3180 3571 3477 3642 praesertim

1914 3673 2038 3713 cum
2073 3658 2331 3726 apostolis
2366 3658 2560 3714 dixerit
2585 3676 2600 3716 :
2630 3659 2822 3712 Lucrat
2855 3659 2945 3713 lux
2974 3669 3144 3714 vestra
3176 3675 3352 3712 coram
3382 3661 3476 3711 ho-

1917 3750 2166 3814 minibus,
2202 3758 2259 3802 ut
2310 3751 2514 3803 videant
2544 3765 2698 3818 Opera
2729 3763 2899 3804 vestra
2930 3751 3084 3815 bona,
3115 3759 3164 3804 et
3191 3749 3478 3819 gloriﬁcent

1915 3840 2130 3894 Patrem
2163 3849 2383 3894 vestrum
2419 3841 2509 3910 qui
2537 3841 2590 3892 in
2626 3841 2764 3894 ariis
2795 3851 2866 3894 est
2898 3842 2962 3896 ¹⁶.

1987 4016 2414 4072 Tribulationem
2453 4028 2634 4072 autem
2673 4018 2915 4086 intellige
2943 4017 3320 4081 tentationem,
3359 4033 3480 4087 qum

1913 4110 1981 4163 ab
2022 4107 2334 4162 hominibus
2368 4109 2452 4163 vel
2483 4124 2512 4162 a
2543 4107 2742 4162 Satana
2782 4108 3011 4163 exsistit.
3052 4109 3106 4162 Si
3140 4108 3320 4176 itaque
3350 4118 3479 4162 tunc

1916 4197 2079 4253 Deum
2110 4200 2562 4264 invocaverimus,
2590 4201 2772 4269 utique
2799 4200 2993 4270 eripiet
3013 4215 3130 4263 nos,
3155 4199 3294 4253 sicut
3314 4213 3482 4267 quon.

1915 4292 2035 4345 dam
2067 4291 2370 4346 Susannam
2393 4292 2592 4362 eripuit
2619 4311 2632 4346 :
2667 4292 2859 4361 ctjure
2885 4291 3078 4346 merito
3109 4290 3285 4360 ipsum
3317 4290 3481 4345 rebus

1915 4384 2015 4437 rite
2049 4384 2283 4452 peractis
2308 4384 2609 4438 mirabilem
2644 4383 3019 4453 praedicamus.

1844 4482 1887 4535 ι)
1991 4471 2149 4528 Vsus.
2181 4474 2274 4528 22.
2309 4491 2328 4525 ι
2371 4474 2663 4544 Intelligite
2694 4475 2810 4529 hinc
2839 4474 2930 4543 qui
2958 4472 3359 4528 obliviscimini.
3397 4491 3416 4522 ο

1989 4563 2141 4617 Dicm
2201 4565 2392 4618 mortis
2434 4563 2714 4630 describit,
2766 4565 2953 4634 inqua
2993 4563 3222 4633 quisque
3259 4572 3481 4618 vocatus

1917 4653 2163 4708 celeriter
2200 4653 2426 4724 rapitur.
2463 4653 2641 4719 Quare
2673 4664 2910 4726 oportet,
2960 4671 3078 4724 quae
3118 4655 3183 4709 ad
3216 4655 3482 4710 abolenda

1918 4745 2142 4800 crimina
2203 4747 2496 4816 pertinent,
2563 4761 2665 4801 nos
2705 4761 3030 4816 cognoscere
3069 4762 3132 4800 ac
3179 4745 3479 4813 providere,

1919 4836 2159 4904 quandiu
2198 4836 2352 4890 nobis
2369 4836 2437 4890 ad
2461 4836 2722 4906 agendam
2747 4835 3121 4904 pmnitentiam
3148 4833 3360 4886 occasio
3386 4847 3481 4884 ex-

1923 4925 2162 4979 hibetur.

1994 5013 2152 5070 Vcns.
2185 5013 2275 5068 25.
2324 5013 2660 5070 Sacriﬁcium
2691 5013 2865 5068 laudis
2910 5009 3418 5064 honoriﬁcahitme.
3459 5026 3475 5062 ι
3532 5041 3536 5046 -

315 5099 412 5160 Τίς
435 5098 570 5168 α’ύτη
600 5099 692 5154 καὶ
717 5098 844 5151 ποία
874 5098 990 5159 ὁδός
1019 5115 1033 5161 ;
1060 5103 1122 5153 Ἥ
1159 5102 1411 5155 κοινωνία
1435 5101 1529 5154 τοῦ
1557 5103 1814 5156 Δεσποτι-

243 5187 343 5240 κοῦ
378 5189 631 5260 σώματός
661 5209 719 5244 τε
750 5195 843 5247 καὶ
872 5197 1123 5264 αἵματος,
1167 5197 1234 5266 ἢν
1260 5195 1420 5256 αὐτὸς
1439 5197 1571 5264 ἡμῖν
1598 5194 1816 5262 πρῶτος

242 5280 300 5331 ὲν
333 5284 397 5352 τῇ
457 5282 594 5336 Σιὼν
637 5287 1052 5357 καταρξάμενος
1082 5286 1304 5351 ἔδειξεν.
1368 5286 1591 5357 Ἐπειδὴ
1637 5287 1816 5339 τοίνυν

241 5373 323 5436 εἰς
343 5373 614 5445 λύτρωσιν
645 5376 752 5430 τῶν
774 5379 1193 5449 ἁμαρτημάτων
1221 5379 1333 5440 τοῖς
1357 5377 1698 5447 λαμϐάνουσι
1729 5377 1815 5429 δέ-

239 5463 412 5526 δοται,
450 5466 676 5531 εἰκότως
703 5469 823 5522 ἐστὶ
867 5471 1134 5541 σωτήριον
1161 5469 1255 5523 τοῦ
1294 5469 1428 5523 Θεοῦ
1460 5486 1472 5498 ·
1508 5470 1732 5529 εἰκότως
1763 5469 1817 5521 δὲ

241 5557 338 5607 καὶ
365 5555 480 5619 ὁδὸς
514 5556 628 5620 πῶς
660 5559 739 5622 εἰς
773 5559 1001 5629 οὐρανὸν
1034 5559 1252 5613 ὁδεῦσαι
1293 5562 1405 5622 τοῖς
1437 5559 1494 5611 ὃν
1514 5559 1594 5612 δεῖ
1626 5556 1824 5628 τρόπον

237 5648 698 5716 προσευχομένοις
727 5649 1062 5704 δεικνύουσα.

315 5759 357 5788 ⁸⁵
393 5757 581 5814 Matth.
624 5778 673 5824 v,
717 5764 796 5820 1'6.

1991 5104 2253 5169 Quaenam
2285 5114 2340 5159 et
2373 5104 2551 5174 qualis
2584 5113 2666 5159 est
2700 5105 2814 5157 haec
2850 5101 2979 5155 via?
3005 5099 3270 5153 Nimirum
3305 5098 3486 5154 Domi-
3534 5103 3535 5106 ‘

1921 5195 2030 5249 nici
2090 5195 2334 5264 corporis
2389 5203 2443 5248 et
2497 5192 2777 5264 sanguinis
2821 5189 3260 5254 communicatio,
3322 5203 3525 5258 quam.

1923 5285 2075 5356 prius
2117 5284 2233 5353 ipse
2262 5283 2419 5338 nobis
2457 5283 2513 5336 in
2551 5282 2682 5338 Sion
2727 5283 3100 5338 demonstrare
3129 5280 3310 5350 erepit.
3350 5280 3485 5338 Cum

1922 5391 2048 5448 ergo
2100 5377 2154 5431 in
2217 5375 2644 5444 redemptionem
2691 5381 3037 5444 peccatorum
3097 5370 3488 5442 accipientibus

1925 5466 2176 5521 traditum
2212 5467 2304 5531 sit,
2337 5465 2532 5520 merito
2553 5473 2636 5520 est
2665 5465 2900 5518 salutare
2934 5463 3027 5519 Dei
3068 5481 3081 5518 :
3125 5461 3320 5516 merito
3353 5475 3490 5529 quo.

1923 5571 2028 5622 que
2056 5557 2141 5610 via
2163 5565 2266 5620 est,
2289 5572 2410 5625 qua:
2436 5555 2891 5625 quemadmodum
2925 5554 2979 5614 in
3011 5552 3205 5608 cmlum
3232 5552 3311 5606 ire
3336 5565 3486 5620 open.

1927 5656 2035 5700 teat
2065 5649 2347 5702 orantibus
2377 5648 2634 5703 ostendit.
