4036 6200
594 368 731 440 1199

1177 474 1494 533 PSALMUS
1521 475 1584 529 L.

664 574 830 629 Vens.
884 571 935 624 l.
976 589 993 622 ι
1038 569 1093 623 In
1135 568 1320 633 ﬁnem,
1365 568 1603 637 psalmus
1635 562 1823 627 David,
1855 578 1979 617 cum
2010 560 2161 621 venit

594 664 658 719 ad
688 677 813 719 eum
877 659 1088 714 Natbau
1132 658 1437 730 propheta,
1510 654 1728 724 quando
1799 652 2022 707 intravit
2092 651 2160 705 ad

593 752 909 807 ﬂetlisabee.
940 768 961 801 ι

660 841 953 897 Clariorem
992 838 1127 894 liber
1165 836 1372 907 Regum
1405 836 1688 891 historiam
1729 834 1991 889 continet.
2028 830 2160 885 Nam

592 948 716 987 cum
731 930 900 985 David
917 945 946 986 e
959 930 1121 985 domo
1139 944 1236 983 sua
1251 928 1628 998 conspexisset
1646 925 1911 979 Bersabee
1936 938 2158 978 uxorem

593 1020 737 1076 Uria:
772 1019 965 1074 Hettzei
995 1034 1053 1073 se
1085 1019 1355 1074 lavantem
1376 1057 1392 1082 ,
1417 1024 1474 1072 et
1502 1017 1627 1071 inde
1649 1016 1705 1069 in
1726 1031 1846 1069 eam
1870 1014 2162 1084 CUpiditate

593 1114 909 1175 exarsisset,
976 1126 1264 1170 accersens
1312 1109 1478 1173 illam,
1532 1124 1658 1162 cum
1704 1122 1767 1160 ea
1821 1105 2158 1160 concubuit:

593 1220 719 1261 cum
757 1213 938 1259 autem
976 1202 1340 1271 concepisset,
1375 1200 1582 1254 veritus
1628 1197 1835 1260 Uriam,
1870 1196 2082 1252 curavit
2105 1206 2165 1250 ut

596 1296 756 1354 Urias
786 1296 887 1351 sub
919 1295 1056 1349 duce
1083 1293 1220 1347 Joab
1253 1293 1306 1345 in
1334 1292 1507 1360 prima
1540 1289 1658 1342 acie
1687 1303 1934 1357 pugnans
1960 1286 2164 1342 consti-

596 1398 879 1452 tueretur;
932 1394 1095 1455 atque
1130 1384 1204 1438 ita
1233 1398 1328 1452 per
1354 1381 1689 1452 alienigenas
1719 1380 1898 1450 ipsum
1940 1379 2162 1433 occidit.

596 1482 826 1552 Propter
872 1480 990 1534 haec
1032 1476 1206 1530 iratus
1256 1474 1417 1534 Deus,
1467 1472 1614 1526 misit
1638 1471 1705 1526 ad
1753 1471 1904 1525 illum
1949 1469 2164 1524 Natban

598 1572 942 1643 prophetam,
996 1576 1056 1623 ut
1094 1566 1171 1620 illi
1218 1572 1440 1635 propter
1492 1563 1696 1631 eadem
1740 1570 1794 1617 et
1837 1561 2167 1616 adulterium

595 1663 1058 1719 comminaretur:
1112 1672 1221 1727 quo
1256 1656 1425 1719 iacto,
1475 1652 1640 1706 David
1683 1651 1748 1706 ad
1788 1651 2166 1721 paenitentiam

596 1766 892 1809 conversus
919 1750 1136 1820 scripsit
1176 1748 1326 1804 hunc
1372 1745 1639 1816 psalmum
1665 1781 1680 1807 ,
1708 1742 1932 1796 minime
1962 1741 2169 1796 veritus

1779 360 2139 421 HESYCIIII
2172 356 2644 422 PRESBYTERI

2193 477 2240 532 Α

3703 359 3851 426 1200

2848 472 3140 527 ΨᾹΔΜΟΣ
3171 471 3255 526 N'.

2345 580 2364 614 ι
2401 564 2491 627 Εἰς
2526 566 2587 616 τὸ
2618 563 2812 626 τέλος,
2845 561 3062 632 ψαλμὸς
3108 562 3187 633 τῷ
3220 560 3385 617 Δαυῒδ
3472 562 3531 614 ὲν
3559 561 3637 631 τῷ
3668 562 3855 615 ἐλθεῖν

2268 652 2407 725 πρὸς
2434 654 2597 707 αὐτὸν
2619 653 2807 708 Νάθαν
2831 655 2922 707 τὸν
2946 655 3252 726 προφήτην,
3281 653 3445 724 ἡνίκα
3462 653 3682 724 εἰσῆλθε
3710 655 3855 725 πρὸς

2269 745 2573 817 Βηρσαϐεέ.
2613 765 2633 799 ι

2341 836 2683 907 Σαφέστερον
2729 836 2830 907 τὴν
2875 835 3115 907 ἱστορίαν
3144 838 3179 908 ἡ
3223 836 3404 905 βίϐλος
3427 836 3538 889 τῶν
3573 836 3849 890 Βασιλέων

2270 928 2555 997 κέκτηται.
2600 930 2712 999 Τὴν
2741 929 3030 999 Βηρσαὸεὲ
3061 929 3170 1001 γὰρ
3205 929 3405 1000 Οὐρίου
3433 929 3531 982 τοῦ
3568 932 3846 1000 Χετμαῐου

2269 1023 2502 1087 γυναῖκα
2540 1021 2923 1090 τυγχάνουσαν
2970 1020 3270 1091 λουομένην
3315 1022 3423 1076 dx}:
3462 1022 3560 1077 τοῦ
3600 1024 3847 1091 δώματος

2270 1112 2389 1165 τότε
2409 1112 2574 1165 Δαὸὶδ
2603 1111 2955 1183 θεασάμενος,
2998 1108 3117 1165 εἶτα
3162 1113 3416 1183 ἐρασθεὶς
3443 1114 3685 1176 καλέσας
3719 1132 3842 1167 συνο

2270 1202 2508 1268 εγενετο.
2548 1201 2638 1255 Ἐν
2662 1204 2862 1274 γαστρὶ
2877 1204 2935 1257 δὲ
2955 1200 3226 1274 λαϐούσης
3254 1205 3590 1273 αἰσχυνθεὶς,
3621 1204 3715 1257 τὸν
3742 1206 3841 1258 Οὗ-

2274 1292 2417 1361 ρίαν,
2449 1295 2636 1346 πεσεῖν
2659 1295 2719 1347 ὲν
2745 1294 2823 1363 τῷ
2851 1294 3073 1364 πολέμῳ
3101 1295 3517 1365 παρατάξαντος
3577 1295 3735 1349 Ἰωὰϐ
3756 1298 3842 1350 τοῦ

2274 1382 2581 1452 στρατηγοῦ
2604 1384 2983 1453 παρεσκεύαζε
3002 1385 3281 1455 πρόμαχον
3303 1387 3603 1455 στῆσαιτδν
3624 1390 3840 1459 Οὐρίαν,

2271 1468 2447 1533 οὕτως
2469 1470 2564 1523 καὶ
2590 1472 2696 1525 ύπὸ
2716 1472 2824 1525 τῶν
2849 1472 3166 1543 ἀλλοφύλων
3187 1474 3537 1529 ἀπέκτεινεν.
3574 1476 3697 1529 Ἐπὶ
3725 1478 3840 1530 τού-

2272 1577 2387 1625 τοις
2431 1563 2461 1615 ό
2497 1562 2629 1625 Θεὸς
2669 1563 2969 1634 ὀργισθεὶς,
3013 1565 3202 1620 Νάθαν
3250 1565 3400 1636 αύτῷ
3437 1567 3531 1621 τόν
3566 1571 3840 1640 προφήτην

2274 1651 2599 1706 ἀπειλοῦντα
2628 1652 2717 1708 διὰ
2742 1654 2834 1708 τὺν
2861 1655 3022 1723 φόνον
3046 1657 3144 1710 καί
3172 1657 3270 1726 τὴν
3299 1659 3553 1727 μοιχείαν
3582 1660 3837 1729 ἔπεμψεν.

2285 1738 2345 1792 Ὀ
2375 1739 2431 1792 δὲ
2457 1741 2536 1799 εἰς
2563 1741 2857 1810 μετάνοιαν
2881 1742 3022 1813 ὁρῶν
3042 1742 3258 1815 ψαλμὸν
3278 1745 3373 1799 τὸν
3400 1746 3660 1817 ἐχόμενον
3684 1748 3839 1819 ἔγρα-

599 1847 703 1900 lioe
731 1843 930 1897 vulnus
960 1856 1120 1896 suum
1151 1839 1457 1911 propalare,
1486 1844 1545 1891 ut
1575 1833 1952 1906 peccatoribus
1985 1830 2162 1903 paeni-

2272 1828 2373 1898 ψεν
2392 1829 2493 1882 οὐκ
2550 1832 2863 1901 αἰσχυνθεὶς
2914 1833 3271 1904 δημοσιεῦσαι
3324 1837 3387 1890 τὸ
3441 1838 3658 1909 τραῦμα
3686 1878 3703 1903 ,
3756 1842 3838 1894 ἵνα

601 1935 781 1990 tentia:
806 1931 1110 1989 remedium
1136 1931 1420 1987 indicaret.

666 2131 837 2200 Rogat
879 2127 1048 2184 deleri
1075 2126 1434 2196 iniquitatem,
1466 2125 1538 2179 ita
1570 2133 1630 2178 ut
1667 2137 1775 2178 non
1806 2119 1981 2177 solum
2004 2131 2164 2175 cure-

596 2230 687 2278 tur
708 2222 907 2275 vulnus
936 2259 950 2284 ,
985 2232 1173 2271 verum
1200 2231 1273 2271 ne
1301 2213 1520 2269 cicatrix
1553 2214 1772 2283 quidem
1807 2212 2160 2281 relinquatur.

595 2312 957 2380 Quamobrem
982 2310 1144 2363 etiam
1164 2307 1577 2361 miserationum
1598 2304 2003 2358 multitudinem
2032 2317 2164 2373 prae.

598 2404 801 2460 tendit:
827 2416 1003 2471 neque
1029 2400 1177 2455 enim
1206 2399 1274 2453 ab
1296 2413 1402 2452 una
1420 2396 1792 2455 miseratione,
1816 2394 1920 2448 hoc
1936 2401 2037 2459 est,
2068 2407 2161 2447 ve-

595 2493 686 2547 nia
738 2491 903 2547 unius
958 2490 1142 2545 delicti
1189 2496 1439 2559 peccator
1483 2486 1677 2540 salvari
1723 2492 1921 2554 potest,
1956 2482 2052 2538 sed
2093 2482 2163 2536 ad

597 2586 767 2639 multa
810 2583 991 2637 multis
1037 2596 1173 2651 Opus
1207 2588 1294 2635 est
1318 2577 1781 2640 miserationibus,
1810 2584 1871 2630 ut
1908 2575 2084 2629 minas
2108 2580 2162 2628 et

599 2671 927 2744 supplicium
964 2669 1305 2740 eﬂ‘ugiamus.

664 2839 787 2895 Non
834 2838 1149 2909 simpliciter
1191 2835 1380 2902 lavari,
1415 2836 1510 2891 sed
1535 2835 1768 2905 amplius
1805 2833 2034 2905 rogavit,
2065 2848 2161 2903 pe-

600 2943 719 2989 tens
741 2939 799 2985 ut
826 2930 1075 3001 purgatio
1100 2928 1312 2983 crimini
1336 2943 1433 2982 seu
1452 2927 1626 2997 lapsui
1648 2926 1993 2996 respondeat.
2025 2923 2161 2978 Nam

598 3023 1049 3094 quemadmodum
1068 3021 1235 3077 vestis
1252 3034 1440 3091 parum
1458 3019 1672 3075 sordida
1693 3018 1855 3073 facile
1864 3016 2164 3072 abluituret

600 3116 934 3180 mandatur;
991 3130 1111 3184 quae
1167 3128 1298 3167 vero
1344 3111 1576 3165 multum
1629 3118 1687 3165 et
1729 3109 1927 3179 sapius
1973 3106 2163 3163 sordes

602 3207 889 3272 contraxit,
921 3166 1120 3275 'ma‘jori
1171 3203 1352 3258 studio
1384 3209 1439 3256 et
1470 3201 1657 3255 labore
1684 3166 2013 3269 exte-rgenda
2038 3206 2163 3261 est;
2191 3166 2236 3225 θ

603 3298 683 3353 sic
712 3306 769 3351 et
795 3297 995 3361 anima,
1022 3312 1142 3366 quae
1164 3295 1331 3350 semel
1350 3303 1405 3348 et
1421 3307 1586 3364 parva
1606 3291 1933 3361 peccaverit,
1955 3289 2165 3343 medio-

602 3386 682 3441 cri
710 3384 1024 3455 paenitentia
1046 3392 1305 3453 purgatur
1337 3401 1352 3437 :
1383 3396 1507 3437 cum
1546 3395 1676 3435 vero
1705 3378 1889 3434 multis
1914 3387 1967 3433 et
1992 3376 2166 3448 gravi-

602 3478 705 3533 bus
725 3476 935 3531 delictis
972 3490 1092 3530 sese
1114 3474 1489 3538 obstrinxerit,
1520 3487 1627 3527 non
1653 3471 1758 3525 levi
1774 3479 1828 3524 et
1851 3468 2166 3540 negligenti,
2199 3509 2211 3520 .

602 3567 700 3622 sed
759 3566 1025 3621 laboriosa
1076 3575 1130 3620 et
1172 3580 1364 3635 aspera
1406 3562 1721 3633 pmnitcntia
1768 3562 1987 3630 indiget,
2042 3574 2166 3614 cum

601 3657 892 3714 multorum
943 3656 1209 3711 bonorum
1260 3664 1481 3709 actuum
1533 3651 1812 3723 operibus.
1869 3650 1983 3704 Tali
2021 3650 2168 3705 enirn

602 3746 921 3818 paenitentia
944 3743 1087 3798 Deus
1117 3742 1289 3797 abluit
1315 3741 1508 3797 delicta
1545 3750 1751 3795 nostra.
1793 3738 1960 3794 Recte
1988 3748 2170 3794 autem

601 3845 887 3908 peccatum
918 3835 1258 3904 iniquitatem
1284 3833 1612 3904 appellavit;
1645 3832 1834 3887 volens
1857 3831 2167 3898 ostendere,

600 3942 673 3983 ne
738 3926 839 3982 sibi
895 3925 1150 3995 quidem,
1203 3940 1511 3994 quanquam
1571 3923 1703 3995 regi,
1758 3922 1931 3993 legem
1989 3931 2169 3977 trans-

602 4017 755 4090 gredi
786 4016 1012 4072 licuisse
1036 4036 1049 4071 :
1083 4032 1208 4071 nam
1235 4015 1435 4089 Regem
1461 4016 1707 4072 omnium
1733 4015 2057 4070 altissimum
2082 4011 2169 4068 of-

603 4108 794 4164 tendit.

670 4198 832 4255 Vens.
857 4199 909 4254 5.
945 4197 1270 4265 «Quoniam
1322 4197 1667 4268 iniquitatem
1711 4211 1887 4261 meam
1933 4210 2036 4267 ego
2075 4210 2173 4251 co-

598 4306 817 4363 gnosco.
858 4310 878 4345 ι
1634 4346 1644 4355 .

669 4383 893 4437 Beatum
919 4391 1023 4446 est.
1052 4396 1177 4438 cum
1201 4380 1329 4451 quis
1353 4380 1631 4450 proprium
1673 4378 1823 4434 novit
1862 4387 2169 4450 peccatum.

2275 1920 2388 1983 τοῖς
2428 1920 2775 1992 ἁμαρτωλοῖς
2817 1923 3077 1996 ἀποδείξῃ
3123 1924 3227 1997 τῆς
3275 1928 3572 1996 μετανοίας
3617 1929 3674 1983 τὺ
3705 1932 3838 2001 pip-

2280 2027 2474 2081 μακον.

2358 2100 2774 2175 Ἐξαλειφθῆναι
2801 2105 2903 2176 τὴν
2932 2106 3183 2178 ἀνομίαν,
3209 2107 3354 2164 ὥστε
3404 2110 3476 2183 μὴ
3499 2111 3652 2182 μόνον
3687 2112 3840 2181 ἰαθῆ-

2274 2207 2364 2249 ναι
2405 2191 2469 2245 τδ
2496 2188 2719 2265 τραῦμα
2745 2235 2761 2260 ,
2790 2194 2928 2249 ἀλλά
2961 2197 3095 2267 μηδὲ
3145 2198 3393 2268 μώλωπα
3435 2200 3836 2271 περιλειφθῆναι

2275 2284 2549 2359 βούλεται,
2587 2288 2675 2356 ἐφ’
2705 2282 2751 2357 ᾧ
2780 2289 2877 2343 καὶ
2908 2289 3018 2343 τῶν
3050 2291 3353 2363 οἰκτιρμῶν
3383 2292 3445 2347 τὺ
3473 2293 3674 2363 πλῆθος
3707 2309 3835 2363 προ-

2270 2380 2454 2435 τείνει.
2488 2379 2623 2434 Οὑδὲ
2653 2380 2760 2451 γάρ
2792 2380 2885 2449 ἀφ’
2910 2381 3027 2445 ἑνὸς
3064 2384 3373 2454 οἰκτιρμοῦ,
3408 2386 3714 2450 τουτέστιν,
3738 2385 3838 2437 ἀπὸ

2273 2472 2609 2543 συγγνώμης
2634 2471 2733 2542 τῆς
2750 2472 2836 2541 ἐφ’
2852 2472 2934 2525 ἐνὶ
2962 2472 3369 2545 παραπτώματι
3398 2476 3639 2547 σωθῆναι
3660 2478 3836 2547 ἁμαρ·

2270 2564 2439 2628 τωλὸς
2471 2563 2735 2629 δύναται,
2772 2563 2987 2618 πολλῶν
3019 2565 3076 2617 δὲ
3103 2564 3199 2618 καὶ
3247 2567 3342 2620 ἐπὶ
3391 2567 3608 2631 πολλοῖς
3641 2571 3825 2632 οξκτιρ

2273 2657 2394 2724 μοῖς
2421 2693 2437 2720 ,
2468 2653 2609 2708 ὥστε
2634 2654 2923 2725 διαφυγεῖν
2950 2652 3050 2726 τὴν
3082 2650 3335 2728 ἀπειλὴν,
3366 2658 3462 2711 καὶ
3497 2658 3595 2730 τὴν
3627 2659 3835 2713 κόλασω

2271 2743 2571 2815 χρῄζομεν.

2342 2836 2454 2905 Ούχ
2480 2835 2666 2900 ἁπλῶς
2696 2835 2913 2904 πλῦναι,
2934 2835 3053 2890 ἀλλ’
3072 2836 3164 2889 ἐπὶ
3189 2835 3375 2891 πλεῖον
3409 2837 3692 2893 ἰκέτευσεν
3722 2842 3840 2895 ἀναι-

2270 2927 2446 2995 λόγως
2495 2927 2572 3000 τῷ
2618 2930 2921 3001 πταίσματι
2953 2930 3291 3002 παρακαλῶν
3319 2931 3570 3000 γενέσθαι
3622 2936 3724 3002 τὴν
3750 2935 3837 2987 κάη

2273 3016 2485 3089 θαρσιν.
2546 3021 2755 3091 Ὥσπερ
2803 3020 2911 3090 γάρ
2956 3021 3017 3075 τὸ
3060 3022 3159 3092 μὲν
3214 3022 3470 3094 ρυπωθὲν
3513 3024 3837 3094 συμμέτρως

2273 3110 2486 3179 ίμάτιον
2537 3109 2774 3173 εὐκόλως
2821 3111 3084 3166 πλύνεται
3134 3114 3229 3166 καὶ
3270 3112 3597 3184 καθαίρεται
3630 3130 3647 3143 ·
3696 3114 3758 3167 τὸ
3788 3114 3837 3166 δὲ

2269 3201 2408 3268 ἄγαν
2436 3201 2531 3254 καὶ
2574 3201 2836 3266 πολλάκις
2862 3242 2877 3268 ,
2920 3204 3345 3275 σπουδαιοτέρας
3370 3205 3565 3275 χρῄζει
3597 3205 3702 3257 καὶ
3730 3206 3835 3256 £2:-

2267 3293 2433 3345 πόνου
2475 3291 2757 3359 πλύσεως,
2799 3296 2891 3350 τὸν
2915 3297 3079 3350 αὑτὸν
3105 3298 3171 3368 δὴ
3219 3299 3422 3369 τρόπον
3457 3299 3641 3369 ψυχὴ,
3675 3301 3708 3369 η
3753 3299 3839 3368 μὲν

2268 3380 2413 3446 ἅπαξ
2455 3382 2809 3455 άμαρτηκυῖα
2846 3386 2941 3438 καὶ
2983 3389 3206 3458 μέτρια,
3242 3389 3549 3459 συμμέτρῳ
3585 3389 3837 3458 μετανοίᾳ

2270 3472 2629 3543 καθαίρεται·
2675 3474 2848 3528 πολλὰ
2872 3475 2933 3527 δὲ
2970 3477 3098 3531 ὅταν
3128 3478 3264 3546 αὐτῇ
3299 3478 3391 3529 καὶ
3425 3476 3654 3545 χαλεπὰ
3680 3478 3836 3545 άμαρ-

2268 3565 2489 3633 τήματα
2516 3564 2761 3636 γένηται,
2790 3567 2854 3618 ού
2879 3567 2985 3637 χρὴ
3021 3568 3302 3638 πάρεργον
3327 3563 3491 3630 εἶναι,
3538 3567 3689 3620 ἀλλὰ
3718 3567 3835 3637 μετὰ

2270 3652 2432 3705 πόνου
2465 3654 2661 3707 πολλοῦ
2703 3655 2798 3708 καὶ
2839 3655 3092 3726 πράξεων
3138 3657 3356 3726 ἀγαθῶν
3402 3657 3503 3723 τὴν
3532 3660 3833 3728 μετάνοιαν.

2271 3743 2458 3815 Ταύτῃ
2488 3745 2596 3816 γάρ
2634 3746 2670 3798 ό
2710 3744 2843 3809 Θεὸς
2876 3746 3067 3799 πλύνει
3093 3748 3162 3800 τά
3209 3745 3455 3817 ἡμέτερα
3501 3750 3833 3819 πταίσματα.

2270 3837 2469 3900 Καλῶς
2487 3837 2543 3889 δὲ
2565 3838 2665 3909 τὴν
2695 3839 2970 3909 ἁμαρτίαν
2994 3839 3225 3910 ἀνομίαν
3253 3839 3702 3906 ἐκάλεσε,δεῖξαι
3735 3842 3835 3912 βουο

2270 3927 2476 3996 ληθείς,
2506 3930 2587 3983 ὅτι
2611 3928 2734 3983 οὐδὲ
2763 3929 2912 4001 αὐτῷ
2936 3930 3099 4000 νόμον
3128 3930 3488 4000 παραϐαίνειν
3516 3931 3682 4003 ἐξῆν,
3700 3932 3834 3986 simi

2274 4019 2523 4089 βασιλεὺς
2555 4020 2843 4089 ἐτύγχανε.
2866 4021 3086 4073 Βασιλεῖ
3106 4022 3213 4092 γὰρ
3236 4021 3314 4092 τῷ
3342 4021 3562 4074 πάντων
3598 4023 3833 4093 seems

2276 4125 2354 4179 ρῳ
2380 4109 2810 4180 προσέκρουσεν.

2348 4215 2369 4249 ι
2409 4198 2531 4253 Ὅτι
2557 4196 2655 4269 τὴν
2682 4199 2915 4271 ἀνομίαν
2956 4217 3061 4271 μου
3089 4200 3200 4271 ἐγὼ
3226 4203 3498 4273 γινώσκω.
3538 4220 3558 4253 ι

2342 4373 2626 4444 Μακάριον
2652 4373 2782 4428 ὅταν
2803 4391 2884 4438 τις
2917 4375 3127 4429 οἰκείαν
3152 4375 3425 4447 ἁμαρτίαν
3446 4377 3758 4442 ἐπίσταται,
3786 4379 3829 4431 ἐν

599 4483 654 4526 et
678 4473 1025 4527 continenter
1067 4482 1194 4526 ante
1229 4471 1415 4524 oculos
1456 4470 1618 4523 habet
1648 4469 1842 4523 delicta
1873 4486 1990 4525 sua.
2035 4469 2165 4525 Nam

2271 4463 2571 4534 ὀφθαλμοῖς
2602 4464 2659 4517 δὲ
2683 4465 2798 4534 ἔχει
2824 4464 3117 4528 διαπαντὸς
3147 4467 3216 4519 τὰ
3246 4466 3598 4537 πταίσματα.
3656 4470 3712 4522 ’0
3749 4468 3827 4536 μὲν

599 4562 690 4629 qui
721 4561 1021 4632 COgnosoit,
1050 4569 1105 4614 et
1134 4559 1401 4623 meminit,
1444 4567 1498 4612 et
1520 4560 1689 4614 oculis
1727 4561 1894 4615 animi
1942 4562 2168 4618 delicto-

603 4662 722 4701 rum
749 4661 972 4701 suorum
998 4645 1222 4699 vulnera
1255 4646 1518 4709 intuetur,
1548 4648 1823 4703 erubescit
1846 4652 2045 4705 rubore
2064 4652 2171 4707 suf-

601 4739 786 4802 fusus;
815 4744 868 4790 et
889 4735 1261 4792 recordatione
1281 4738 1516 4792 animam
1538 4741 1870 4811 compnngit,
1888 4751 1943 4796 et
1962 4745 2168 4813 pudore

600 4835 821 4883 coaetus
853 4825 919 4880 ad
954 4826 1329 4896 pmnitentiam
1361 4838 1637 4899 properat.
1677 4829 1848 4896 Quem
1880 4851 2011 4889 vero
2047 4853 2168 4907 pas-

599 4919 811 4973 sionum
834 4930 1053 4971 suarum
1079 4917 1223 4988 capit
1253 4918 1476 4987 oblivio,
1503 4920 1572 4975 ad
1608 4920 1712 4976 alia
1740 4938 1927 4981 rursus
1949 4938 2167 4997 peccata

599 5009 774 5080 (quasi
799 5008 935 5064 nihil
967 5009 1093 5065 mali
1118 5011 1186 5067 ab
1220 5027 1286 5068 eo
1307 5023 1576 5083 patratum
1605 5018 1696 5091 sit)
1722 5019 2030 5077 adducitur.

667 5186 829 5245 Vens.
864 5187 916 5244 6.
944 5204 966 5240 ι
1005 5186 1125 5244 Tibi
1163 5190 1523 5262 solipeccavi.
1562 5213 1582 5247 ι

661 5274 779 5332 Non
829 5277 973 5349 quod
1012 5292 1203 5334 omnes
1242 5280 1490 5336 homines
1529 5283 1768 5349 latuerit,
1812 5295 1869 5340 ut
1912 5287 2165 5346 nonnulli

591 5363 897 5433 opinantur
923 5383 937 5419 :
971 5381 1082 5420 non
1106 5368 1252 5422 enim
1281 5368 1547 5426 Bersabee
1576 5372 1771 5442 ipsam,
1803 5389 1924 5443 qua:
1954 5375 2166 5430 adulte-

596 5453 736 5552 rium
778 5457 1161 5525 commiserat;
1212 5460 1308 5514 sed
1338 5475 1443 5517 nec
1468 5462 1589 5516 iilos
1615 5465 1708 5533 qui
1748 5480 1866 5519 eam
1894 5467 2035 5536 regis
2067 5483 2162 5521 no-

597 5547 743 5594 mine
779 5554 1125 5610 vocaverant,
1159 5547 1407 5603 adulterii
1437 5551 1712 5621 negotium
1765 5553 1932 5610 latere
1962 5556 2159 5625 potuit.

595 5632 727 5684 Joab
756 5650 972 5703 quoque
1001 5640 1158 5693 scivit
1179 5654 1396 5709 operam
1433 5657 1587 5698 suam
1617 5646 1727 5716 regi
1762 5661 1821 5701 se
1846 5650 2162 5717 praestitisse

2270 4554 2379 4626 γάρ
2407 4553 2693 4623 γινώσκων
2718 4594 2734 4618 ,
2766 4556 2860 4609 καὶ
2890 4556 3258 4627 μεμνημένος,
3290 4557 3384 4610 καὶ
3411 4561 3528 4622 τοῖς
3546 4561 3825 4629 ὀφθαλμοῖς

2268 4643 2369 4711 τῆς
2414 4642 2591 4713 ψυχῆς
2641 4645 2918 4698 κατανοῶν
2972 4646 3082 4698 τῶν
3125 4647 3321 4699 ἑαυτοῦ
3373 4653 3742 4719 πταισμάτων
3774 4650 3826 4701 τᾶ

2267 4734 2581 4804 τραύματα,
2619 4734 2960 4805 αἰσχύνεται,
3001 4739 3069 4806 τῇ
3106 4738 3296 4808 μνήμῃ
3328 4737 3426 4807 τὴν
3454 4738 3647 4812 ψυχὴν
3677 4742 3824 4795 νύττει

2269 4846 2376 4895 ται,
2417 4828 2684 4900 καῖύπὲρ
2723 4830 2825 4899 τῆς
2868 4829 3133 4901 αἰσχύνης
3164 4831 3535 4900 ἀναγκασθεὶς
3578 4836 3665 4899 εἰς
3695 4851 3825 4905 pstu-

2272 4919 2491 4989 μέλειαν
2518 4919 2756 4990 ἔρχεται.
2804 4920 2862 4972 '0
2893 4921 2949 4972 δὲ
2978 4920 3149 4990 λήθην
3181 4921 3389 4986 παθὼν,
3420 4925 3503 4987 εἰς
3536 4924 3822 4997 {sapaxe-

2268 5011 2352 5063 λιν
2392 5011 2766 5081 ἁμαρτήματα
2798 5011 2894 5082 (ὼς
2928 5012 3158 5083 μηδενὸς
3189 5012 3337 5084 αὐτῷ
3366 5014 3546 5069 κακοῦ
3576 5016 3823 5088 πραχθέν⁸

2265 5102 2380 5173 τος)
2414 5103 2777 5172 προσάγεται.

2340 5210 2363 5243 ι
2400 5192 2491 5245 Σοὶ
2523 5192 2670 5263 μόνῳ
2696 5193 2966 5265 ἥμαρτον.
3007 5214 3026 5248 ι

2336 5285 2449 5355 Οὐχ
2493 5285 2576 5337 ὅτι
2621 5282 2829 5349 πάντας
2870 5286 3193 5357 ἀνθρώπους
3232 5286 3441 5352 ἔλαθεν,
3473 5290 3670 5362 ὥσπερ
3700 5287 3819 5349 τινὲς

2265 5375 2610 5446 νομίζουσιν’
2655 5376 2777 5430 ούδὲ
2823 5378 2932 5448 γάρ
2978 5379 3147 5450 αὐτὴν
3181 5379 3462 5453 Βηρσασεὲ
3492 5383 3589 5455 τὴν
3617 5399 3817 5453 μοιχεν·

2265 5468 2473 5532 θεῖσαν,
2506 5468 2623 5521 ἀλλ’
2668 5470 2791 5523 οὐδὲ
2822 5470 2950 5535 τοὺς
2984 5472 3325 5543 κεκληκότας
3350 5473 3520 5545 αὐτὴν
3565 5475 3748 5527 λαθεῖν
3769 5468 3818 5522 τὸ

2262 5558 2445 5628 δράμα
2490 5559 2593 5629 τῆς
2647 5563 2894 5632 μοιχείας
2944 5564 3207 5632 ἠδύνατο.
3247 5565 3406 5618 Ἰωάϐ
3443 5566 3499 5619 δὲ
3546 5566 3638 5619 τὸν
3676 5564 3816 5633 φόνον

2265 5648 2528 5714 ὡσαύτως
2551 5652 2630 5722 τῷ
2660 5652 2877 5722 βασιλεῖ
2899 5655 3229 5727 συμπράξας
3254 5656 3532 5710 ἐπίστατο.
3568 5654 3714 5710 Ἀλλ’
3736 5653 3806 5705 σύ·

598 5720 655 5774 in
677 5721 823 5775 czedc
865 5727 1186 5793 peragenda.
1226 5730 1329 5783 Sed
1373 5747 1474 5786 nec
1520 5734 1634 5803 ipse
1684 5737 2009 5804 permissum
2057 5741 2158 5795 sibi

2270 5743 2317 5796 5‘s
2349 5744 2510 5808 αὐτὸς
2540 5720 2842 5821 ὲνῗὲξουσίᾳ
2870 5720 2984 5821 τὴν-
3003 5720 3276 5823 ἁμαρτίαν
3307 5752 3391 5806 διὰ
3425 5754 3522 5823 τὴν
3551 5748 3814 5822 βασιλείαν
