4036 6200
319 180 447 246 1201

1373 194 1834 256 FRAGMENTA
1872 195 1954 256 IN
1995 195 2353 257 PSALMOS.

3410 193 3546 260 1202

315 300 582 369 ενόμιζεν.
618 301 857 368 ’Δνάξιον
878 303 986 375 γὰρ
1004 302 1166 358 τοῦτο
1186 306 1468 376 προφήτου
1495 308 1589 363 καὶ
1612 308 1876 379 βασιλέως

1989 308 2146 365 fuisse
2180 318 2459 380 peccatum
2522 311 2791 380 reputavit
2828 319 3049 381 propter
3090 311 3287 382 regiam
3317 313 3544 383 dignita-

315 391 540 454 εἰκότως
566 392 821 458 εὐσεϐοῦς
849 394 1164 466 ἐτύγχανεν.
1203 396 1365 451 Ἀλλά
1381 398 1482 453 σοι
1502 400 1668 468 μόνῳ
1691 400 1875 469 ἦμαρ-

316 498 442 546 τσν,
491 482 707 551 ἔλεγεν
759 487 945 556 ἐπειδὴ
992 491 1139 557 μόνῳ
1179 487 1259 559 τῷ
1287 489 1406 560 Θεῷ
1434 491 1508 560 μὴ
1543 492 1879 561 ἁμαρτάνειν

317 573 463 641 ἡμᾶς
506 573 657 642 μέλει
687 573 763 638 ὡς
816 574 1137 648 δημιουργῷ
1170 579 1476 650 φειδομένῳ
1500 580 1596 634 τοῦ
1626 582 1875 652 πλάσμα-

315 661 593 726 το,.’1σως
619 663 697 729 δὲ,
717 665 823 719 Καὶ
860 665 926 719 τὸ
958 667 1225 734 πονηρὸν·
1247 668 1508 724 ἐνώπιόν
1529 686 1647 726 σου
1674 670 1879 739 ἐποῖη-

318 764 430 804 σαο
467 751 551 803 ὅτι
591 752 809 807 πάντων
850 754 927 817 ὡς
969 754 1181 823 βασιλεῖ
1229 759 1625 829 χαριζομένων,
1676 761 1772 814 καὶ
1814 765 1878 832 τῇ

321 844 500 912 σιωπῇ
530 842 879 912 κρυπτόντων
911 845 973 898 τὸ
1013 847 1336 919 ἁμάρτημα,
1362 852 1390 902 ὁ
1421 849 1551 914 Θεὸς
1580 852 1670 904 τδν
1694 852 1882 906 Νάθαν

320 928 531 1000 ἔπεμψε
573 932 669 985 καὶ
706 933 949 1004 πονηράν
988 931 1300 1008 οὖσαν-τὴν
1344 939 1549 1009 πρᾶξιν
1590 941 1891 1011 ἐξήλεγξε,

320 1021 419 1074 καὶ
464 1020 607 1084 τίνος
660 1021 817 1077 τοῦτο
871 1025 1064 1096 χάριν,
1126 1028 1197 1081 τά
1246 1029 1374 1100 ἑξῆς
1439 1030 1709 1087 ἀκόλουθα
1771 1033 1882 1087 δεί-

323 1128 531 1166 κνυσιν.

396 1220 416 1254 ι
462 1202 594 1255 Ἰδοὺ
624 1202 734 1275 γὰρ
758 1205 818 1258 ὲν
846 1206 1098 1293 ἀνομίαις
1130 1210 1491 1282 συνελήφθην.
1528 1230 1550 1265 s

388 1385 575 1439 Ταῦτα
610 1387 674 1440 οὐ
716 1389 874 1457 μόνον
897 1388 986 1443 διά
1025 1389 1117 1443 τὸν
1146 1389 1320 1460 ῥύπον
1357 1391 1449 1446 τὸν
1475 1393 1544 1447 ὲκ
1580 1393 1677 1447 τοῦ
1717 1394 1887 1465 Ἀδάμ

322 1476 695 1546 καταγόμενον
719 1477 955 1546 λέγεται⁸
974 1481 1138 1535 αὐτοῦ
1164 1482 1272 1553 γάρ
1294 1482 1456 1537 ἕνεκα
1472 1487 1707 1555 ῥυπαροὶ
1732 1503 1886 1555 νομι-

324 1564 527 1634 ζόμεθα
556 1566 803 1635 γίνεσθαι
824 1608 839 1631 ,
872 1568 1011 1622 ὥστε
1041 1572 1135 1624 καὶ
1168 1574 1297 1642 πρὶν
1326 1573 1502 1627 ὲλθεῖν
1533 1578 1612 1638 εἰς
1633 1575 1747 1639 ἕξιν
1769 1577 1889 1646 ἡλι-

1983 409 2111 455 tem.
2165 401 2409 471 Namque
2447 402 2549 456 hoc
2575 401 2856 471 indignum
2887 402 3076 457 fuisset
3102 412 3157 458 et
3200 404 3463 473 propheta
3491 412 3548 460 ct

1980 506 2125 561 rege,
2175 490 2269 560 qui
2299 492 2493 545 merito
2529 491 2652 561 pius
2687 492 3006 546 habebatur.
3040 492 3144 547 Sed
3177 494 3271 547 tibi
3299 494 3397 547 soli
3426 511 3545 564 pec-

1981 582 2114 644 cavi,
2160 581 2441 650 inquiebat
2472 598 2485 635 :
2521 582 2773 652 quoniam
2803 582 2902 636 soli
2935 580 3044 636 Deo
3066 590 3315 651 tanquam
3344 585 3544 655 Opifici,

1980 679 2036 724 et
2065 670 2305 740 ﬁgmenti
2345 671 2425 726 sui
2460 673 2764 735 miserenti,
2800 687 2945 726 cura:
2984 681 3069 725 est
3119 688 3191 726 ne
3231 689 3544 741 peccemus.

1982 758 2047 811 Et
2084 760 2164 813 sic
2206 760 2368 814 etiam
2426 760 2579 825 illud,
2615 760 2679 813 Et
2716 760 2919 814 malum
2961 776 3148 813 coram
3170 768 3218 813 te
3243 762 3364 830 feci,
3395 763 3550 816 addi-

1981 849 2101 912 dit,
2160 850 2415 918 quoniam
2462 852 2683 920 reliquis
2724 851 2978 905 omnibus
3024 850 3073 904 ei
3129 857 3381 919 tanquam
3438 853 3548 921 regi

1983 938 2384 1010 indulgentibus
2409 980 2424 1003 ,
2458 947 2513 993 et
2543 948 2822 1008 peccatum
2866 940 3082 994 silentio
3120 940 3549 1009 contegentihus.

1983 1029 2125 1084 Deus
2159 1029 2307 1083 misit
2337 1028 2570 1090 Nathan,
2602 1037 2656 1082 et
2692 1029 2958 1083 nefarium
3004 1029 3135 1083 illud
3163 1028 3339 1082 scelus
3375 1043 3555 1097 repre-

1985 1120 2175 1174 hendit
2204 1138 2217 1174 :
2255 1127 2311 1173 et
2336 1135 2435 1173 cur
2464 1121 2565 1174 hoc
2592 1119 2780 1173 fecerit
2812 1119 3092 1188 sequentia
3116 1119 3411 1174 declarant.

2053 1209 2214 1263 Vens.
2254 1209 2311 1263 7.
2348 1229 2365 1260 ι
2402 1208 2540 1265 Ecce
2581 1209 2727 1264 enim
2762 1209 2817 1263 in
2852 1208 3231 1278 iniquitatibus
3254 1216 3551 1277 conceptus

1986 1315 2128 1355 sum.
2166 1318 2186 1351 ι
3614 1290 3617 1293 ’

2058 1390 2181 1445 Haec
2236 1406 2345 1445 non
2409 1392 2669 1446 dicuntur
2717 1393 2899 1447 solum
2951 1400 3178 1461 propter
3233 1390 3423 1446 sordes
3485 1389 3551 1443 ab

1990 1483 2195 1535 Adamo
2248 1490 2551 1536 contractas
2600 1498 2613 1535 :
2665 1497 2793 1535 nam
2846 1482 3080 1551 pollutos
3108 1496 3209 1535 nos
3249 1481 3369 1549 ejus
3393 1494 3552 1533 causa

1990 1573 2139 1628 nasci
2162 1573 2534 1643 cognovimus,
2558 1562 2721 1626 itaut
2747 1573 3061 1642 priusquam
3087 1571 3154 1625 ad
3178 1578 3393 1625 aetatem
3423 1568 3549 1622 boni

323 1655 445 1719 κίας
465 1656 630 1710 καλοῦ
652 1658 747 1711 καὶ⁵
768 1659 935 1711 κακοῦ
952 1660 1247 1731 δεχομένης
1264 1664 1553 1735 διάκρισιν,
1569 1664 1885 1734 καθάρσεως

1989 1673 2046 1717 et
2072 1661 2200 1715 mali
2237 1660 2604 1715 discretricem
2630 1659 3035 1728 perveniamus,
3069 1657 3224 1726 quasi
3249 1672 3279 1710 a
3312 1655 3551 1725 parenti-

321 1748 398 1810 ὼς
424 1749 488 1800 ἐκ
525 1747 780 1819 πατέρων
816 1750 1200 1820 ὲρῤυπωμένοι
1227 1753 1527 1824 χρῄσομεν.
1577 1753 1749 1808 Τοῦτο
1781 1756 1889 1826 γάρ

323 1836 418 1891 καὶ
446 1839 598 1906 παρά
625 1837 704 1908 τῷ
740 1838 861 1890 ’1ὼὸ
888 1840 1178 1909 εἰρημένον
1210 1843 1537 1913 εὑρήσομεν⁵
1579 1845 1696 1910 Τίς,
1733 1847 1887 1914 φησὶ,

324 1926 695 1995 καυχήσεται
720 1929 979 1996 καθαρὸς
999 1926 1153 1983 εἷναι
1176 1930 1294 1985 ἀπὸ
1309 1933 1512 1999 ῥύπου
1536 1948 1554 1995 ;
1578 1933 1718 1988 ἀλλ’
1753 1935 1892 1989 οὔτε

319 2018 568 2087 βρέφος,
582 2020 699 2072 κᾶν
710 2015 754 2089 ᾖ
762 2021 871 2088 μία
894 2020 1084 2089 ἡμέρα
1103 2024 1140 2089 ἡ
1164 2022 1274 2090 ζωὴ
1296 2024 1503 2079 αὐτοῦ.
1527 2025 1667 2095 Πρὸς
1682 2026 1893 2090 τούτοις

328 2110 541 2181 μητέρα
566 2110 665 2179 τῆς
699 2110 972 2180 ἁμαρτίας
993 2112 1092 2183 τὴν
1117 2113 1415 2183 ἐπιθυμίαν
1439 2116 1472 2185 ή
1492 2114 1679 2185 Γραφὴ
1709 2117 1892 2171 καλεῖν

326 2201 361 2269 ὴ
389 2199 749 2264 θεόπνευστος
795 2200 1010 2256 εἴωθεν.
1047 2204 1310 2271 Ἐγγονον
1343 2204 1400 2258 δὲ
1439 2206 1892 2279 πάλιννέκατέρας

327 2292 422 2363 τὸν
493 2292 720 2347 θάνατον
778 2294 873 2346 καί
951 2299 1219 2367 μαρτυρεῖ
1268 2299 1297 2351 ὁ
1364 2298 1617 2364 Ἰάκωσος
1678 2301 1890 2370 λέγων*

341 2383 411 2439 Ἦ
454 2385 737 2454 ἐπιθυμία
793 2387 1192 2442 συλλαϐοῦσα
1242 2390 1426 2444 τίκτει
1485 2393 1793 2460 ἁμαρτίαν,
1850 2393 1889 2461 ἡ

326 2474 397 2528 δὲ
435 2475 691 2544 ἁμαρτία
747 2476 1221 2535 ἀποτελεσθεῖσα
1290 2482 1540 2536 ἀποκύει
1609 2486 1890 2538 θάνατον.

332 2565 493 2618 Ὥστε
511 2566 639 2621 ὅταν
662 2567 1090 2640 ἀμαρτάνωμεν,
1112 2573 1169 2625 ὲν
1191 2573 1491 2644 ἁμαρτίαις
1518 2574 1891 2647 συλλαμϐανό-

332 2654 493 2723 μεθα.

404 2764 424 2794 ι
474 2746 738 2810 Ῥαντιεῖς
771 2765 837 2817 με
870 2749 1129 2822 ὑσσώπῳ.
1165 2771 1187 2804 ι

397 2834 610 2904 Ὥσπερ
639 2838 733 2891 καὶ
768 2841 929 2909 ἡμεῖς
952 2843 1013 2895 ἐν
1040 2846 1107 2914 τῇ
1136 2844 1312 2916 δωρεᾷ
1341 2847 1438 2899 τοῦ
1478 2846 1887 2918 βαπτίσματος,

1990 1750 2093 1805 bus
2145 1749 2496 1804 contaminati
2544 1748 2865 1820 purgatione
2916 1748 3276 1817 indigeamus.
3318 1744 3457 1811 Quin
3500 1753 3551 1799 et

1992 1841 2098 1896 hoc
2124 1841 2193 1895 ab
2225 1841 2347 1910 ipso
2373 1838 2510 1895 Jobo
2532 1840 2739 1895 dictum
2766 1839 3101 1909 reperiemus
3128 1838 3323 1903 :rQuis,
3356 1835 3553 1904 inquit,

1990 1930 2301 2001 gloriabitur
2357 1932 2579 1985 mundus
2630 1942 2737 1984 esse
2778 1948 2810 1984 α
2839 1931 3076 1984 sordibus
3102 1929 3127 1982 ?
3153 1929 3243 1982 sed
3284 1944 3446 1998 neque
3471 1926 3555 1980 in-

1993 2023 2130 2092 fans,
2174 2023 2270 2075 etsi
2312 2023 2489 2093 fuerit
2534 2025 2686 2077 unius
2727 2024 2830 2077 diei
2876 2023 2982 2076 vita
3027 2022 3141 2091 ejus
3176 2021 3238 2072 ".
3288 2010 3555 2074 Praeterea

1992 2107 2197 2176 peccati
2232 2116 2459 2162 matrem
2506 2109 2685 2163 divina
2732 2109 3014 2179 Scriptura
3051 2108 3552 2178 concupiscentiam

1992 2198 2263 2266 appellare
2288 2199 2447 2253 solet.
2486 2199 2694 2255 Rursus
2718 2213 2850 2255 vero
2878 2209 3109 2255 mortem
3149 2196 3429 2268 utrius‘que
3461 2212 3557 2269 ge-

1993 2287 2241 2342 nitricem
2271 2303 2389 2344 esse
2406 2287 2639 2345 Iacobus
2656 2297 2885 2345 testatur
2912 2290 3104 2345 dicens
3134 2306 3153 2344 :
3180 2288 3559 2358 Concupiscen-

1994 2378 2071 2431 tia
2122 2396 2237 2432 cum
2263 2382 2569 2448 conceperit,
2622 2382 2764 2451 parit
2802 2391 3072 2451 peccatum
3098 2397 3117 2445 ;
3147 2390 3415 2451 peccatum
3438 2395 3557 2433 vero

1992 2486 2108 2523 cum
2140 2480 2556 2526 consummatum
2594 2474 2770 2543 fuerit,
2807 2482 3021 2543 generat
3046 2480 3264 2526 mortem
3282 2472 3348 2523 ¹⁸.
3377 2470 3558 2537 Quare

1992 2576 2116 2618 cum
2143 2577 2455 2633 peccamus,
2489 2564 2543 2623 in
2578 2565 2814 2634 peccatis
2842 2565 3200 2635 concipimnr.

2064 2765 2227 2820 Vens.
2258 2765 2311 2821 9.
2354 2783 2372 2816 ι
2404 2765 2671 2838 Asperges
2696 2766 3067 2839 me'byssopo.
3106 2784 3124 2819 ι

2063 2854 2529 2921 Quemadmodum
2557 2868 2612 2912 et
2649 2873 2749 2912 nos
2771 2858 2827 2912 in
2864 2858 3116 2928 baptismi
3151 2858 3295 2912 dono
3316 2870 3453 2925 aqua
3480 2854 3559 2908 lao
3616 2865 3625 2872 ·

325 2922 404 2994 τῷ
441 2925 538 2995 μὲν
574 2925 728 2980 ὕδατι
761 2929 1098 3001 πλυνόμεθα,
1124 2934 1201 3005 τῷ
1235 2934 1290 2988 δὲ
1328 2937 1600 3009 πνεύματι
1631 2937 1885 3010 λαμπρυ-

1992 2962 2203 3015 vamnr,
2232 2949 2327 3005 sed
2358 2948 2551 3020 spiritu
2579 2947 2939 3004 illustramur.

326 3016 551 3086 νόμεθα.

400 3127 420 3161 ι
470 3109 769 3175 Ἀκουτιεῖς
804 3132 869 3182 με
905 3116 1252 3184 ἀγαλλίασιν.
1297 3139 1315 3171 ι

393 3199 788 3257 Ταπεινοῦνται
822 3206 920 3275 μὲν
946 3209 1013 3261 τά
1041 3209 1141 3278 τῆς
1170 3210 1351 3281 ψυχῆς
1390 3212 1574 3281 ὀστέα,
1609 3217 1890 3270 τουτέστιν

324 3291 381 3344 αί
435 3292 836 3364 δυνάμεις,ὑπὸ
872 3298 973 3367 τῆς
1021 3300 1320 3371 ἁμαρτίας,
1365 3304 1458 3356 καὶ
1487 3306 1888 3375 συντρίϐονται·

324 3382 461 3436 ἀλλά
502 3387 567 3454 τῇ
601 3388 861 3457 μετανοίᾳ
906 3390 1148 3445 σωθέντα
1185 3394 1510 3460 ἀναθάλλει,
1542 3396 1638 3450 καὶ
1678 3400 1760 3462 είς
1794 3398 1892 3471 τὴν

325 3473 499 3542 χαράν
527 3474 627 3545 τὴν
657 3476 892 3546 ἀρχαίαν
914 3479 1301 3552 ἐπανέρχεται.

401 3580 421 3613 ι
466 3564 829 3636 Ἀπόστρεψον
847 3567 907 3620 τὸ
935 3570 1234 3640 πρόσωπόν
1262 3590 1377 3629 σου.
1412 3594 1431 3628 ι

407 3649 535 3705 Ἐὰν
558 3654 665 3725 γάρ
692 3656 766 3727 μὴ
799 3658 1218 3731 παραόλέίᾷηται
1268 3663 1514 3737 ἡμέτερα
1546 3669 1888 3741 πταίσματα,

327 3741 565 3813 σωθῆναι
609 3747 671 3798 οὐ
714 3746 1009 3817 δυνάμεθα.
1036 3751 1155 3814 Πῶς
1195 3753 1251 3806 δὲ
1291 3754 1452 3809 τοῦτο
1490 3760 1886 3831 κατορθοῦται;

327 3835 495 3889 Ὅταν
518 3839 677 3908 ἡμεῖς
697 3841 907 3908 ἀγαθὰς
939 3842 1168 3912 πράξεις
1191 3845 1288 3899 κα)⁸
1308 3848 1508 3915 ἀρετὰς
1534 3850 1887 3923 ἀσκήσωμεν,

328 3926 414 3981 ἵνα
441 3928 536 3981 τοῦ
573 3930 758 4000 κριτοῦ
790 3934 881 3986 τὸν
914 3935 1191 4007 ὀφθαλμὸν
1230 3940 1309 4001 είς
1337 3940 1506 4005 αὺτάς
1552 3945 1891 4015 μετενέγκωο

327 4034 446 4087 μεν·
476 4020 620 4074 οὕτω
651 4022 761 4094 γάρ
793 4025 1009 4095 καὶτῆς
1027 4027 1136 4080 τῶν
1157 4030 1442 4099 ἡμετέρων
1471 4034 1890 4107 ἁμαρτημάτων

323 4108 554 4181 θεωρίας
572 4114 733 4167 αὑτὸν
764 4116 1069 4188 ἀποστῆσαι
1096 4118 1393 4191 δυνάμεθα.

396 4220 417 4253 ι
455 4203 565 4256 Καὶ
603 4204 783 4269 πάσας
816 4207 1047 4278 ἀνομίας
1083 4226 1187 4279 μου
1223 4210 1526 4285 ἐξάλειψον.
1566 4236 1586 4268 ι

2061 3123 2227 3181 Vens.
2256 3124 2345 3180 ιο.
2375 3143 2393 3177 ι
2434 3126 2636 3181 Audire
2658 3141 2745 3181 me
2766 3125 2933 3182 facies
2955 3126 3231 3196 gaudium.
3264 3143 3284 3179 s

2060 3215 2424 3271 Humiliantur
2434 3217 2653 3286 quidem
2676 3217 2869 3272 animae
2890 3217 3091 3283 ossa,id
3110 3226 3194 3271 est
3210 3217 3408 3281 vires,a
3428 3230 3554 3287 pec-

1990 3317 2111 3363 cato
2135 3326 2150 3373 ;
2186 3316 2560 3364 verumtamen
2591 3310 2748 3364 saluti
2777 3324 2875 3379 per
2900 3311 3278 3380 pcenitentiam
3305 3312 3565 3368 restituta

1989 3398 2201 3462 ﬂorent,
2251 3404 2306 3453 et
2334 3399 2389 3453 in
2421 3400 2704 3470 pristinam
2728 3401 2963 3455 laetitiam
2992 3411 3362 3463 revertuntur.
3429 3437 3435 3444 -

2061 3595 2227 3655 Vens.
2258 3599 2345 3653 11.
2382 3617 2400 3651 ι
2444 3597 2643 3655 Avert‘e
2677 3599 2869 3655 faciem
2903 3610 3068 3655 tuam.
3111 3621 3132 3654 ι

2057 3688 2194 3744 Nam
2244 3690 2346 3744 nisi
2393 3691 2681 3745 conniveat
2735 3692 2803 3746 ad
2851 3701 3067 3762 peccata
3114 3702 3320 3754 nostra,
3364 3694 3555 3748 saliari

1990 3782 2212 3836 minime
2258 3796 2567 3852 possumus.
2599 3781 2705 3837 Sed
2735 3798 2844 3854 quo
2873 3792 3028 3854 pacto
3060 3783 3112 3838 id
3158 3784 3429 3843 emcitur?
3464 3785 3559 3839 Ni-

1988 3872 2188 3927 mirum
2235 3887 2357 3927 cum
2397 3888 2562 3943 opera
2602 3874 2740 3929 bona
2770 3883 2825 3929 et
2864 3876 3091 3929 virtutes
3120 3876 3557 3949 exercuerimus,

1990 3974 2051 4021 ut
2095 3964 2290 4034 iudicis
2324 3965 2511 4020 oculos
2548 3966 2614 4020 ad
2636 3966 2755 4022 illas
2801 3977 3182 4023 convertamus
3231 3986 3244 4021 :
3298 3967 3370 4022 ita
3412 3967 3556 4023 enim

1990 4056 2139 4110 illum
2169 4057 2237 4111 ab
2255 4055 2454 4112 intuitu
2476 4056 2791 4112 delictorum
2819 4065 3128 4114 nostrorum
3163 4068 3409 4113 avertere
3434 4074 3555 4129 pos-

1992 4163 2202 4201 sumus.

2070 4259 2088 4292 ι
2126 4239 2193 4294 Et
2217 4256 2405 4296 omnes
2437 4240 2748 4312 iniquitates
2769 4257 2917 4298 meas
2939 4242 3075 4297 dele.
3115 4262 3133 4294 ι

390 4293 465 4345 Οὐ
498 4294 648 4363 μίαν,
673 4295 808 4349 ἀλλά
840 4298 1042 4361 πάσαςθ
1078 4300 1236 4371 ἱκανὴ
1266 4301 1375 4373 γὰρ
1396 4304 1491 4357 καὶ
1522 4306 1554 4377 ή
1584 4306 1684 4377 μία
1713 4325 1885 4380 παρα-

2062 4329 2180 4384 Νοιι
2211 4346 2394 4394 unam,
2421 4331 2513 4385 sed
2538 4346 2728 4386 omnes
2755 4349 2768 4385 :
2801 4348 3034 4401 namque
3061 4333 3145 4387 vel
3169 4349 3274 4387 una
3305 4333 3433 4388 satis
3450 4341 3553 4397 est,

322 4381 534 4453 πέμψαι
568 4386 706 4455 πρὸς
745 4388 995 4455 γέενναν.
1024 4390 1117 4463 Μὴ
1164 4393 1344 4448 τοίνυν
1373 4396 1534 4465 ἡμεῖς
1567 4399 1666 4469 τῆς
1690 4401 1887 4471 τυχούο

322 4489 421 4565 σης
448 4476 726 4565 ἁμαρτίας
775 4482 1160 4555 ἀμελήσωμεν.
1196 4487 1320 4543 Ἐὰν
1346 4490 1453 4562 γὰρ
1488 4493 1882 4565 ἐσπιλωμένος,

318 4556 526 4625 οὗτινος
556 4558 625 4635 ἦν
652 4566 889 4637 ρύπου,ὀ
906 4571 1073 4643 χιτὼν
1091 4573 1289 4645 εὑρεθῆ
1311 4578 1340 4629 ὁ
1360 4556 1655 4651 ἡμέτερος,
1685 4556 1766 4647 είς

318 4654 583 4747 νυμφῷνα
609 4660 869 4715 εἰσελθεῖν
892 4663 986 4717 τοῦ
1020 4664 1304 4736 βασιλέως,
1334 4669 1366 4741 ἦ
1404 4674 1645 4741 πατῆσαι
1666 4678 1766 4747 τὴν
1789 4681 1884 4732 αὐ-

318 4743 415 4839 λὴν
442 4746 503 4799 ού
547 4748 847 4821 δυνάμεθα.
893 4756 1065 4811 Τοῦτο
1115 4761 1144 4812 ό
1186 4760 1401 4826 Παῦλος
1465 4743 1884 4839 ἐπισφραγίζων

316 4834 502 4931 ἔλεγε)
565 4842 661 4909 Μὴ
706 4844 1024 4902 πλανᾶσθε
1053 4864 1067 4877 ·
1108 4849 1248 4905 οὔτε
1289 4854 1521 4921 πόρνοι,
1583 4834 1736 4914 δότε
1768 4878 1882 4931 μα-

314 4928 509 4995 λακοί,
550 4932 690 4986 οὔτε
727 4938 1101 5003 πλεονέκται,
1130 4940 1270 4996 οὔτε
1284 4944 1559 5012 μέθυσοι,
1590 4951 1663 5001 οὐ
1681 4928 1884 5005 λοίδο-

306 5036 425 5086 ροι,
469 5025 582 5093 οὐχ
633 5025 898 5095 ἅρπαγες
946 5029 1272 5092 βασιλειαν
1316 5035 1466 5089 Θεοῦ
1503 5040 1881 5111 κληρονομή-

313 5124 520 5167 σουσι.

393 5222 413 5254 ι
450 5205 696 5275 Καρδίαν
726 5210 973 5282 καθαράν
1000 5213 1182 5267 κτίσον
1219 5215 1277 5268 ἐν
1307 5217 1482 5285 suam

385 5293 496 5362 Οὐχ
522 5294 610 5347 ἴνα
635 5296 733 5368 τὴν
761 5298 923 5368 φύσιν
972 5302 1192 5373 ἀμείψει
1235 5305 1408 5375 (οὐδὲν
1439 5307 1548 5380 γάρ
1576 5309 1715 5383 αὕτη
1739 5313 1879 5380 φαῦ-

314 5381 403 5435 λον
437 5384 761 5458 ἐκέκτητο)·
820 5390 937 5445 ἀλλ’
989 5392 1075 5447 ἵνα
1123 5394 1212 5448 τὸν
1254 5396 1516 5470 λογισμὸν
1552 5401 1653 5471 τῆς
1698 5381 1878 5476 ψυχῆς

387 5562 428 5595 ⁸⁷
458 5562 578 5622 Job.
615 5582 722 5630 xw.
745 5567 797 5624 ες.
878 5568 920 5599 ³⁸
940 5566 1052 5625 Jac.
1084 5587 1121 5637 ι,
1152 5571 1234 5625 l5.
1313 5573 1354 5605 ”
1387 5569 1407 5627 Ι
1434 5574 1555 5632 Cor.
1585 5592 1658 5644 Vl,
1686 5576 1738 5636 9.

1989 4430 2049 4476 ut
2082 4421 2258 4475 mittat
2282 4422 2337 4475 in
2373 4422 2702 4493 gehennam.
2735 4422 2813 4477 Ne
2847 4438 2976 4494 ergo
3015 4440 3116 4479 nos
3155 4425 3241 4479 vel
3273 4425 3554 4481 minimum

1987 4518 2268 4579 peccatum
2309 4509 2643 4582 negligamns
2675 4527 2689 4563 :
2718 4525 2844 4564 nam
2888 4510 2933 4565 si
2956 4510 3040 4566 vel
3082 4510 3185 4565 levi
3220 4511 3431 4565 macula
3460 4526 3553 4564 ve-

1988 4600 2087 4655 stis
2118 4610 2303 4657 nostra
2331 4601 2549 4656 sordida
2597 4600 2817 4657 inventa
2862 4601 3046 4670 fuerit,
3073 4618 3177 4659 nec
3202 4604 3343 4674 regis
3368 4602 3550 4657 thala-

1987 4706 2134 4743 mum
2187 4691 2417 4761 ingredi,
2463 4705 2567 4745 nec
2597 4691 2773 4744 aulam
2822 4692 3031 4746 calcare
3085 4692 3405 4762 poterimus.
3442 4687 3555 4742 Hoc

1986 4780 2184 4835 Paulus
2230 4780 2559 4835 confirmans
2588 4781 2724 4835 dixit
2755 4799 2768 4836 :
2795 4781 2973 4836 Nolite
2998 4798 3178 4836 errare
3206 4797 3224 4835 :
3253 4795 3415 4848 neque
3442 4779 3551 4847 for-

1984 4873 2198 4936 nicarii,
2228 4889 2389 4943 neque
2411 4873 2613 4939 molles,
2644 4890 2806 4944 neque
2827 4875 2999 4940 avari,
3031 4891 3197 4944 neque
3222 4871 3431 4931 ebriosi,
3462 4883 3552 4921 ne-

1984 4978 2083 5031 que
2125 4963 2369 5017 maledici
2397 5003 2413 5031 ,
2446 4980 2609 5034 neque
2636 4981 2853 5046 rapaces
2879 5003 2894 5029 ,
2942 4981 3158 5035 regnum
3191 4962 3289 5016 Dei
3322 4958 3550 5028 posside-

1986 5051 2112 5104 bunt
2145 5052 2203 5104 ¹⁹.

2057 5227 2219 5286 Vens.
2260 5230 2345 5284 19..
2377 5251 2396 5283 ι
2426 5232 2533 5287 Cor
2567 5234 2827 5287 mundum
2857 5248 2978 5287 crca
3012 5231 3064 5284 in
3105 5246 3209 5284 me.
3241 5249 3259 5281 ι

2057 5320 2170 5375 Non
2200 5329 2259 5375 ut
2294 5329 2542 5376 naturam
2589 5329 2759 5375 mutet
2804 5321 2961 5390 (nilnil
2984 5321 3129 5375 enim
3157 5321 3243 5375 illa
3271 5319 3393 5374 ntali
3421 5334 3547 5389 pos-

1986 5411 2204 5482 siderat)
2236 5428 2248 5465 :
2274 5412 2368 5467 sed
2402 5420 2460 5466 ut
2483 5410 2835 5480 cogitationes
2859 5411 3023 5467 animi
3053 5413 3296 5480 mundet,
3320 5420 3375 5467 et
3402 5411 3546 5467 cluat
