4036 6200
545 172 679 259 1203

1718 189 2088 260 HESYCHII
2127 194 2596 261 PRESBYTER!

3638 203 3775 273 1201

540 299 780 356 maculas
809 298 928 370 ejus
955 339 970 366 ,
1003 300 1278 371 voluptate
1315 309 1370 355 et
1397 298 1638 357 consiliis
1665 300 1864 357 diaboli
1894 310 2094 359 contra-

2209 305 2445 377 καθάρῃ,
2478 307 2572 361 καὶ
2599 307 2968 381 διορθώσηται
3001 312 3248 382 ῥυπαρὸν
3272 313 3394 377 ταῖς
3425 314 3641 384 ἡδοναῖς
3679 321 3777 375 καὶ

540 399 657 444 ctas
684 408 698 444 :
724 405 850 444 nam
880 407 1060 445 creare
1085 391 1140 445 in
1161 389 1331 446 sacris
1350 389 1571 448 Litteris
1594 390 1914 464 plerumque
1940 394 2107 467 signi-

540 477 667 535 ﬁcat
696 482 988 552 corrigere.

612 673 630 702 ι
660 653 728 707 Et
754 650 1000 721 spiritum
1030 659 1238 709 rectum
1269 656 1488 725 innova.
1524 675 1544 709 ι

608 741 799 795 Cernis
820 742 1150 812 prophetam
1182 759 1371 812 orare,
1396 761 1508 801 non
1538 754 1595 800 ut
1615 754 1862 802 naturam
1891 756 2099 817 mutet,

538 833 631 887 sed
660 841 720 886 ut
744 835 915 903 gratia
943 835 1214 901 adveniat,
1261 845 1320 892 ut
1348 837 1616 893 laboranti
1650 848 1879 909 naturae,
1907 856 1971 896 ac
2004 844 2105 899 sub

537 931 763 993 peccato
814 926 1192 991 veterascenti,
1248 942 1410 998 opem
1456 928 1615 984 ferat.
1659 928 1917 999 Spiritum
1954 933 2101 989 enim

538 1022 740 1067 rectum
789 1023 966 1078 vocat,
1016 1031 1128 1070 non
1169 1016 1387 1072 vitalem
1416 1018 1568 1073 illum
1594 1019 1685 1088 qui
1718 1020 1775 1074 in
1802 1021 1960 1077 nobis
1998 1030 2100 1087 est,

536 1103 630 1158 sed
663 1104 955 1174 ipsummet
988 1105 1248 1175 Spiritum
1270 1106 1365 1162 Dei
1390 1124 1405 1174 ;
1440 1109 1508 1164 de
1534 1125 1643 1179 quo
1670 1110 1728 1165 in
1757 1112 1863 1167 alio
1891 1113 2101 1182 psalmo

533 1194 733 1249 cecinit
774 1212 787 1248 :
834 1194 1065 1266 Spiritus
1095 1206 1216 1252 tuus
1246 1199 1409 1253 bonus
1440 1200 1656 1256 deducet
1705 1193 1787 1257 nte
1819 1205 1873 1257 in
1903 1213 2100 1259 terram

535 1287 820 1339 rectam“.
854 1285 1009 1341 Hune
1050 1296 1201 1352 orat,
1234 1298 1292 1344 ut
1338 1291 1390 1344 in
1444 1292 1763 1359 visceribus,
1796 1294 1901 1350 hoc
1928 1306 2013 1350 est
2041 1298 2098 1353 in

534 1377 862 1434 necessariis
895 1388 950 1434 et
972 1380 1207 1435 maxime
1238 1381 1378 1450 aptis
1408 1383 1603 1438 animae
1635 1385 1898 1453 partibus,
1940 1387 2096 1443 iuno.

532 1477 710 1534 vetur,
738 1478 1007 1539 quatenus
1033 1486 1230 1540 nempe
1257 1472 1313 1525 in
1350 1474 1507 1528 nobis
1543 1483 1701 1530 antea
1732 1491 1841 1530 non
1865 1478 2099 1546 perfecte

534 1558 830 1625 habitabat,
881 1576 1059 1631 neque
1105 1563 1526 1633 conquiescebat
1559 1566 1629 1620 ob
1672 1566 2096 1626 imbecillitatem

531 1660 792 1717 nostram,
819 1667 926 1722 qua
959 1653 1254 1722 perfectam
1298 1655 1524 1725 gratiam
1556 1658 1832 1727 suscipere
1873 1661 2097 1717 minime

531 1740 953 1797 sulliciebamus.
1002 1742 1363 1811 Quamobrem
1402 1746 1536 1816 petit
1557 1747 1707 1803 illum
1732 1752 2002 1815 renovari,
2040 1762 2100 1808 ut

531 1845 754 1900 prorsus
775 1831 831 1885 in
856 1832 1012 1887 nobis
1033 1833 1311 1903 expleatur
1336 1850 1354 1888 :
1382 1851 1507 1891 nam
1530 1836 1744 1905 domus,
1769 1855 1887 1909 quae
1912 1842 2098 1912 exple-

532 1924 623 1974 tur
647 1929 700 1976 et
724 1931 968 1989 ornatur,
991 1924 1180 1979 eadem
1202 1924 1514 1983 innovatur.

599 2095 775 2156 Grave
803 2110 907 2165 est,
942 2097 987 2157 si
1014 2115 1203 2159 servus
1232 2106 1438 2163 vultum
1470 2106 1685 2164 Domini
1714 2108 1988 2180 oﬂeudat;
2015 2114 2093 2169 uti

531 2191 694 2246 etiam
725 2209 886 2264 grave
916 2203 1020 2261 est,
1048 2196 1095 2251 si
1127 2196 1268 2253 ﬁlius
1299 2201 1465 2268 patris
1494 2212 1549 2257 et
1568 2204 1725 2259 miles
1753 2205 1897 2276 regis
1918 2207 2113 2291 oll‘en-_

526 2284 736 2339 sionem
777 2285 1017 2344 incurrat
1046 2307 1060 2343 :
1096 2292 1337 2361 nam’qui
1372 2294 1683 2365 bujusmodi
1714 2307 1830 2363 est,
1860 2302 2084 2366 extorri,

525 2376 798 2446 reperitur
822 2394 836 2433 :
863 2388 919 2435 at
945 2379 987 2435 si
1017 2380 1140 2450 quis
1162 2382 1265 2439 hoc
1297 2383 1352 2438 in
1373 2384 1543 2441 Deum
1563 2386 1774 2454 fecerit,
1810 2389 2093 2447 interitum

525 2468 625 2523 sibi
654 2478 826 2540 parat.
866 2470 1144 2541 Siquidem
1174 2488 1282 2529 non
1307 2476 1481 2531 solum
1527 2479 1686 2534 nobis
1715 2478 1873 2535 Pater
1892 2498 1956 2537 ac
1988 2483 2087 2537 Do-

523 2560 703 2617 minus
739 2573 795 2618 et
829 2563 943 2619 lle:
980 2565 1121 2621 Deus
1154 2576 1241 2622 est
1265 2605 1282 2639 ,
1320 2567 1417 2623 sed
1444 2570 1708 2640 quidquid
1732 2572 1914 2628 dicere
1937 2584 2090 2645 potes

524 2666 590 2705 ex
617 2652 684 2707 iis
715 2670 834 2725 quae
871 2656 939 2711 ad
961 2657 1150 2724 vitam,
1188 2657 1614 2715 incolumitatem
1646 2671 1702 2718 et
1729 2664 1958 2719 salutem
1991 2682 2091 2721 no-

2207 398 2329 459 ταῑς
2362 398 2631 461 ἐπινοίαις
2671 399 2766 455 τοῦ
2793 399 3044 455 διαϐόλου
3072 403 3403 472 γενόμενονο
3431 405 3633 462 κτίσαι
3665 410 3775 481 γὰρ

2209 487 2362 555 παρά
2399 491 2464 559 τῇ
2504 488 2626 562 θείᾳ
2649 490 2845 563 Γραφῇ
2881 492 3139 557 πολλάκις
3164 493 3228 546 τὸ
3255 494 3659 566 διορθώσασθαι
3690 501 3775 556 λί-

2207 593 2386 644 γεται.

2280 680 2303 719 t
2340 667 2448 722 Καὶ
2472 666 2692 739 πνεῦμα
2723 670 2879 736 εύθὲς
2910 671 3241 741 ὲγκαίνισον.
3279 693 3299 727 ι

2274 755 2506 827 Θεωρεῖς
2556 758 2633 823 ὡς
2684 761 2745 815 οὐ
2787 761 2887 832 τὴν
2931 764 3096 832 φύσιν
3116 764 3350 835 ἀμεῖψαι
3382 768 3411 821 ό
3457 770 3768 842 προφήτης,

2201 845 2339 902 ἀλλά
2379 849 2478 920 τὴν
2520 850 2680 924 χάριν
2717 852 2921 919 ἐλθεῖν,
2948 855 3034 908 ἵνα
3060 859 3126 927 τῇ
3152 857 3435 930 καμνούσῃ
3474 864 3544 932 τῇ
3582 864 3766 931 φύσει,

2204 938 2297 992 καὶ
2338 939 2443 994 ὑπὸ
2492 942 2590 1009 τῆς
2636 942 2913 1016 ἁμαρτίας
2987 946 3346 1020 παλαιωθήσῃ
3408 953 3767 1023 προσεύχεται

2204 1031 2467 1107 βοηθήσῃ.
2516 1036 2739 1107 Πνεῦμα
2767 1038 2877 1110 γὰρ
2906 1040 3061 1104 suos;
3083 1042 3145 1094 οὐ
3176 1042 3237 1095 τὸ
3264 1044 3324 1097 ἐν
3351 1047 3486 1114 ἡμῖν
3518 1049 3580 1100 τὸ
3614 1047 3766 1113 ζωτι-

2202 1123 2297 1176 κον
2321 1123 2478 1178 τοῦτο
2496 1126 2667 1195 λέγει,
2691 1128 2804 1181 ἀλλ’
2830 1129 2962 1183 αὐτὸ
2990 1131 3082 1186 τοῦ
3105 1133 3241 1188 Θεοῦ
3261 1135 3322 1188 τὸ
3343 1137 3570 1208 Πνεῦμα
3596 1181 3612 1204 ,
3647 1144 3767 1213 περὶ

2200 1206 2262 1268 οὗ
2286 1214 2343 1269 ἐν
2375 1215 2547 1287 ἑτέρῳ
2568 1217 2768 1289 ψαλμῷ
2794 1219 3132 1292 ἑμελῲδησεν
3160 1240 3172 1253 ·
3203 1226 3274 1280 Τὸ
3295 1206 3537 1297 ara-5,46
3565 1245 3685 1284 σου
3706 1206 3767 1285 τὸ

2200 1302 2426 1372 ἀγαθὸν
2462 1305 2748 1374 ὁδηγήσει
2781 1326 2859 1378 με·
2898 1311 2969 1364 ἐν
3001 1311 3079 1383 γῇ
3121 1316 3342 1382 εὐθείᾳ.
3363 1317 3535 1371 Τοῦτο
3574 1320 3634 1372 ἐν
3661 1325 3764 1385 τοῖς

2199 1395 2452 1476 ἑγκάτοις
2484 1396 2711 1465 ἔγκατα,
2744 1401 3025 1457 τουτέστιν
3055 1405 3113 1458 ὲν
3154 1408 3270 1470 τοῖς
3313 1407 3635 1476 ἀναγκαεοις
3678 1414 3763 1465 καὶ

2199 1486 2320 1540 λίαν
2344 1464 2586 1559 ῗιαιρίοις
2613 1490 2713 1560 τῆς
2742 1489 2926 1560 ψυχῆς
2959 1494 3172 1565 μορίοις
3202 1464 3630 1569 ἐγκαινισθῆναί
3652 1503 3763 1573 βού-

2200 1573 2369 1643 λεται,
2398 1576 2523 1632 ὅσον
2555 1579 2653 1649 μὲν
2683 1582 2774 1634 καὶ
2822 1583 2931 1654 πρὸ
2955 1584 3163 1639 τούτων
3193 1588 3251 1640 ὲν
3283 1588 3420 1657 ἡμῖν
3439 1589 3664 1656 τελείως
3691 1596 3760 1647 ol-

2200 1663 2348 1730 κοῦν,
2369 1666 2491 1719 οὐδὲ
2527 1668 2612 1736 ἐφ’
2636 1670 2768 1752 ημῖν
2792 1670 3209 1743 ἀναπαυόμενον
3242 1674 3329 1728 διὰ
3360 1678 3463 1746 τὴν
3494 1679 3758 1752 ἡμετέραν

2196 1753 2481 1809 ἀσθένειαν
2505 1756 2593 1825 ὑφ’
2624 1750 2694 1830 ἦς
2732 1758 2833 1812 οὐκ
2859 1755 3001 1830 ἦμεν
3028 1762 3206 1816 ἱκανοὶ
3224 1764 3322 1834 τὴν
3348 1765 3517 1836 χάριν
3541 1750 3757 1841 όλόκληυ

2199 1860 2289 1914 ρον
2311 1844 2586 1910 δέξασθαι.
2612 1848 2816 1920 Διόπερ
2832 1850 2962 1904 αὐτὸ
2985 1852 3400 1923 ἐγκαινισοῆναι
3436 1856 3526 1910 ἴνα
3551 1858 3754 1924 πάντως

2194 1936 2254 1990 ὲν
2287 1938 2418 2008 ἡμῖν
2450 1940 2761 2012 ἀπαρτισθῇ
2806 1943 3169 2016 προσεύχεται
3198 1964 3212 1978 ·
3243 1944 3396 2013 οἶκος
3425 1950 3537 2024 γάρ
3562 1954 3590 2005 ὁ
3621 1971 3751 2025 συμ-

2195 2027 2589 2100 πληρούμενος,
2615 2034 2820 2099 ἐκεῖνος
2849 2036 3237 2104 ὲγκαινίζεται.

2264 2121 2452 2175 Κακὸν
2487 2123 2586 2193 μὲν
2624 2125 2810 2198 οἰκέτῃ
2839 2125 2898 2179 τὸ
2924 2127 3018 2180 τοῦ
3063 2128 3324 2183 δεσπότου
3389 2129 3746 2205 ζημειωθῆναι

2193 2212 2484 2280 πρόσωπον
2509 2228 2523 2245 ⁸
2535 2213 2795 2279 ὡσαύτως
2807 2216 2901 2270 καὶ
2927 2216 3026 2287 υἱῷ
3041 2218 3117 2288 τῷ
3131 2219 3222 2272 τοῦ
3247 2223 3474 2293 πατρὸς,
3491 2225 3583 2277 καὶ
3598 2241 3752 2296 στραο

2191 2302 2358 2374 τιὼτῃ
2403 2304 2480 2375 τῷ
2523 2304 2618 2359 τοῦ
2663 2305 2959 2376 βασιλέως·
2991 2309 3266 2381 ὲξόριστος
3303 2315 3414 2384 γὰρ
3450 2316 3481 2368 ὸ
3522 2314 3752 2378 τοιοῦτος

2191 2394 2500 2464 εὑρίσκεται
2528 2410 2542 2425 ⁸
2591 2398 2685 2451 ἐπὶ
2716 2396 2774 2450 δὲ
2801 2395 2935 2452 Θεοῦ
2961 2399 3180 2471 ὄλεθρον
3217 2403 3376 2457 τοῦτο
3404 2407 3753 2476 παρασκευά-

2191 2484 2275 2549 ζει
2312 2486 2389 2556 τῷ
2420 2486 2699 2558 πάσχοντι.
2726 2490 2861 2545 Οὐδὲ
2888 2491 2995 2563 γὰρ
3027 2493 3215 2565 Πατὴρ
3244 2495 3405 2565 μόνον
3431 2498 3529 2551 καὶ
3560 2498 3755 2551 Δεσπός

2188 2596 2286 2650 της
2341 2581 2474 2651 ἡμῖν
2514 2582 2646 2646 Θεὸς
2694 2584 2790 2638 καὶ
2820 2584 3100 2649 Βασιλεὺς,
3148 2587 3284 2641 ἀλλὰ
3313 2588 3424 2642 πᾶν
3458 2589 3658 2660 ὅτιπερ
3695 2590 3756 2644 ἂν

2189 2672 2363 2736 ετποις
2416 2672 2524 2727 τῶν
2567 2675 2646 2738 είς
2698 2674 2843 2746 ζωὴν
2875 2678 2969 2730 καὶ
3015 2679 3288 2747 σωτηρίαν
3338 2679 3438 2751 τὴν
3488 2684 3754 2755 ἡμετέραν

523 2751 688 2799 stram
716 2748 987 2816 pertinere
1014 2746 1258 2820 possant.
1294 2750 1474 2817 Quare
1500 2768 1624 2825 cum
1653 2770 1683 2809 a
1709 2756 1870 2812 nobis
1896 2757 2086 2814 faciem

2196 2763 2570 2820 συντεινόντων
2623 2766 2982 2839 καθέστηκεν.
3039 2746 3203 2830 ’Ὥστε
3232 2813 3247 2835 ,
3288 2746 3417 2826 ὅταν
3463 2746 3563 2843 ἀέῥν
3609 2746 3756 2845 ἡμῶν

522 2838 782 2891 averterit
809 2875 824 2900 ,
857 2839 1037 2895 statim
1082 2838 1343 2911 Spiritum
1372 2851 1618 2899 sanctum
1664 2848 1995 2915 amittimus;
2030 2850 2087 2905 in

2196 2858 2521 2930 ἀποστρέφει
2556 2859 2617 2913 τὸ
2650 2860 2975 2932 πρόσωπον,
3014 2869 3362 2938 παραχρῆμα
3404 2838 3758 2939 ἀπολλύμεθα

522 2941 630 2994 quo
681 2928 859 2982 omnis
904 2928 1172 2985 bonorum
1214 2939 1525 2989 nostrorum
1570 2947 1867 3007 proventus
1911 2940 2087 3011 jactu-

2196 2949 2247 3003 τὸ
2273 2928 2497 3020 Πνεῦμα
2531 2950 2592 3006 τὸ
2636 2928 2827 3022 ἅγιον,
2870 2956 2929 3008 ὲν
2948 2948 2993 3024 ᾧ
3039 2928 3223 3011 πάσα.-
3252 2928 3411 3029 η’μῶν
3456 2962 3490 3031 ὴ
3528 2928 3756 3032 χορηγία

524 3026 639 3069 ram
683 3025 737 3072 et
764 3018 1151 3075 detrimentum
1186 3020 1332 3078 facit.
1367 3023 1545 3089 Quare
1580 3043 1680 3098 pro
1717 3044 1784 3084 eo
1811 3032 1952 3101 quod
1986 3049 2084 3102 po-

2196 3043 2297 3098 τῶν
2325 3018 2544 3113 ἀγαθῶν
2564 3047 2631 3115 ζη
2641 3018 2976 3117 μειούμενοι.
2995 3048 3096 3102 Διά
3117 3049 3171 3101 τί
3198 3049 3254 3103 δὲ
3273 3018 3407 3103 ’ἀντὶ
3436 3018 3752 3112 τοῦ”εξπείν,

523 3113 663 3163 terat
687 3109 901 3178 dicere;
924 3110 1001 3164 Ne
1031 3112 1248 3169 auferas
1272 3114 1541 3185 spiritum,
1569 3118 1648 3178 Ne
1670 3122 1838 3176 denuo
1871 3125 2087 3195 auferas

2196 3136 2280 3207 Μὴ
2343 3109 2538 3207 ἀνέλῃς
2720 3109 2956 3208 πνεῦμα,
2988 3137 3084 3205 Μὴ
3142 3138 3480 3207 ἀντανέλῃς
3533 3109 3753 3207 ἔταξενς

525 3199 723 3267 posuit.
783 3198 1051 3266 Quoniam
1107 3204 1199 3274 qui
1252 3206 1350 3262 Dei
1419 3210 1673 3265 mandata
1729 3214 2083 3282 custodiunt,

2202 3198 2532 3300 'Eitstoqns'p
2556 3228 2704 3293 ἅπαξ
2725 3230 2822 3301 τῆς
2856 3198 2913 3284 ἐν
2938 3198 3368 3302 ημῖν-ἐνεργείας
3509 3198 3757 3303 Πνεύμαί

523 3291 694 3345 semel
722 3294 929 3364 experti
961 3302 1088 3349 sunt
1129 3295 1422 3355 eﬂicaciam
1456 3300 1713 3371 Spiritus,
1740 3319 1861 3371 quae
1899 3306 1951 3359 in
1984 3322 2086 3361 no-

2196 3332 2279 3379 τος
2302 3291 2600 3390 πεῖραν-διὰ
2623 3291 2722 3388 τῆς
2747 3291 2839 3371 τοῦ
2856 3291 3027 3388 Ἀδάμ
3044 3291 3464 3391 παρακοῆςξκαὶ
3488 3291 3755 3391 προφητι-

522 3381 611 3437 bis
636 3392 753 3439 erat
792 3394 918 3441 ante
955 3388 1084 3443 Adae
1118 3389 1564 3459 inobedientiam,
1595 3395 1678 3450 vel
1711 3411 1811 3465 per
1849 3399 2086 3468 prophe-

2196 3410 2291 3480 κῆς
2332 3381 2575 3479 χάριτος,
2619 3406 2652 3479 ἢ
2678 3381 2767 3462 tu:
2834 3381 3144 3479 πρακτικῆς
3180 3381 3384 3479 ἀρετῆς
3410 3410 3460 3461 oi
3491 3381 3595 3464 τοῦ
3620 3381 3751 3464 ’Θεοῦ

522 3470 688 3527 ticam
717 3477 966 3545 gratiam,
994 3478 1076 3532 vel
1117 3494 1213 3549 per
1240 3481 1495 3537 virtutem
1526 3499 1760 3540 morum.
1786 3486 1940 3542 Unde
1969 3505 2086 3543 me-

2196 3470 2569 3570 φύλάττόντες
2595 3470 2693 3564 τάς
2737 3470 2955 3566 ἐντολὰς
2988 3470 3257 3567 ἐδέξαντο.
3308 3470 3487 3573 ’ὅπερ
3530 3504 3753 3565 εἰκότως

522 3562 629 3618 rito
658 3565 813 3634 petiit
838 3566 1097 3638 Spiritum
1120 3589 1149 3626 a
1180 3587 1240 3628 se
1272 3573 1464 3629 iterum
1489 3590 1600 3631 non
1635 3577 1860 3646 auferri,
1887 3595 1957 3636 ne
1983 3581 2090 3637 itc-

2196 3562 2265 3664 μὴ
2291 3562 2744 3664 ἀνταναιρεθῆναι
2766 3562 3123 3673 προσηύχετο,
3154 3591 3295 3646 ὥστε
3345 3592 3419 3663 μὴ
3451 3562 3552 3646 καὶ
3583 3562 3755 3648 δεῦτέ.

521 3667 643 3709 rum
675 3654 795 3725 ejus
821 3657 1087 3727 jacturam
1113 3664 1472 3732 experiretur.

2196 3654 2288 3756 ραν
2317 3683 2482 3740 αὐτοῦ
2514 3685 2815 3756 ὑποστῆναι
2838 3668 3149 3754 ἀφαίρεσιν.

594 3742 754 3799 Vsus.
786 3745 872 3801 15.
909 3767 927 3799 ι
968 3749 1185 3805 Docebo
1225 3751 1438 3823 iniquos
1476 3756 1590 3811 vias
1623 3764 1763 3815 tuas.
1798 3778 1817 3813 ι

2196 3742 2201 3756 ’
2317 3775 2521 3839 Διδάξω
2550 3742 2786 3844 ἀνόμους
2805 3742 2904 3839 τὰς
2930 3742 3081 3837 όέούς
3116 3789 3232 3827 σου.
3277 3793 3297 3825 s

589 3830 747 3889 Prius
774 3851 990 3907 quoque
1014 3838 1274 3896 docuerat
1308 3842 1420 3898 vias
1456 3844 1693 3914 Domini,
1733 3849 1828 3905 sed
1858 3848 2085 3909 fortasse

2267 3830 2547 3920 Ἐδίδασκε
2594 3830 2692 3936 μέν
2728 3830 2825 3927 τάς
2868 3830 3022 3927 όὸοὺς
3048 3830 3143 3916 τοῦ
3173 3863 3309 3917 Θεοῦ
3340 3864 3436 3918 καὶ
3468 3864 3751 3937 πρότερον,

518 3941 630 3981 non
653 3926 913 3984 docuerat
943 3929 1181 4001 iniquos,
1206 3948 1381 4004 neque
1403 3945 1692 4009 antequam
1722 3941 2080 4014 delinqueret,

2196 3951 2300 4005 mc
2348 3949 2473 4006 οὔτε
2523 3926 2650 4015 τοῦς
2698 3926 2935 4020 ἀνόμους
2973 3926 3123 4015 ἴσως,
3172 3949 3293 4019 οὐδὲ
3346 3926 3755 4023 προσευχῇ

516 4017 819 4074 doctrinam
875 4019 932 4074 in
990 4023 1308 4091 precatione
1354 4028 1486 4083 tanti
1545 4028 1795 4098 faciebat,
1831 4034 1924 4090 sed
1970 4043 2082 4089 tum

2196 4044 2530 4099 Βιδασκαλίαν
2554 4042 2661 4115 πρὸ
2686 4043 2783 4114 τῆς
2801 4017 3079 4112 ἀμαρτίας
3100 4017 3347 4095 τοσοῦτον
3372 4017 3753 4109 suauitas;

518 4112 809 4182 praecipue,
852 4128 974 4168 cum
1006 4115 1061 4169 in
1091 4115 1296 4173 crimen
1340 4120 1593 4192 delapsus
1627 4125 1852 4194 resipuit
1874 4167 1889 4192 ,
1923 4136 1979 4183 et
2017 4128 2082 4183 ad

2196 4136 2238 4190 δὲ
2272 4134 2468 4207 μᾶλλον
2489 4135 2581 4205 ἀφ’
2600 4112 2780 4206 ὀὗπερ
2802 4132 3139 4205 ἡμαρτηκὼς
3166 4133 3510 4203 μετενόησεν.
3545 4134 3754 4203 Ὠσπερ

516 4206 890 4275 pcenitentiam
920 4210 1179 4267 accurrit.
1210 4213 1282 4270 Ut
1322 4217 1467 4271 enim
1491 4217 1558 4271 de
1590 4219 1847 4275 curandis
1880 4222 2083 4279 morbis

2196 4206 2292 4297 γὰρ
2330 4227 2537 4290 ἐκεῖνος
2573 4224 2751 4293 λέγειν
2786 4223 2919 4292 περὶ
2958 4222 3248 4293 θεραπείας
3301 4220 3627 4276 πιστεύεται
3662 4222 3755 4292 μά-

515 4297 758 4369 loquenti
796 4301 1137 4371 potissimum
1180 4306 1440 4371 creditur,
1480 4308 1526 4362 si
1571 4323 1697 4363 cum
1741 4314 2083 4380 :egrotaverit

2196 4320 2342 4372 λιστα
2370 4320 2397 4371 ὁ
2422 4316 2726 4387 νενοσηκὼς
2758 4316 2940 4379 αὐτὸς,
2979 4314 3073 4368 καὶ
3106 4316 3302 4383 πεῖραν
3331 4311 3425 4364 τοῦ
3454 4315 3752 4383 φαρμάκου

506 4388 798 4443 medicinae
837 4390 1139 4459 periculum
1169 4392 1361 4449 fecerit
1393 4413 1406 4449 :
1454 4393 1533 4450 sic
1568 4395 1662 4466 qui
1692 4412 1790 4466 per
1815 4398 2082 4468 poeniten-

2196 4409 2499 4476 δεξάμενος*
2530 4407 2669 4461 οῦτω
2696 4408 2789 4460 καὶ
2817 4408 2864 4459 oi
2895 4408 2961 4475 τῇ
3006 4404 3266 4476 μετανοίᾳ
3288 4403 3585 4466 σωθέντες,
3622 4402 3751 4472 θύρα

515 4477 642 4532 tiam
670 4480 845 4535 sanati
883 4489 1034 4547 sunt,
1066 4485 1446 4553 peccatoribus
1478 4486 1598 4541 aliis
1624 4488 1997 4543 conversionis
2026 4498 2081 4545 et

2196 4500 2296 4561 τοῖς
2315 4497 2494 4560 ἄλλοις
2520 4496 2862 4567 ἁμαρτωλοῖς
2884 4495 3220 4565 ἐπιστροφῆς
3244 4496 3338 4546 καὶ⁵
3364 4495 3649 4562 σωτηρίας
3672 4493 3751 4544 εύ-

513 4566 704 4622 salutis
728 4568 895 4638 janua
926 4569 1318 4638 inveniuntur;
1349 4572 1422 4627 ita
1460 4581 1518 4627 ut
1551 4573 1750 4629 Paulus
1788 4590 1910 4630 cum
1940 4576 2079 4631 lidu‘

2196 4587 2485 4654 ρίσκονται,
2510 4566 2648 4639 ὥστε
2678 4584 2768 4637 τὸν
2800 4583 3015 4637 Παῦλον
3049 4583 3187 4659 acti
3223 4582 3544 4654 παρρησίας
3587 4583 3749 4653 βοᾷν·

513 4658 598 4715 cia
641 4659 944 4715 clamaret:
978 4660 1212 4717 Christus
1258 4663 1410 4719 Iesus
1438 4666 1574 4720 venit
1619 4666 1674 4719 in
1704 4667 1976 4730 mundum,
2024 4679 2080 4723 ut

2196 4673 2438 4742 Χριστὸς
2489 4672 2726 4740 Ἰησοῦς
2755 4669 2944 4742 ἦλθεν
2976 4673 3063 4737 εἰς
3094 4658 3202 4724 τὸν
3232 4672 3465 4740 κόσμον
3485 4671 3753 4739 ἁμαρτω·

511 4763 809 4820 peccatores
832 4752 1003 4808 salvos
1031 4754 1250 4824 faceret,
1271 4773 1492 4827 quorum
1522 4759 1723 4828 primus
1751 4776 1843 4831 ego
1870 4778 1986 4815 sum
2012 4764 2076 4816 ²¹.

2196 4766 2334 4832 λοὺς
2366 4764 2581 4830 σῶσαι,
2610 4759 2698 4820 ὧν
2715 4763 2946 4831 πρῶτος
2970 4765 3086 4831 εἰμι
3280 4763 3341 4815 Εἰ
3369 4765 3656 4816 ἀπιστεῖτε
3683 4758 3755 4827 τῷ

462 4902 489 4920 ’
514 4842 568 4898 Si
600 4842 992 4915 prmdicationi,
1032 4846 1230 4917 inquit,
1269 4847 1429 4904 ﬁdem
1462 4865 1570 4905 non
1605 4852 1817 4908 habetis
1846 4854 2078 4910 salutem

2196 4859 2521 4928 κηρύγματι,
2546 4856 2731 4925 φησὶν,
2757 4852 3095 4924 ἁμαρτωλῶν
3118 4851 3386 4921 σωτηρίαν
3406 4850 3752 4919 κηρύττοντι,

442 5838 455 5847 υ

438 5864 481 5877 -ο,

436 5890 491 5900 ο-Δ

510 4945 859 5006 peccatorum
889 4939 1236 4995 aununtianti
1263 4982 1278 5005 ,
1309 4955 1338 4995 a
1372 4956 1461 4997 me
1491 4944 1821 5014 praedicante
1862 4945 2076 5011 discite,

509 5028 601 5097 qui
641 5044 764 5084 cum
808 5040 1127 5100 persecutor
1155 5048 1330 5089 essem
1359 5074 1374 5098 ,
1407 5033 1682 5105 Evangelii
1724 5037 2082 5093 ministerium

509 5120 644 5175 mihi
672 5122 1049 5178 concreditum
1078 5132 1183 5178 est.

580 5211 741 5267 Vens.
775 5213 860 5267 i7.
904 5234 923 5266 ι
955 5214 1204 5283 Domine,
1237 5217 1383 5271 labia
1415 5233 1530 5273 mea
1556 5220 1789 5289 aperies.
1828 5239 1847 5272 ι

579 5302 771 5360 Ἶίιιοιν
835 5306 974 5362 labia
1026 5307 1247 5363 Davidls
1295 5320 1518 5380 preptcr
1564 5321 1846 5381 peccatum
1899 5313 2081 5367 clausa

507 5392 694 5462 fuisse,
730 5398 825 5453 sed
859 5398 1055 5454 iterum
1080 5416 1177 5470 per
1206 5402 1589 5471 pmnitentiam
1633 5403 1857 5468 recludi,
1898 5411 1951 5459 ct
1981 5403 2072 5459 Dei

583 5591 625 5621 ’θ
653 5588 794 5642 l‘sal.
818 5604 974 5655 cxnu,
1004 5591 1088 5644 l0.
1166 5594 1204 5625 ἰ
1240 5593 1381 5647 Tim.
1423 5611 1458 5660 ι,
1504 5596 1580 5649 13.

2184 4951 2280 5005 ἀπ’
2316 4947 2451 5019 ἐμοῦ
2498 4946 2592 5001 τοῦ
2632 4946 2992 5017 κηρύττοντος
3029 4943 3254 5015 μάθετε,
3294 4943 3375 4996 ὃτι
3417 4942 3661 5013 διώκτης
3681 4939 3753 4992 ὢν

2184 5040 2508 5110 ἐπιστεύθην
2537 5037 2870 5108 Εὐαγγελίου
2898 5034 3149 5106 γενέσθαι
3169 5034 3437 5097 διάκονος.

2259 5239 2277 5272 ι
2310 5219 2507 5292 Κύριε,
2535 5220 2603 5275 τὰ
2640 5219 2793 5291 χείλη
2828 5237 2929 5289 μου
2959 5216 3211 5301 ἀνοίξεις.
3252 5236 3270 5268 ι

2268 5312 2433 5383 Ὀρᾷς
2464 5312 2545 5366 ὅτι
2570 5311 2929 5382 κεκλεισμένα
2955 5309 3047 5364 τοῦ
3073 5310 3238 5364 Δαόὶδ
3261 5308 3331 5362 τὰ
3359 5307 3508 5381 χεξλη
3533 5306 3626 5359 διὰ
3658 5304 3751 5374 τὴν

2188 5403 2461 5477 ἁμαρτίαν
2485 5403 2795 5474 ἐτύγχανεν,
2822 5402 2956 5459 ἀλλά
2980 5402 3142 5457 πάλιν
3160 5404 3227 5474 τῇ
3256 5397 3513 5473 μετανοίᾳ
3533 5397 3749 5465 ἀνοίγε-
