4036 6200
308 201 445 271 1205

1372 212 1834 273 FRAGMENTA
1878 213 1958 274 ΙΝ
2000 215 2356 274 PSALMOS.

3407 213 3545 278 1205

307 335 416 386 ται,
441 320 536 373 καὶ
564 320 656 373 τοῦ
683 319 818 374 Θεοῦ
857 321 1161 390 διηγεῖσθαι
1201 322 1300 392 τὴν
1328 324 1556 378 αἶνεσιν.
1612 324 1874 394 Ἀρχεται

1988 326 2167 381 [audes
2197 326 2437 397 aggredi.
2468 325 2756 381 Exorditur
2786 337 2964 383 autem
2994 327 3181 386 laudes
3216 324 3307 383 Dei
3347 343 3376 381 a
3407 342 3542 382 eon-

309 408 365 462 δὲ
390 410 681 477 κεφάλαιον
696 412 803 465 τῶν
820 413 1006 483 ὓμνων
1030 414 1122 466 τοῦ
1148 415 1475 485 ἀμαρτωλοῦ
1501 414 1602 487 τὴν
1620 416 1875 486 ἐπιστροο

311 499 419 572 φὴν
446 501 659 572 ἔχουσα.

380 590 490 662 Τὴν
509 593 1010 664 ταπεινοφροσύνην
1032 594 1223 649 θυσίαν
1250 596 1487 667 ἀρεστὴν
1504 597 1581 668 τῷ
1594 598 1713 669 Θεῷ
1736 594 1877 651 εἶναι

307 680 370 736 τὸ
403 683 630 754 Πνεῦμα
660 685 935 739 ἐκτίθεται
962 702 976 716 ·
1011 687 1299 755 Μακάριοι
1325 688 1434 756 γὰρ
1458 692 1514 743 οἱ
1544 690 1765 759 πτωχοὶ
1800 689 1879 754 τῷ

311 773 619 841 πνεύματι,
674 773 764 827 ὅτι
794 775 995 829 αὐτῶν
1020 775 1192 830 ἐστιν
1231 778 1270 844 ἡ
1309 778 1600 842 ,Βασιλεία
1627 778 1746 833 τῶν
1774 782 1880 833 οὐ·

304 863 528 931 ρανῶν.
561 863 683 926 Πῶς
704 865 763 918 δὲ
788 866 946 937 ἡμῶν
979 866 1041 919 τὸ
1068 867 1286 938 πνεῦμα
1319 870 1411 921 ἐπὶ
1436 869 1514 940 τῷ
1538 872 1880 942 ταπεινωθῆ-

313 971 400 1008 ναι
435 955 792 1027 συντρίϐομεν
822 975 839 1024 ;
870 958 1040 1012 Ὅταν
1094 960 1259 1013 καλὸν
1299 961 1399 1031 μὲν
1437 961 1763 1030 πράξαντες,
1806 963 1880 1033 μὴ

315 1045 663 1116 ἐπαρθῶμεν,
706 1047 925 1120 διηνεκῆ
961 1051 1017 1103 δὲ
1051 1054 1269 1123 μνήμην
1305 1051 1414 1104 τῶν
1464 1053 1881 1123 ἁμαρτημάτων

315 1132 422 1186 τῶν
449 1135 730 1205 ἡμετέρων
757 1137 974 1206 ἔχομεν.

388 1224 647 1309 Εύδοκίαν
697 1226 752 1278 δὲ
800 1228 899 1297 τὴν
930 1227 1024 1281 τοῦ
1077 1230 1422 1298 Μονογενοῦς
1479 1236 1881 1305 προσαγορεύει

317 1314 611 1384 σάρκωσιν.
642 1318 812 1388 Δῆλον
853 1319 910 1373 δὲ
937 1321 1031 1389 ἀφ’
1055 1315 1130 1375 ὧν
1172 1323 1382 1387 Παῦλος
1425 1325 1562 1396 πρὸς
1599 1326 1882 1395 Ἐφεσίους

314 1409 522 1482 ἔγραφε
546 1429 560 1444 υ
593 1414 723 1483 φησὶ
745 1413 803 1466 δὲ
829 1408 1001 1479 οὕτως
1022 1433 1036 1446 ·
1062 1419 1378 1484 Γνωρίσας
1402 1419 1547 1488 ἡμῖν
1567 1419 1635 1473 τὸ
1649 1420 1883 1489 μυστή-

308 1516 444 1567 ριον
470 1501 574 1555 τοῦ
603 1502 935 1573 θελήματος
961 1506 1148 1559 αὑτοῦ
1182 1508 1280 1561 καὶ
1313 1506 1430 1576 τὴν
1457 1508 1741 1563 εὐδοκίαν
1773 1514 1883 1566 αὐ-

312 1590 420 1646 τοῦ
480 1591 563 1661 ἦν
607 1593 894 1661 προέθετο
941 1598 1013 1651 ἐν
1057 1598 1219 1664 αὐτῷ
1256 1601 1344 1665 εἰς
1392 1602 1743 1670 οἰκονομίαν
1773 1602 1882 1656 τοῦ

312 1683 705 1754 πληρώματος
732 1686 850 1740 τῶν
870 1688 1112 1757 καιρῶν.
1152 1690 1238 1743 Ἐν
1266 1689 1439 1763 ταύτῃ
1465 1694 1645 1748 τοίνυν
1674 1696 1706 1763 ἡ
1740 1695 1880 1750 Σιὼν

312 1773 657 1842 ἀγαθύνεται,
700 1776 791 1831 διὰ
826 1777 885 1832 τὸ
910 1780 1258 1834 ὲπιτελεσθὲν
1303 1783 1440 1855 αὐτῇ
1466 1784 1560 1838 τοῦ
1593 1785 1736 1839 θείου
1770 1785 1880 1840 δεί-

312 1882 446 1918 πνου
497 1868 794 1937 μυστήριον
839 1868 1006 1939 ἕτερά
1044 1887 1105 1924 τε
1132 1872 1305 1926 πολλά
1323 1873 1393 1928 τὰ
1433 1875 1563 1946 παρ’
1603 1876 1743 1947 αὐτῇ
1781 1892 1881 1929 πε-

312 1957 599 2026 πραγμένα
622 1959 717 2011 καὶ
742 1959 1074 2029 προελθόντα
1105 1961 1383 2033 θαύματα.

874 2138 1169 2192 ΨΑΛΜΟΣ
1216 2139 1346 2193 NA’.

391 2246 406 2277 ι
444 2227 508 2279 Τί
532 2228 779 2299 ὲγκαυχᾷ
804 2229 861 2280 ὲν
883 2229 1053 2300 κακία
1075 2244 1091 2294 ;
1137 2248 1156 2281 ι

383 2318 763 2387 Θαυμάζοντος
797 2319 889 2374 καὶ
918 2320 1272 2391 ἀποροῦντος,
1299 2322 1375 2386 ὡς
1412 2321 1579 2386 εἰκὸς,
1603 2320 1667 2375 τὸ
1697 2320 1883 2393 προοί-

230 2438 233 2439 ν
317 2426 438 2479 μιον
462 2425 476 2438 ⁸
504 2411 586 2463 ὅτι
611 2410 865 2465 τοσοῦτόν
886 2430 1029 2478 τινες
1056 2416 1136 2478 εἰς
1156 2415 1359 2469 κακίαν
1381 2415 1712 2487 προέκοψαν,
1742 2414 1882 2469 ὥστε

318 2501 401 2569 ἐφ’
442 2495 527 2565 οἷς
571 2501 650 2555 δεῖ
707 2504 940 2568 πενθεῖν,
983 2506 1076 2559 ἐπὶ
1116 2506 1325 2570 τούτοις
1356 2507 1686 2577 καυχῶνται.
1738 2505 1884 2578 Πλὴν

313 2595 397 2648 ὅτι
426 2596 516 2648 τὸν
542 2596 641 2666 μὲν
665 2596 822 2668 Δωὴκ
854 2598 887 2669 ὴ
914 2597 1120 2668 ἱστορία
1151 2598 1430 2669 περιέχει,
1474 2599 1677 2653 Ἰούδαν
1704 2598 1763 2651 δὲ
1791 2598 1884 2653 τὸν

315 2687 583 2758 προδότην
633 2690 929 2743 αἰνίττεται
971 2691 999 2742 ό
1042 2690 1372 2760 Ψαλμῳδὸς,
1420 2690 1647 2744 δυνατὸν
1671 2690 1793 2744 λίαν
1826 2691 1884 2742 ἐν

313 2776 479 2846 κακίᾳ
513 2777 804 2847 γενόμενον
828 2817 842 2842 ,
871 2778 1011 2832 ὥστε
1040 2779 1131 2833 τὸν
1176 2780 1475 2851 εὐεργέτην
1518 2779 1613 2832 καὶ
1654 2781 1882 2851 τροφέα,

314 2870 404 2920 καὶ
432 2867 751 2922 διδάσκαλον
794 2870 1106 2941 προδοῦναι,
1156 2871 1251 2924 καί¹
1295 2871 1429 2941 μηδὲ
1461 2872 1590 2935 τοὺς
1639 2873 1884 2943 συνεχεῖς

314 2960 588 3030 ἐλέγχους,
624 2960 758 3032 μηδὲ
783 2960 880 3025 τὰς
905 2963 1254 3032 παραινέσεις
1277 2961 1654 3033 αἰσχύνεσθαι.

389 3160 409 3194 ι
453 3141 708 3213 Ἀνομίαν
739 3142 866 3214 ὅλην
890 3144 991 3215 τὴν
1010 3143 1242 3217 ἡμέραν.
1280 3161 1301 3197 ι

397 3235 588 3288 Ἣνίκα
614 3237 727 3299 τοῖς
752 3236 1066 3307 Φαρισαίοις
1087 3237 1115 3288 ὁ
1155 3236 1356 3299 Ἰούδας
1386 3235 1559 3305 ἔλεγε*
1593 3236 1659 3290 Τί
1679 3232 1887 3289 θέλετέ

315 3344 411 3395 μοι
451 3326 680 3389 δοῦναι,
744 3326 906 3397 κάγὼ
943 3326 1090 3395 ὑμῖν
1143 3326 1477 3395 παραδώσω
1542 3328 1730 3380 αὐτόν
1764 3342 1783 3392 ;
1825 3328 1889 3380 Ol

292 3416 385 3469 ,δὲ
405 3418 680 3485 ἔστησαν
707 3416 867 3482 αὐτῷ
897 3418 940 3470 λ’
959 3418 1227 3488 ἀργύρια,
1261 3418 1361 3471 καὶ
1384 3419 1504 3473 ἀπὸ
1538 3420 1671 3473 τότε
1703 3415 1889 3484 ἐζήτει

322 3510 661 3576 εὐκαιρίαν,
710 3510 811 3564 ἵνα
855 3509 1044 3565 αὑτὸν
1095 3510 1358 3578 παραδῷ.
1407 3511 1572 3563 Ὥστε
1615 3512 1745 3582 ὅλην
1788 3513 1888 3583 τὴν

321 3600 535 3670 ἡμέραν
574 3600 812 3672 μελετῶν
850 3602 950 3674 τὴν
989 3602 1265 3674 ἁμαρτίαν
1292 3604 1391 3672 τῆς
1419 3602 1711 3671 προδοσίας
1741 3602 1890 3672 ἔμει-

323 3708 456 3758 νεν,
516 3692 707 3764 μέχρις
758 3693 793 3764 ἡ
845 3691 943 3757 νὺξ
1004 3692 1247 3763 ἐπέστη,
1299 3692 1422 3747 καθ’
1474 3692 1541 3763 ἢν
1588 3692 1649 3744 τὸ
1707 3691 1891 3763 ὅραμα

324 3783 546 3855 ἔπραξε.

400 3848 417 3928 ἓ
468 3848 703 3930 Ἀδικίαν
734 3875 1015 3944 ἐλογίσατο
1040 3876 1072 3945 ἡ
1098 3848 1321 3942 γλῶσσά
1343 3891 1456 3928 σου.
1492 3892 1509 3925 ι

394 3972 466 4024 Τὸ
482 3971 538 4024 δὲ
559 3971 699 4024 ὡσεί
718 3969 924 4038 ξυρὸν,
944 3969 1217 4021 τουτέστιν
1237 3966 1578 4037 ἀναισθήτως
1603 3966 1889 4037 τέμνοντα.

326 4063 389 4115 Τί
416 4060 524 4132 γὰρ
549 4062 756 4115 ἐκείνου
788 4060 879 4113 τοῦ
903 4060 1052 4114 δόλου
1074 4052 1347 4130 ὀξύτερόν,
1369 4058 1428 4112 ὃν
1457 4061 1522 4129 τῇ
1552 4056 1775 4130 γλώσσῃ
1794 4060 1894 4127 τῆς

326 4155 611 4226 προδοσίας
646 4154 782 4225 πρὸς
819 4155 944 4215 τοὺς
996 4151 1357 4215 συλλαϐόντας
1386 4151 1478 4204 τὸν
1518 4150 1732 4220 Ἰησοῦν
1766 4167 1891 4204 συν-

1980 417 2231 472 versione
2263 418 2585 487 peccatoris.

2050 596 2215 650 Docet
2254 595 2343 651 hic
2378 596 2613 666 Spiritus
2653 605 2876 651 sanctus
2916 596 3272 650 humilitatem
3307 610 3425 651 esse
3460 610 3546 652 sa-

1979 686 2243 742 criﬁcium
2285 687 2398 741 Deo
2433 687 2735 757 placitum:
2770 674 2935 740 Beati,
2976 685 3121 739 enim
3166 701 3418 753 pauperes
3440 685 3546 748 spi-

1980 781 2107 842 ritu,
2158 779 2405 848 quoniam
2457 778 2689 846 ipsorum
2717 785 2792 831 est
2824 793 3035 847 regnum
3070 774 3317 828 cwlorum
3346 777 3413 826 “.
3440 773 3546 828 Sed

1980 883 2216 938 quonam
2259 870 2420 923 modo
2459 869 2709 938 spiritum
2750 875 3001 921 nostrum
3050 880 3148 935 per
3189 863 3545 918 humilitatem

1980 959 2355 1014 conterimus?
2373 959 2516 1014 Sane
2550 974 2672 1013 cum
2714 966 2859 1012 recte
2888 956 3045 1011 factis
3076 971 3186 1008 non
3213 953 3544 1013 extollimur.

1982 1052 2076 1107 sed
2123 1060 2441 1121 perpetuam
2489 1051 2812 1107 delictorum
2859 1057 3177 1104 nostrorum
3224 1043 3548 1100 memoriam

1985 1144 2303 1198 retinemus.
2636 1182 2641 1187 η

2054 1233 2257 1288 Bonam
2314 1233 2649 1287 voluntatem
2698 1246 2795 1287 seu
2859 1229 3261 1299 beneplacitum
3314 1224 3551 1297 appellat

1982 1324 2259 1395 Unigeniti
2282 1324 2729 1387 incarnationem,
2756 1323 2862 1377 hoc
2881 1331 3064 1376 autem
3087 1319 3436 1374 manifestum
3465 1322 3549 1370 est

1982 1426 2051 1467 ex
2096 1412 2164 1466 iis
2210 1426 2332 1481 qua:
2378 1410 2567 1467 scribit
2607 1410 2803 1465 Paulus
2830 1410 2898 1464 ad
2943 1409 3246 1478 Ephesios;
3283 1407 3363 1461 sic
3405 1404 3548 1459 enim

1983 1503 2059 1558 ait
2086 1521 2098 1555 :
2136 1503 2196 1558 Ut
2228 1511 2405 1555 notum
2443 1503 2635 1573 faceret
2666 1501 2808 1555 nobis
2838 1511 3224 1555 sacramentum
3264 1497 3549 1551 uoluntatis

1984 1609 2094 1648 sua:
2119 1594 2401 1646 secundum
2429 1591 2802 1660 beneplacitum
2846 1593 2979 1659 ejus,
3014 1591 3149 1661 quod
3196 1589 3461 1659 proposuit
3495 1587 3551 1639 in

1981 1699 2040 1737 eo
2076 1682 2130 1735 in
2168 1681 2609 1751 dispensationem
2650 1680 2987 1749 plenitudinis
3015 1688 3306 1746 temporum
3332 1679 3396 1732 ”.
3439 1676 3549 1729 liae

1981 1788 2111 1844 ergo
2168 1773 2310 1847 bona
2376 1772 2654 1826 voluntate
2717 1769 2849 1826 Sion
2884 1770 3166 1826 beneﬁciis
3209 1768 3551 1833 cumulatur,

1981 1871 2096 1919 tum
2127 1871 2345 1933 prepter
2384 1862 2698 1932 mysterium
2745 1863 2943 1917 ἀίγίιιτε
2976 1877 3144 1917 caena:
3171 1861 3314 1931 quod
3342 1861 3396 1914 in
3432 1859 3547 1929 ipsa

1982 1960 2260 2024 paractum
2288 1961 2407 2018 est,
2425 1962 2537 2006 tum
2565 1959 2787 2023 prepter
2813 1950 3073 2004 miracula
3099 1965 3216 2019 qua:
3237 1950 3290 2002 in
3319 1964 3381 2002 ea
3405 1948 3549 2002 edita
3637 1976 3649 1986 ο

1984 2052 2134 2098 ευηι.

2546 2129 2865 2186 ρελωιυε
2892 2129 2982 2183 Li.

2057 2228 2217 2283 Vens.
2247 2228 2301 2281 5.
2350 2244 2368 2276 s
2403 2224 2545 2291 Quid
2574 2221 2823 2295 gloriaris
2848 2221 2903 2275 in
2929 2219 3174 2274 malitia?
3210 2237 3230 2269 ›

2052 2318 2167 2372 lloc
2197 2316 2522 2387 prooemium
2563 2322 2646 2369 est
2674 2312 2826 2383 quasi
2855 2310 3171 2366 admirantis
3202 2318 3255 2364 et
3288 2308 3551 2377 obstupe»

1983 2409 2221 2473 scentis;
2255 2407 2397 2477 quod
2424 2405 2682 2460 nimirum
2712 2403 2873 2474 aliqui
2910 2402 2975 2457 ad
3000 2411 3205 2457 tantam
3235 2396 3555 2454 devenerint

1982 2499 2280 2563 malitiam,
2330 2505 2390 2551 ut
2436 2497 2488 2550 in
2521 2496 2588 2550 iis
2642 2495 2971 2567 glorientur,
3020 2492 3087 2547 de
3128 2489 3327 2561 quibus
3366 2488 3553 2557 lugere

1983 2598 2317 2662 oportuerat.
2371 2588 2639 2643 Caeterum
2675 2587 2902 2641 historia
2936 2584 3154 2654 quidem
3204 2582 3345 2635 Docc
3374 2577 3552 2634 conti-

1983 2691 2095 2745 net,
2148 2681 2243 2736 sed
2286 2678 2568 2734 Psalmista
2613 2676 2807 2732 ludam
2841 2676 3173 2747 proditorem
3211 2672 3450 2727 insinuat
3496 2671 3552 2725 in

1982 2771 2187 2827 malitia
2225 2778 2504 2841 potentem
2535 2768 2792 2832 evasisse,
2817 2782 2884 2821 eo
2915 2780 3108 2835 usque,
3147 2772 3206 2818 ut
3234 2762 3554 2818 benefacto-

1984 2878 2096 2917 rem
2117 2903 2131 2928 ,
2158 2868 2212 2916 et
2258 2859 2605 2915 educatorem
2634 2897 2649 2923 ,
2679 2865 2732 2911 et
2780 2856 3100 2926 magistrum
3146 2854 3423 2923 proderet,
3458 2865 3555 2905 ne-

1911 2982 1953 3038 c
1985 2968 2091 3024 que
2144 2951 2390 3006 assiduas
2438 2949 2871 3035 increpationes,
2925 2960 3103 3016 neque
3156 2942 3562 2999 admonitiones.

1992 3051 2354 3100 revereretur.

2064 3139 2225 3193 Vens.
2256 3138 2310 3192 4.
2353 3154 2371 3189 ι
2402 3134 2743 3205 lniquitatcm
2777 3138 2888 3186 tota
2922 3130 3031 3186 die.
3074 3147 3095 3181 ι

2057 3228 2286 3294 Quando
2331 3226 2497 3282 Iudas
2540 3221 2984 3279 dixitPharisaeis
3021 3238 3034 3276 :
3066 3219 3203 3285 Quid
3230 3218 3386 3273 vultis
3429 3214 3563 3268 mihi

1989 3320 2137 3382 dare,
2163 3326 2213 3371 et
2237 3332 2329 3387 ego
2354 3315 2494 3370 vobis
2516 3331 2633 3370 eum
2654 3314 2863 3367 tradam
2879 3314 2905 3366 ἵ
2923 3312 2987 3366 At
3013 3312 3093 3366 illi
3113 3311 3486 3365 constituerunt
3511 3308 3559 3361 ei

1992 3411 2208 3482 triginta
2226 3416 2516 3477 argenteos.
2535 3406 2601 3459 Et
2627 3406 2813 3460 exinde
2841 3407 3103 3475 quaerebat
3120 3404 3559 3475 opportunitatem

1991 3511 2046 3557 ut
2070 3516 2187 3554 eum
2208 3498 2435 3553 traderet
2473 3495 2555 3549 ἰε
2584 3495 2765 3564 itaque
2800 3503 2910 3549 tota
2930 3494 3019 3550 die
3059 3493 3397 3550 meditationi
3428 3508 3556 3563 pro—

1991 3594 2211 3653 ditionis
2255 3590 2667 3655 immorabatur,
2710 3588 2884 3644 donec
2915 3605 3027 3644 nox
3076 3588 3325 3652 instaret,
3371 3586 3424 3640 in
3452 3602 3556 3654 qua

1992 3688 2201 3744 facinus
2231 3687 2337 3741 hoc
2359 3682 2611 3755 patravit.

2069 3886 2087 3916 ι
2112 3859 2434 3932 iniustitiam
2465 3856 2719 3929 cogitavit
2752 3856 2933 3928 lingua
2960 3865 3076 3911 tua.
3109 3876 3128 3908 ι

2062 3954 2198 4010 Illud
2229 3967 2360 4007 vero
2386 3951 2519 4004 sicut
2543 3948 2819 4014 novacula,
2849 3950 2901 4003 id
2923 3958 3024 4010 est,
3059 3947 3449 4002 insensibiliter
3476 3962 3562 4001 se-

1993 4060 2145 4102 cans.
2192 4044 2337 4111 Quid
2381 4043 2526 4098 enim
2573 4043 2788 4096 acutius
2839 4042 2943 4095 isto
2989 4040 3136 4104 dolo,
3183 4054 3343 4108 quem
3380 4039 3562 4108 lingua

1993 4137 2292 4208 proditoria
2314 4133 2621 4204 composuit
2642 4132 2709 4187 ad
2737 4132 2856 4187 illos
2877 4132 2966 4201 qui
2992 4132 3177 4186 Jesum
3201 4129 3562 4200 comprehen-

327 4249 498 4301 ἐθετοο
540 4249 650 4301 Ὃν
671 4245 750 4303 ἂν
775 4244 1037 4316 φιλήσω,
1053 4246 1234 4310 αὐτός
1252 4246 1404 4310 ἐστι,
1420 4242 1763 4313 κρατήσατε
1783 4245 1887 4297 αὐ-

1996 4232 2196 4287 derunt
2224 4248 2238 4285 :
2268 4228 2635 4298 Quemcunque
2660 4226 2922 4281 osculatus
2952 4227 3117 4297 fuero,
3146 4226 3254 4292 ipse
3278 4233 3374 4289 est,
3402 4233 3566 4278 tenete

325 4343 451 4404 τώς

399 4450 418 4483 ι
473 4431 793 4501 Ἠγάπησας
831 4429 1031 4483 κακίαν
1053 4428 1194 4499 ὑπὲρ
1221 4426 1604 4498 ἁγαθωσύνην.
1640 4447 1660 4480 ι

395 4603 579 4656 Κακία
607 4605 635 4657 ὁ
661 4603 903 4667 διάϐολος
926 4645 941 4669 ,
972 4600 1048 4666 ὡς
1083 4601 1229 4655 κακὰ
1261 4595 1439 4656 πάντα
1474 4601 1572 4656 καὶ
1602 4604 1738 4656 πᾶσι
1767 4602 1895 4673 βου-

222 4684 231 4697 “
324 4695 568 4761 λόμενος.
626 4694 975 4765 Ἀγαθωσύνη
1030 4694 1087 4747 δὲ
1134 4694 1163 4746 ὁ
1212 4694 1467 4764 Χριστὸς,
1502 4695 1639 4748 Θεοῦ
1700 4695 1810 4766 γὰρ
1861 4694 1895 4766 ἡ

327 4784 598 4855 ἁγαθότης
637 4786 778 4839 κατὰ
830 4786 1013 4855 φύσιν.
1046 4785 1206 4839 Ἴδιον
1238 4785 1396 4853 ἀφεὶς
1432 4786 1612 4839 τοίνυν
1639 4787 1731 4840 τδν
1759 4787 1897 4858 Χρι-

326 4878 449 4931 στὸν
500 4877 528 4929 ὁ
571 4878 790 4943 Ἰούδας,
841 4877 933 4931 τὸν
972 4878 1215 4930 Σατανᾶν
1262 4878 1548 4948 ἠγάπησεν
1574 4895 1589 4911 -
1635 4878 1770 4934 ἀλλὰ
1801 4880 1900 4934 καὶ

326 4968 539 5023 ἀδικίαν
576 4967 718 5039 ὑπὲρ
763 4968 825 5020 τὸ
851 4967 1085 5036 λαλῆσαι
1111 4967 1460 5038 δικαιοσύνην
1503 4968 1704 5023 εἵλατο.
1745 4970 1895 5036 Ἐξὸν

328 5061 435 5131 γὰρ
485 5060 634 5130 αύτῷ
678 5060 776 5131 τὴν
805 5058 972 5120 ὅντως
1005 5059 1353 5129 δικαιοσύνην
1382 5059 1585 5123 λαϐεῖν,
1628 5062 1723 5113 καὶ
1754 5061 1895 5131 μετὰ

330 5153 436 5207 τῶν
462 5152 665 5205 λοιπῶν
689 5150 1001 5205 ἀποστόλων
1032 5149 1321 5221 κηρύττειν
1353 5150 1413 5202 τὸ
1429 5151 1781 5219 Εὐαγγέλιον’
1817 5153 1897 5215 εἰς

327 5245 430 5316 τὴν
459 5244 675 5299 ἀδικίαν
701 5245 758 5297 δὲ
791 5242 980 5297 ἑαυτὸν
1003 5243 1102 5312 τῆς
1126 5241 1418 5312 προδοσίας
1456 5240 1698 5295 ἐνέϐαλε.
1731 5242 1804 5294 Τὸ
1838 5242 1897 5295 δὲ

329 5332 462 5388 αὐτὸ
504 5335 703 5402 πάσχει
742 5333 850 5395 πᾶς
882 5331 1027 5393 ὅστις
1066 5328 1368 5399 κατηγορίᾳ
1410 5328 1619 5399 χαίρει,
1664 5327 1757 5379 καὶ
1794 5326 1898 5389 λοι.

328 5426 477 5499 δορεῖ
506 5426 597 5480 τὸν
651 5424 901 5493 ἀδελφὸν,
949 5420 1208 5493 ἡδύτερον
1230 5420 1328 5490 τὴν
1368 5418 1602 5483 ἀδικίαν,
1647 5417 1895 5469 τουτέστι

1925 4308 1974 4367 ι)
2001 4341 2118 4378 eum
2148 4324 2218 4380 ".

2071 4415 2234 4471 Vens.
2279 4414 2330 4468 5.
2382 4432 2402 4464 α
2450 4412 2694 4468 Dilexisti
2738 4408 2999 4465 malitiam
3039 4422 3206 4477 super
3257 4405 3567 4477 benignita-
3640 4468 3647 4479 τ

2002 4515 2132 4562 tem.
2173 4525 2192 4558 ι

2069 4596 2273 4651 Malitia
2299 4603 2385 4651 est
2413 4594 2680 4658 diabolus,
2708 4600 2897 4663 utpote
2921 4591 3012 4661 qui
3035 4590 3218 4645 omnia
3246 4589 3382 4643 mala
3405 4597 3569 4656 atque

2000 4687 2258 4743 omnibus
2305 4685 2454 4740 velit.
2498 4682 2817 4755 Benignitas
2843 4697 2980 4738 vero
3015 4681 3264 4737 Christus
3296 4687 3399 4745 est,
3429 4693 3568 4749 quo—

2000 4777 2146 4833 niam
2188 4787 2380 4832 natura
2428 4791 2523 4831 sua
2573 4775 2666 4830 Dei
2709 4773 2923 4830 bonitas
2964 4772 3196 4828 exsistit.
3238 4769 3352 4825 Suo
3407 4770 3573 4840 igitur

1996 4868 2218 4927 Christo
2271 4868 2555 4932 derelicto,
2595 4864 2766 4921 Judas
2800 4863 3056 4920 Satanam
3097 4861 3313 4924 dilexit;
3353 4859 3486 4930 quin
3516 4866 3574 4915 et

1997 4961 2338 5033 iniquitatem
2389 4960 2579 5032 magis,
2613 4974 2775 5031 quam
2818 4957 2965 5027 loqui
3022 4955 3334 5021 aquitatem
3388 4951 3575 5022 elegit.

1998 5052 2217 5108 Poterat
2244 5052 2390 5107 enim
2416 5067 2544 5106 vere
2569 5050 2835 5120 justitiam
2868 5046 3130 5117 recipere,
3167 5052 3222 5099 et
3257 5057 3382 5098 cum
3407 5050 3575 5097 caete-

2002 5145 2080 5199 ris
2111 5144 2370 5214 apostolis
2418 5142 2770 5213 Erangelium
2817 5139 3151 5211 prmdicare;
3194 5142 3573 5191 verumtamen

2001 5235 2069 5291 ad
2098 5234 2424 5308 proditionis
2466 5231 2809 5302 iniquitatem
2847 5236 3021 5285 semet
3061 5228 3178 5298 ipse
3205 5224 3423 5296 deiecit.
3460 5224 3577 5279 Hoc

2001 5326 2177 5396 ipsum
2226 5325 2484 5381 usuvenit
2536 5323 2683 5377 omni
2728 5322 2822 5391 qui
2862 5319 3211 5376 accusatione
3276 5316 3492 5388 gaudet,
3523 5321 3577 5369 et

2001 5419 2361 5473 calumniatur
2392 5416 2541 5470 fratri
2575 5432 2694 5479 suo,
2728 5429 2851 5469 rum
2882 5410 3161 5467 lubentius
3192 5411 3533 5481 iniquitatem
3558 5448 3573 5473 ,

402 5608 444 5637 ³¹
468 5605 656 5659 Matth.
686 5622 735 5669 ν,
764 5604 813 5658 5.
893 5602 936 5632 ³³
966 5599 1165 5669 Ephes.
1202 5614 1238 5661 t,
1272 5599 1321 5652 9.
1401 5597 1444 5627 "’
1474 5594 1660 5649 Matth.
1696 5610 1842 5653 sxw,
1873 5593 1887 5645 ί

1992 5595 2071 5646 l6.
2152 5595 2193 5623 "
2238 5591 2423 5645 Matth.
2452 5607 2595 5653 XXVI,
2626 5590 2715 5643 l8.
