4036 6200
492 142 629 212 1207
1664 149 2024 210 IIESYCHII
2080 152 2082 208 ξ

2186 153 2550 214 ESBYTEHI
3596 144 3734 210 ιεοι

494 270 596 314 hoc
648 236 736 314 est
790 259 1174 326 mendacium,
1231 261 1524 330 loquatur,
1579 269 1633 314 et
1688 260 1845 316 sileat
1900 260 2066 331 justi-

2186 264 2228 317 ;ὸ
2259 264 2453 333 ψεῦδος
2494 262 2693 329 λαλῶν,
2724 263 2819 317 καὶ⁵
2855 262 2953 332 τὴν
2982 259 3332 329 δικαιοσύνην
3371 258 3611 326 σιωπῶν,
3633 258 3733 331 δη-

491 353 647 419 tiam,
694 351 748 407 id
794 361 877 409 est
918 352 1193 418 virtutem,
1237 367 1400 421 quam
1451 351 1729 422 proximus
1771 351 1891 422 ejus
1938 367 2066 423 pos-

494 444 657 499 sidrt.

557 534 720 590 Vens.
758 535 813 589 7.
845 552 864 585 ι
899 531 1197 603 Propterea
1226 533 1373 588 Deus
1400 533 1646 590 destruet
1673 543 1747 591 te.
1797 553 1818 588 ι

562 624 688 680 Haec
748 623 897 679 omni
947 624 1166 694 quidem
1220 625 1429 681 homini
1480 627 1703 692 doloso,
1754 626 1853 682 sed
1899 626 2069 681 multo

497 717 731 771 maxime
760 716 828 770 ad
861 716 1194 786 proditorem
1236 718 1515 774 dicuntur.
1546 720 1692 774 Deus
1710 720 1859 775 enim
1887 719 2068 789 ipsum

497 805 717 861 sustulit
745 806 801 859 in
830 806 1014 874 ﬁnem,
1044 817 1100 863 et
1137 808 1205 863 de
1231 809 1599 875 tabernaculo,
1634 811 1685 865 id
1712 818 1817 876 est,
1849 809 1917 866 de
1949 811 2071 865 loco

497 897 858 966 discipulatus
900 899 1217 965 transtulit,
1247 906 1303 953 et
1342 908 1601 967 tanquam
1638 900 1876 970 spinosa:
1909 898 2073 969 plan-

499 996 568 1041 tre
620 986 859 1042 radicem
912 989 979 1043 de
1031 997 1174 1043 terra
1216 989 1539 1057 viventium,
1580 990 1648 1045 de
1700 989 2072 1060 apostolorum

498 1074 827 1148 agricultura
871 1079 1088 1134 evulsit.
1514 1086 1517 1089 ⁷

576 1186 596 1219 ι
643 1166 867 1238 Speravi
901 1169 957 1222 in
980 1168 1356 1224 misericordia
1386 1170 1533 1224 Dei.»

573 1257 856 1325 Quadrant
899 1260 1016 1315 haec
1064 1261 1229 1316 verba
1288 1277 1505 1331 quoque
1534 1261 1698 1316 Petro
1723 1259 2072 1331 negationem

508 1364 661 1405 suam
694 1349 749 1404 in
779 1353 1098 1406 memoriam
1126 1353 1401 1408 revocanti
1435 1393 1450 1418 ,
1476 1353 1569 1421 qui
1598 1354 1739 1407 sicut
1776 1352 1917 1406 oliva
1959 1351 2075 1405 fru-

511 1440 701 1494 ctifera
735 1439 789 1494 in
818 1441 979 1496 domo
1014 1440 1131 1507 Dei,
1163 1443 1216 1497 id
1255 1450 1358 1507 est,
1390 1442 1445 1496 in
1485 1442 1589 1497 ﬁde
1625 1458 1841 1512 semper
1868 1442 2077 1497 consti-

2167 355 2303 427 λαδὴ
2336 355 2433 427 τὴν
2465 356 2685 428 ἀρετὴν,
2717 355 2783 428 ην
2803 356 2832 408 ὁ
2863 353 3089 424 πλησίον
3118 353 3402 423 κέκτηται.

2245 556 2264 589 ι
2296 536 2394 591 Διὰ
2424 536 2583 592 τοῦτο
2607 539 2635 591 ὁ
2659 536 2791 599 Θεὸς
2824 534 3043 590 καθελεῖ
3067 550 3149 587 σε.
3189 550 3210 586 ι

2240 627 2429 681 Ταῦτα
2463 627 2626 681 παντὶ
2656 626 2754 697 μὲν
2782 625 2962 695 δολίῳ,
2995 624 3134 677 πολὺ
3164 622 3223 676 δὲ
3255 621 3457 693 μᾶλλον
3488 620 3626 693 πρὸς
3648 621 3737 676 τὸν

2171 719 2439 791 προδότην
2481 718 2705 785 λέγεται
2734 733 2749 746 ·
2786 714 3036 769 καθεῖλεν
3085 712 3195 783 γὰρ
3237 711 3404 765 αὑτὸν
3437 713 3466 764 ὁ
3492 711 3629 774 Θεὸς
3659 713 3737 776 εἰς

2168 810 2343 876 τέλος,
2371 809 2463 862 καὶ
2492 808 2601 861 ἀπὸ
2628 809 2729 879 τῆς
2769 806 2976 877 σκηνῆς
2996 846 3011 871 ,
3039 804 3316 857 τουτέστιν
3347 805 3412 856 ἐκ
3443 802 3539 855 τοῦ
3575 804 3736 858 τόπου

2170 900 2269 970 τῆς
2301 898 2597 970 μαθητείας
2624 898 2952 969 μετέστησεν
2976 936 2990 961 ,
3031 895 3124 949 καὶ
3151 894 3250 965 τὴν
3285 893 3442 964 ῥίζαν
3469 893 3545 956 ὠς
3576 895 3737 947 ἀκαν-

2173 989 2373 1054 θώδους
2404 991 2572 1061 φυτοῦ
2603 993 2665 1043 ἑκ
2685 990 2790 1060 γῆς
2818 989 3034 1054 ζώντων
3054 1026 3072 1053 ,
3107 989 3179 1041 ὲκ
3200 986 3295 1039 τοῦ
3335 985 3611 1056 γεωργίαν
3637 985 3737 1039 τῶν

2172 1082 2487 1135 ἀποστόλων
2512 1079 2767 1145 essum.

2250 1191 2269 1223 ι
2313 1174 2553 1225 Ἥλπισα
2579 1173 2673 1224 ὲπί⁵
2701 1173 2760 1224 τὸ
2787 1170 2934 1234 ἔλεος
2960 1169 3055 1222 τοῦ
3079 1168 3236 1222 Θεοῦ.
3276 1187 3295 1220 ι

2256 1262 2543 1332 Ἀρμόττει
2576 1260 2752 1314 ταῦτά
2785 1277 2848 1328 γε
2892 1260 2959 1313 τὰ
3006 1262 3229 1330 ῥήματα
3262 1258 3456 1329 Πέτρῳ
3494 1260 3580 1321 εἰς
3618 1259 3737 1314 ἀνά·

2180 1370 2377 1424 μνησιν
2427 1354 2715 1425 ἐρχομένῳ
2758 1353 2856 1422 τῆς
2883 1352 3088 1415 οἰκείας
3113 1352 3437 1421 ἀρνήσεως,
3477 1351 3633 1413 ὅστις
3669 1351 3737 1414 ὡς

2176 1443 2331 1496 ἐλαία
2367 1443 2723 1513 κατάκαρπος
2757 1444 2815 1495 ὲν
2856 1441 2935 1512 τῷ
2968 1443 3103 1510 οῐκῳ
3145 1440 3240 1493 τοῦ
3276 1440 3436 1506 Θεοῦ,
3471 1441 3734 1503 τουτέστι,

513 1529 621 1596 ῑίι;
660 1528 787 1584 licet
836 1529 903 1584 ad
949 1530 1201 1601 exiguum
1269 1538 1481 1600 tempus
1532 1531 1835 1601 negationis
1884 1539 2075 1585 aestum

2186 1536 2244 1606 τῇ
2277 1534 2456 1588 πίστει
2503 1534 2767 1603 διηνεκῶς
2818 1533 3126 1603 ἱστάμενος,
3180 1533 3230 1585 εἰ
3266 1533 3361 1586 καὶ
3389 1531 3531 1603 πρὸς
3555 1532 3736 1602 μικρὸν

513 1620 839 1676 sustinuerit
879 1639 893 1674 :
942 1631 1318 1676 verumtamen
1361 1621 1586 1676 minime
1613 1622 1827 1676 exaruit
1856 1639 1870 1675 :
1901 1622 2072 1691 siqui-

2186 1597 2385 1696 ὑπέστη
2435 1624 2524 1677 τὸν
2555 1597 2811 1677 καύσωνα
2855 1597 2960 1692 τῆς
2998 1624 3297 1694 ἀρνήσεως,
3327 1597 3449 1676 an"
3471 1597 3622 1693 ὅμως
3649 1625 3736 1676 οὐκ

506 1708 631 1764 dem
672 1709 1009 1780 pmnitentize
1060 1711 1310 1781 lacrymis
1351 1711 1589 1766 radicem
1635 1711 1893 1783 irrigavit.
1941 1709 2077 1763 Pro-

508 1807 717 1869 pterea,
758 1799 935 1871 inquit
978 1818 992 1855 :
1035 1799 1328 1869 Conﬁtebor
1372 1801 1497 1865 tibi,
1530 1802 1655 1873 quia
1698 1802 1888 1872 fecisti.
1935 1802 2076 1868 Quid

509 1888 727 1945 fecisti?
776 1889 1227 1957 Misericordiam,
1255 1891 1652 1961 benignitatem
1674 1933 1688 1958 ,
1723 1894 2077 1950 commisera-

512 1979 736 2035 tionem.
763 1980 899 2047 Quia
925 1997 1047 2036 eum
1076 1982 1168 2051 qui
1190 1990 1499 2053 negaverat,
1528 1983 1906 2054 mysteriorum
1935 2000 2078 2055 pra:-

510 2085 703 2126 eonem
734 2070 983 2137 eﬂ‘ecisti,
1013 2072 1319 2127 columnam
1353 2067 1674 2127 titubantem
1712 2071 2076 2137 conﬁrmasti,

511 2170 566 2216 et
596 2177 719 2216 eum
768 2161 859 2232 qui
899 2171 1197 2228 erraverat,
1250 2173 1524 2232 pastorem
1566 2178 1828 2234 agnorum
1872 2162 2083 2216 consti-

513 2253 685 2308 tuisti.
712 2251 916 2307 Bonum
944 2264 1127 2310 autem
1157 2270 1268 2309 non
1301 2253 1523 2319 Iudaeis,
1556 2269 1735 2324 neque
1765 2253 2082 2309 idololatriae

512 2345 705 2399 morbo
722 2345 1093 2401 laborantibus
1111 2388 1126 2411 ,
1147 2346 1242 2402 sed
1271 2347 1328 2400 in
1353 2355 1625 2412 compeclu
1646 2355 1949 2401 sanctorum
1975 2344 2069 2414 qui

510 2448 611 2504 per
638 2435 864 2506 gratiam
917 2444 972 2491 et
1003 2435 1242 2491 laetitiam
1270 2437 1549 2505 iustiﬁcati
1597 2445 1747 2491 sunt.
1796 2435 1891 2490 llis
1936 2435 2082 2490 enim

514 2540 712 2580 nomen
753 2525 874 2594 ejus
918 2525 1144 2580 bonum.
1185 2525 1328 2591 Quid
1372 2525 1517 2580 enim
1551 2524 1681 2580 Jesu
1723 2526 2084 2595 appellatione

515 2615 778 2668 suavius?
810 2616 1078 2684 Exspecto
1106 2625 1288 2670 autem
1314 2633 1328 2668 :
1371 2616 1440 2671 ad
1472 2616 1639 2686 quid?
1678 2616 1934 2686 quoniam
1992 2616 2083 2686 qui

514 2712 792 2775 exspectat
821 2706 875 2760 in
906 2707 1090 2773 ﬁnem,
1122 2708 1209 2763 liic
1234 2707 1415 2763 salvus
1440 2708 1566 2763 erit.

1063 2819 1384 2876 PSALMUS
1416 2820 1527 2877 LII.

584 2907 748 2964 Vens.
783 2910 833 2963 l.
868 2929 886 2962 ι
928 2911 1073 2965 Dixit
1098 2912 1364 2982 insipiens
1392 2913 1447 2965 in
1477 2911 1641 2968 corde
1673 2928 1793 2968 suo.
1836 2932 1855 2966 ι

588 2998 757 3070 Cujus
795 3000 939 3054 enim
991 3009 1107 3055 erat
1157 3000 1302 3055 istud
1348 3001 1552 3066 dicere,
1585 3002 1693 3055 nisi
1736 3001 2085 3071 insipientis?

519 3093 589 3146 de
634 3107 742 3161 quo
772 3091 941 3147 Isaias
967 3093 1105 3147 dixit
1140 3111 1155 3146 :
1201 3091 1409 3147 Fatuus
1456 3094 1604 3165 fatua
1637 3093 1894 3162 loquetur,
1925 3103 1974 3148 et
2000 3111 2088 3149 cor

520 3183 634 3254 ejus
662 3200 800 3239 vana
850 3184 1100 3255 intelliget
1123 3184 1189 3240 “.
1229 3184 1418 3251 Qualia
1470 3186 1612 3240 ista?
1651 3186 1919 3252 Quoniam
1962 3203 2085 3242 cum

520 3290 682 3344 prava
721 3274 965 3344 quaedam
1013 3283 1068 3330 et
1114 3277 1348 3333 absurda
1391 3286 1690 3348 patrantes,
1743 3286 1799 3332 et
1826 3278 1920 3332 Dei
1960 3294 2088 3348 erga

518 3363 667 3433 ipsos
696 3363 1156 3433 longanimitatem
1178 3365 1523 3435 aspicientes,
1551 3374 1806 3435 tanquam
1830 3366 2085 3435 benigno,

516 3463 571 3509 ct
592 3454 858 3509 malorum
885 3455 1136 3511 toleranti
1157 3456 1355 3526 gratias
1374 3470 1556 3526 agere,
1582 3464 1637 3510 et
1662 3456 1851 3511 laudes
1873 3456 2088 3513 deferre

517 3554 816 3616 oporteret,
875 3546 944 3601 ad
1001 3547 1352 3627 stoliditatem
1403 3548 1732 3614 exorbitant,
1780 3548 1951 3602 Deum
1998 3564 2087 3603 res

519 3639 786 3693 humanas
827 3654 937 3694 non
979 3638 1198 3706 intueri,
1242 3640 1338 3695 sed
1376 3638 1755 3696 indiﬂ'erenter
1794 3654 1858 3695 ac
1886 3647 2089 3696 temere

518 3740 713 3785 cuncta
739 3730 870 3785 ferri
907 3731 1254 3787 arbitrantes.

590 3820 756 3879 Vens.
816 3823 874 3877 2.
942 3842 961 3875 ι
1035 3822 1288 3895 Corrupti
1361 3833 1491 3879 sunt
1565 3834 1622 3879 et
1695 3821 2088 3879 abominabiles

522 3917 672 3974 lacti.
708 3936 728 3971 ι

592 4008 813 4067 Morbus
865 4011 960 4081 qui
1008 4025 1106 4082 per
1159 4011 1483 4067 maledicum
1536 4009 1892 4077 diffunditur,
1954 4009 2089 4065 alios

521 4117 737 4173 quoque
766 4102 820 4157 in
852 4102 1228 4172 iniquitatibus
1257 4102 1530 4172 corrumpi
1562 4102 1694 4158 facit
1715 4144 1730 4168 ,
1760 4114 1816 4158 et
1843 4101 2086 4158 Creatori

521 4210 622 4250 suo
672 4193 1057 4249 abominabiles
1087 4193 1370 4259 exsistere,
1423 4202 1574 4248 tanto
1628 4194 1842 4249 virtutis
1874 4194 2087 4248 delectu

2180 1717 2474 1788 ἐξηράνθη.
2505 1715 2594 1786 Τῷ
2626 1716 2734 1787 γὰρ
2768 1715 2990 1786 δακρύῳ
3017 1718 3116 1783 τῆς
3148 1716 3440 1785 μετανοίας
3470 1714 3570 1786 τὴν
3594 1714 3737 1785 ῥίζαν

2180 1810 2447 1863 ἐπότισεν.
2495 1806 2595 1860 Διὰ
2614 1806 2774 1860 τοῦτό
2811 1824 2998 1876 φησιν,
3026 1805 3591 1876 Ἔξομολογήσομαί
3624 1823 3735 1867 σοι,

2179 1903 2266 1955 ὅτι
2286 1885 2603 1967 ἐποίησας.
2626 1900 2690 1952 Τί
2710 1898 3209 1967 ἐποίησας;”Ελεος,
3231 1897 3592 1969 χρηστότητα,
3612 1914 3738 1968 συμ-

2180 1992 2430 2048 πάθειαν.
2473 1994 2597 2046 Ὀτι
2637 1995 2728 2045 τὸν
2791 1989 3167 2060 ἁρνησάμενον
3224 1991 3443 2059 κήρυκα
3492 1988 3593 2041 τῶν
3639 2005 3729 2057 μυ·

2181 2079 2417 2149 στηρίων
2450 2078 2738 2148 ἐποίησας,
2770 2075 2959 2129 στύλον
2990 2077 3082 2128 τὸν
3127 2076 3454 2130 σαλευθέντα
3480 2076 3735 2145 κατέστη-

2182 2186 2302 2236 σας,
2333 2170 2427 2223 καὶ
2460 2169 2693 2238 ποιμένα
2721 2167 2828 2221 τῶν
2853 2168 3042 2237 ἀμνῶν
3066 2168 3157 2222 τὸν
3184 2168 3532 2237 πλανηθέντα
3564 2166 3738 2232 εποίη-

2182 2281 2303 2329 σας.
2337 2262 2615 2333 Χρηστόν
2636 2262 2693 2316 δὲ
2719 2262 3130 2330 ούκἸουδαίοις,
3157 2264 3280 2317 οὐδὲ
3309 2261 3741 2331 εἰδωλολατρείαν

2182 2356 2451 2423 νοσοῦσιν,
2484 2357 2597 2410 ἀλλ’
2619 2356 2897 2410 ἐναντίον
2928 2355 3052 2423 τοῖς
3080 2357 3293 2423 ὁσίοις,
3326 2359 3441 2419 τοῖς
3481 2355 3571 2409 διὰ
3596 2354 3741 2425 χάρις

2183 2467 2273 2513 τος
2298 2450 2392 2504 καὶ
2417 2448 2751 2520 εὐφροσύνης
2763 2448 3118 2504 δικαιωθεῖσι.
3143 2448 3300 2518 Παρὰ
3328 2448 3543 2511 τούτοις
3570 2448 3672 2515 γὰρ
3690 2446 3743 2497 τὸ

2183 2542 2354 2610 ὄνομα
2380 2541 2545 2595 αὑτοῦ
2589 2541 2845 2612 χρηστόν.
2892 2541 2957 2593 Τί
2987 2541 3097 2611 γὰρ
3124 2540 3218 2594 τοῦ
3262 2540 3438 2610 Ἰησοῦ
3478 2556 3743 2611 προσηγο-

2188 2630 2310 2701 ρίας
2346 2631 2748 2702 χρηστότερον;
2777 2630 3065 2700 ’Υπομένω
3097 2629 3156 2683 δέ
3176 2647 3189 2659 ·
3218 2630 3305 2683 διὰ
3333 2631 3385 2683 τί
3410 2648 3427 2694 ;
3475 2629 3688 2699 Ἐπειδὴ
3717 2631 3743 2681 ὁ

2188 2722 2487 2796 ὑπομείνας
2511 2726 2590 2790 είς
2615 2725 2790 2791 τέλος,
2822 2719 2977 2789 οὗτος
3012 2725 3337 2796 σωθήσεται.

2748 2817 3041 2870 ΨΑΛΜΟΣ
3059 2816 3188 2869 NB’.

2105 2918 2150 2977 (ζ
2258 2927 2277 2961 ι
2315 2907 2481 2962 Εἶπεν
2518 2909 2705 2980 ἄφρων
2726 2908 2781 2961 ὲν
2811 2907 3008 2979 καρδίᾳ
3039 2907 3224 2962 αὐτοῦ.
3268 2924 3287 2958 ι

2258 3000 2412 3062 Τίνος
2437 3000 2545 3070 γὰρ
2588 2995 2655 3069 ἦν
2682 2997 2840 3051 τοῦτο
2887 2998 3085 3066 λέγειν,
3118 2998 3231 3051 ἀλλ’
3263 2996 3601 3068 ῆάφρονοςς
3636 2998 3748 3068 rupi

2186 3083 2248 3145 οὗ
2289 3089 2517 3152 Ἠσαίας
2552 3088 2736 3158 ἔλεγεν
2760 3106 2775 3121 ·
2835 3089 2898 3144 '0
2919 3088 3118 3159 μωρὸς
3142 3089 3310 3157 μωρὰ
3335 3089 3625 3155 λαλήσει,
3664 3087 3748 3141 καί

2187 3182 2225 3246 ἡ
2267 3180 2483 3249 καρδία
2530 3181 2719 3235 αὑτοῦ
2758 3180 2981 3251 μάταια
3018 3180 3330 3249 φρονήσει.
3367 3181 3505 3232 Ποῖα
3554 3180 3744 3244 ταύτας

2190 3274 2310 3327 Ὀτι
2342 3272 2523 3341 φαῦλά
2550 3290 2674 3328 τινα
2695 3274 2789 3328 καὶ
2810 3275 2989 3328 ἄτοπα
3014 3273 3395 3344 ἐργαζόμενοι,
3421 3272 3521 3325 καὶ
3544 3273 3642 3342 τὴν
3671 3271 3747 3324 ἐπ’

2187 3365 2371 3429 αὐτοῖς
2399 3364 2492 3418 τοῦ
2522 3364 2656 3417 Θεοῦ
2694 3365 3075 3436 μακροθυμίαν
3116 3363 3424 3434 βλέποντες,
3458 3362 3585 3417 δέον
3610 3363 3751 3431 εὐχα-

2190 3459 2392 3526 ριστεῖν
2413 3457 2507 3510 καὶ
2527 3454 2773 3522 δοξάζειν
2899 3457 3156 3530 χρηστὸν,
3186 3456 3283 3510 καὶ
3309 3456 3656 3522 ἀνεξίκακον,
3682 3455 3750 3517 εἰς

2188 3549 2617 3621 παραφροσύνην
2679 3549 3056 3620 ἐκτρέπονται,
3125 3548 3187 3601 ού
3247 3546 3571 3617 νομίζοντες
3622 3546 3743 3598 Θεὸν

2188 3640 2391 3712 ἔφορᾷν
2442 3639 2512 3696 τὰ
2538 3638 2854 3713 ἀνθρώπινα
2883 3679 2899 3707 ,
2936 3638 3175 3710 ἀκρίτως
3220 3639 3277 3692 δὲ
3304 3638 3399 3692 καὶ
3438 3638 3751 3709 αὐτομάτως

2190 3731 2472 3802 φέρεσθαι.

2266 3843 2286 3879 ι
2326 3824 2707 3898 Διεφθάρησαν
2739 3827 2833 3880 καὶ
2855 3824 3275 3896 ὲὸδελύχθησαν.
3312 3842 3333 3878 ι

2272 4003 2337 4056 Ἦ
2376 4000 2469 4055 τοῦ
2507 4001 2825 4074 βλασφήμου
2867 4001 3170 4055 διαδοθεῖσα
3220 4002 3373 4064 νόσος
3415 4003 3552 4066 τοὺς
3581 4002 3755 4064 ἀλλους

2190 4097 2246 4149 ἐν
2281 4094 2532 4165 ἀνομίαις
2554 4094 2961 4165 παρασκευάζει
2984 4094 3319 4166 φθείρεσθαι,
3354 4094 3683 4164 βδελυκτούς
3704 4110 3754 4145 τε

2192 4179 2331 4239 εἶναι
2374 4183 2451 4255 τῷ
2477 4184 2739 4239 Κτίσαντι
2767 4225 2781 4247 ,
2809 4185 3086 4257 ἀπραξίαν
3136 4187 3233 4256 τῆς
3270 4188 3469 4256 ἀρετῆς
3498 4186 3754 4256 τοσαύτην

525 4287 852 4350 laborantes,
915 4293 978 4340 ut
1011 4285 1220 4340 nullum
1269 4286 1487 4355 penitus
1523 4287 1723 4340 bonum
1768 4293 2082 4356 operentur.

2194 4274 2485 4339 νοσοῦντας
2508 4317 2523 4342 ,
2554 4276 2695 4329 ὥστε
2733 4276 2900 4347 μηδὲν
2929 4278 3125 4341 αὐτοὺς
3175 4277 3377 4345 ἀγαθὸν
3407 4278 3751 4347 ἐργάζεσθαι.

504 4379 792 4434 ιϐπειεηιιιι
828 4391 925 4446 per
967 4377 1313 4446 insipientem
1341 4417 1356 4444 ,
1388 4377 1793 4444 idololatrorum
1824 4375 2087 4431 insaniam

525 4465 784 4519 insinuat.
848 4464 1101 4519 Dicentes
1157 4465 1301 4519 enim
1357 4466 1409 4520 in
1463 4467 1625 4522 corde
1671 4482 1771 4520 suo
1810 4480 1922 4519 non
1968 4478 2090 4519 esse

526 4556 694 4610 Deum
715 4596 731 4621 ,
761 4554 1060 4625 ligneorum
1089 4572 1155 4612 ac
1182 4555 1521 4627 lapideorum
1547 4559 1773 4613 deorum
1802 4556 2091 4610 simulacra

525 4643 767 4700 fabricati
800 4652 947 4701 sunt.
974 4644 1075 4702 Per
1103 4646 1463 4717 iniquitatem,
1493 4662 1613 4717 qua:
1637 4646 1770 4717 legis
1793 4656 1877 4700 est
1908 4654 2089 4700 trans-

522 4736 750 4807 gressio,
783 4735 997 4792 Iudaeos
1029 4737 1289 4802 insinuat,
1319 4754 1455 4808 quos
1491 4737 1869 4793 incredulitate
1898 4752 2091 4792 corru-

522 4836 665 4897 ptos,
693 4828 835 4884 Deus
857 4828 1199 4884 abominatus
1229 4839 1332 4884 est.
1616 4896 1621 4902 t

594 4918 757 4973 Vens.
789 4920 842 4974 3.
882 4936 902 4970 ι
948 4920 1093 4974 Deus
1120 4920 1188 4976 de
1217 4920 1355 4974 coelo
1389 4920 1687 4988 prospexit.
1735 4937 1754 4968 ι

594 5007 779 5079 Usque
817 5010 952 5065 adeo
995 5009 1142 5064 enim
1200 5008 1344 5063 Deus
1372 5009 1645 5063 desiderat
1686 5008 1990 5073 veritatem,
2034 5016 2093 5062 ut

520 5116 647 5157 cum
678 5116 767 5156 res
797 5115 989 5155 OIIIIIL‘S
1026 5109 1243 5155 nostras
1274 5110 1464 5155 exacte
1488 5106 1813 5171 cognoscat,
1850 5108 2090 5153 attamen

522 5208 623 5264 per
668 5208 820 5248 suam
879 5192 1164 5249 nobiscum
1212 5191 1752 5256 condescensionem,
1789 5190 1942 5261 quasi
1992 5205 2093 5260 per

522 5283 882 5350 fenestellam,
911 5282 1225 5354 prospiciat,
1252 5298 1341 5339 res
1362 5281 1629 5338 humanas
1650 5291 1902 5339 accurate
1928 5296 2089 5335 nosse

521 5369 734 5427 volens.
786 5370 981 5441 Utique
1007 5370 1206 5430 Christi
1240 5372 1531 5429 adventum
1579 5372 1866 5428 manifeste
1892 5372 2094 5427 intelli-

600 5548 647 5581 “
671 5547 771 5600 lsa.
798 5561 964 5617 χχχιι,
988 5552 1023 5605 ϐ

2186 4365 2365 4421 ,Ἀλλὰ
2393 4365 2502 4435 γὰρ
2528 4366 2618 4421 διὰ
2641 4365 2735 4419 τοῦ
2767 4368 3001 4436 ἄφρονος
3059 4367 3156 4438 τὴν
3196 4368 3301 4421 τῶν
3358 4368 3754 4437 εἰδωλολατρῶν

2196 4458 2393 4525 μανίαν
2414 4457 2723 4512 αἰνίττεται.
2751 4459 3013 4526 Δέγοντες
3041 4461 3151 4528 γὰρ
3180 4462 3236 4512 ὲν
3267 4461 3467 4532 καρδίᾳ
3499 4462 3607 4514 ούκ
3631 4457 3756 4513 εἶναι

2193 4547 2358 4614 Θεὸν,
2410 4547 2604 4601 εἴδωλα
2654 4548 2879 4615 ξυλίνων
2909 4548 3045 4603 θεῶν
3078 4550 3171 4603 καὶ
3208 4549 3426 4604 λιθίνων
3480 4554 3753 4623 ἐποίησαν.

2195 4641 2297 4693 Διὰ
2336 4638 2394 4691 δὲ
2424 4639 2527 4709 τῆς
2564 4641 2816 4711 ἀνομίας,
2852 4641 2972 4711 ἥτις
3003 4637 3072 4712 ἦν
3095 4641 3188 4695 τοῦ
3218 4642 3383 4712 νόμου
3434 4644 3755 4716 παράϐασις.

2194 4731 2322 4794 τοὺς
2362 4731 2649 4796 Ἰουδαίους
2670 4733 2983 4799 αἰνίττεται,
3001 4733 3092 4796 οὒς
3109 4736 3174 4804 τῇ
3191 4733 3419 4805 ἀπιστίᾳ
3443 4735 3756 4806 φθαρέντας,

2199 4824 2227 4876 ὁ
2252 4820 2384 4885 Θεὸς
2416 4822 2753 4887 ὲόδελύξατο.

2274 4932 2293 4964 ι
2362 4914 2419 4967 '0
2448 4914 2581 4979 Θεὸς
2612 4916 2677 4970 ὲκ
2709 4916 2804 4970 τόῦ
2831 4918 3064 4989 ούρανοῦ
3090 4918 3363 4988 διέκυψεν.
3395 4941 3415 4972 ι

2274 5005 2537 5062 Τοσοῦτον
2569 5008 2679 5081 γὰρ
2703 5012 2732 5063 ὁ
2762 5009 2893 5074 Θεὸς
2920 5010 3177 5082 ἀληθείας
3202 5013 3434 5082 ὲφίεται,
3468 5013 3556 5066 ὅτι
3593 5012 3759 5066 πάντα

2202 5100 2484 5167 γινώσκων
2503 5102 2746 5174 ἀκριϐῶς
2766 5103 2834 5157 τὰ
2854 5106 3120 5177 ἡμέτερα,
3150 5107 3298 5178 ὅμως
3322 5107 3639 5169 διακύπτει,
3671 5124 3756 5159 κα-

2202 5189 2380 5263 θάπερ
2407 5193 2514 5246 ἀπό
2542 5211 2685 5258 τινος
2709 5194 2922 5266 θυρίδος
2951 5196 3049 5266 τῆς
3080 5198 3215 5267 πρὸς
3235 5188 3383 5269 ἡμᾶς
3414 5196 3757 5267 συγκαταϐά-

2206 5297 2364 5346 σεως,
2431 5282 2723 5352 διαγνῶναι
2779 5285 2947 5340 θέλων
3009 5288 3255 5357 ἀκριϐῶς
3310 5289 3380 5342 τὰ
3427 5286 3753 5358 ἀνθρώπινα.

2215 5372 2375 5426 Ἀλλὰ
2402 5376 2510 5446 γὰρ
2547 5376 2732 5448 σαφῶς
2775 5377 3011 5449 Χριστοῦ
3039 5380 3140 5451 τὴν
3166 5380 3455 5451 ἐπιδημίαν
3489 5379 3643 5447 λέγει
3662 5419 3678 5444 ,
3701 5375 3752 5441 ὃς
