4036 6200
282 246 419 314 1200

1331 253 1792 314 FRAGMENTA
1831 253 1913 312 IN
1956 253 2316 316 PSALMOS.

3387 254 3520 319 1210

284 363 348 415 ἐκ
374 359 468 465 τοῦ
512 358 741 429 οὐρανοῦ
774 358 1051 429 διέκοψεν,
1092 359 1254 430 ἡνίκα
1291 362 1424 430 ἡμῖν
1470 363 1608 432 μετᾶ
1652 363 1850 434 σαρκὸς
1878 388 1894 424 λ

1992 365 2044 427 ἱι,
2062 364 2265 465 .quinde
2293 365 2431 420 coelo
2455 366 2755 436 prospexit,
2792 369 3011 438 quando
3030 367 3098 423 ad
3131 382 3231 421 nos
3275 367 3331 421 in
3356 383 3522 421 carne

285 450 652 520 ἐπεδήμησεν.
680 449 891 518 Ὠσπερ
922 450 1030 521 γάρ
1056 451 1085 503 6
1115 449 1494 535 παρακύπτων
1514 451 1609 521 ἀφ’
1643 451 1851 522 ὑψηλοῦ

1992 454 2121 508 cnit.
2153 453 2619 519 Quemadmodum
2647 460 2789 513 enim
2816 460 2908 529 qui
2939 477 3006 515 ex
3030 461 3137 514 alto
3161 456 3284 511 loco
3308 456 3519 525 prospi-

285 540 473 604 τόπου,
507 541 619 594 ἀνω
650 540 849 617 μένων,
875 542 1026 593 κάτω
1053 543 1120 611 τῇ
1158 543 1409 612 ἐνεργείᾳ
1431 541 1679 610 γίνεται,
1713 543 1856 596 οὕτω

1992 540 2047 606 it,
2080 556 2297 595 sursum
2343 557 2590 605 manens,
2622 560 2720 612 per
2748 548 3118 615 operationem
3169 559 3320 599 suam
3359 544 3521 598 deor-

230 706 237 715 ⁸
286 629 382 682 καὶ
421 631 449 681 6
484 628 716 699 Χριστος
748 630 806 681 ἐν
856 630 968 692 τοῖς
996 629 1222 693 κόλποις
1267 630 1361 683 τοῦ
1405 632 1621 702 Πατρδς
1657 632 1856 702 μένων,

1957 641 2073 680 sum
2101 628 2171 680 sit
2205 646 2218 681 :
2252 627 2330 681 sic
2376 629 2534 682 etiam
2566 629 2813 685 Christus
2844 632 2896 685 in
2916 633 3036 686 sinu
3074 631 3246 685 Patris
3277 642 3523 703 manens.

289 722 353 789 τῇ
410 722 480 790 γῇ
534 718 624 772 διὰ
665 719 866 789 σαρκὸς
918 719 1255 789 ἐπεδήμησε.
1296 720 1457 784 Τίνος
1507 722 1710 793 χάριν;
1750 723 1860 776 Τοῦ

1992 733 2057 771 er
2103 733 2320 773 carnem
2356 718 2633 774 descendit
2657 721 2711 774 in
2754 730 2975 776 terram.
3008 721 3177 791 Cujus
3210 720 3288 774 rei
3311 717 3525 789 gratia?

291 811 459 874 ιδεῒν,
487 812 540 864 εί
566 811 697 864 ἐστι
729 808 980 875 συνιὼν,
1009 809 1047 877 ἢ
1074 808 1336 877 ἐκζητῶν
1372 812 1479 865 τὸν
1513 815 1682 868 Θεόν.
1719 815 1861 867 Οὐκ-

294 900 386 955 οῦν
417 900 479 953 οὐ
516 900 616 963 τὰς
662 900 891 970 πράξεις
928 900 1182 954 τοσοῦτον
1204 900 1311 954 τῶν
1339 901 1642 972 ἀνθρώπων
1665 903 1864 972 κατῆλ-

294 990 386 1044 θεν
418 989 837 1059 ἐπισκέψασθαι,
860 990 984 1042 ὅσον
1008 989 1137 1043 ἰδεῖν
1165 991 1219 1042 εῐ
1236 1007 1357 1043 τινα
1378 991 1514 1054 ὅλως
1534 990 1865 1060 θεογνωσίαν

306 1080 544 1152 ἔχουσιν,
602 1082 650 1133 εἰ
690 1080 749 1133 ἐν
783 1080 967 1133 πίστει
1005 1079 1099 1133 τδν
1136 1080 1270 1133 Θεὸν
1295 1080 1608 1153 ἐκζητοῦσι.

374 1276 394 1309 ι
434 1258 570 1328 Οὐχὶ
592 1256 896 1326 γνώσονται
927 1258 1150 1320 πάντες.
1193 1275 1212 1309 ι

371 1350 580 1412 Πάντες
615 1348 714 1419 μὲν
742 1350 793 1402 οἱ
827 1349 955 1411 τοὺς
993 1350 1229 1418 πένητας
1262 1347 1594 1414 ἀδικοῦντες,
1641 1348 1737 1403 καὶ
1799 1347 1869 1402 τὰ

301 1442 395 1496 τοῦ
433 1440 659 1512 πλησίον
685 1440 1044 1511 ἁρπάζοντες,
1078 1428 1279 1511 βρώσει
1305 1441 1471 1513 ἄρτου
1499 1440 1591 1494 τὸν
1613 1440 1741 1495 λαδν
1772 1439 1868 1494 τοῦ

304 1532 440 1586 Θεοῦ
496 1532 697 1585 ἐσθίειν
756 1531 986 1594 εἰκότως
1017 1532 1265 1599 λέγονται
1309 1546 1323 1562 ⁸
1374 1532 1580 1602 τροφὴν
1627 1531 1733 1602 γὰρ
1775 1530 1874 1600 τῆς

306 1624 515 1679 ἑαυτῶν
560 1621 871 1688 πλεονεξίας
918 1621 1019 1693 τὴν
1077 1621 1323 1687 ἀδικίαν,
1364 1622 1463 1692 τὴν
1512 1624 1593 1685 είς
1629 1621 1875 1683 ἐκείνους

306 1711 511 1781 έχουσι.
534 1711 794 1782 Νομίσεις
828 1710 886 1763 δέ
940 1709 1175 1779 μάλιστα
1219 1711 1347 1772 τοὺς
1380 1710 1744 1771 διδασκάλους-ι
1764 1707 1870 1762 τῶν

319 1802 589 1855 Ἰουδαίων
626 1799 903 1868 λέγεσθαι.
947 1799 1120 1871 ’Υπὲρ
1146 1799 1255 1870 γὰρ
1295 1800 1570 1869 ἀγνωσίας
1587 1801 1680 1855 τὸν
1709 1799 1874 1871 νόμον

307 1895 381 1959 ὡς
420 1894 638 1948 ἐδόκουν
686 1890 1034 1954 ἐκδικοῦντες
1061 1930 1077 1955 ,
1106 1894 1171 1961 τῇ
1194 1891 1250 1943 δὲ
1281 1890 1435 1962 ὕϐρει
1463 1891 1558 1945 τοῦ
1585 1892 1874 1963 νομοθέτου

309 1984 540 2056 ἀνομίαν
569 1982 952 2055 ἐργαζόμενοι,
981 1975 1126 2037 οὗτοι
1145 1981 1239 2035 τὸν
1259 1980 1386 2036 λαὸν
1416 1981 1508 2035 τοῦ
1533 1982 1667 2035 Θεοῦ
1692 1982 1878 2053 ἢσθιον

312 2075 512 2147 βρώσει
540 2075 731 2145 ἄρτου,
770 2073 933 2125 ἕνεκα
970 2072 1287 2142 πλησμονῆς
1319 2072 1411 2125 καὶ
1438 2071 1879 2142 γαστριμαργίας

312 2164 927 2239 προσωποληπτοῦντες,
950 2164 1045 2216 καὶ
1075 2163 1166 2217 τδν
1214 2163 1373 2233 νόμον
1406 2165 1465 2217 ἐν
1488 2164 1567 2235 τῷ
1609 2163 1882 2217 διδάσκειν

315 2258 769 2329 παραϐαίνοντες.

385 2346 522 2415 Περὶ
567 2345 675 2397 τῶν
717 2342 984 2397 Ἰουδαίων
1020 2344 1212 2413 λέγει’
1235 2343 1326 2397 τὸν
1356 2341 1463 2412 γὰρ
1504 2341 1715 2414 ἀληθῶς
1751 2340 1883 2395 Θεὸν

316 2437 406 2489 τὸν
442 2436 676 2507 Χριστὸν
704 2436 804 2489 οὐκ
829 2435 1254 2499 ἐπεκαλέσαντο,
1290 2436 1383 2491 καὶ
1414 2435 1761 2504 ἐφοϐήθησαν
1790 2433 1885 2502 φό-

318 2531 411 2582 ϐον
441 2528 713 2598 περιττὸν,
748 2528 876 2582 ἔνθα
905 2529 1006 2581 οὐκ
1034 2523 1102 2599 ἦν
1133 2527 1314 2597 φόϐος,
1341 2528 1430 2580 ὅτε
1458 2525 1595 2594 πρὸς
1620 2524 1884 2594 ἀλλήλους

320 2620 505 2689 ἔλεγον
531 2634 547 2651 ·
603 2620 746 2672 Ἐὰν
784 2618 1058 2688 ἐάσωμεν
1099 2619 1207 2673 τὸν
1254 2618 1569 2686 ἄνθρωπον
1622 2616 1840 2670 τοῦτον
1867 2656 1881 2681 ,

323 2711 584 2779 ἥξουσιν
614 2712 668 2763 οι
705 2710 992 2777 Ῥωμαῖοι,
1030 2709 1129 2763 καί
1178 2708 1435 2777 ἀροῦσιν
1460 2707 1628 2777 ήμῶν
1658 2708 1766 2761 τὸν
1792 2708 1888 2762 τό·

322 2817 437 2855 πον
461 2801 558 2854 καὶ
590 2798 656 2853 τὸ
686 2799 879 2867 ἔθνος.
909 2802 1100 2855 Καίτοι
1130 2801 1229 2854 οὐκ
1281 2799 1346 2854 ἂν
1372 2799 1527 2853 τοῦτο
1562 2800 1771 2867 ἐγίνετο
1789 2837 1805 2861 ,
1839 2799 1888 2851 εί

321 2891 418 2962 τὴν
463 2893 543 2955 είς
608 2892 769 2945 αὐτὸν
822 2890 1004 2944 πίστιν
1063 2890 1353 2959 ἐφύλαξαν.
1410 2889 1643 2958 Ὁμοίως
1686 2888 1745 2943 δὲ
1793 2888 1890 2943 καὶ

324 2983 521 3078 πάντες
551 2981 830 3078 ἄνθρωποι
865 2980 977 3033 ὅσοι
1006 2980 1097 3033 τὸν
1126 2980 1260 3033 Θεὸν
1296 2979 1669 3035 ἐπικαλεῖσθαι
1719 2979 1889 3050 ρᾳθυσ
1918 3020 1959 3078 C

325 3071 515 3142 μοῦσιν
533 3112 549 3137 ,
579 3071 640 3125 δν
671 3071 769 3142 μὲν
804 3071 887 3124 δεῖ
914 3070 1077 3141 φόϐον
1113 3071 1173 3123 οὐ
1218 3068 1528 3139 φοϐοῦνται,
1554 3071 1621 3139 τῇ
1650 3068 1731 3130 είς
1755 3066 1886 3121 Θεδν

323 3165 570 3236 ἀπιστίᾳ.
622 3163 915 3217 Φοϐοῦνται
969 3162 1024 3216 δὲ
1069 3162 1247 3233 μάτην
1302 3161 1397 3225 τὰς
1433 3160 1541 3213 τῶν
1584 3157 1887 3230 ἀνθρώπων

323 3256 573 3318 ἀπειλὰς,
604 3255 696 3308 καὶ
741 3254 841 3317 τὰς
865 3253 971 3307 τῶν
1011 3252 1224 3325 ἐχθρῶν
1254 3251 1593 3313 δυναστείας,
1624 3250 1725 3303 οὐκ
1756 3249 1891 3302 εἰδό-

324 3365 415 3410 τες
461 3345 638 3400 ταῦτα
669 3347 835 3416 μηδὲν
857 3346 1005 3415 ἡμᾶς
1027 3386 1042 3411 ,
1077 3347 1204 3398 ὅταν
1233 3343 1429 3413 ἔχομεν
1458 3341 1558 3411 τὴν
1603 3341 1890 3411 εὐμένειαν

326 3436 421 3489 τοῦ
452 3434 610 3498 Θεοῦ,
646 3433 1124 3504 παραϐλάπτοντα.
1160 3428 1664 3501 Ἀνθρωπαρέσκων
1685 3428 1742 3481 δὲ
1764 3427 1894 3499 περὶ

328 3524 533 3578 τούτων
588 3524 738 3591 λέγει
761 3538 775 3553 ·
832 3523 922 3577 ἀεὶ
968 3524 1077 3591 γάρ
1119 3523 1235 3584 τοῖς
1279 3518 1588 3591 ἀνθρώποις
1634 3519 1893 3590 ἀρέσκειν

336 3616 484 3685 παρά
511 3616 601 3668 τὸν
623 3614 754 3668 Θεὸν
782 3613 1082 3685 βούλονται,
1110 3606 1187 3666 ὧν
1217 3614 1246 3665 6
1273 3611 1405 3675 Θεὸς
1424 3611 1493 3665 τά
1513 3612 1667 3676 ὀστᾶ,
1694 3609 1894 3682 δηλαδὴ

332 3707 428 3767 τὰς
453 3704 623 3773 φυλὰς
656 3704 1022 3775 διεσκόρπισε.
1048 3703 1594 3771 Κατησχύνθησαν.
1655 3704 1753 3755 Ὃν
1788 3700 1897 3770 γὰρ

334 3796 523 3867 νεκρδν
557 3794 834 3861 καλοῦσιν,
877 3795 981 3849 ὑπὸ
1008 3780 1201 3849 τούτου
1230 3793 1533 3848 διώκονται.
1565 3792 1645 3847 Τά
1671 3793 1728 3847 δὲ
1760 3791 1899 3846 αὐτά

335 3886 430 3939 καὶ
461 3888 573 3948 τοῖς
627 3884 883 3954 τυχοῦσιν
928 3884 1414 3956 ἀνθρωπαρέσκοις
1448 3882 1745 3955 ἐπέρχεται
1778 3898 1793 3913 ·
1828 3881 1897 3936 τὰ

337 3977 443 4045 γὰρ
476 3976 612 4029 όστᾶ
661 3974 863 4038 αὐτῶν,
896 3978 1177 4030 τουτέστιν
1236 3976 1265 4028 6
1300 3974 1527 4039 πλοῦτος
1573 3976 1665 4027 καὶ
1702 3975 1735 4045 ἡ
1775 3973 1901 4040 δόξα

339 4069 444 4122 ὑπὸ
477 4066 610 4120 Θεοῦ
640 4066 1010 4136 σκορπίξεται.

407 4162 505 4216 Διά
541 4162 594 4214 τί
636 4159 742 4213 ἀπὸ
775 4159 875 4229 τῆς
905 4158 1080 4225 Σιὼν,
1117 4158 1210 4212 καὶ
1252 4158 1349 4212 οὐκ
1392 4156 1499 4211 ἀπὸ
1524 4156 1616 4211 τοῦ
1649 4155 1901 4227 οὐρανοῦ,

339 4256 439 4307 οὐκ
486 4250 594 4305 ἀπὸ
638 4248 733 4302 τοῦ
790 4248 941 4313 ναοῦ,
970 4249 1067 4302 οὐκ
1094 4248 1201 4302 ἀπὸ
1234 4249 1335 4317 τῆς
1374 4246 1634 4311 κιϐωτοῦ,
1667 4247 1767 4299 οὐκ
1797 4246 1906 4301 ἀπὸ

340 4347 447 4401 τῶν
479 4344 646 4413 ἁγίων
666 4344 693 4395 ὀ
712 4342 1004 4413 Προφήτης
1020 4340 1081 4393 τὸ
1096 4342 1359 4410 σωτήριον
1387 4337 1605 4408 εὔχεται
1630 4354 1647 4405 ;
1686 4337 1904 4407 Ἐπειδὴ
1939 4369 1981 4423 D

343 4439 459 4491 ἐκεῖ
482 4438 611 4507 ἡμῖν
628 4434 905 4486 ἀπέδωσεν
929 4435 956 4487 6
981 4432 1214 4503 Χριστὸς
1243 4431 1303 4485 τὸ
1331 4431 1556 4501 ἀρχαῖον
1578 4429 1794 4500 ἐμφῦση
1805 4446 1898 4499 μα.

344 4529 523 4596 Ὅπερ
576 4523 736 4593 δῆλον
770 4522 1050 4594 ἐπήγαγεν
1078 4538 1093 4554 ο
1133 4523 1236 4575 Ἐν
1268 4518 1347 4586 τῷ
1389 4519 1747 4587 ἐπιστρέψαι
1789 4517 1909 4570 Κύ-

335 4635 495 4689 ριον.

426 4712 873 4783 ᾙχμαλώτευσεν
909 4708 1017 4777 γὰρ
1061 4703 1220 4776 ἡμῶν
1263 4705 1290 4756 6
1320 4701 1561 4763 Σατανᾶς
1584 4699 1652 4752 δι’
1693 4694 1914 4763 ἀπάτης

344 4803 443 4874 τὴν
473 4804 756 4857 κοινωνίαν
786 4801 879 4855 τοῦ
911 4798 1229 4867 Πνεῦματος
1262 4810 1276 4824 ο
1300 4793 1416 4847 ἀλλ’
1446 4794 1473 4845 6
1494 4790 1726 4859 Χριστὸς
1745 4786 1915 4856 αὐτὴν

346 4897 405 4948 ἐν
430 4897 495 4967 τῇ
522 4893 661 4947 Σιὼν
692 4893 937 4947 ἀπέδωκε
966 4888 1056 4942 διὰ
1074 4887 1169 4939 τοῦ
1203 4884 1311 4938 τῶν
1342 4880 1650 4935 ἀποστόλων
1672 4877 1919 4946 ἐμφυσή-

352 5004 540 5058 ματος.
582 4986 681 5038 Διά
715 4986 768 5036 τί
813 4983 869 5035 δὲ
914 4979 1110 5034 Ἰακὼϐ
1139 5017 1153 5040 ,
1192 4974 1581 5044 ἀγαλλιάσεται
1626 4969 1915 5039 πρότερον,

349 5056 448 5132 καὶ
470 5079 590 5131 τότε
626 5073 843 5146 Ἰσραὴλ
874 5069 1329 5140 εὐφρανθήσεται,
1363 5063 1479 5124 ἐνὸς
1503 5061 1693 5121 ὗντοςς
1731 5056 1916 5146 ilignei-

349 5166 414 5237 δὴ
473 5164 667 5220 Ἰακὼϐ
705 5140 1080 5229 ’πτέρνιστὴς
1141 5151 1539 5224 ἑρμηνεύεται,
1588 5140 1917 5237 Ἰσραὴλ-δὲ

348 5232 499 5324 νοῦς
526 5255 680 5325 ὁρῶν
711 5255 875 5309 Θεόν.
906 5249 1198 5322 Χρῄζομεν
1236 5246 1293 5298 δὲ
1321 5237 1640 5310 πτερνισταὶ
1662 5232 1916 5325 γενέσθαι

354 5323 620 5419 πρότερον
644 5388 659 5410 ,
692 5345 939 5400 τουτέστι
967 5337 1249 5400 διαϐόλου,
1280 5335 1375 5388 καὶ
1423 5331 1545 5385 τότε
1598 5332 1629 5399 ἡ
1641 5329 1756 5399 μῶν
1789 5327 1816 5378 6
1844 5323 1924 5377 δι-

353 5414 628 5511 ωρατικὸς
656 5436 783 5499 νοῦς
802 5436 867 5505 τῇ
898 5430 1040 5486 κατά
1055 5426 1154 5499 τὴν
1179 5425 1410 5493 δύναμιν
1432 5420 1524 5475 τοῦ
1553 5416 1690 5472 Θεοῦ
1719 5414 1922 5485 θεωρίᾳ

354 5529 727 5602 εὐφραίνεται.

430 5650 472 5680 ⁸⁷
502 5648 657 5704 Joan.
686 5662 760 5712 χι,
793 5643 859 5697 $8
957 5639 1000 5670 ³⁸
1025 5636 1177 5692 Joan.
1205 5648 1291 5697 xx,
1318 5628 1408 5683 22.

1962 820 2015 864 ut
2046 812 2237 874 videat,
2266 813 2311 864 si
2338 822 2410 865 est
2442 812 2759 883 intelligens,
2784 821 2877 867 aut
2912 815 3178 885 requirens
3202 813 3389 866 Deum.
3422 811 3527 864 lta-

1961 917 2067 971 que
2117 916 2224 954 non
2254 913 2358 956 tam
2404 903 2644 957 actiones
2667 904 2948 958 hominum
2996 904 3336 973 inspecturus
3360 901 3528 954 adve-

1963 994 2086 1059 nit,
2154 1008 2314 1063 quam
2368 1001 2429 1047 ut
2492 994 2672 1060 videat
2747 1003 2942 1048 utrum
3006 992 3230 1048 omnino
3293 991 3527 1058 aliquam

1969 1082 2059 1136 Dei
2100 1082 2349 1136 notitiam
2377 1082 2644 1152 zhabeant,
2690 1081 2745 1136 hi
2781 1084 2871 1152 qui
2912 1083 2966 1138 in
3010 1083 3114 1139 [ide
3141 1082 3309 1138 Deum
3349 1080 3530 1150 requi-

1966 1179 2117 1227 runt.

2034 1258 2202 1314 Vens.
2241 1260 2295 1314 5.
2338 1278 2357 1312 ι
2393 1259 2583 1315 Nonne
2610 1261 2781 1316 scient
2807 1276 3020 1317 omnes.
3065 1281 3084 1312 ι

2036 1348 2240 1405 Omnes
2288 1350 2380 1419 qui
2422 1353 2751 1422 pauperibus
2792 1353 3045 1423 injuriam
3088 1350 3330 1405 inferunt
3366 1356 3421 1405 et
3446 1363 3536 1404 res

1970 1441 2202 1515 proximi
2229 1440 2511 1511 diripiunt,
2540 1443 2662 1497 cibo
2683 1443 2839 1512 panis
2866 1441 3126 1511 populum
3148 1439 3244 1493 Dei
3273 1440 3538 1494 devorare

1971 1535 2167 1590 merito
2187 1532 2443 1589 dicuntur
2480 1549 2496 1587 :
2526 1549 2650 1588 nam
2678 1549 2778 1602 pro
2811 1533 3052 1587 avaritiae
3083 1546 3194 1586 suae
3220 1531 3419 1600 pabulo
3440 1530 3540 1583 ba-
3628 1596 3631 1597 ν

1974 1627 2107 1683 bent
2123 1625 2442 1696 iniustitiam
2465 1666 2481 1690 ,
2509 1640 2669 1694 quam
2697 1624 2751 1677 in
2777 1623 2923 1693 ipsos
2952 1629 3228 1678 exercent.
3258 1618 3542 1676 Existima-

1973 1720 2056 1775 bis
2086 1730 2267 1774 autem
2293 1718 2636 1789 potissimum
2658 1718 2776 1773 haec
2802 1714 2908 1770 dici
2942 1715 3007 1769 de
3032 1711 3305 1783 magistris
3325 1709 3539 1765 Judaeu-

1973 1829 2114 1868 rum.
2162 1811 2300 1865 Nam
2345 1809 2439 1879 qui
2477 1810 2546 1863 ab
2597 1805 2895 1879 ignorantia
2930 1804 3104 1873 legem
3146 1796 3541 1871 quodammodo

1974 1903 2254 1959 vindicare
2277 1900 2615 1964 videbantur,
2654 1898 2748 1952 sed
2780 1897 2848 1951 ad
2880 1892 3214 1965 legislatoris
3249 1897 3540 1945 contume-

1975 1994 2102 2048 liam
2151 1990 2517 2062 operabantur
2538 1984 2874 2057 iniquitatem
2898 2026 2913 2051 ,
2942 1983 2999 2038 hi
3024 1983 3145 2039 cibo
3182 1980 3340 2051 panis
3367 1980 3543 2050 legem

1978 2084 2074 2139 Dei
2118 2081 2471 2147 devorabam,
2524 2079 2653 2133 dum
2710 2092 2821 2147 prae
2882 2072 3178 2131 saturitatis
3224 2086 3289 2125 ac
3336 2068 3545 2125 ventris

1980 2173 2161 2230 studio
2222 2186 2483 2242 personas
2533 2167 2861 2238 acciperent,
2906 2173 2963 2219 et
3001 2163 3058 2218 in
3087 2160 3336 2217 docendo
3369 2158 3543 2229 legem

1981 2263 2271 2320 violarent.

2054 2354 2129 2408 De
2156 2350 2358 2408 ludatis
2400 2348 2662 2423 loquitur,
2705 2346 2798 2416 qui
2834 2344 3113 2400 Christum
3152 2356 3342 2398 verum
3374 2337 3545 2394 Deum

1984 2458 2091 2497 non
2118 2442 2460 2501 invocarunt,
2492 2446 2547 2493 et
2576 2437 2875 2491 timuerunt
2896 2434 3092 2489 timore
3114 2442 3545 2502 supervacaneo,

1985 2532 2076 2587 ubi
2107 2546 2217 2585 non
2250 2539 2367 2584 erat
2413 2528 2593 2594 timor,
2627 2525 2844 2596 quando
2871 2523 2940 2578 ad
2976 2523 3209 2577 invicem
3240 2518 3498 2575 dicebant
3532 2533 3549 2572 ι

1986 2626 2047 2682 Si
2075 2626 2385 2680 dimittimus
2413 2624 2547 2676 hunc
2575 2620 2853 2682 hominem,
2875 2617 3077 2671 venient
3104 2612 3350 2677 Romani,
3379 2618 3429 2664 et
3454 2606 3554 2665 tol—

1988 2718 2094 2770 lent
2129 2722 2361 2769 nostrum
2401 2712 2571 2766 locum
2620 2709 2907 2780 et'gentem
2927 2706 2992 2760 ".
3026 2704 3411 2759 Verumtamen
3449 2700 3556 2756 hoc

1989 2805 2210 2860 minime
2236 2801 2529 2866 evenisset,
2573 2798 2617 2853 si
2641 2798 2799 2852 ﬁdem
2832 2797 2885 2851 in
2913 2796 3089 2865 ipsum
3113 2791 3553 2849 custodivissenl.

1989 2894 2162 2952 Simili
2209 2906 2423 2963 quoque
2461 2890 2669 2944 ratione
2718 2901 2910 2942 omnes
2956 2886 3209 2938 homines
3249 2880 3339 2950 qui
3386 2878 3556 2932 Deum

1991 2987 2246 3041 invocare
2269 2981 2572 3053 negligunt,
2607 2993 2719 3048 pra:
2748 2974 3125 3030 incredulitate
3156 2972 3209 3025 in
3247 2971 3417 3024 Deum
3444 2982 3558 3021 non

1992 3079 2186 3133 timent
2206 3075 2400 3129 timore
2428 3086 2536 3142 quo
2569 3076 2783 3140 oportet
2812 3085 2826 3122 :
2864 3067 2921 3121 in
2952 3080 3150 3121 vanum
3179 3071 3360 3117 autem
3386 3060 3561 3115 minus

1993 3168 2274 3226 hominum
2316 3175 2371 3221 et
2414 3163 2757 3218 inimicorum
2824 3156 3094 3229 potentias
3138 3162 3430 3216 metuunt,
3463 3163 3563 3204 ne-

1995 3262 2227 3317 scientes
2258 3259 2358 3313 ista
2386 3256 2521 3311 nihil
2556 3254 2715 3309 nobis
2747 3250 2962 3306 oﬂlcere
3021 3246 3243 3318 quando
3266 3243 3562 3314 prepitium

1996 3353 2260 3408 habemus
2289 3349 2480 3404 Deum.
2512 3345 2776 3417 Loquitur
2804 3351 2982 3396 autem
3012 3340 3079 3396 de
3107 3338 3173 3393 iis
3201 3337 3295 3408 qui
3322 3332 3564 3390 homini-

1997 3444 2101 3499 bus
2131 3441 2348 3512 placere
2387 3438 2640 3501 student,
2671 3434 2935 3503 siquidem
2966 3431 3024 3485 hi
3080 3444 3296 3498 semper
3325 3424 3565 3480 homini-

2000 3536 2102 3590 bus
2142 3549 2254 3604 pra:
2299 3532 2412 3586 Deo
2456 3530 2672 3599 placere
2708 3528 2919 3590 volunt;
2955 3535 3187 3592 quorum
3228 3520 3372 3573 Deus
3418 3529 3564 3581 ossa,

2003 3624 2056 3679 id
2082 3631 2165 3678 est
2214 3621 2410 3685 tribus,
2450 3615 2728 3687 dispersit.
2768 3613 2984 3684 Confusi
3035 3617 3177 3664 sunt.
3230 3604 3364 3659 Nam
3403 3617 3565 3671 quem

2002 3721 2276 3768 mortuum
2307 3708 2617 3779 appellant,
2661 3707 2730 3760 ab
2768 3705 2872 3759 hoc
2915 3702 3260 3757 infestantur.
3300 3694 3565 3748 Caeterum

2004 3805 2121 3859 haec
2149 3802 2337 3858 eadem
2375 3812 2590 3869 quoque
2634 3795 2935 3867 quibusvis,
2964 3792 3058 3862 qui
3096 3787 3409 3846 hominibus
3452 3783 3567 3853 pla-

2005 3907 2150 3962 cent,
2208 3893 2468 3950 eveniunt
2506 3910 2519 3947 :
2555 3906 2679 3946 ossa
2728 3889 2873 3944 enim
2908 3900 3120 3951 eorum,
3150 3883 3204 3938 id
3242 3876 3567 3941 estdivitiaa,

2007 3995 2062 4043 et
2089 3986 2259 4059 gloria
2280 4000 2311 4038 a
2336 3983 2446 4037 Deo
2479 3980 2833 4050 dissipantur.

2083 4138 2193 4195 Cur
2219 4153 2286 4192 ex
2332 4134 2484 4199 Sion,
2509 4142 2565 4188 et
2604 4146 2711 4186 non
2751 4145 2780 4184 a
2818 4128 2979 4192 coelo,
3014 4140 3124 4179 non
3155 4137 3185 4176 a
3215 4118 3438 4188 templo,
3465 4130 3573 4169 non

2011 4234 2079 4289 ab
2107 4247 2249 4293 arca,
2297 4244 2407 4281 non
2439 4242 2470 4280 a
2508 4223 2709 4279 sanctis
2745 4221 3008 4292 propheta
3049 4217 3281 4271 salutare
3320 4212 3580 4279 depreca-

2016 4324 2139 4380 tur?
2178 4321 2313 4389 Quia
2350 4319 2608 4374 nimirum
2651 4315 2760 4370 illic
2799 4313 3079 4379 antiquam
3127 4306 3285 4361 nobis
3328 4303 3579 4359 Christus

2011 4413 2419 4485 inspirationem
2448 4406 2688 4462 tradidit.
2710 4402 2863 4470 Quod
2890 4402 3081 4471 utique
3103 4394 3385 4468 subjunxit
3410 4410 3423 4446 :
3450 4390 3576 4449 Cum

2013 4503 2317 4561 converterit
2351 4500 2625 4554 Dominus.

2083 4679 2309 4736 Satanas
2352 4674 2609 4729 nimirum
2644 4686 2741 4742 per
2792 4667 3169 4737 deceptionem
3216 4662 3586 4733 captivaverat

2016 4782 2258 4827 nostram
2284 4768 2518 4838 Spiritus
2540 4762 3042 4836 participationem;
3075 4757 3168 4812 sed
3190 4756 3438 4808 Christus
3467 4762 3586 4802 eam

2017 4864 2072 4917 in
2138 4860 2269 4915 Sion
2323 4834 2578 4917 restituit,
2622 4853 2839 4923 quando
2892 4848 3151 4918 apostolis
3185 4839 3478 4897 insuillavit
3517 4834 3585 4889 ³⁸.

2018 4953 2128 5007 Cur
2162 4960 2344 5004 autem
2378 4948 2543 5003 Jacob
2569 4945 2719 5016 prior
2752 4940 3064 4999 exsultabit,
3101 4951 3165 4990 ac
3189 4931 3387 4987 deinde
3426 4925 3589 4980 Israel

2018 5042 2310 5103 laetabitur,
2365 5054 2490 5094 cum
2520 5050 2663 5091 unus
2710 5034 2965 5100 idemque
3014 5026 3127 5081 sit?
3164 5022 3300 5087 Quia
3331 5016 3589 5071 nimirum

2023 5133 2190 5190 Jacob
2218 5130 2581 5199 supplantator
2614 5126 3001 5193 interpretatur
3024 5157 3039 5181 ,
3067 5113 3230 5168 Israel
3271 5123 3401 5164 vero
3448 5119 3590 5159 mens

2031 5225 2218 5278 videns
2249 5197 2440 5273 Deum.
2478 5218 2745 5271 Debemus
2775 5212 2917 5266 enim
2950 5207 3101 5277 prius
3136 5201 3249 5256 ﬁeri
3278 5197 3591 5267 supplanta-

2032 5326 2198 5374 tores,
2247 5308 2451 5365 scilicet
2500 5302 2738 5365 diaboli;
2799 5314 2863 5352 ac
2924 5304 3055 5350 tunc
3101 5289 3384 5361 perSpicax
3436 5295 3593 5338 mens

2031 5412 2217 5460 nostra
2272 5413 2373 5471 pro
2413 5394 2619 5450 viribus
2644 5390 2757 5445 suis
2808 5385 2906 5442 Dei
2945 5378 3403 5451 contemplatione
3448 5374 3597 5429 heta-

2034 5512 2139 5553 tur.
