4036 6200
529 234 665 303 1211

1079 349 1393 407 PSALMUS
1420 348 1551 406 Llll.

608 460 775 519 Vens.
810 461 865 518 5.
907 480 927 514 ι
956 460 1120 528 Deus,
1151 462 1206 516 in
1238 462 1459 517 nomine
1489 470 1637 519 tuo.»

598 572 720 628 Non
742 578 963 641 propter
983 583 1147 639 Opera
1173 582 1315 635 mea,
1340 569 1536 639 inquit,
1564 585 1742 641 neque
1765 571 1909 626 enim
1938 572 2099 627 ullius

529 665 691 735 pretii
722 663 881 733 digna
900 662 1096 727 habeo,
1133 676 1312 731 neque
1338 660 1409 716 ob
1433 671 1719 731 parentum
1753 664 2097 720 nobilitatem

530 753 691 826 (alius
710 752 856 806 enim
885 751 1050 805 alium
1078 765 1297 806 servare
1321 766 1430 805 non
1452 752 1675 821 potest),
1698 753 1793 807 sed
1814 754 1869 807 in
1893 754 2101 807 nomine

531 853 663 907 tuo;
698 841 961 910 siquidem
1008 840 1123 895 haec
1184 840 1331 896 salus
1367 852 1633 911 perpetua
1672 851 1730 896 et
1771 842 2101 898 inviolabilis

529 932 762 988 exsistit.
797 932 854 986 Si
880 932 1027 986 enim
1071 931 1319 985 nonnulli
1359 931 1415 985 in
1457 932 1696 987 latrones
1724 941 1818 987 aut
1845 932 2101 988 barbaros

527 1022 849 1087 incidentes,
893 1029 1174 1091 postquam
1223 1020 1531 1091 principum
1580 1036 1780 1076 nomen
1830 1022 2100 1090 produxe-

528 1113 657 1177 rint,
699 1122 954 1184 tanquam
993 1112 1232 1183 ipsorum
1258 1112 1551 1169 familiares
1579 1112 1819 1182 pericula
1839 1113 2096 1178 evadunt,

527 1204 800 1271 quomodo
828 1219 933 1257 non
970 1203 1143 1257 multo
1176 1203 1344 1274 magis
1370 1203 1425 1257 in
1465 1203 1687 1258 nomine
1712 1203 1807 1258 Dei
1840 1204 1910 1259 ab
1931 1204 2102 1259 omni-

530 1295 632 1349 bus
662 1296 970 1351 daemonum
1007 1296 1220 1351 insidiis
1248 1294 1588 1350 liberemur?

597 1423 616 1457 ε
652 1408 720 1462 Et
748 1407 804 1461 in
837 1408 1038 1465 virtute
1069 1418 1160 1465 tua
1181 1409 1364 1477 iudica
1394 1424 1503 1465 me.
1533 1428 1551 1461 ι

600 1517 874 1574 Judicium
910 1519 1078 1589 cupit.
1107 1534 1219 1574 non
1257 1534 1366 1590 quo
1392 1520 1839 1583 condemnemur,
1869 1518 1964 1574 sed
1991 1533 2099 1588 quo

529 1608 600 1662 ab
641 1623 963 1677 oppressore
1003 1609 1332 1673 liberemur;
1376 1617 1707 1678 quapropter
1754 1609 1807 1662 in
1856 1609 2099 1678 potentia

1712 241 2066 303 HESYCHII
2118 244 2586 303 PRESBYTER!
3620 224 3764 292 1212

2127 361 2174 416 Δ

2760 348 3051 402 ΨΑΛΜΟΣ
3080 345 3200 400 NI".

2275 484 2294 517 ι
2340 465 2398 518 '0
2434 462 2591 528 Θεὸς,
2620 464 2678 517 ἐν
2700 461 2777 533 τῷ
2805 458 3033 530 ὀνόματί
3059 475 3171 511 σου.
3217 473 3236 507 ι

2265 576 2357 651 Μὴ
2385 576 2473 631 διὰ
2499 575 2749 649 πράξεις,
2785 572 2971 645 φησὶν,
3007 569 3129 625 οὐδὲ
3154 566 3264 637 γὰρ
3288 561 3602 632 ἀξιοχρέους
3628 561 3759 632 ἔχω,

2201 670 2277 743 μὴ
2306 669 2392 723 διὰ
2421 667 2674 739 πατέρων
2696 664 2977 734 εὐγένειαν
3018 660 3197 731 (ἄλλος
3234 659 3343 728 γὰρ
3380 654 3536 710 ἄλλον
3562 652 3757 743 διασῶ-

2198 741 2311 825 ζειν
2342 758 2402 811 οὐ
2433 755 2702 826 δύναται),
2730 756 2866 810 ἀλλ’
2892 754 2962 808 ἐν
2986 750 3065 816 τῷ
3098 746 3344 817 ὀνόματί
3375 760 3494 798 σου
3517 758 3532 772 '
3560 743 3608 794 εἰ
3631 741 3757 810 γάρ-

2197 866 2280 903 τοι
2303 846 2442 920 αὕτη
2474 845 2723 917 σωτηρία
2761 841 3020 914 διηνεκὴς
3065 838 3162 893 καὶ
3188 835 3383 897 ἄσυλος
3415 832 3655 886 ἵσταται.
3674 830 3757 920 Ἐἰ

2197 937 2309 1008 γὰρ
2335 912 2563 1011 λῃσταῖς
2588 912 2734 996 τινες
2762 932 2796 1004 ἢ
2836 912 3154 1002 -βαρὸάροις
3174 920 3619 1011 περιπεσόντες,
3647 912 3759 971 εἶτα

2198 1009 2384 1098 ὄνομα
2420 1023 2696 1080 δυναστῶν
2726 1018 3168 1093 παραγαγόντες,
3199 1014 3276 1077 ὡς
3324 1010 3546 1066 ἐκείνων
3576 1009 3758 1061 οἰκεῖοι

2197 1118 2326 1181 τοὺς
2351 1115 2627 1178 κινδύνους
2665 1111 3016 1180 ἐκφεύγουσι,
3066 1106 3185 1170 πῶς
3219 1105 3280 1157 ού
3317 1101 3452 1156 πολὺ
3485 1100 3681 1170 μᾶλλον
3706 1101 3757 1153 ὲν

2196 1208 2275 1279 τῷ
2296 1206 2521 1278 ὀνόματι
2548 1204 2643 1258 τοῦ
2675 1201 2809 1258 Θεοῦ
2834 1202 2943 1259 ἀπὸ
2975 1201 3157 1270 πάσης
3182 1194 3474 1265 ἐπιϐουλῆς
3501 1192 3760 1263 δαιμόνων

2202 1295 2488 1368 σωζόμεθα
2504 1311 2521 1362 ;

2279 1428 2299 1462 ι
2335 1408 2449 1464 Καὶ
2480 1409 2539 1462 ἐν
2562 1408 2630 1479 τῇ
2665 1406 2893 1477 δυνάμει
2915 1420 3010 1458 σου
3037 1402 3223 1474 κρίνον
3258 1416 3347 1468 με.
3387 1416 3409 1450 ι

2269 1546 2484 1618 Κρίσιν,
2520 1545 2618 1616 οὐχ
2646 1544 2727 1597 ὅτι
2768 1536 3188 1609 κατακριθῶμεν
3209 1574 3224 1598 ,
3249 1533 3364 1587 ἀλλ’
3391 1530 3535 1584 ὥστε
3558 1525 3758 1581 ἐλευθε-

2202 1638 2439 1711 ρωθῆναι
2487 1635 2583 1690 τοῦ
2628 1631 3019 1705 τυραννοῦντος
3061 1627 3378 1698 βουλεύεται
3405 1640 3420 1654 ·
3464 1622 3655 1688 διόπερ
3706 1618 3756 1669 ὲν

524 1695 758 1765 judicari
814 1696 1124 1763 postulavit.
1185 1705 1246 1751 ut
1276 1696 1608 1761 adversario,
1662 1696 1776 1751 sive
1828 1696 2093 1763 sensibili,

2200 1695 2485 1800 δυναστείᾳ
2527 1695 2780 1798 κριθῆναι
2827 1695 3193 1795 προσηύξατοο
3231 1717 3321 1770 ἵνα
3358 1712 3453 1768 τοῦ
3498 1712 3756 1766 ἀντιδίκου

530 1783 644 1839 sive
677 1781 924 1853 spiritali,
959 1784 1200 1854 potentia
1224 1784 1320 1840 Dei
1349 1787 1594 1852 subacto,
1640 1801 1741 1841 nos
1773 1786 1841 1841 ab
1870 1786 2097 1842 insidia-

537 1875 744 1931 toribus
771 1876 963 1930 remoti
985 1874 1173 1930 simus.

598 2075 765 2131 Vens.
790 2076 843 2130 4.
877 2095 895 2128 ι
926 2077 1095 2139 Deus,
1130 2076 1323 2132 exaudi
1361 2075 1667 2152 orationem
1693 2088 1890 2128 meam.
1927 2090 1947 2125 ι

596 2165 756 2221 Nulla
814 2168 961 2222 enim
1036 2183 1186 2223 arma
1250 2176 1438 2223 contra
1520 2165 1771 2220 inimicos
1838 2163 2098 2220 validiora

530 2259 795 2314 habemus
840 2260 1105 2323 oratione,
1152 2259 1445 2313 dummodo
1488 2257 1600 2313 Deo
1631 2257 1792 2329 digna
1823 2255 2098 2326 rogaveri-

531 2365 686 2415 mus;
725 2350 881 2420 cujus
905 2350 1007 2405 sibi
1032 2349 1132 2420 ipsi
1163 2350 1415 2405 conscius
1431 2350 1715 2419 propheta,
1744 2346 1897 2417 cupit
1925 2345 2095 2401 Deum

529 2442 753 2497 auribus
798 2442 1077 2511 percipere
1119 2442 1279 2496 verba
1324 2442 1433 2496 oris
1473 2440 1581 2502 sui,
1610 2448 1671 2494 ut
1703 2439 1882 2494 sciens
1914 2437 2097 2507 ipsum

530 2532 669 2586 nihil
716 2532 942 2587 humani
980 2532 1276 2602 postulare,
1319 2531 1648 2587 sacriﬁcium
1690 2527 1953 2586 orationis
2000 2527 2099 2581 ad-

531 2624 734 2679 mittat.

604 2737 765 2794 VEns.
789 2738 842 2793 5.
874 2756 893 2790 ι
932 2738 1194 2805 Quoniam
1213 2738 1374 2793 alieni
1393 2738 1827 2794 insurrexerunt.
1868 2753 1888 2787 ι

602 2847 776 2902 Alieni
796 2856 924 2903 sunt
953 2861 1144 2904 omnes
1169 2848 1261 2917 qui
1291 2861 1402 2901 non
1452 2845 1672 2917 sapiunt
1719 2858 1783 2899 ea
1824 2859 1945 2915 qua:
2003 2842 2097 2898 Dei

532 2948 683 3005 sunt,
724 2938 1073 3011 quantumvis
1095 2947 1152 2995 et
1202 2937 1438 3009 cognati,
1491 2945 1548 2993 et
1593 2934 1775 3001 amici,
1803 2942 1859 2989 et
1903 2933 2098 2990 fratres

2196 1821 2305 1874 εἴτε
2358 1818 2455 1872 τοῦ
2513 1814 2809 1886 αἰσθητοῦ,
2864 1814 2973 1867 εττε
3000 1809 3093 1863 τοῦ
3131 1805 3330 1880 νοητοῦ
3359 1807 3428 1876 τῇ
3473 1800 3750 1869 δυναστείᾳ

2196 1910 2292 1965 τοῦ
2328 1905 2462 1962 Θεοῦ
2485 1906 2859 1979 χειρωθέντος,
2886 1902 3046 1974 ἡμεῖς
3078 1895 3367 1971 γενώμεθα
3386 1895 3495 1947 τῶν
3532 1894 3755 1961 ἐπηρεα-

2198 1999 2401 2065 ζόντων
2439 1997 2733 2067 ἀλλότριοι.

2275 2108 2295 2141 ‹
2349 2088 2407 2143 'O
2438 2087 2592 2152 Θεὸς,
2616 2086 2933 2139 εἰσάκουσον
2957 2080 3058 2151 τῆς
3082 2074 3391 2149 προσευχῆς
3418 2090 3539 2143 μου.
3566 2088 3583 2122 ι

2269 2179 2432 2234 Οὐδὲν
2471 2177 2577 2248 γὰρ
2614 2176 2775 2232 ὅπλον
2805 2175 2944 2247 πρὸς
2980 2172 3105 2232 τοὺς
3134 2168 3364 2239 ἐχθροὺς
3394 2165 3532 2233 ὑπὲρ
3557 2163 3648 2233 τὴν
3671 2163 3753 2212 εὖ·

2197 2268 2298 2340 χὴν
2348 2266 2710 2339 ίσχυρὼτερον
2762 2263 2981 2334 ἔχομεν,
3032 2258 3193 2331 μόνον
3233 2257 3329 2310 ἐὰν
3378 2255 3473 2308 τοῦ
3513 2255 3643 2317 ἄξια
3665 2251 3754 2304 τοῦ

2197 2358 2334 2414 Θεοῦ
2352 2355 2778 2429 προσευξόμεθα,
2801 2355 2935 2423 ὅπερ
2954 2354 2980 2405 6
2998 2350 3289 2422 Προφήτης
3314 2344 3493 2415 ἐαυτῷ
3516 2340 3757 2405 συνειδὼς

2198 2448 2555 2505 ὲνωτίσασθαι
2583 2448 2673 2502 τὸν
2705 2447 2837 2500 Θεὸν
2876 2446 2942 2498 τὰ
2981 2445 3204 2516 ῥήματα
3226 2440 3317 2493 τοῦ
3347 2442 3620 2507 στόματος
3650 2434 3759 2504 βού-

2197 2542 2348 2594 λεται
2374 2580 2388 2604 ,
2436 2540 2524 2593 ἵνα
2571 2537 2844 2606 διαγνοὺς,
2883 2536 2965 2588 ὅτι
3009 2535 3164 2587 οὐδὲν
3207 2528 3553 2598 ἀνθρώπινον
3600 2527 3757 2596 ζητεῖ,

2198 2630 2296 2704 τὴν
2324 2630 2513 2684 θυσίαν
2545 2628 2644 2697 τῆς
2668 2626 2973 2698 προσευχῆς
3006 2622 3381 2693 προσδέξεται.

2275 2746 2429 2799 «Ὅτι
2454 2743 2725 2814 ἀλλότριοι
2751 2741 3146 2814 ἐπανέστησαν.
3179 2755 3197 2788 ι

2280 2855 2576 2928 Ἀλλότριοι
2606 2853 2807 2916 πάντες
2836 2852 2885 2904 οἱ
2917 2850 2991 2921 μὴ
3021 2845 3352 2918 φρονοῦντες
3378 2845 3448 2899 τὰ
3486 2842 3591 2898 τοῦ
3621 2841 3761 2906 Θεοῦ,

2199 2947 2304 3004 κᾶν
2346 2947 2629 3017 συγγενεῖς
2650 2985 2665 3007 ,
2695 2944 2798 2998 κᾶν
2839 2941 3021 3012 φίλοι,
3060 2939 3163 2994 κᾶν
3194 2937 3415 3006 ἀδελφοὶ
3442 2936 3762 3005 τυγχάνωσι.

532 3031 756 3087 Ῑιιθτίηῑο
780 3029 1141 3097 QuamObl'em
1194 3042 1567 3098 εωβθηυιηθτο
1632 3042 1742 3080 n0“
1792 3024 1957 3095 Ριιδθι
2005 3039 2100 3080 θθε
2126 3050 2167 3108 c
2199 3040 2290 3093 Διὸ
2320 3039 2416 3092 καὶ
2442 3033 2814 3091 ἐπιϐουλεύειν
2845 3033 2978 3103 ἡμῖν
3008 3031 3085 3094 ὡς
3136 3028 3407 3098 ἀλλότριοι
3450 3026 3764 3095 ἀλλοτρίοις,

533 3122 694 3177 nobis
729 3130 984 3191 tanquam
1017 3121 1221 3176 alienos
1260 3119 1475 3183 alienis,
1519 3119 1649 3173 licet
1698 3118 1909 3188 cognati
1967 3117 2097 3177 sint.

532 3214 797 3270 insidiari.
820 3212 924 3279 Qui
951 3212 1097 3267 enim
1139 3211 1460 3281 semetipsos
1484 3210 1594 3267 Deo
1615 3210 1822 3264 alienos
1852 3209 2101 3265 reddide-

531 3310 679 3363 runt,
706 3301 977 3372 quomodo
1000 3316 1108 3355 non
1132 3301 1301 3356 multo
1324 3299 1491 3370 magis
1514 3316 1542 3353 a
1571 3308 1777 3354 natum
1806 3301 1922 3370 lege
1939 3299 2100 3353 alieni

533 3393 674 3451 sint?
714 3393 903 3449 Fortes
938 3408 1067 3448 vero
1099 3402 1253 3448 vocat
1273 3405 1368 3447 eos
1387 3391 1480 3462 qui
1511 3400 1759 3462 potentes
1781 3400 1910 3446 sunt
1945 3389 2102 3444 inali-

532 3490 627 3554 tia,
657 3489 749 3559 qui
779 3499 886 3544 tam
916 3488 1225 3545 vehementi
1258 3496 1313 3542 et
1350 3487 1671 3558 implacabili
1714 3486 1979 3558 pravitate
2024 3486 2103 3541 la-

531 3576 749 3644 borant,
775 3585 836 3633 ut
859 3578 1022 3632 etiam
1053 3576 1272 3648 ipsimet
1324 3577 1519 3632 anima:
1584 3586 1800 3633 struant
1850 3577 2098 3642 insidias,

532 3681 642 3723 non
671 3668 844 3723 solum
867 3668 1179 3723 sensibilem
1207 3668 1386 3735 nobis;
1430 3668 1526 3723 sed
1591 3669 1752 3725 etiam
1804 3670 2101 3741 spiritalem

533 3768 763 3816 mortem
796 3761 1195 3818 machinantes.

516 3958 520 3962 _
602 3870 765 3927 Vens.
795 3872 849 3929 8.
884 3891 903 3924 ι
931 3871 1243 3927 Confitebor
1271 3872 1474 3929 nomini
1503 3879 1613 3928 tuo.
1651 3892 1672 3927 ι

601 3982 1027 4039 lnvoluntarium
1048 3982 1191 4036 enim
1214 3981 1546 4037 sacrificium
1573 3982 1717 4039 Deus
1741 3983 1969 4039 minime
1994 3999 2094 4039 su-

531 4075 726 4147 scipit;
762 4074 1028 4144 siquidem
1060 4081 1191 4128 tunc
1242 4087 1355 4127 non
1404 4072 1676 4141 offerenti,
1734 4074 1828 4129 sed
1885 4076 2099 4147 cogenti

529 4164 855 4221 oblationem
899 4162 1163 4217 attribuit.
1187 4161 1344 4228 Quod
1376 4177 1500 4217 cum
1534 4162 1698 4217 sciret
1718 4178 1935 4234 quoque
1955 4162 2097 4219 Pau-

529 4257 618 4312 lus
646 4252 951 4325 apostolus,
985 4252 1119 4308 dixit
1151 4269 1165 4306 :
1198 4252 1317 4306 Non
1347 4269 1411 4307 ea:
1443 4252 1682 4319 tristitia,
1736 4262 1830 4307 aut
1882 4270 1946 4310 ea:
2005 4271 2098 4309 ne-

2200 3132 2296 3186 καὶ
2342 3128 2624 3198 συγγενεῖς
2670 3126 2842 3187 ὄντες,
2881 3121 3145 3184 πολλάκις
3182 3121 3282 3173 οὐκ
3314 3118 3686 3189 αἰσχύνονται.
3711 3115 3764 3168 0i

2200 3223 2310 3293 γάρ
2355 3220 2582 3282 ἑαυτοὺς
2627 3216 3088 3288 ἀλλοτριὼσαντες
3135 3213 3230 3266 τοῦ
3274 3210 3430 3274 Θεοῦ,
3479 3211 3605 3274 πῶς
3649 3207 3768 3261 πολῦ

2204 3312 2405 3383 μᾶλλον
2432 3310 2525 3364 καὶ
2555 3309 2647 3363 τοῦ
2687 3307 2852 3378 νόμου
2884 3306 2987 3375 τῆς
3030 3305 3247 3373 φύσεως
3286 3301 3568 3371 ἀλλότριοι
3608 3300 3767 3369 γίνον-

2201 3418 2325 3465 ται;
2354 3399 2666 3469 Κραταιοῦς
2689 3397 2746 3450 δὲ
2774 3396 2899 3458 τοὺς
2930 3393 3181 3465 ἰσχυροὺς
3214 3394 3279 3462 τῇ
3310 3390 3481 3461 κακία
3507 3390 3684 3458 λέγει,
3704 3389 3769 3442 οἵ-

2200 3510 2346 3558 τινες
2379 3494 2458 3553 εἰς
2494 3489 2749 3545 τοσοῦτον
2786 3486 3014 3558 ἰσχυρὰν
3044 3484 3142 3539 καὶ
3168 3484 3447 3537 άνένδοτον
3473 3482 3583 3553 τὴν
3617 3496 3768 3549 πονηο

2206 3582 2326 3655 ρίαν
2352 3581 2668 3652 κέκτηνται,
2702 3576 2841 3631 ὥστε
2888 3575 2984 3629 καὶ
3032 3577 3111 3637 εἰς
3158 3575 3357 3643 ἑαυτὴν
3405 3571 3769 3625 ἐπιϐουλεύειν

2200 3673 2300 3743 τὴν
2324 3671 2521 3743 ψυχὴν,
2543 3671 2603 3724 οὗ
2639 3669 2797 3740 μόνον
2824 3667 2917 3721 τὸν
2942 3666 3200 3735 αἰσθητὸν
3223 3667 3376 3736 ἡμῖν,
3409 3663 3557 3717 ἀλλὰ
3580 3663 3769 3717 καὶτὸν

2201 3763 2390 3833 νοητὸν
2423 3758 2927 3824 κατασκευάζοντες
2960 3758 3211 3815 θάνατον.

2278 3896 2297 3928 ι
2321 3874 2818 3947 Ἐξομολογήσομαι
2844 3872 2918 3942 τῷ
2948 3871 3175 3942 ὀνόματί
3213 3887 3333 3924 σου.
3364 3889 3384 3922 ι

2231 4054 2235 4060 Δ
2282 3986 2566 4042 Ἀκούσιον
2594 3985 2702 4056 γάρ
2737 3983 2930 4038 θυσίαν
2963 3986 2992 4036 ό
3020 3984 3150 4048 Θεὸς
3179 3985 3242 4037 οὐ
3272 3982 3668 4054 προσδέχεται·
3694 3980 3767 4032 aii-

2200 4083 2392 4137 δέποτε
2438 4079 2548 4150 γὰρ
2590 4077 2668 4148 τῷ
2707 4076 3101 4145 προσφέροντι,
3139 4075 3275 4129 ἀλλὰ
3306 4075 3383 4144 τῷ
3411 4075 3768 4143 ἀναγκάζοντι

2201 4174 2299 4241 τὴν
2331 4169 2646 4242 προσφορὰν
2685 4167 3166 4238 λογίζεται.”οπερ
3195 4165 3355 4229 εἰδὼς
3383 4167 3479 4218 καὶ
3515 4166 3721 4228 Παῦλος
3744 4168 3769 4218 6

2200 4263 2514 4326 ἀπόστολος,
2548 4260 2733 4328 ἔλεγε·
2770 4258 2867 4326 Μὴ
2909 4259 2980 4311 ἐκ
3017 4259 3222 4325 λύπης
3266 4255 3304 4326 ἢ
3352 4257 3422 4320 ἐξ
3466 4256 3764 4327 ἀνάγκηςο

534 4349 770 4402 cessitate
793 4362 812 4401 :
846 4346 1069 4399 hilarem
1089 4346 1226 4401 enim
1251 4346 1488 4398 datorem
1519 4344 1691 4415 diligit
1716 4343 1852 4398 Deus
1873 4347 1938 4399 ”.
2016 4346 2097 4401 Tu

2201 4354 2411 4423 ἱλαρὸν
2441 4353 2550 4421 γὰρ
2583 4350 2777 4418 δώτην
2803 4346 3004 4416 ἀγαπᾷ
3029 4350 3061 4401 ό
3094 4348 3256 4414 Θεός.
3306 4347 3378 4399 Σὺ
3427 4347 3488 4399 δὲ
3528 4350 3632 4402 ’καὶ
3675 4346 3768 4401 ἀπὸ

533 4451 658 4490 γετί)
685 4435 846 4489 etiam
877 4451 943 4489 ex
992 4443 1237 4504 tempore
1268 4433 1563 4488 voluntatis
1608 4432 2096 4503 promptitudinem

533 4526 835 4583 considera.
867 4525 1023 4595 Saepe
1055 4525 1200 4579 enim
1222 4540 1344 4578 cum
1373 4524 1428 4578 in
1450 4522 1795 4579 alllictionem
1827 4523 2087 4578 incideri-

530 4632 673 4682 mus,
695 4616 854 4671 nobis
873 4616 1003 4686 ipsis
1027 4615 1343 4686 pientiores'
1380 4616 1680 4670 evadimus.
1716 4613 1943 4684 Oportet
1996 4632 2095 4671 au-

530 4715 637 4762 tem
665 4716 912 4762 cessante
953 4707 1119 4762 etiam
1154 4705 1446 4761 aﬂlictione
1477 4721 1579 4762 nos
1610 4707 1858 4762 similiter
1887 4722 2095 4778 gerere.

598 4819 729 4876 Viso
748 4821 1089 4878 inimicorum
1126 4822 1370 4889 interitu,
1393 4820 1792 4877 confessionem
1820 4820 2097 4893 dixitgra-

530 4914 727 4969 tiarum
756 4913 1026 4969 actionem
1060 4914 1308 4970 :bonum
1342 4914 1488 4969 enim
1532 4916 1617 4969 εει
1669 4913 1816 4983 quod
1872 4911 1926 4966 in
1979 4913 2096 4982 ipsa

532 5013 678 5062 recte
693 5005 911 5078 agitur:
947 5022 1075 5061 nam
1125 5006 1217 5077 qui
1254 5005 1589 5062 benefactori
1612 5006 1813 5076 gratias
1852 5004 1986 5075 agit,
2039 5006 2095 5059 in

530 5104 806 5166 posterum
833 5098 1226 5167 promptiorem
1250 5097 1431 5167 ipsum
1473 5096 1684 5160 reddit;
1744 5105 2094 5165 peccatorum

530 5194 711 5242 autem
741 5189 1090 5257 praesentium
1123 5204 1188 5243 ac
1250 5186 1554 5243 futurorum
1588 5186 1889 5257 redemptio
1914 5188 2100 5241 conci-

531 5276 628 5332 liat
661 5278 762 5349 ipsi
803 5278 1225 5336 familiaritatem
1300 5278 1419 5341 Dei,
1475 5280 1780 5335 futurorum
1829 5278 2098 5334 bonorqu

531 5380 706 5436 spem,
736 5370 912 5426 omnis
937 5370 1244 5427 aiilictionis
1267 5370 1666 5437 liberationem,
1699 5370 1773 5425 ita
1803 5379 1861 5426 ut
1888 5370 1955 5426 ad
1972 5370 2100 5426 bea-

533 5455 820 5513 titudinem
851 5461 1159 5518 istiusmodi
1189 5463 1296 5518 vita
1330 5462 1707 5520 transferatur.

612 5625 656 5655 η
680 5624 722 5678 ll
749 5627 873 5682 Cor.
903 5646 974 5694 Ix,
1005 5635 1055 5686 7.
1088 5654 1091 5655 ν

2204 4441 2399 4515 καιροῦ
2429 4442 2488 4495 τὸ
2519 4440 2763 4494 ἑκούσιον
2794 4439 3004 4508 νόησον.
3038 4438 3302 4501 Πολλάκις
3334 4438 3441 4507 γάρ
3467 4438 3656 4508 θλίψει
3684 4455 3768 4489 περ

2204 4534 2520 4608 ριπεσόντες
2569 4529 2832 4601 γινόμεθα
2877 4528 3085 4583 ἑαυτῶν
3128 4527 3543 4598 εὐλαεέστεροι.
3577 4529 3694 4598 Χρὴ
3722 4527 3769 4578 δὲ

2204 4627 2350 4697 ἡμᾶς
2376 4625 2468 4677 καὶ
2512 4622 2612 4693 τῆς
2654 4621 2885 4692 θλίψεως
2918 4619 3347 4693 μεταῦληθείσης
3378 4619 3769 4688 παραπλησίως

2205 4713 2570 4787 εὑρίσκεσθαι.
3282 4697 3289 4703 ’

2274 4828 2395 4882 Τῶν
2429 4825 2701 4897 πολεμίων
2728 4824 2819 4878 τὸν
2845 4824 3064 4897 δλεθρον
3116 4825 3455 4893 θεασάμενος
3477 4867 3494 4888 ,
3528 4822 3769 4894 ἐξομολό-

2199 4936 2358 4990 γησιν
2401 4913 2555 4971 εἶπεν
2599 4916 2698 4988 τὴν
2748 4916 3099 4987 εὐχαριστίαν
3124 4934 3138 4949 ο
3172 4917 3376 4991 ἀγαθὸν
3420 4916 3537 4988 γὰρ
3580 4919 3643 4970 το
3685 4916 3770 4968 ἐπ’

2201 5010 2336 5080 αὐτῇ
2369 5009 2731 5079 κατόρθωμα·
2773 5008 2802 5060 6
2847 5008 2955 5078 γὰρ
3002 5008 3343 5078 εὐχαριστῶν
3370 5007 3448 5078 τῷ
3482 5008 3766 5076 εὐεργέτῃ.

2201 5097 2624 5168 φιλοτιμὼτερον
2667 5096 2832 5149 αὐτὸν
2881 5098 2940 5148 ὲν
2983 5099 3100 5159 τοῖς
3129 5098 3256 5167 ἑξῆς
3286 5095 3589 5167 ἐργάζεται
3611 5110 3628 5129 ⁶
3660 5100 3692 5168 ἡ
3721 5094 3769 5148 δὲ

2199 5185 2307 5238 τῶν
2341 5184 2751 5254 ἁμαρτημάτων
2793 5178 2869 5237 ὧν
2910 5183 3023 5255 ἔχει
3056 5187 3152 5239 καὶ
3188 5186 3296 5239 τῶν
3327 5188 3640 5257 μελλόντων
3683 5188 3770 5239 isi-

2196 5291 2416 5346 τρωσις,
2452 5273 2598 5343 αῦτῷ
2624 5274 2916 5344 ἐργάζεται
2945 5276 3219 5329 οἱκείωσιν
3249 5276 3414 5341 Θεοῦ,
3441 5276 3644 5331 ἐλπίδα
3671 5274 3769 5328 τῶν

2199 5364 2496 5435 μελλόντων
2519 5363 2760 5431 ἀγαθῶν,
2791 5364 2971 5436 πάσης
3005 5366 3240 5436 θλίψεως
3268 5366 3760 5438 ἀπαλλαγὴν,ὥστε

2196 5457 2274 5517 εἰς
2305 5455 2684 5524 μακαριότητα
2714 5454 2790 5525 τῷ
2822 5456 3049 5528 τοιούτῳ
3080 5458 3106 5509 ό
3134 5458 3248 5528 βίος
3279 5457 3629 5529 μεθίσταται.
