4036 6200
523 227 661 296 1215

1710 230 2069 290 HESYCHII
2107 230 2575 292 PRESBYTERI

3626 228 3773 296 1216

524 343 639 400 alas
658 340 939 409 columbae,
971 341 1026 398 id
1055 350 1140 403 est
1197 340 1433 409 Spiritus
1471 337 1646 392 sancti
1692 338 2094 407 dispensatione

2213 340 2400 394 ἑπαυσε
2420 357 2433 371 ·
2467 339 2683 402 τούτοις
2703 333 2794 392 οἷα
2825 337 3108 408 πτέρυγας
3134 338 3489 410 περιστερᾶς,
3522 340 3770 395 τουτέστι

526 433 740 504 plenas,
821 441 990 504 optat.
1051 432 1318 488 Particula
1351 438 1531 485 autem
1584 429 1699 498 quis
1724 444 1832 482 non
1873 438 1959 483 est
2006 428 2095 483 hic

529 525 857 594 ha-sitantis,
893 524 986 580 sed
1006 524 1189 597 potius
1221 519 1582 578 desiderantis
1610 528 1665 575 et
1690 519 1951 590 urgentis.

506 752 507 755 η
600 700 763 755 Vens.
816 700 869 754 9.
925 715 945 750 ι
1009 695 1405 766 Exspectabam
1453 709 1579 749 eum
1619 693 1712 762 qui
1743 692 1952 746 salvum
2008 704 2097 744 me

528 792 658 849 fecit
679 808 709 845 a
742 789 1188 860 pusillanimitate
1207 787 1431 855 spiritus
1452 794 1506 841 et
1559 792 1901 854 tempestate.
1933 800 1952 833 ›

599 881 1101 937 Pusillanimitatem
1122 884 1278 933 vocat
1305 875 1707 939 contumeliam,
1744 879 2098 942 tempestatem

528 968 1362 1042 verovigorem,etviolentiam,
1415 982 1479 1021 ac
1527 964 1925 1019 vehementiam
1978 970 2097 1015 ten-

533 1061 784 1126 tationis;
816 1075 848 1116 e
876 1075 1105 1130 quarum
1123 1058 1367 1127 utrisque
1392 1072 1422 1109 a
1450 1054 1559 1109 Deo
1574 1054 1837 1108 auxilium
1867 1060 2096 1122 prtesto-

531 1152 773 1207 landum.
803 1153 1055 1208 Christus
1085 1159 1265 1206 autem
1294 1164 1405 1203 non
1442 1156 1696 1216 tanquam
1731 1145 1831 1201 sibi
1858 1143 1962 1214 ipsi
1993 1143 2125 1197 hoc'

532 1241 690 1311 petit,
740 1243 835 1296 sed
886 1241 1145 1312 apostolis
1197 1239 1379 1293 animo
1431 1235 1806 1292 deficientibus
1853 1242 2101 1301 tempore

532 1332 803 1401 passionis
822 1375 838 1396 ,
867 1332 939 1386 ita
959 1341 1018 1386 ut
1046 1330 1377 1399 increpando
1403 1328 1470 1383 ad
1519 1328 1667 1397 ipsos
1695 1324 1889 1379 dixerit
1920 1338 1935 1375 :
1970 1320 2102 1376 Sic?

535 1420 654 1475 Non
680 1422 920 1490 potuistis
958 1438 1064 1474 una
1088 1422 1217 1475 hora
1247 1419 1468 1489 vigilare
1502 1413 1740 1472 mecum?
1784 1412 2028 1484 Vigilate,
2052 1418 2101 1464 et

537 1521 708 1576 orate,
728 1520 783 1564 ut
808 1527 908 1565 non
946 1511 1150 1565 intretis
1181 1512 1237 1563 in
1265 1508 1603 1563 tentationem
1630 1505 1696 1557 ³¹.
1726 1493 1884 1569 Qtiod
1908 1502 1953 1556 si
1973 1516 2104 1556 con-

539 1601 763 1670 spiratio
794 1602 848 1654 in
873 1602 1013 1655 malo
1052 1600 1190 1654 mala
1220 1599 1307 1660 sit,
1360 1598 1521 1652 etiam
1542 1611 1572 1650 e
1608 1596 1821 1650 diverso
1850 1606 2102 1663 magnum

2195 432 2421 503 πλήρεις
2452 432 2553 501 τῆς
2581 431 2850 503 χορηγίας
2891 431 2986 485 τοῦ
3030 431 3369 502 Πνεύματος,
3406 428 3674 499 βούλεται.
3696 433 3771 488 To

2195 522 2252 575 δέ
2277 524 2366 588 τίς
2389 523 2490 576 οὐκ
2521 522 2855 594 ἀποροῦντος
2886 522 3139 588 ἐνταῦθα,
3170 521 3306 576 ἀλλὰ
3327 521 3389 574 τὸ
3421 522 3615 592 μᾶλλον
3649 526 3771 578 ἐπι-

2194 611 2496 681 θυμοῦντος
2521 614 2616 666 καὶ
2636 612 3079 682 κατεπείγοντος.
3782 618 3792 628 ’

2270 720 2291 753 ι
2324 702 2747 775 Προσεδεχόμην
2778 704 2869 757 τὸν
2909 701 3153 767 σώζοντά
3187 718 3257 772 με
3284 700 3394 755 ἀπὸ
3424 700 3772 773 ὀλιγοψυχίας

2196 791 2294 845 καὶ
2320 793 2658 861 καταιγίδος.
2693 812 2713 845 ι

2279 884 2711 952 Ὀλιτοψυχίαν
2734 884 2834 956 τὴν
2857 884 3127 955 λοιδορίαν
3154 883 3332 953 καλεῖ,
3362 886 3680 955 acutam-[aa
3711 888 3769 941 δι

2198 974 2298 1044 τὴν
2324 974 2508 1044 ἀκμὴν
2541 974 2634 1028 τοῦ
2667 975 2978 1047 πειρασμοῦ
2998 1015 3013 1039 ,
3046 975 3140 1027 καὶ
3170 974 3315 1045 βίαν,
3346 976 3443 1029 καὶ
3471 977 3768 1048 σφοδρότηο

2199 1080 2269 1118 τα
2290 1082 2302 1094 ο
2326 1057 2400 1117 ὧν
2420 1064 2481 1129 ἐξ
2500 1065 2767 1135 ἑκατέρας
2788 1067 2895 1137 χρὴ
2921 1065 3072 1136 παρὰ
3098 1064 3232 1118 Θεοῦ
3257 1067 3657 1136 προσδέξασθαι
3676 1068 3767 1138 τὴν

2203 1152 2472 1223 βοήθειαν.
2490 1155 2548 1208 '0
2584 1155 2818 1226 Χριστὸς
2851 1155 2917 1215 δέ,
2938 1156 3037 1225 οὐχ
3067 1156 3143 1217 ὼς
3186 1155 3368 1225 ἐαυτῷ
3397 1155 3561 1209 τοῦτο
3603 1174 3768 1228 προσ·

2201 1244 2442 1313 εὐχεται,
2472 1244 2608 1299 ἀλλὰ
2650 1248 2762 1309 τοῖς
2807 1245 3124 1309 ἀποστόλοις
3152 1246 3478 1316 ὀλιγωροῦσι
3510 1253 3653 1304 κατὰ
3685 1252 3770 1304 τὸν

2203 1334 2396 1405 καιρὸν
2425 1335 2522 1388 τοῦ
2554 1334 2759 1399 πάθους
2777 1353 2792 1368 ο
2821 1336 2964 1388 ὥστε
2987 1337 3081 1391 καὶ
3109 1336 3248 1407 πρὸς
3272 1340 3476 1404 αὐτοὺς
3506 1342 3770 1410 ἐπιτιμῶν

2203 1419 2375 1478 εἴπεν·
2405 1424 2635 1491 autem;
2661 1429 2772 1480 οὐκ
2813 1429 3108 1495 ισχύσατε
3127 1430 3270 1497 μίαν
3293 1428 3456 1497 ὥραν
3485 1432 3769 1500 τρητορῆσ

2204 1527 2307 1567 σαι
2325 1530 2345 1577 ;
2378 1516 2733 1585 Γρηγορεῖτε
2781 1519 2881 1571 καὶ
2912 1521 3355 1587 προσεύχεσθε,
3390 1522 3494 1575 ἵνα
3517 1523 3606 1591 μὴ
3653 1526 3767 1576 εισ-

2204 1601 2416 1670 ἐλθητε
2444 1607 2532 1670 εις
2562 1607 2917 1673 πειρασμόν.
2948 1608 3008 1659 El
3041 1608 3135 1659 ἐπὶ
3165 1608 3322 1679 κακῷ
3351 1611 3647 1679 συμφωνία
3674 1612 3770 1664 δει-

538 1691 741 1744 bonum
771 1700 876 1753 est,
905 1682 1185 1759 dissipatio
1211 1690 1265 1743 in
1303 1689 1448 1743 man
1498 1685 1944 1755 conspirantium.
1998 1680 2101 1748 Qui

2213 1691 2318 1754 νὺν,
2355 1693 2450 1745 καὶ
2481 1694 2545 1746 ἐκ
2578 1694 2673 1747 τοῦ
2707 1696 2953 1749 ἐναντίου
3009 1698 3150 1767 μέγα
3174 1699 3402 1766 ,ἀγαθὸν
3467 1702 3502 1769 ἡ
3549 1700 3656 1753 τῶν
3686 1704 3770 1755 ἐπὶ

540 1780 723 1848 itaque
747 1779 803 1832 in
834 1778 999 1833 turris
1027 1777 1439 1832 aediﬁcationem
1503 1778 1914 1836 consenserant,
1980 1787 2107 1826 cum

542 1871 807 1924 haberent
832 1884 1019 1925 vocem
1045 1884 1208 1923 unam
1241 1877 1297 1923 et
1334 1868 1537 1922 labium
1563 1879 1754 1943 unum,
1778 1876 1970 1917 omnes
1999 1861 2109 1915 im-

543 1962 708 2032 pediti
728 1962 967 2026 l‘uerunt,
995 1962 1229 2015 maxima
1267 1959 1545 2029 impietate
1567 1955 1799 2021 confusi,
1822 1954 1968 2025 quod
1996 1966 2110 2006 non

541 2053 774 2123 amplius
794 2053 1061 2107 haberent
1094 2066 1289 2106 vocum
1322 2048 1758 2105 consensionem.

614 2170 842 2237 Quando
876 2170 1082 2239 malitia
1112 2169 1168 2223 in
1192 2168 1483 2237 semetipsa
1511 2164 1685 2220 divisa
1714 2161 1902 2227 fuerit,
1933 2156 2110 2214 securi

544 2275 736 2316 sumus
764 2261 855 2331 qui
885 2261 952 2315 ab
983 2260 1071 2314 illa
1103 2271 1483 2328 oppugnamur
1514 2270 1529 2307 :
1566 2267 1675 2307 non
1711 2250 1942 2320 amplius
1960 2246 2109 2302 enim

544 2351 906 2420 insidiis'ejus
932 2349 1193 2405 creditur.
1219 2346 1432 2403 Etenim
1467 2344 1685 2400 Christo
1720 2338 1980 2396 miracula
2029 2337 2111 2391 fa-

546 2443 726 2499 ciente
757 2441 1295 2511 Judaaorumlingua?
1348 2437 1536 2493 divisa:
1586 2442 1711 2489 sunt
1749 2450 1763 2487 :
1809 2440 1968 2500 atque
2020 2428 2111 2483 alii

546 2532 768 2600 quidem
797 2530 1052 2585 dicebant
1085 2546 1098 2582 :
1130 2528 1248 2581 Non
1281 2532 1357 2579 est
1398 2524 1481 2577 hic
1535 2523 1687 2574 homo
1740 2537 1773 2572 a
1820 2518 1946 2583 Deo,
1990 2512 2117 2587 quia

548 2620 837 2675 Sabbatum
857 2636 959 2673 non
980 2618 1221 2671 custodit.
1258 2615 1363 2669 Alii
1388 2621 1564 2666 autem
1595 2608 1839 2663 dicebant
1892 2624 1911 2663 :
1968 2606 2113 2671 Quo-

548 2711 701 2764 modo
744 2718 910 2779 potest
932 2710 1085 2760 homo
1135 2714 1379 2774 peccator
1428 2701 1560 2755 talia
1601 2700 1749 2768 signa
1800 2697 2007 2768 facere?
2046 2694 2114 2748 Et

548 2803 772 2857 schisma
800 2809 913 2855 erat
935 2801 1072 2853 inter
1105 2814 1189 2852 eos
1223 2797 1291 2849 θ’.

622 2961 786 3016 Vsus.
819 2960 936 3016 l0.r
966 2957 1235 3025 Quoniam
1263 2953 1373 3010 vidi
1394 2948 1733 3021 iniquitatem
1756 2955 1813 3002 et
1837 2942 2114 3001 contradi-

549 3052 808 3107 ctionem.
854 3068 873 3102 ι

621 3165 759 3218 Dum
778 3160 1027 3216 Christus
1056 3158 1241 3228 inique
1279 3154 1643 3226 judicabatur,
1675 3147 1951 3205 contentio
1978 3145 2116 3201 facta

551 3264 655 3321 est,
684 3252 838 3307 Pilati
867 3251 1074 3305 scilicet
1103 3257 1157 3303 et
1180 3245 1484 3317 principum
1511 3241 1855 3298 sacerdotum
1901 3237 2117 3292 Iudaeo-

549 3362 672 3401 rum
702 3363 717 3400 :
745 3344 835 3399 illo
858 3343 1071 3413 quidem
1116 3340 1369 3395 dicente:
1405 3334 1553 3390 Nihil
1585 3332 1788 3386 invenio
1844 3343 2017 3383 causa:
2063 3327 2120 3380 in

550 3439 646 3492 hoc
668 3437 873 3491 homine
897 3435 942 3466 ³³
966 3450 980 3498 ;
1010 3432 1141 3502 ipsis
1165 3446 1294 3486 vero
1313 3425 1769 3499 respondentibus
1792 3439 1806 3476 :
1831 3422 1938 3475 Nos
1957 3419 2120 3488 legem

552 3530 828 3592 habemus;
866 3538 910 3578 et
932 3524 1122 3578 scimus
1166 3521 1291 3591 quia
1357 3518 1640 3573 secundum
1671 3515 1829 3585 legem
1887 3519 2120 3566 nostram

554 3621 696 3674 debet
727 3617 861 3672 mori
877 3617 942 3669 ³⁸.

619 3730 785 3785 Vens.
820 3729 905 3783 ll.
941 3748 959 3781 ‹
1005 3727 1102 3782 Die
1133 3741 1198 3781 ac
1227 3730 1388 3779 nocte
1424 3718 1786 3777 circumdabit
1818 3730 1937 3770 eam
1960 3727 2121 3783 super

553 3838 738 3878 muros
771 3822 889 3893 ejus
918 3820 1180 3889 iniquitas
1209 3827 1265 3872 et
1286 3817 1443 3870 labor
1465 3814 1524 3868 in
1554 3811 1735 3866 medio
1757 3809 1895 3879 ejus.
1937 3824 1955 3857 ι

623 3931 724 3987 Die
749 3930 991 4002 quidem,
1018 3930 1072 3984 id
1094 3935 1176 3983 est
1216 3934 1462 3996 tempore
1515 3920 1727 3985 crucis;
1782 3926 1929 3971 nocte
1969 3929 2119 3979 vero,

554 4024 608 4081 id
633 4033 719 4081 est
739 4032 981 4094 tempore
1008 4019 1330 4092 proditionis
1355 4035 1370 4084 ;
1395 4031 1551 4084 super
1575 4027 1769 4075 muros,
1790 4009 1847 4063 id
1865 4015 1947 4063 est
1960 4020 2124 4076 super

555 4116 864 4172 sacerdotes
918 4131 931 4166 :
980 4104 1083 4183 ipsi
1131 4110 1277 4165 enim
1329 4115 1457 4162 sunt
1512 4102 1655 4160 muri
1685 4100 1869 4171 populi
1903 4117 1917 4152 :
1956 4097 2124 4151 fortes

553 4207 795 4278 quidem,
826 4206 956 4260 dum
1010 4200 1308 4259 secundum
1349 4199 1522 4266 legem
1573 4189 1861 4248 sacerdotii
1906 4188 2122 4253 vivunt;

553 4296 748 4353 cariosi
766 4310 896 4352 vero
925 4309 991 4348 ac
1015 4291 1243 4357 ruinosi,
1268 4287 1487 4359 quando
1510 4300 1541 4339 a
1556 4284 1816 4354 dignitate
1834 4295 1929 4335 sua
1946 4278 2123 4332 aliena

2206 1781 2362 1853 κακῷ
2391 1784 2872 1853 συμφωνησάντων
2895 1784 3153 1848 διάλυσις.
3173 1788 3283 1840 Καὶ
3303 1790 3351 1841 οἱ
3384 1788 3771 1859 ὁμονοήσαντες

2204 1869 2335 1937 γοῦν
2365 1871 2457 1945 ἐπὶ
2492 1873 2557 1940 τῇ
2589 1871 2945 1943 πυργοποιίᾳ,
2981 1873 3043 1926 τὸ
3088 1872 3233 1943 ἔχειν
3272 1874 3457 1942 φωνὴν
3511 1876 3637 1945 μίαν
3682 1877 3771 1929 καὶ

2206 1960 2382 2029 χεῖλος
2407 1959 2488 2027 ἓν,
2524 1961 2723 2025 πάντες
2753 1963 3193 2034 ἐνεποδίσθησαν,
3233 1964 3471 2036 μεγίστῃ
3493 1966 3771 2038 δυσσεϐεία

2210 2047 2595 2117 συγχυθέντες,
2622 2049 2699 2112 ὡς
2728 2050 2924 2120 μηκέτι
2951 2052 3267 2121 ὁμοφωνίαν
3299 2052 3468 2123 ἔχειν.

2282 2154 2450 2207 Ὅταν
2492 2157 2526 2227 ἡ
2576 2156 2745 2209 κακία
2792 2157 2914 2210 καθ’
2939 2159 3141 2230 ἑαυτὴν
3189 2160 3420 2232 μερισθῇ
3447 2202 3462 2226 ,
3495 2160 3685 2232 ἔχομεν
3714 2161 3771 2215 τὸ

2209 2243 2449 2312 ἀσφαλὲς
2467 2246 2516 2297 οἱ
2544 2247 2674 2316 παρ’
2702 2247 2872 2317 αὐτῆς
2901 2249 3298 2319 πολεμούμενοι
3316 2267 3331 2282 °
3370 2252 3562 2304 οὐκέτι
3590 2255 3695 2320 γαρ
3719 2253 3772 2303 al

2210 2331 2269 2397 ἐξ
2293 2335 2461 2404 αὐτῆς
2487 2334 2773 2389 ἐπιϐουλαὶ
2801 2337 3171 2392 πιστεύονται.
3201 2339 3507 2412 Τοιγαροῦν
3536 2340 3634 2394 τοῦ
3656 2343 3778 2411 Χρι-

2213 2422 2338 2477 στοῦ
2392 2424 2935 2498 θαυματουργοῦντος
2987 2428 3094 2483 τῶν
3127 2431 3396 2485 Ἰουδαίων
3441 2435 3498 2485 αἱ
3544 2432 3775 2501 γλῶσσαι

2210 2514 2566 2588 διῃρέθησανο
2608 2517 2788 2572 καίοι
2814 2519 2932 2588 μὲν
2960 2519 3171 2590 ἔλεγον
3200 2535 3215 2550 ·
3270 2523 3392 2574 Οὐκ
3441 2523 3579 2577 ἐστι
3632 2523 3779 2590 παρὰ

2215 2608 2361 2661 Θεοῦ
2384 2608 2739 2678 όᾶνθρωπος
2766 2604 2966 2678 οὗτος,
2989 2611 3077 2665 ὅτι
3099 2613 3171 2687 οὐ
3202 2611 3369 2679 τηρεῖ
3380 2612 3447 2665 τὸ
3464 2613 3773 2667 Σὰεϐιιτον·

2212 2697 2388 2751 ἄλλοι
2442 2700 2682 2767 ἔλεγον·
2712 2698 2846 2765 Πῶς
2898 2699 3149 2754 δύναται
3178 2701 3491 2769 ἅνθρωπος
3523 2705 3778 2772 ἀμαρτω-

2212 2791 2322 2855 λός
2352 2790 2593 2845 τοιαῦτα
2630 2790 2849 2860 σημεῖα
2892 2792 3121 2855 ποιεῖν-ς
3168 2793 3279 2849 Καί
3316 2797 3561 2867 σχίσμα
3608 2793 3682 2870 ἦν
3719 2796 3780 2850 ἐν

2214 2880 2436 2946 αὐτοῖς.

2294 2971 2445 3025 (Ὅτι
2479 2966 2618 3030 εἶδον
2652 2976 2884 3047 ἀνομίαν
2915 2976 3009 3031 καὶ
3040 2976 3371 3045 ἀντιλογίαν.
3405 2996 3426 3029 ι

2288 3143 2397 3198 Τοῦ
2428 3147 2668 3215 Χριστοῦ
2713 3150 3037 3220 κρινομένου
3083 3151 3331 3221 ἀνόμως,
3362 3150 3650 3219 ἀντιλογία
3686 3151 3783 3206 τῶν

2217 3233 2531 3314 κρινόντων,
2564 3236 2798 3290 Πιλάτου
2831 3238 3033 3309 δηλαδὴ
3074 3242 3171 3293 καὶ
3209 3240 3320 3294 τῶν
3378 3241 3656 3295 Ἰουδαίων
3694 3244 3782 3312 ἀρ-

2212 3326 2444 3396 χιερέων
2492 3328 2733 3397 ἐγένετο*
2768 3328 2863 3382 τοῦ
2921 3330 3022 3400 μὲν
3067 3330 3343 3400 λέγοντος,
3378 3332 3579 3386 Οὐδὲν
3610 3334 3785 3386 atrior

2217 3419 2473 3484 εὑρίσκω
2501 3418 2572 3472 ἐν
2593 3418 2674 3484 τῷ
2696 3420 2986 3489 ἀνθρώπῳ
3006 3421 3192 3486 τούτῳ
3208 3440 3222 3454 ο
3255 3422 3481 3476 ἐκείνων
3506 3424 3596 3478 δέ’
3614 3424 3784 3492 Ἡμεῖς

2218 3507 2405 3576 νόμον
2435 3509 2671 3578 ἔχομεν,
2705 3510 2804 3563 καί
2851 3511 3117 3581 οἴδαμεν,
3152 3511 3242 3566 ὅτι
3268 3512 3419 3568 κατὰ
3462 3513 3580 3567 τὸν
3617 3517 3785 3583 νόμον

2219 3595 2389 3665 ἡμῶν
2426 3598 2654 3666 ὀφείλει
2682 3599 3029 3654 ἀποθανεῖν.

2297 3727 2316 3758 ι
2339 3707 2581 3781 Ἡμέρας
2604 3713 2697 3765 καὶ
2718 3712 2910 3775 νυκτὸς
2935 3713 3203 3767 κυκλώσει
3231 3713 3400 3784 αὐτὴν
3434 3716 3527 3768 ἐπὶ
3555 3716 3629 3770 τὰ
3650 3715 3784 3785 τείχη

2222 3798 2414 3868 αὐτῆς,
2455 3801 2660 3871 ἀνομία
2690 3802 2784 3855 καὶ
2812 3802 2971 3867 πόνος
3007 3805 3065 3856 ἐν
3097 3804 3247 3874 μέσῳ
3278 3805 3463 3875 αὐτῆς.
3491 3823 3510 3857 ι

2307 3910 2552 3980 Ἡμέρας
2584 3913 2715 3983 μὲν,
2752 3914 2890 3968 κατὰ
2919 3914 3008 3969 τὸν
3036 3916 3226 3987 καιρὸν
3254 3916 3347 3969 τοῦ
3381 3918 3628 3987 σταυροῦ
3650 3935 3666 3950 ο
3696 3935 3786 3972 rv-

2224 4003 2365 4068 κτὸς
2394 4003 2470 4066 δὲ,
2503 4003 2641 4057 κατά
2666 4004 2758 4058 τὸν
2783 4006 2972 4076 καιρὸν
3001 4007 3098 4076 τῆς
3119 4006 3411 4077 προδοσίας
3427 4008 3576 4061 ’ἐπὶ
3603 4009 3673 4063 τὰ
3695 4009 3789 4063 τεί-

2224 4112 2322 4163 χη,
2347 4095 2543 4166 δηλαδὴ
2565 4096 2657 4149 ἐπὶ
2674 4096 2801 4160 τοὺς
2836 4099 3001 4169 ἱερεῖς
3019 4116 3032 4128 ·
3058 4099 3213 4152 αὐτοὶ
3237 4100 3343 4170 γὰρ
3369 4099 3522 4169 τείχη
3556 4092 3652 4154 τοῦ
3676 4097 3785 4154 λαοῦ

2223 4186 2579 4256 τυγχάνουσιν
2599 4204 2615 4219 ο
2648 4187 2845 4258 ἰσχυρὰ
2872 4189 2991 4259 μὲν,
3017 4190 3157 4244 κατὰ
3188 4191 3279 4244 τὸν
3313 4190 3476 4261 νόμον
3504 4193 3617 4263 τῆς
3652 4196 3789 4261 Ξερω⁸

2228 4276 2391 4346 σύνης
2419 4276 2620 4341 ζῶντες
2638 4294 2652 4309 ⁸
2688 4279 2863 4347 σαθρά
2893 4271 2951 4332 δὲ
2981 4282 3330 4347 πεπτωκότα,
3376 4282 3502 4335 ὅταν
3555 4283 3788 4351 ἀλλότρια

553 4394 806 4441 tractant.
840 4383 1187 4455 lniquitatem
1216 4394 1347 4435 vero
1374 4387 1428 4433 et
1455 4376 1698 4430 laborem
1724 4374 1779 4428 in
1805 4370 1985 4426 medio
2006 4368 2114 4438 ejus

2230 4368 2320 4422 τοῦ
2350 4371 2733 4442 προσχήματος
2762 4372 3111 4442 πράττουσιν.
3130 4372 3386 4444 Ἀνομίαν
3417 4373 3474 4425 δὲ
3513 4376 3617 4428 καὶ
3645 4374 3788 4425 κόπον

555 4488 608 4532 et
636 4477 953 4546 iniustitiam
982 4482 1138 4528 vocat
1156 4471 1476 4527 servitutem
1498 4468 1693 4521 littera:
1723 4481 1736 4517 :
1764 4462 2121 4532 iniquitatem,

555 4566 680 4638 quia
702 4567 873 4636 legem
904 4563 1220 4635 spiritaliter
1244 4578 1353 4616 non
1378 4567 1669 4615 servarunt
1717 4575 1731 4611 :
1778 4552 2125 4624 iniustitiam,

554 4656 680 4726 quia
704 4653 867 4708 tantis
896 4669 923 4706 a
954 4651 1115 4706 Patre
1167 4647 1448 4726 beneficiis
1486 4644 1685 4709 aliecti,
1738 4642 2008 4698 medicum
2071 4647 2127 4695 et

555 4724 781 4801 altorem
816 4758 975 4798 suum
1001 4741 1147 4798 cruci
1178 4724 1541 4795 tradiderunt.
1566 4735 1686 4791 Non
1724 4733 1912 4805 defecit
1939 4740 2125 4786 autem

555 4840 619 4893 de
637 4837 825 4907 plateis
846 4836 959 4906 ejus
987 4850 1147 4888 usura
1178 4843 1226 4888 et
1247 4831 1416 4887 dolus.
1435 4828 1702 4887 Fortassis
1727 4826 1945 4899 quidem
1963 4823 2143 4905 etiam

554 4927 865 4983 Iudaeorum
892 4924 1173 4981 avaritiam
1194 4932 1372 4989 taxat;
1404 4922 1520 4992 qui,
1555 4920 1685 4975 dum
1717 4919 1804 4972 lex
1846 4917 1995 4986 ipsos
2042 4913 2125 4968 fe-

557 5019 736 5075 nerari
765 5018 1113 5088 prohiberet,
1141 5015 1268 5070 dolo
1298 5029 1492 5068 usuras
1517 5012 1637 5066 aliis
1661 5007 1907 5064 artiﬁciis
1937 5014 2127 5061 extor-

556 5110 815 5182 quebant.
839 5108 1107 5165 Creterum
1143 5105 1479 5175 deccptionis
1514 5103 1675 5157 fenus
1702 5109 1787 5155 est
1804 5097 2123 5170 hypocrisis:

560 5202 676 5257 hasc
700 5216 810 5255 una
835 5215 959 5255 cum
990 5198 1116 5254 dolo
1145 5198 1211 5252 de
1233 5195 1619 5266 Hierosolyma;
1668 5190 1862 5263 plateis
1899 5189 2125 5244 minime

2225 4458 2282 4510 ἐν
2315 4458 2464 4529 μέσῳ
2496 4460 2699 4529 αὐτῆς,
2735 4462 2828 4514 καὶ
2856 4461 3068 4514 ἀδικίαν
3095 4461 3245 4531 λέγει
3278 4462 3377 4526 τὴν
3417 4463 3671 4516 δουλείαν
3711 4458 3787 4512 τοῦ

2227 4548 2580 4620 γράμματος
2610 4552 2857 4622 ἀνομίαν,
2886 4552 2967 4605 ὃτι
2993 4552 3083 4607 τὸν
3104 4553 3268 4624 νόμον
3299 4555 3690 4623 πνευματικῶς
3709 4552 3791 4604 οὐκ

2228 4641 2523 4711 ἐφύλαττον
2547 4655 2561 4672 ⁸
2596 4643 2829 4709 ἀδικίαν,
2876 4645 2956 4697 ὅτι
2986 4645 3253 4708 τοσαύτας
3284 4645 3435 4715 παρὰ
3462 4645 3565 4698 τοῦ
3602 4641 3789 4711 Πατρὶς

2229 4734 2546 4805 εὐεργεσίας
2570 4735 2872 4806 δεξάμενοι,
2900 4737 3116 4809 σταυρῷ
3137 4739 3227 4792 τὸν
3258 4738 3437 4809 ἰατρὸν
3461 4740 3559 4791 καὶ
3578 4738 3669 4790 τὸν
3688 4751 3791 4803 τρο-

2232 4824 2338 4895 φέα
2367 4825 2710 4895 παρέδωκαν.
2736 4829 2855 4881 Οὐκ
2877 4827 3151 4891 ἐξέλειπε
3182 4830 3238 4882 δὲ
3267 4829 3335 4883 ἐκ
3366 4827 3486 4881 τῶν
3512 4823 3793 4881 πλατειῶν

2232 4914 2423 4984 αὐτῆς
2446 4916 2624 4982 τόκος
2653 4916 2751 4971 καί
2783 4916 3159 4983 δό.ὶος.”Ισως
3183 4919 3281 4988 μὲν
3303 4919 3395 4972 καί⁵
3418 4918 3516 4988 τὴν
3549 4917 3660 4969 τῶν
3684 4916 3793 4967 ’1ουο

2231 5006 2393 5061 δαίων
2416 5006 2779 5079 φιλαργυρίαν
2803 5007 3080 5061 διαϐάλλει
3100 5026 3116 5042 ·
3146 5010 3365 5074 οἵτινες,
3385 5008 3628 5072 τοκίζειν
3648 5001 3791 5059 αὑτοῦ

2233 5096 2327 5150 τοῦ
2357 5096 2523 5166 νόμου
2557 5096 2879 5160 κωλύοντος,
2915 5096 3054 5167 δόλῳ
3086 5097 3211 5160 τοὺς
3239 5097 3431 5159 τόκους
3460 5096 3527 5149 δι’
3557 5092 3792 5147 ἐπινοιῶν

2234 5187 2436 5258 ἐτέρων
2458 5186 2788 5258 ἐκέρδαινον.
2818 5186 2966 5257 Πλὴν
2983 5188 3140 5249 τόκος
3162 5187 3260 5257 τῆς
3283 5186 3498 5258 ἀπάτης
3522 5187 3556 5257 ἡ
3587 5184 3794 5251 ὗπόκριυ

560 5291 762 5347 defecit
798 5309 811 5345 :
845 5291 901 5344 in
931 5291 997 5345 iis
1024 5290 1169 5345 enim
1213 5297 1470 5359 tanquam
1506 5286 1561 5341 in
1623 5283 1916 5338 virtutibus
1974 5280 2114 5334 valdt

2238 5295 2353 5341 σις·
2387 5276 2528 5348 αῦτη
2565 5276 2701 5348 μετά
2731 5277 2881 5330 δόλου
2908 5276 3006 5340 τὰς
3033 5275 3131 5345 τῆς
3167 5276 3522 5347 Ἰερουσαλὴμ
3547 5270 3793 5329 πλατείαις

564 5380 935 5449 pra-lidebant.
967 5379 1358 5436 Verumtamen
1385 5385 1439 5434 et
1472 5392 1574 5433 nos
1608 5390 1915 5438 caveamus,
1939 5387 2008 5426 nc
2041 5372 2114 5425 ιίὶ(

2237 5370 2337 5422 οὐκ
2364 5368 2617 5422 ἐπέλειπε
2636 5384 2649 5396 ·
2689 5368 2894 5438 σφόδρα
2921 5368 3027 5437 γὰρ
3057 5367 3143 5420 ἐπ’
3171 5368 3353 5431 αὐτοῖς
3375 5365 3449 5431 ὡς
3482 5366 3565 5421 ἐπ’
3590 5362 3792 5434 ἀρεταῖς

637 5557 678 5588 ³⁸
714 5555 901 5612 Matth.
927 5575 1069 5624 xxvr,
1108 5560 1192 5614 40.
1272 5559 1312 5590 3"
1341 5557 1497 5613 Joan.
1532 5572 1604 5615 ις,
1646 5553 1723 5606 l6.
1809 5553 1851 5583 ³³
1879 5550 2005 5605 Luc.
2036 5567 2114 5603 x311

2231 5549 2281 5614 4,
2357 5549 2396 5578 ³’·
2428 5546 2582 5600 Joun.
2622 5562 2731 5613 XIX,
2767 5547 2816 5600 7.
