4036 6200
300 371 441 437 ’ῙΞῘἹ

1391 362 1856 426 FRAGMENTA
1891 361 1974 422 IN
2014 360 2378 423 PSALMOS.

3413 364 3548 430 1218

307 484 795 559 ὲωρῤησιάζοντο.
824 484 972 557 Πλὴν
1015 486 1109 540 καὶ
1157 478 1318 554 ἡμεῖς
1365 479 1752 551 φυλαξώμεθα,
1788 477 1879 532 καὶ

1988 491 2157 547 neque
2184 487 2345 532 nocte
2373 491 2539 548 super
2567 491 2754 535 muros
2779 483 3014 544 nostros,
3049 493 3246 548 nempe
3296 479 3550 544 virtutes,

276 645 285 655 γ
310 581 450 650 μήτε
482 578 698 649 ἡμέρας
729 578 870 649 μήτε
892 578 1088 639 νυκτὸς
1111 576 1203 628 ἐπὶ
1231 574 1300 628 τὰ
1321 573 1562 645 ἡμέτερα
1589 572 1764 642 τείχη,
1789 569 1885 641 δη-

306 670 437 740 λαδὴ
478 669 580 732 τὰς
626 669 849 741 ἀρετάς,
884 667 1115 738 ἀνομίαν
1147 664 1290 737 ἔχειν
1342 665 1374 735 ἢ
1407 665 1542 726 ὅλως
1573 663 1885 733 ἀντιλογίαν

308 761 741 834 καρτερήσωμεν
760 776 775 790 ο
801 760 937 813 ἀλλὰ
961 760 1093 830 μηδὲ
1112 758 1272 812 τόκον
1293 758 1325 827 ἢ
1349 757 1496 810 δόλον
1518 758 1575 809 ὲν
1599 756 1882 820 πλατείαις

308 853 428 915 ταῖς
462 840 763 923 ἡμετέραις
804 851 1039 921 ἔχωμεν.
1077 851 1337 903 Πλατεῖαι
1369 848 1478 918 γὰρ
1510 848 1605 900 καὶ
1628 846 1883 901 εὐθυνοῦ-

312 960 403 996 σαι
421 944 480 997 αἱ
497 943 626 1008 ὁδοὶ,
644 945 703 996 ὲν
724 937 812 1006 αἷς
831 942 901 995 τὰ
923 942 1375 1013 πλημμελήματα
1399 940 1459 993 ού
1482 940 1591 1011 μὴν
1612 942 1690 1004 είς
1716 938 1880 1009 ζωήν,

311 1031 426 1087 ἀλλ’
449 1034 529 1097 είς
557 1032 837 1087 ἀπώλειαν
865 1033 1108 1101 ἄγουσιν.

384 1125 540 1180 «Ὅτι
569 1127 619 1180 εί
644 1125 836 1197 ἐχθρὸς
865 1124 1109 1178 ὠνείδισέ
1144 1140 1232 1194 με.
1258 1142 1279 1175 ι

380 1296 597 1369 Φορητὰ
620 1296 691 1350 τὰ
709 1294 861 1368 παρὰ
877 1293 986 1349 τῶν
1007 1292 1216 1363 ἐχθρῶν
1230 1288 1774 1360 άποκεκαλυμμένων
1794 1287 1883 1340 διὰ

308 1390 470 1443 τοῦτο
506 1389 823 1458 νομίζεται,
861 1385 1158 1456 ἐπειδήπερ
1196 1382 1418 1451 εὐχερὲς
1446 1380 1620 1432 ταῦτα
1654 1377 1887 1446 φυλάξα-

312 1480 462 1534 σθαι·
486 1482 536 1532 οἱ
557 1480 613 1532 δὲ
644 1479 789 1547 φίλοι
813 1475 1119 1538 δοκοῦντες,
1136 1475 1203 1525 τά
1220 1472 1331 1525 τῶν
1361 1469 1575 1540 ἐχθρῶν
1599 1468 1887 1537 λογιζόμεε-

311 1588 414 1635 νοι,
444 1571 545 1623 οὐκ
579 1571 687 1622 εἰσὶ
723 1565 986 1638 φορητοίο
1025 1562 1201 1634 μέλιτι
1228 1562 1336 1633 γὰρ
1366 1561 1458 1613 τὸν
1499 1558 1577 1613 ίδν
1618 1558 1887 1626 κεράσαν-

309 1668 401 1723 τες
428 1659 777 1715 λανθάνοντα.
809 1652 1282 1716 κατασκευάζουσι
1309 1652 1565 1705 θάνατον.
1598 1649 1769 1702 Τοῦτο
1793 1648 1888 1702 καὶ

310 1750 386 1821 τῷ
419 1748 587 1821 Ἰούδᾳ
630 1740 659 1802 ὸ
703 1748 936 1817 Χριστὸς
969 1747 1059 1799 διά
1094 1748 1190 1815 τῆς
1222 1742 1505 1813 παρούσης
1551 1738 1887 1811 προφητείας

1985 569 2284 623 habeamus
2317 570 2682 639 iniquitatem,
2703 571 2787 626 vel
2813 570 3035 625 omnino
3065 572 3552 627 contradictionem

1985 663 2313 718 toleremus:
2349 663 2443 718 sed
2475 678 2652 732 neque
2679 677 2901 717 usuram
2948 662 3033 717 vel
3064 662 3247 717 dolum
3275 664 3330 717 in
3361 665 3556 735 plateis

1984 755 2185 811 nostris
2214 754 2532 809 habeamus.
2571 753 2770 808 Platea:
2789 753 2937 807 enim
2965 761 3017 806 et
3074 753 3194 807 latae
3250 754 3351 806 viae
3401 764 3550 820 sunt,

1984 846 2041 900 in
2079 846 2275 915 quibus
2299 846 2494 901 delicta
2523 862 2630 901 non
2655 846 2723 900 ad
2753 845 2943 911 vitam,
2998 843 3095 899 sed
3149 842 3216 898 ad
3272 844 3553 899 interitum

1983 934 2210 989 ducunt.

2056 1110 2334 1167 Vens.l5.
2364 1127 2384 1162 ‹
2429 1109 2698 1176 Quoniam
2755 1109 2803 1168 si
2863 1110 3556 1181 inimicuS‘exprobrasset

1984 1218 2094 1258 me.
2133 1222 2152 1255 ι

2056 1294 2130 1348 Ea
2157 1311 2277 1365 quae
2309 1312 2338 1350 a
2369 1295 2679 1351 manifestis
2706 1293 2939 1349 inimicis
2989 1292 3303 1348 inferuntur
3353 1294 3556 1349 idcirco

1988 1383 2287 1440 tolerabilia
2316 1395 2632 1451 censentur,
2691 1386 2819 1456 quia
2862 1384 3021 1439 facile
3066 1395 3149 1441 est
3178 1389 3281 1441 ista
3317 1403 3554 1443 cavere:

1984 1476 2174 1546 atqui,
2204 1493 2327 1531 cum
2351 1479 2511 1533 amici
2533 1479 2840 1546 videantur,
2888 1477 3108 1533 hostilia
3147 1478 3553 1543 machinantur,

1988 1568 2358 1624 intolerabiles
2384 1570 2696 1625 exsistunt:
2748 1569 3017 1638 siquidem
3060 1569 3219 1623 melle
3281 1584 3553 1623 venenum

1987 1657 2301 1723 miscentes,
2366 1659 2761 1714 clandestinam
2829 1669 3061 1713 mortem
3128 1660 3392 1713 inferunt.
3444 1658 3557 1713 Hoc

1987 1749 2149 1804 etiam
2180 1749 2334 1806 Iuda:
2354 1750 2606 1807 Christus
2636 1752 2889 1822 prmsenti
2915 1749 3169 1807 vaticinio
3186 1752 3554 1820 exprobravit.

308 1815 710 1895 ὠνείδισεν.Ὦν
729 1815 817 1892 ἵνα
836 1836 1169 1908 παραστήσῃ
1190 1831 1632 1903 σαφέστερον,τὰ
1648 1830 1883 1900 ἐχόμενα

1988 1839 2136 1905 Quae,
2170 1849 2230 1895 ut
2255 1841 2521 1912 propheta
2548 1815 2749 1896 clarius
2774 1849 3096 1913 exponeret,
3119 1815 3403 1911 sequentia
3425 1842 3556 1897 sub-

308 1934 337 1986 6
362 1932 650 2004 Προφήτης
680 1931 815 2000 ὲπήγ
824 1944 982 1997 αγεν·

385 2042 404 2076 ι
436 2025 508 2078 Σὺ
534 2023 617 2088 δὲ,
652 2021 912 2092 ἄνθρωπε
947 2020 1194 2089 ίσόψυχε.
1229 2036 1249 2070 ι

379 2113 656 2183 ’ἰσόψυχε,
693 2111 784 2165 διὰ
809 2110 908 2181 τὴν
942 2110 1163 2179 ἀγάπην
1185 2148 1200 2173 ,
1234 2109 1302 2179 ἣν
1343 2105 1474 2178 περὶ
1516 2106 1644 2169 τοὺς
1691 2104 1887 2159 ἑαυτοῦ

316 2203 561 2275 μαθητὰς
576 2205 604 2256 6
625 2202 824 2273 Κύριος
848 2200 1213 2263 ἐπεδείκνυτο,
1229 2198 1371 2252 ὥστε
1396 2196 1476 2267 τῷ
1493 2197 1665 2267 Πατρλ⁵
1686 2196 1884 2265 λέγειν’

314 2295 503 2363 Πάτερ
531 2294 679 2363 ἅγιε,
708 2292 976 2361 τήρησον
1001 2290 1222 2356 αὐτοὺς
1251 2290 1319 2342 ἐν
1347 2288 1426 2353 τῷ
1461 2288 1707 2357 ὀνόματί
1746 2301 1885 2351 σου,

315 2381 424 2449 οὓς
449 2380 713 2447 δέδωκάς
741 2398 874 2450 μοι·
906 2382 1005 2437 ἵνα
1031 2375 1186 2434 ὦσιν
1212 2378 1305 2444 ἓν,
1336 2376 1532 2442 καθὼς
1561 2376 1660 2430 καὶ
1694 2377 1884 2446 ἡμεῖς.

330 2474 606 2544 Ἠτεμὼν,
642 2473 830 2543 ἐπειδὴ
880 2472 942 2524 τὸ
986 2470 1375 2540 γλωσσόκομον
1427 2468 1540 2535 τῶν
1594 2468 1891 2538 χρημάτων

320 2564 608 2637 βαστάζων
646 2562 842 2625 αὐτὸς,
890 2562 1016 2625 ἴσως
1057 2560 1152 2630 τὴν
1189 2559 1433 2624 ἐξουσίαν
1457 2560 1557 2628 τῆς
1584 2558 1892 2628 οἰκονομίας

319 2644 602 2726 ἐκέκτητο.
634 2653 899 2717 Γνωστὲ,
929 2653 1104 2707 πάντα
1130 2652 1238 2722 γὰρ
1268 2651 1342 2714 ὡς
1373 2650 1585 2722 μαθητῇ
1620 2650 1893 2705 ἀπεκάλυ-

317 2748 556 2818 ψεν.“ος
573 2746 671 2800 ἐπὶ
708 2745 777 2798 τὸ
815 2746 961 2799 αὐτὸ
991 2742 1331 2813 ἐτλύκυνάς
1352 2760 1451 2814 μοι
1479 2745 1550 2797 τὰ
1572 2743 1887 2812 ἐδέσματα.

316 2836 495 2900 Μόνος
542 2836 653 2908 γὰρ
700 2835 838 2905 μετὰ
881 2835 977 2888 τοῦ
1014 2833 1193 2906 Ἰήσοῦ
1242 2835 1536 2887 ὲνέόαπτεν
1567 2834 1649 2897 εἰς
1674 2835 1737 2887 τὸ
1759 2848 1891 2903 τρυ-

317 2930 483 2983 ϐλίον.
501 2928 598 2981 Ἐν
625 2926 704 2993 τῷ
736 2927 881 2993 οἴκῳ
907 2925 1013 2980 τοῦ
1047 2925 1196 2980 Θεοῦ
1232 2917 1726 2993 ἑπόρεύθημενέν
1749 2926 1892 2991 ὀμο-

315 3022 470 3090 νοίᾳ.
506 3017 665 3076 Οϊκον
704 3019 839 3074 Θεοῦ
877 3020 977 3088 τὴν
1008 3016 1147 3072 Σιὼν
1174 3017 1355 3085 λέγει’
1392 3018 1509 3070 ἐκεῖ
1539 3017 1642 3086 γὰρ
1676 3017 1733 3070 ὲν
1757 3020 1892 3086 ὀμο-

1979 1929 2159 1999 junxit
2182 1945 2198 1984 :

2058 2019 2223 2076 Vens.
2257 2022 2343 2078 M.
2384 2041 2404 2075 ι
2437 2023 2520 2078 Tu
2536 2039 2665 2079 vero
2694 2024 2859 2079 homo
2884 2025 3176 2081 unanimis.
3216 2047 3234 2080 ι

2062 2111 2356 2179 Unanimis,
2387 2122 2613 2184 propter
2640 2115 3007 2183 dilectionem,
3061 2133 3222 2187 quam
3246 2133 3372 2190 erga
3402 2118 3561 2174 disci-

1989 2202 2147 2272 pulos
2176 2217 2305 2257 suos
2334 2202 2597 2259 Dominus
2626 2205 2887 2270 ostendit,
2946 2221 3068 2260 cum
3107 2206 3253 2262 Patri
3312 2210 3555 2265 diceret:

1987 2292 2152 2346 Pater
2178 2300 2377 2358 sancte,
2426 2310 2575 2347 serua
2608 2312 2692 2348 eos
2715 2296 2769 2348 in
2802 2298 3008 2351 nomine
3065 2306 3173 2360 tuo,
3199 2316 3325 2370 quos
3371 2302 3558 2354 dedisti

1988 2383 2119 2435 mihi
2149 2398 2167 2437 :
2195 2392 2251 2436 ut
2276 2384 2380 2436 sint
2401 2401 2582 2453 unum,
2601 2386 2734 2438 sicut
2756 2396 2804 2440 et
2834 2403 2925 2440 nos
2945 2387 3011 2445 ³⁸.
3071 2387 3214 2455 Dux,
3269 2390 3394 2460 quia
3434 2407 3559 2445 cum

1992 2470 2109 2539 ipse
2131 2471 2467 2540 marsupium
2501 2475 2858 2542 pecuniarum
2886 2476 3071 2541 ferret,
3102 2478 3334 2534 fortasse
3366 2480 3446 2535 rei
3482 2479 3562 2534 fa-

1990 2560 2216 2615 miliaris
2242 2560 2478 2616 habebat
2507 2572 2850 2633 potestatem.
2887 2567 3076 2632 Notus,
3142 2569 3270 2638 quia
3306 2579 3561 2640 tanquam

1991 2652 2256 2721 discipulo
2282 2654 2332 2707 ei
2360 2655 2543 2709 omnia
2605 2657 2959 2713 revelaverat.
3007 2660 3108 2722 Qui
3149 2661 3313 2713 simul
3359 2678 3561 2715 mecum

1992 2742 2173 2796 dulces
2203 2744 2449 2811 cupiebas
2470 2745 2606 2798 cibos
2630 2745 2692 2799 ³⁸.
2729 2746 2889 2802 Solus
2920 2748 3064 2801 enim
3096 2763 3217 2802 cum
3238 2748 3366 2803 Jesu
3391 2749 3562 2804 intin-

1992 2837 2151 2906 gebat
2176 2853 2396 2891 manum
2431 2836 2709 2891 in'catino.
2745 2837 2812 2890 In
2841 2840 2996 2892 domo
3044 2838 3141 2892 Dei
3183 2839 3562 2893 ambulavimus

1992 2941 2109 2978 cum
2134 2942 2385 2979 consensu
2403 2926 2467 2979 ³⁷.
2498 2926 2727 2980 Domum
2753 2926 2849 2980 Dei
2904 2934 3062 2980 vocat
3105 2924 3325 2979 Sionem
3373 2941 3387 2977 :
3456 2926 3565 2980 illic

1992 3015 2137 3072 enim
2170 3032 2293 3071 cum
2323 3032 2596 3073 consensu
2622 3033 2835 3074 coenam
2862 3015 3084 3071 Paschae
3113 3033 3237 3073 cum
3281 3017 3565 3087 discipulis

316 3116 436 3185 νοίᾳ
462 3113 524 3166 τὸ
554 3112 766 3165 δεῖπνον
785 3108 881 3163 τοῦ
912 3109 1105 3179 Πάσχα
1131 3107 1267 3178 μετὰ
1294 3106 1403 3158 τῶν
1433 3105 1691 3205 μαθητὶὒν
1712 3106 1740 3157 6
1762 3107 1887 3175 Χρι-

1995 3108 2243 3164 Christus
2278 3108 2543 3178 perfecit;
2576 3124 2766 3164 verum
2821 3107 2990 3163 Judas
3019 3124 3190 3164 ccenae
3241 3111 3563 3181 mysterium

318 3204 440 3266 στδς
460 3201 776 3255 ἐπετέλεσεν
796 3215 812 3231 ’
834 3199 895 3251 οὐ
927 3197 1032 3269 μὴν
1062 3195 1291 3266 ἐφύλαξε
1327 3194 1523 3259 Ἰούδας
1552 3193 1644 3248 τοῦ
1672 3194 1884 3272 δείπνου

1995 3217 2103 3256 non
2132 3201 2478 3257 observavit:
2511 3202 2638 3256 inde
2705 3202 2853 3257 enim
2902 3217 3156 3272 egressus
3202 3202 3564 3272 proditionem

313 3298 375 3349 τδ
411 3297 744 3367 μυστήριον·
775 3292 988 3347 ἐκεῖθεν
1034 3290 1141 3361 γὰρ
1185 3287 1418 3353 ἐξελθὼν
1460 3289 1559 3357 τὴν
1600 3277 1888 3358 προδοσίαν

317 3385 573 3458 ἔπραξεν.
602 3388 765 3440 Ὥστε
796 3384 971 3438 ταῦτα
1014 3382 1093 3453 τῷ
1141 3380 1374 3451 προδότῃ
1413 3379 1475 3432 τδ
1516 3378 1740 3449 Πνεῦμα
1790 3378 1886 3432 τοῦ

317 3476 450 3529 Θεοῦ
481 3477 575 3530 καὶ
605 3475 711 3543 πρὸ
740 3473 952 3528 πολλῶν
980 3471 1187 3542 γενεῶν
1212 3471 1488 3535 ὀνειδίζων
1512 3469 1829 3539 ἐφθέγγετο.

395 3586 413 3619 ι
437 3567 668 3620 Ἐλθέτω
701 3566 765 3634 δὴ
798 3565 1026 3627 θάνατος
1054 3563 1141 3617 ἐπ’
1165 3561 1380 3625 αὐτούς.
1414 3580 1431 3610 ι

388 3657 560 3711 Τοῦτο
608 3656 966 3728 πεπλήρωται
1014 3654 1113 3726 μὲν
1163 3652 1257 3707 ἐπὶ
1308 3651 1385 3723 τῷ
1415 3650 1618 3722 Ἰούδᾳ·
1649 3650 1747 3721 τήν
1779 3651 1888 3722 γὰρ

320 3748 609 3820 προδοσίαν
637 3748 840 3820 ἀγχόνῃ
868 3745 1159 3812 διεδέξατο.
1198 3744 1549 3814 πεπλήρωται
1576 3742 1632 3796 δὲ
1660 3742 1753 3796 καὶ
1797 3743 1888 3794 ἐπὶ

318 3839 428 3892 τῶν
478 3838 655 3893 ἄλλων
704 3835 1004 3891 Ἰουδαίων·
1036 3833 1275 3905 Χριστὸν
1303 3833 1411 3904 γὰρ
1449 3831 1545 3904 τὴν
1593 3830 1737 3902 ζωὴν
1788 3829 1886 3903 τὴν

317 3924 578 3996 ἀληθινὴν
612 3924 848 3995 ἔχοντες,
884 3921 1255 3992 ἀσεϐήσαντες
1301 3922 1381 3986 είς
1423 3920 1605 3987 αὑτὸν,
1637 3921 1741 3973 ὑπὸ
1788 3921 1886 3990 τὴν

317 4015 552 4086 φοϐεράν
582 4014 675 4069 τοῦ
700 4014 932 4069 Θανάτου
967 4014 1211 4084 κατάραν
1244 4013 1509 4081 ἐγένοντο.
1538 4012 1806 4083 Παροικία
1831 4012 1888 4064 δὲ

315 4110 344 4161 6
372 4107 483 4179 βίος
502 4109 530 4161 6
554 4107 893 4179 ἀνθρώπινος
913 4105 1154 4175 λέγεται.
1179 4105 1313 4175 Οιύδὲ
1334 4105 1441 4174 γὰρ
1462 4104 1629 4158 οἰκεῖν
1655 4103 1888 4156 ὲνταῦοα

319 4199 483 4269 μέχρι
514 4198 713 4253 πολλοῦ
746 4196 1044 4267 δυνάμεθα,
1091 4195 1206 4276 ἁλλ’
1227 4195 1300 4259 ὡς
1341 4196 1618 4267 πάροικοι,
1650 4194 1778 4248 ὅταν
1812 4195 1888 4247 οἰ-

315 4294 649 4363 κοδεσπότης
706 4291 1027 4364 προστάξῃ,
1080 4289 1422 4360 παραχρῆμα
1491 4286 1884 4355 ὲκϐαλλόμεθα.

327 4380 546 4457 Ἐπειδὴ
580 4386 636 4439 δὲ
663 4383 956 4455 παροικίας
989 4383 1017 4435 6
1044 4382 1337 4452 Προφήτης
1368 4378 1570 4442 πολλάς
1603 4380 1725 4432 ἀντὶ
1759 4380 1887 4449 μιᾶς

1991 3291 2296 3347 adornavit.
2362 3290 2489 3346 "asc
2560 3292 2746 3362 itaque
2793 3292 2890 3348 Dei
2945 3292 3181 3362 Spiritus
3240 3303 3369 3349 ante
3443 3295 3566 3365 plu-

1989 3380 2160 3437 rimas
2192 3384 2593 3454 generationes,
2648 3383 2914 3453 proditori
2966 3385 3369 3454 exprobrando,
3430 3387 3566 3441 insi-

1988 3473 2198 3528 nuavit.

2061 3562 2222 3619 Vens.
2250 3565 2337 3620 16.
2373 3584 2392 3617 ‹
2426 3564 2622 3619 Veniat
2654 3579 2801 3619 mors
2838 3565 3156 3634 superillos.
3193 3585 3213 3618 ›

2060 3654 2174 3711 Hoc
2194 3654 2413 3726 quidem
2446 3655 2501 3709 in
2530 3655 2668 3710 Iuda
2703 3656 2984 3727 impletum
3041 3666 3126 3711 est
3158 3673 3170 3709 :
3200 3658 3567 3727 proditionem

1989 3746 2134 3801 enim
2158 3747 2382 3817 laqueus
2398 3747 2632 3816 excepit.
2661 3744 2808 3812 Quin
2837 3754 2892 3801 et
2942 3748 3000 3802 in
3031 3749 3151 3802 aliis
3194 3747 3401 3804 Judceis
3465 3751 3571 3805 im-

1986 3836 2193 3907 pletUm
2223 3843 2340 3890 est:
2368 3851 2491 3890 cum
2525 3836 2671 3890 enim
2726 3837 2999 3891 Christum
3044 3838 3209 3893 vitam
3243 3855 3427 3895 veram
3471 3842 3569 3896 ha-

1989 3932 2204 3999 berent,
2247 3946 2374 4003 erga
2421 3931 2599 4001 ipsum
2659 3933 2827 4003 impie
2879 3948 2939 3987 sc
2991 3944 3267 4005 gerentes,
3325 3937 3568 3992 terribile

1989 4025 2180 4080 mortis
2216 4024 2567 4079 maledictum
2606 4024 2980 4080 incurrerunt.
3040 4025 3208 4082 Porro
3242 4028 3568 4083 tabernacu-

1987 4117 2101 4170 lum
2129 4117 2364 4172 humana
2394 4109 2504 4171 vita
2540 4116 2758 4172 dicitur.
2816 4116 3073 4173 Habitare
3107 4120 3254 4174 enim
3294 4119 3384 4174 hic
3409 4120 3569 4192 longo

1991 4218 2233 4279 tempore
2263 4225 2370 4265 nou
2394 4211 2635 4266 valemus
2658 4227 2672 4277 ;
2693 4210 2790 4265 sed
2820 4219 3078 4280 tanquam
3114 4212 3328 4280 incolae,
3351 4215 3567 4285 quando

1992 4300 2255 4355 Dominus
2322 4303 2519 4357 domus
2565 4304 2906 4373 praeceperit,
2935 4292 3078 4359 illico
3100 4288 3369 4374 ejieimur.
3427 4308 3566 4363 Cum

1990 4403 2172 4448 autem
2202 4394 2475 4464 Propheta
2506 4395 2674 4448 multa
2698 4394 3052 4449 tabernacula
3090 4413 3191 4467 pro
3212 4415 3320 4453 uno
3343 4400 3563 4467 dixerit,

313 4468 455 4537 εἷπε,
494 4473 595 4536 τὰς
626 4471 828 4535 πολλὰς
855 4471 963 4524 τῶν
990 4469 1293 4541 ἀνθρώπων
1322 4468 1466 4522 κατὰ
1507 4468 1598 4522 τὸν
1626 4468 1738 4539 βίον
1769 4469 1887 4523 δια-

1994 4484 2252 4554 plurimas
2275 4485 2560 4539 hominum
2585 4487 2639 4538 in
2670 4486 2773 4539 hac
2805 4486 2917 4541 vita
2937 4486 3277 4544 differentias
3302 4492 3562 4547 insinuat.

314 4564 484 4634 φοράς
528 4562 846 4617 αἰνίττεται.
882 4563 945 4615 Οί
989 4562 1087 4632 μὲν
1124 4560 1232 4633 γάρ
1262 4560 1425 4630 τυχὸν
1462 4560 1716 4632 ἀπορίαν,
1751 4562 1800 4613 οἱ
1831 4560 1889 4613 δὲ

314 4654 606 4726 γεωργίαν,
641 4656 688 4707 οἱ
717 4654 773 4708 δὲ
800 4655 897 4726 τὴν
947 4655 1005 4708 ὲν
1034 4656 1147 4717 τοῖς
1192 4652 1356 4717 θείοις
1383 4652 1725 4723 λειτουργίαν
1763 4670 1891 4723 μετ-

312 4745 586 4815 έρχονται.
605 4743 744 4796 Ἀλλ’
767 4746 824 4797 ἐν
854 4744 989 4796 πᾶσι
1018 4741 1232 4802 τούτοις
1266 4741 1313 4793 oi
1335 4742 1442 4794 τῶν
1477 4738 1741 4794 Ἰουδαίων
1763 4742 1890 4792 παῖ-

311 4834 397 4896 δες
429 4834 846 4904 ὲπονηρεύοντΨ
874 4834 934 4887 οὐ
969 4833 1078 4902 γάρ
1113 4832 1270 4901 μόνον
1299 4833 1326 4884 6
1355 4830 1510 4893 ἄλλος
1539 4831 1731 4900 δῆμος,
1760 4820 1893 4883 ἀλλὰ

311 4926 404 4978 καὶ
442 4925 493 4977 οί
522 4926 642 4978 κατ’
676 4923 865 4995 ἐξοχὴν
891 4923 1090 4987 αὐτῶν,
1126 4923 1234 4976 εἴτε
1257 4922 1533 4992 ἄρχοντες,
1560 4922 1667 4973 εἴτε
1702 4922 1886 4991 ἱερεῖς,

310 5016 411 5085 τὴν
460 5014 725 5086 πονηρίαν
805 5014 974 5086 μέσην
1026 5014 1204 5068 αὐτῶν
1259 5012 1447 5083 ὥσπερ
1501 5010 1885 5076 ἀπολαϐόντες,

313 5109 450 5179 μετή
460 5124 669 5177 ρχοντο.

389 5218 409 5250 ι
431 5197 574 5267 Ἐγὼ
602 5198 741 5270 πρὸς
768 5197 858 5250 τὸν
892 5196 1025 5249 Θεὸν
1056 5194 1349 5265 ἐκέκραξα.
1386 5213 1404 5247 ι

393 5291 453 5344 '0
482 5290 719 5361 Χριστὸς
758 5289 851 5343 καὶ
881 5287 1054 5341 ταῦτα
1100 5287 1280 5355 λέγει’
1321 5286 1457 5353 πρὸς
1497 5286 1606 5357 γὰρ
1637 5286 1729 5340 τὸν
1758 5286 1889 5341 Θεὸν

309 5380 509 5436 ἑαυτοῦ
545 5382 765 5452 Πατέρα
794 5379 1080 5446 ὲκέκραξε,
1113 5378 1207 5430 καὶ
1255 5378 1284 5429 6
1332 5376 1536 5448 Κύριος
1566 5378 1886 5448 είσήκουσεν

309 5472 497 5527 αὐτοῦ.
515 5473 637 5528 Εἴτε
658 5472 717 5524 τὸ
740 5470 963 5540 Πνεῦμα
984 5469 1162 5539 λέγοις
1194 5467 1241 5540 (ὁ
1266 5469 1377 5540 γὰρ
1406 5469 1611 5540 Κύριος
1634 5470 1696 5523 τὸ
1722 5472 1885 5525 Πνεῦ-

312 5564 390 5636 μά
425 5566 570 5618 ἐστιν
593 5565 632 5633 ),
666 5562 776 5616 εἴτε
824 5561 915 5616 τὸν
959 5562 1163 5634 Κύριον
1192 5561 1352 5615 αὑτὸν
1389 5561 1583 5616 ἑαυτοῦ
1629 5564 1881 5617 εἰσακού-

395 5789 442 5821 ⁸⁸
467 5789 623 5847 Joan.
655 5805 787 5861 xvu,
822 5791 907 5847 li.
984 5792 1029 5823 ’°
1060 5790 1245 5847 Matth.
1278 5807 1418 5857 xxvi,
1450 5792 1538 5847 23.

1988 4574 2267 4646 Siquidem
2293 4577 2403 4640 alii,
2428 4576 2576 4631 verbi
2591 4576 2841 4648 gratia,in
2872 4588 3210 4649 paupertate,
3237 4582 3328 4636 alii
3352 4583 3402 4635 in
3426 4586 3571 4655 agri-

1987 4665 2222 4728 cultura,
2242 4666 2333 4720 alii
2367 4666 2421 4720 in
2445 4665 2631 4722 divino
2652 4667 2799 4722 cultu
2824 4679 3168 4724 exercentur.
3195 4669 3395 4728 Verum
3415 4675 3466 4726 in
3486 4673 3571 4727 his

1972 4758 2240 4812 clunibus
2259 4757 2439 4812 ,ἰυόωί
2471 4759 2725 4829 nequiter
2754 4775 2815 4815 se
2839 4773 3147 4830 gesserunt,
3208 4779 3318 4817 non
3390 4765 3566 4817 solum

1989 4846 2141 4915 plebs
2161 4849 2493 4914 communis,
2516 4850 2610 4905 sed
2634 4850 2797 4905 etiam
2852 4853 3150 4920 primicerii
3172 4869 3383 4918 eorum,
3441 4869 3568 4908 cum

1987 4936 2283 5005 principes,
2324 4948 2435 4993 tum
2464 4943 2780 4997 sacerdotes
2812 4943 3134 5011 nequitiam,
3158 4944 3313 5013 quasi
3347 4945 3400 4997 in
3448 4959 3565 4999 me-

1987 5024 2078 5080 dio
2108 5026 2193 5081 sui
2212 5028 2575 5099 excipientes,
2597 5032 2789 5086 sectati
2828 5041 2974 5088 sunt.

2056 5202 2218 5258 Vens.
2254 5202 2340 5258 l7.
2378 5224 2396 5255 ι
2426 5203 2538 5274 Ego
2560 5206 2628 5261 ad
2650 5207 2819 5262 Deum
2839 5206 3087 5260 clamavi.
3124 5223 3144 5261 ι

2066 5293 2318 5350 Christus
2337 5295 2501 5349 etiam
2530 5296 2647 5351 haec
2677 5298 2811 5351 dicit
2841 5314 2854 5350 :
2896 5296 3164 5365 siquidem
3189 5297 3256 5353 ad
3274 5297 3442 5355 Deum
3467 5299 3558 5355 Pa-

1997 5394 2135 5441 trem
2167 5401 2325 5440 suum
2350 5386 2624 5450 clamavit,
2652 5397 2708 5442 et
2762 5386 3029 5446 Dominus
3079 5391 3350 5446 exaudivit
3415 5408 3561 5448 eum.

1994 5476 2120 5531 Sive
2145 5475 2406 5546 Spiritum
2440 5476 2643 5532 dixeris
2678 5476 2964 5548 (Dominus
3002 5480 3146 5534 enim
3180 5480 3413 5551 Spiritus
3435 5482 3563 5550 est),

1992 5567 2106 5622 sive
2160 5566 2337 5636 ipsum
2397 5565 2687 5623 Dominum
2763 5568 3118 5640 semetipsum
3165 5571 3566 5638 exaudientem,

1620 5794 1660 5824 ³⁷
1698 5793 1860 5852 Marc.
1894 5812 2002 5868 τιν,
2026 5798 2115 5854 20.
