4036 6200
516 313 647 381 12i9

1679 318 2053 387 ΗΕΒΥΟΗΙΙΔ
2082 328 2551 393 PRESBYTERI

3621 342 3757 411 1220

515 429 701 502 utique
730 430 820 487 hic
849 430 1195 487 manifestum
1223 431 1300 499 lit,
1329 432 1605 490 Christum
1655 436 1873 506 quidem
1929 455 2076 496 orare

2189 461 2358 500 σαντα
2387 463 2400 477 ·
2437 444 2630 500 ούκοῦν
2661 445 2909 502 ἐντεῦθεν
2957 447 3138 518 δῆλον,
3164 449 3240 514 ὡς
3268 452 3628 525 προσεύχεται
3659 459 3757 528 μὲν

513 530 573 577 ut
604 520 956 576 humanitatis
984 522 1156 591 legem
1191 522 1470 588 observet,
1514 524 1691 595 ipsum
1724 526 2086 587 nihilominus

510 608 859 678 semetipsum
886 608 1145 664 exaudire
1176 626 1191 661 :
1215 610 1330 679 ipse
1352 611 1498 666 enim
1530 613 1808 684 propriam
1825 631 2085 672 consum-

508 708 623 754 mat
653 699 974 764 orationem,
1000 699 1129 753 dum
1152 714 1217 754 ea
1239 716 1360 770 qua:
1390 710 1450 756 ut
1490 702 1655 759 homo
1685 714 1860 777 rogat,
1894 708 2083 763 eadem

510 798 764 857 tanquam
799 788 941 842 Deus
962 791 1310 860 exsequitur:

581 876 745 932 Vens.
770 877 857 932 18.
893 896 912 928 ι
954 878 1212 949 Vespere,
1243 890 1299 935 et
1326 897 1508 949 mane,
1533 891 1586 938 et
1612 886 1858 941 meridie.
1900 905 1920 939 ι

573 967 670 1021 Vel
693 977 880 1022 narrat
901 969 1159 1037 mysteria
1190 986 1311 1040 quas
1326 972 1486 1027 dictis
1509 976 1845 1043 temporibus
1862 987 2081 1047 peracta

508 1066 655 1114 sunt.
682 1057 903 1129 Vespere
925 1060 1166 1129 quidem,
1194 1062 1411 1131 quando
1428 1061 1634 1134 Joseph
1668 1065 1848 1135 ipsum
1879 1070 2080 1139 sepeli-

506 1148 1050 1210 vit,etNicodemus
1105 1149 1224 1219 ejus
1261 1166 1446 1205 curam
1498 1151 1701 1222 gessit,
1764 1162 1820 1209 et
1869 1172 2076 1224 rursus,

506 1239 893 1309 quandoostiis
920 1240 1101 1295 Sionis
1156 1242 1375 1307 clausis,
1449 1246 1750 1300 secundum
1803 1246 2081 1319 ingressus

506 1340 611 1385 est.
641 1330 796 1384 Mane
818 1347 965 1396 vero,
987 1333 1203 1402 quando
1224 1332 1490 1388 adductus
1527 1333 1630 1388 fuit
1665 1338 1721 1389 in
1756 1338 1912 1391 Pilati
1942 1354 2082 1408 prat-

510 1422 707 1475 torium
728 1461 745 1486 ,
780 1432 836 1478 et
862 1424 1079 1493 quando
1104 1439 1139 1477 a
1187 1425 1416 1479 mortuis
1449 1440 1738 1497 resurgens
1763 1429 2081 1484 mulieribus

508 1513 858 1583 semetipsum
916 1515 1303 1569 manilestavit.
1353 1515 1589 1582 Meridie,
1645 1519 1863 1587 quando
1929 1520 2079 1575 cruci

509 1602 698 1659 allixus
727 1604 847 1664 luit.
882 1614 929 1658 et
980 1615 1136 1660 terra:
1184 1614 1395 1660 motum
1450 1607 1725 1674 excitavit,
1769 1624 1878 1663 non
1933 1610 2078 1666 illam

509 1694 751 1759 interire,
792 1696 1148 1751 sedinnovari
1178 1711 1243 1749 ac
1296 1698 1574 1751 emendari
1606 1699 1814 1754 volens.
1872 1699 1936 1753 Et
1982 1715 2081 1756 cur

507 1780 611 1837 iSta
664 1798 723 1838 se
780 1780 1125 1837 narraturum
1166 1784 1409 1854 recepit?
1435 1784 1571 1850 Quia
1596 1785 1856 1840 nimirum
1907 1787 2072 1841 etiam
2112 1766 2156 1821 Β

504 1884 701 1931 caetera
722 1875 998 1948 Unigeniti
1021 1875 1276 1932 miracula
1296 1877 1667 1934 continebant.
1698 1877 1851 1935 Unde
1866 1895 2080 1951 quoque

504 1967 721 2021 Patrem
749 1982 908 2022 suum
933 1967 1074 2022 hanc
1090 1984 1276 2022 vocem
1307 1968 1692 2024 exauditurum
1718 1971 1933 2038 asserit,
1954 1986 2079 2026 cum

506 2056 892 2125 praedictorum
945 2058 1329 2129 mysteriorum
1382 2060 1903 2116 commemoratione
1946 2076 2077 2133 gau-

503 2145 650 2201 deat.

562 2235 727 2293 Vens.
758 2238 845 2293 l9.
878 2257 897 2290 ι
923 2237 1179 2293 Redimct
1207 2240 1262 2292 in
1293 2254 1425 2309 pace
1448 2241 1687 2295 animam
1713 2256 1911 2296 meam.
1946 2260 1966 2294 ι

570 2327 696 2383 Sive
730 2328 987 2391 militum,
1010 2329 1103 2397 qui
1124 2329 1431 2399 sepulcrum
1456 2331 1575 2400 ejus
1591 2331 1944 2395 obsidebant,
1963 2332 2077 2388 sive

502 2419 762 2475 falsorum
821 2421 1064 2486 testium,
1114 2422 1206 2490 qui
1258 2422 1437 2492 ipsum
1480 2423 1829 2479 criminantes
1887 2424 2076 2494 judicii

502 2519 748 2580 tempore
772 2511 1218 2574 circumdabant;
1282 2512 1398 2566 sive
1455 2520 1786 2582 potestatum
1836 2513 2069 2566 inferna-

500 2601 655 2666 lium,
703 2616 825 2669 qua:
879 2602 1057 2670 ipsum
1119 2601 1341 2669 quidem
1374 2596 1862 2672 obstupescebant,
1912 2603 2073 2658 simul

496 2707 632 2746 vero
657 2691 820 2746 etiam
856 2692 1221 2746 observabant
1248 2708 1319 2747 ne
1358 2693 1665 2748 universam
1691 2693 2070 2751 defunctorum

499 2782 863 2854 captivitatem
922 2782 1224 2838 reduceret.

562 2956 728 3015 Vens.
773 2958 865 3014 21.
925 2976 945 3010 ι
1002 2957 1262 3013 Extendit
1337 2973 1558 3014 manum
1617 2975 1770 3016 suam
1808 2962 1861 3016 in
1918 2964 2072 3018 retri-

496 3053 738 3108 buendo.
775 3072 795 3106 ι
1957 3108 1962 3112 ,

560 3141 853 3197 Accuratio
883 3141 1183 3212 prophetia:
1210 3143 1374 3213 hujus
1391 3145 1549 3216 digna
1591 3154 1673 3199 est
1696 3145 2072 3202 admiratione.

499 3232 779 3302 Siquidem
807 3233 911 3287 hoc
957 3237 1121 3288 rebus
1170 3232 1302 3302 ipsis
1348 3234 1402 3288 in
1428 3233 1568 3289 Juda
1627 3235 2074 3303 deprehenditur,

492 3323 718 3392 quando
739 3331 1049 3394 argentum,
1084 3323 1410 3392 proditionis
1459 3325 1715 3394 pretium,
1742 3325 2076 3395 principibus

494 3415 846 3469 sacerdotum
902 3414 1193 3469 restituere
1232 3415 1439 3481 volens,
1495 3417 1802 3472 necessario
1854 3433 2073 3473 manum

495 3504 766 3559 extendit.
880 3508 887 3511 ’

573 3593 737 3651 Vens.
793 3595 886 3651 22.
950 3613 972 3647 ι
1032 3596 1224 3651 Molliti
1253 3605 1381 3651 sunt
1445 3598 1862 3668 sermonesejus
1910 3615 2074 3670 super

490 3687 698 3742 oleum.
741 3706 760 3740 ι

562 3777 758 3845 Judaei,
788 3778 983 3849 inquit,
1018 3795 1300 3836 sermones
1350 3780 1627 3836 habebant
1677 3780 1814 3835 adeo
1858 3781 2068 3848 molles,

498 3880 561 3927 ut
591 3870 755 3926 etiam
791 3886 1007 3926 omnem
1029 3871 1422 3942 benignitatem
1452 3886 1710 3941 superare
1739 3871 2068 3938 viderentur,

497 3964 554 4017 in
586 3963 786 4033 quibus
817 3963 914 4017 Dei
947 3962 1270 4033 sapientiam
1322 3963 1637 4029 tentabant;
1670 3978 1778 4017 non
1803 3979 1959 4019 secus
2010 3977 2074 4017 ac

498 4063 680 4109 nautae
710 4070 807 4125 per
838 4053 1043 4108 bolides
1082 4069 1232 4107 mare
1260 4054 1573 4122 explorant;
1598 4054 1691 4108 sed
1715 4068 1832 4107 eam
1850 4053 2073 4108 minime

496 4147 813 4217 attigerunt.
847 4144 988 4212 Quid
1010 4145 1157 4199 enim
1185 4144 1324 4199 bolis
1353 4144 1406 4198 in
1432 4145 1626 4216 abysso
1656 4144 1835 4199 facere
1867 4146 2074 4215 possit?

496 4237 739 4309 Abyssus
786 4245 967 4291 autem
1026 4242 1111 4289 est
1164 4233 1257 4289 Dei
1315 4234 1615 4305 sapientia;
1656 4235 1724 4288 de
1784 4250 1887 4303 qua
1910 4235 2071 4289 etiam

496 4328 696 4382 Paulus
748 4327 924 4382 dixit:
971 4326 1015 4382 0
1066 4327 1292 4381 altitudo
1336 4328 1641 4381 divitiarum
1691 4327 1964 4395 sapientia:
2023 4334 2072 4380 et

2186 539 2215 590 ὁ
2244 537 2478 608 Χριστὸς
2502 535 2736 605 φυλάξαι
2764 538 2857 592 τὸν
2887 540 3050 609 νόμον
3070 540 3172 611 τῆς
3201 543 3616 617 ἀνθρωπότητος
3640 549 3760 619 βου-

2184 626 2432 696 λόμενος,
2459 625 2577 679 ἀλλ’
2601 628 2751 697 ὅμως
2802 628 2963 692 αὐτὸς
3009 631 3204 686 ἑαυτοῦ
3249 634 3559 689 είσακούει·
3601 639 3756 703 αὐτὸς

2184 720 2293 790 γὰρ
2319 721 2418 792 τὴν
2439 721 2643 776 οἰκείαν
2673 722 2914 775 ἐπιτελεῖ
2941 725 3274 795 προσευχὴν,
3313 727 3458 800 ἅπερ
3481 729 3548 783 ἂν
3565 732 3640 794 ὡς
3665 733 3759 787 ἄν·

2186 810 2401 881 θρωπος
2433 811 2673 877 εὔξεται,
2706 812 2881 868 ταῦτα
2907 815 2985 878 ὡς
3012 815 3145 880 Θεὸς
3179 818 3468 883 ἐπιτελῶν.

2258 919 2279 953 ι
2303 901 2595 971 Ἐσπέρας,
2625 903 2721 957 καὶ
2750 902 2915 973 πρωῒ,
2942 905 3037 957 καὶ
3071 906 3443 979 μεσημϐρίας.
3476 927 3496 961 ι

2258 992 2327 1042 Ἦ
2355 990 2688 1059 ἀπαγγέλλει
2721 991 2789 1044 τὰ
2818 992 2959 1045 κατὰ
2998 993 3126 1057 τοὺς
3157 995 3485 1066 εἰρημένους
3534 999 3753 1070 καιροὺς

2182 1084 2547 1152 πεπραγμένα
2584 1084 2880 1153 μυστήρια.
2902 1083 3202 1154 Ἐσπέρας
3248 1086 3369 1156 μὲν,
3417 1089 3570 1153 ὅπως
3602 1093 3751 1145 αὑτὸν

2181 1171 2415 1224 ἔθαπτεν
2446 1172 2663 1243 Ἰωσὴφ,
2686 1176 2782 1226 καὶ
2805 1175 3065 1245 ἐκήδευσε
3090 1176 3428 1248 Νικόδημος’
3461 1180 3559 1233 καὶ
3582 1181 3749 1244 πάλιν,

2180 1259 2329 1321 ὅπως
2367 1259 2475 1313 τῶν
2505 1260 2686 1330 θυρῶν
2717 1262 2818 1330 τῆς
2849 1262 2988 1315 Σιὼν
3016 1263 3446 1334 κεκλεισμένων,
3479 1269 3752 1338 εἰσήρχετο

2178 1348 2451 1419 δεύτερον.
2486 1351 2643 1417 Πρωτ
2668 1350 2745 1415 δὲ,
2781 1352 2929 1415 ὅπως
2960 1353 3246 1424 ἀπηνέχθη
3294 1356 3375 1418 εἰς
3422 1356 3485 1409 τδ
3530 1357 3752 1411 Πιλάτου

2181 1440 2522 1511 πραιτόριον,
2554 1440 2649 1494 καὶ
2670 1442 2819 1506 ὅπως
2844 1445 2907 1495 ὲκ
2933 1444 3142 1514 νεκρῶν
3166 1445 3408 1508 ἀναστὰς
3428 1449 3554 1510 ταῖς
3578 1465 3753 1515 γυναι-

2181 1527 2266 1593 ξὶν
2295 1528 2484 1582 ἑαυτὸν
2511 1531 2816 1598 ἐνεφάνισε.
2850 1534 3235 1601 Μεσημϐρίας
3255 1573 3270 1598 ,
3302 1534 3454 1597 ὅπως
3483 1536 3749 1605 ἐσταυρὼο

2180 1618 2273 1686 θη,
2304 1619 2399 1672 καὶ
2425 1618 2522 1690 τὴν
2553 1621 2728 1673 κτίσιν
2760 1620 3070 1685 ἐσάλευσεν,
3103 1623 3204 1675 οὐκ
3229 1624 3502 1677 ἀπολέσαι
3532 1625 3745 1695 ταύτην,

2184 1710 2298 1763 ἀλλ’
2325 1710 2670 1765 ἀνακαινίσαι
2705 1711 2799 1765 καὶ
2833 1711 3126 1781 διορθῶσαι
3170 1712 3519 1784 βουλόμενος.
3545 1715 3653 1768 Καὶ
3672 1714 3749 1769 διὰ

2181 1803 2237 1855 τί
2286 1802 2457 1856 ταῦτα
2500 1803 2806 1873 διηγεῖσθαι
2849 1804 3145 1873 ὕπέσχετο;
3183 1806 3402 1877 Ἐπειδὴ
3435 1807 3749 1878 περιεκτικᾱ

2181 1894 2277 1949 καὶ
2314 1893 2421 1947 τῶν
2455 1893 2657 1947 λοιπῶν
2683 1894 2779 1947 τοῦ
2811 1895 3153 1962 Μονογενοῦς
3187 1896 3491 1967 θαυμάτων
3532 1897 3746 1966 ἐτύγχα-

2178 1988 2461 2041 νεν.Ὅθεν
2486 1984 2650 2041 αὐτοῦ
2683 2003 2814 2058 φησι
2837 1987 2933 2040 καὶ
2963 1990 3054 2042 τὸν
3081 1989 3301 2059 Πατέρα
3320 1991 3421 2058 τῆς
3451 1990 3632 2060 φωνῆς
3650 1991 3742 2042 είσ·

2178 2075 2534 2139 ακούσεσοαι,
2567 2078 2633 2146 τῇ
2666 2076 2914 2148 διηγήσει
2958 2077 3069 2132 τῶν
3107 2078 3429 2157 μυστηρίων
3458 2079 3570 2132 τῶν
3609 2080 3739 2150 sim,-

2181 2168 2357 2239 μένων
2381 2168 2666 2239 χαίροντα.

2250 2277 2270 2310 ε
2302 2258 2654 2329 Δυτρὼσεται
2684 2259 2744 2313 ἐν
2776 2260 2968 2330 εἰρήνῃ
2992 2260 3092 2329 τὴν
3116 2258 3298 2329 ψυχήν
3327 2276 3458 2329 μου.
3494 2278 3512 2311 ι

2245 2351 2372 2403 Εἴτε
2415 2350 2525 2403 τῶν
2576 2350 2951 2421 στρατιωτῶν,
2984 2349 3187 2413 οἵτινες
3240 2350 3408 2404 αὐτοῦ
3457 2351 3552 2404 τὸν
3593 2353 3746 2421 τάφον

2175 2439 2534 2494 ἐκύκλωσαν·
2583 2439 2696 2492 εἴτε
2738 2439 2848 2493 τῶν
2895 2438 3387 2511 ψευδομαρτύρων,
3421 2440 3572 2510 ὑπὲρ
3601 2427 3746 2496 αὑτὸν

2177 2529 2671 2600 συκοφαντοῦντες,
2704 2529 3076 2600 περιέστησαν
3110 2532 3169 2584 ὲν
3195 2530 3274 2601 τῷ
3303 2531 3489 2601 καιρῷ
3511 2532 3613 2601 τῆς
3636 2530 3746 2601 κρί-

2175 2638 2345 2686 σεως’
2398 2622 2510 2676 εἴτε
2549 2621 2661 2675 τῶν
2712 2623 2769 2675 ὲν
2821 2620 2922 2693 ᾄδῃ
2973 2620 3294 2691 δυνάμεων,
3335 2620 3394 2674 αἳ
3434 2621 3571 2689 περὶ
3604 2619 3746 2674 αὑτὸν

2171 2713 2307 2782 ὁμοῦ
2358 2714 2458 2783 μὲν
2499 2711 2976 2782 ὲκπληττόμεναι,
3007 2713 3144 2784 ὁμοῦ
3171 2711 3226 2765 δὲ
3259 2712 3357 2765 καὶ
3397 2712 3742 2784 φρουροῦσαι,

2173 2802 2317 2857 ὥστε
2357 2803 2431 2874 μὴ
2468 2804 2646 2857 πᾶσαν
2701 2802 2810 2854 τῶν
2871 2801 3086 2870 νεκρῶν
3121 2800 3220 2873 τὴν
3250 2801 3641 2872 αἰχμαλωσίαν
3666 2803 3744 2855 ὰνο

2171 2896 2399 2961 αγαγεῖν
2410 2931 2425 2947 .

2247 3005 2267 3038 ι
2289 2984 2551 3050 Ἐξέτεινε
2574 2984 2674 3056 τὴν
2702 2986 2862 3055 χεῖρα
2887 2981 3056 3037 αὐτοῦ
3087 2984 3145 3037 ὲν
3167 2982 3246 3053 τῷ
3272 2982 3613 3037 ἀποδίδοναι.
3639 3002 3659 3035 ι

2246 3155 2536 3226 Θαυμάσαι
2570 3155 2668 3226 τὴν
2704 3156 2994 3229 ἀκρίϐειαν
3042 3156 3142 3228 τῆς
3189 3160 3535 3230 προφητείας
3588 3161 3742 3226 ἄξιον.

2175 3247 2367 3308 Αὑτοῖς
2388 3248 2498 3316 γὰρ
2524 3245 2710 3313 ἔργοις
2739 3245 2901 3300 τοῦτο
2933 3248 3027 3302 ἐπὶ
3057 3248 3149 3301 τὸν
3182 3249 3355 3302 Ἰούδα
3388 3251 3744 3323 καταλαμϐά-

2175 3350 2346 3399 νεται,
2365 3335 2452 3387 ὅτε
2475 3333 2536 3386 τὸ
2557 3333 2820 3405 ἀργύριον
2848 3336 2950 3404 τῆς
2972 3338 3258 3407 προδοσίας
3296 3340 3411 3401 τοῖς
3461 3339 3745 3412 ἀρχιερεῦ-

2178 3442 2260 3478 σιν
2287 3422 2629 3494 ὑποστρέψαι
2664 3423 2973 3496 βουληθεὶς,
3005 3427 3316 3497 ἀναγκαίως
3341 3430 3443 3499 τὴν
3469 3434 3631 3502 χεῖρα
3670 3432 3742 3498 ἐξα

2176 3515 2397 3567 ἔτεινεν.

2250 3624 2268 3656 ι
2293 3602 2710 3675 Ἠπαλύνθησαν
2736 3605 2787 3659 oi
2822 3604 2973 3674 λόγοι
3000 3607 3166 3661 αὑτοῦ
3199 3609 3341 3681 ὑπὲρ
3369 3609 3581 3668 ἔλαιον.
3609 3632 3628 3665 ι

2246 3783 2473 3851 Λόγους,
2520 3784 2705 3854 φησὶν,
2750 3778 2898 3853 εἶχον
2949 3784 2998 3837 oi
3033 3783 3275 3838 Ἰουδαῖοι
3328 3786 3615 3854 ἁπαλοὺς,
3661 3787 3742 3840 καὶ

2171 3875 2515 3945 χρηστότητα
2549 3873 2688 3928 κατὰ
2727 3873 2789 3926 τὸ
2824 3872 3014 3927 δοκοῦν
3040 3874 3260 3929 ἅπασαν
3301 3876 3740 3947 ὑπερϐαίνοντας,

2173 3967 2231 4018 ὲν
2255 3959 2335 4028 οἷς
2358 3962 2458 4036 τὴν
2482 3962 2577 4017 τοῦ
2601 3961 2737 4016 Θεοῦ
2769 3963 2962 4032 σοφίαν
2985 3962 3276 4034 ἐπείραζον
3297 3983 3310 3997 ι
3333 3966 3528 4036 ὥσπερ
3560 3969 3608 4021 οι
3629 3966 3744 4020 ναῦ-

2172 4072 2265 4109 ται
2299 4054 2618 4126 πειράζουσι
2649 4053 2739 4107 διὰ
2783 4054 3002 4124 βολίδων
3045 4054 3144 4125 τὴν
3181 4055 3487 4110 θάλατταν·
3536 4060 3603 4111 οὐ
3649 4056 3742 4127 μὴν

2173 4143 2423 4215 ἔφθανον.
2465 4143 2530 4197 Τί
2577 4143 2686 4214 γὰρ
2729 4142 2879 4213 βολίς
2914 4146 2973 4198 ὲν
3008 4144 3233 4214 ἁϐύσσῳ
3260 4146 3489 4216 ποιῆσαι
3520 4147 3740 4218 δυνήσε-

2172 4251 2295 4302 ται;
2322 4232 2593 4296 Ἀϐυσσος
2640 4232 2697 4286 δὲ
2744 4235 2777 4305 ἡ
2824 4232 2921 4287 τοῦ
2965 4231 3101 4288 Θεοῦ
3152 4235 3348 4305 σοφία·
3376 4222 3527 4307 ’περὶ
3561 4234 3629 4309 ἧς
3660 4239 3739 4291 καὶ

2174 4325 2386 4389 Παῦλος
2433 4324 2645 4393 ἔλεγενο
2692 4319 2767 4378 Ὦ
2805 4324 3002 4391 βάθος
3064 4328 3333 4382 πλούτου
3379 4331 3612 4397 σοφίας
3652 4330 3739 4383 καί

493 4418 728 4470 scientia:
772 4417 919 4471 Dei!
966 4434 1124 4487 quam
1169 4417 1705 4488 incomprehensibilia
1757 4427 1877 4471 sunt
1918 4417 2063 4487 judi-

2175 4415 2447 4486 γνώσεως
2479 4414 2626 4469 Θεοῦ
2653 4414 2674 4467 !
2701 4415 2779 4482 ὡς
2799 4414 3238 4484 ἀνεξερεύνητα
3262 4418 3335 4471 τὰ
3358 4419 3619 4488 κρίματα
3644 4423 3735 4473 αὑ-

497 4508 581 4560 cia
639 4507 789 4575 ejus,
838 4519 886 4561 et
936 4508 1318 4579 investigabiles
1373 4511 1471 4563 vite
1541 4509 1717 4578 ejus”
1759 4510 1772 4562 !
1827 4509 1960 4579 quin
2013 4516 2069 4563 et.

500 4594 840 4664 ipsemcthic
887 4593 1156 4664 PrOpheta
1222 4615 1234 4650 :
1289 4596 1506 4649 Iustitia
1548 4608 1639 4650 tua
1688 4598 1820 4650 sicut
1870 4607 2066 4652 montes

503 4686 598 4741 Dei
630 4702 647 4739 :
660 4686 869 4757 judicia
893 4695 985 4739 tua
1012 4686 1226 4756 abyssus
1289 4688 1457 4741 multa
1489 4688 1554 4742 '9.
1589 4688 1853 4743 Caeterum
1886 4705 2070 4745 exem-

502 4777 669 4849 plaria
701 4777 957 4831 nonnulla
991 4777 1209 4843 habent,
1231 4777 1420 4831 Molliti
1475 4790 1594 4832 sunt
1626 4795 1887 4834 sermones
1932 4781 2064 4850 ejus.

502 4870 576 4925 Ita
635 4878 693 4923 ut
743 4868 1056 4924 vaticinium
1093 4869 1158 4924 ad
1221 4868 1416 4923 Judam
1457 4870 1722 4925 referatur
1759 4889 1770 4924 :
1802 4869 1890 4925 hic
1923 4872 2068 4925 enim

494 4976 776 5017 sermones
797 4952 925 5018 suos
946 4975 1046 5032 per
1078 4960 1333 5031 ﬁgmenta
1364 4962 1644 5028 emollivit,
1699 4961 1831 5017 dum
1899 4978 2069 5033 quan-

496 5052 674 5123 doque
732 5052 953 5123 quidem
1002 5067 1187 5107 curam
1231 5068 1532 5123 pauperum
1591 5052 1957 5123 praetendunt,
2010 5060 2069 5106 ut

496 5158 812 5200 crumenam
837 5145 1046 5215 clepet;
1078 5145 1407 5215 quandoque
1433 5159 1564 5200 vero
1593 5161 1689 5215 per
1711 5145 1957 5200 osculum
2012 5153 2068 5199 et

496 5232 873 5289 salutationem
899 5232 1118 5289 Christo
1143 5232 1395 5289 illudens.

569 5398 729 5459 Vsus.
759 5404 853 5460 25.
886 5422 906 5456 ι
935 5403 1088 5460 Jacta
1110 5421 1275 5477 super
1297 5405 1590 5461 Dominum
1616 5421 1801 5461 curam
1841 5415 2019 5467 tuam,
2043 5424 2060 5458 ι

563 5488 688 5546 {late
703 5493 866 5547 etiam
897 5494 1054 5550 nobis
1084 5495 1224 5551 dicta
1252 5496 1562 5551 credimus:
1593 5497 1633 5550 si
1666 5496 1882 5549 cnimin
1901 5495 2067 5551 Deum

565 5685 610 5719 ⁸⁸
637 5685 793 5739 Rom.
823 5704 887 5755 tt,
918 5689 1007 5741 55.
1084 5693 1126 5723 ⁸⁸
1166 5692 1308 5747 Psal.
1339 5709 1499 5757 xxxv,
1537 5692 1587 5746 'i.

2173 4507 2299 4571 τοῦ,
2326 4506 2426 4560 καί
2458 4505 2907 4574 ἀνεξιχνίαστοι
2950 4509 3009 4560 αἱ
3052 4506 3179 4561 ὁδοὶ
3222 4508 3447 4562 αὐτοῦ]
3486 4510 3655 4573 αὐτὸς
3689 4508 3738 4561 δὲ

2172 4590 2323 4658 οὗτος
2368 4594 2396 4647 ὁ
2439 4594 2767 4664 Προφήτηςο
2833 4593 2898 4647 Ἢ
2950 4592 3304 4662 δικαιοσύνη
3347 4612 3464 4649 σου
3511 4599 3600 4662 ὡς
3646 4596 3736 4664 ὅρη

2173 4681 2319 4735 Θεοῦ
2338 4695 2352 4711 ·
2378 4679 2450 4734 τὰ
2476 4680 2729 4750 κρίματά
2761 4697 2877 4735 σου
2906 4680 3177 4747 ἄϐυσσος
3204 4682 3428 4751 πολλή.
3448 4683 3619 4738 Ἀ).λὰ
3642 4684 3738 4735 τῶν

2169 4773 2524 4842 ἀντιγράφων
2558 4772 2680 4826 ἔνια
2732 4772 2864 4843 ἔχει,
2885 4773 3353 4841 Ἠπαλύνθησαν
3381 4777 3433 4828 oi
3453 4775 3625 4844 λόγοι
3644 4776 3737 4825 αὺ-

2170 4863 2466 4918 τοῦ.Ὥστε
2507 4863 2606 4933 τὴν
2656 4862 2995 4934 προφητείαν
3029 4863 3108 4927 εἰς
3142 4863 3231 4915 τὸν
3269 4864 3471 4917 Ἰούδαν
3514 4865 3737 4934 ἐκφέρε-

2170 4953 2295 5005 σθαι
2315 4967 2328 4980 ·
2359 4944 2512 5015 οὗτος
2538 4951 2646 5021 γὰρ
2677 4951 2871 5004 ἑαυτοῦ
2900 4951 3026 5014 τοὺς
3054 4949 3248 5019 λόγους
3295 4950 3383 5004 διὰ
3431 4951 3540 5005 τῶν
3591 4951 3736 5003 εἰδώ-

2169 5044 2275 5098 λων
2306 5043 2600 5114 ἡπάλυνεν,
2635 5044 2763 5096 ποτὲ
2798 5044 2895 5113 μὲν
2932 5043 3041 5095 τῶν
3070 5042 3300 5113 πτωχῶν
3335 5042 3734 5114 προσποιουμέ-

2169 5154 2292 5200 νους
2321 5134 2597 5207 κήδεσθαι,
2631 5134 2720 5190 ῐνα
2750 5134 2957 5208 κλέπτῃ
2986 5134 3046 5187 τὸ
3074 5133 3466 5205 γλωσσόκομον
3490 5151 3503 5162 ο
3536 5131 3667 5187 ποτὲ
3684 5129 3735 5183 δὲ

2169 5228 2255 5281 διὰ
2287 5227 2590 5299 φιλήματος
2621 5227 2713 5281 καὶ
2745 5223 3039 5297 ἀσπασμοῦ
3072 5225 3163 5278 τὸν
3194 5226 3431 5296 Χριστὸν
3455 5221 3732 5296 εἰρωνευό-

2173 5335 2353 5388 μενος.

2245 5425 2264 5458 ι
2288 5406 2609 5478 Ἑπίρῤιψον
2641 5406 2732 5460 ἐπὶ
2759 5405 2966 5478 Κύριον
2996 5405 3096 5478 τὴν
3136 5404 3407 5477 μέριμναν
3434 5420 3548 5457 σου.
3578 5420 3598 5453 ι

2252 5494 2515 5566 Εῐρῆσθαι
2537 5495 2636 5566 μὲν
2670 5496 2810 5550 αὐτὰ
2829 5496 3074 5569 καὶπρὸς
3105 5497 3249 5567 ἡμᾶς
3273 5494 3618 5559 πιστεύομεν·
3643 5488 3732 5542 ἐὰν
