4036 6200
281 318 458 416 ,περι

1484 309 1949 374 FRAGMENTA
1986 305 2067 363 ΙΝ
2106 302 2465 362 PSALMOS.

3444 291 3576 357 1222

318 440 445 512 γάρῖ
461 437 540 509 τῷ
575 436 694 508 Θεῷ
719 434 815 498 τὰς
845 432 1123 505 ἡμετέρας
1163 430 1454 503 φροντίδας
1498 427 1881 501 ἐπιρρίψωμεν

2008 417 2401 473 sollicitudines
2440 421 2653 468 nostras
2707 408 3123 479 conjecerimus,
3157 406 3332 476 ipsum
3357 418 3413 470 et
3441 410 3579 463 edu-

323 531 487 584 αύτὸν
517 530 721 600 τροφέα
747 527 843 579 καὶ
870 524 1175 595 στηριγμὸν
1195 563 1211 588 ,
1239 522 1379 576 ὥστε
1414 521 1677 593 μηδαμῶς
1708 518 1899 572 σαλεῦο

322 621 505 691 θῆναι,
534 619 862 691 εὑρήσομεν.
897 618 1059 668 Δοκεῖ
1087 613 1145 668 δέ
1181 631 1272 683 μοι
1303 612 1399 666 τοῦ
1432 611 1605 666 ’ἰούδα
1641 608 1899 680 μνησθεὶς

318 713 348 766 ὁ
381 711 693 781 Προφήτης,
724 707 1038 775 ἀναγκαίως
1079 704 1176 758 καὶ
1221 704 1312 756 τὸν
1353 703 1563 772 Πέτρον
1590 699 1897 772 ᾑνίξασθαι,

321 803 409 856 ἵνα
436 801 753 870 σφάλματος
776 797 1035 852 ἀκουσίου
1060 796 1154 849 καὶ
1178 792 1623 866 παραπτώματος
1644 791 1897 846 ἑκουσίου

318 892 580 963 διαφορὰν
636 888 960 960 ἐνδείξηται.
1008 887 1113 941 Τὸν
1176 887 1286 957 γὰρ
1337 885 1543 957 Πέτρον
1591 883 1756 937 ἕνεκα
1801 880 1895 935 τοῦ

324 983 641 1052 σφάλματος
670 982 770 1051 τῆς
807 981 1091 1051 ἀρνήσεως
1126 975 1590 1048 παραθαρρύνων,
1618 976 1708 1029 καὶ
1756 990 1895 1045 προ-

319 1074 540 1146 τρέπων
566 1072 648 1134 εἰς
678 1070 990 1140 μετάνοιαν,
1016 1066 1309 1140 ἐπιρῤίψαι
1356 1065 1437 1137 τῷ
1467 1065 1587 1135 Θεῷ
1618 1066 1717 1135 τὴν
1755 1064 1896 1135 ὑπὲρ

320 1164 529 1221 τούτων
558 1161 929 1234 προτρέπεται
964 1159 1258 1231 μέριμναν,
1284 1156 1680 1230 διατρέψαιτὸν
1717 1156 1897 1226 μαθηὲ

318 1255 420 1327 τὴν
432 1259 498 1327 τῇ
518 1255 820 1327 συγγνώμῃ
843 1252 1164 1324 δυνάμενον,
1183 1254 1278 1307 καὶ
1308 1253 1382 1324 μὴ
1413 1251 1797 1324 συγχωροῦντα
1818 1252 1898 1315 είς

318 1348 412 1400 τὸν
441 1348 616 1400 αἰῶνα
645 1346 807 1401 σάλον
832 1346 910 1418 τῷ
931 1345 1129 1416 δικαίῳ
1155 1343 1413 1413 γενέσθαι
1430 1359 1444 1373 ·
1480 1341 1616 1397 ἀλλά
1642 1341 1747 1396 κᾶν
1772 1342 1899 1395 ὐπο-

322 1439 461 1511 μένῃ
489 1439 626 1508 πρὸς
654 1437 868 1506 καιρὸν,
898 1436 1101 1501 εὐθέως
1128 1434 1319 1489 τοῦτον
1350 1436 1430 1499 είς
1454 1433 1697 1505 γαλήνην
1731 1446 1897 1504 μετα-

318 1528 608 1583 ϐάλλοντα.
1843 1520 1860 1541 ⁸

394 1637 412 1669 ι
436 1617 575 1688 Ἐγὼ
603 1619 681 1685 δὲ,
716 1619 910 1688 Κύριε,
935 1604 1113 1672 ἐλπιόἷ
1136 1617 1229 1671 ἐπὶ
1259 1616 1342 1671 σέ.
1374 1636 1394 1670 ι
1492 1664 1505 1673 ,

397 1706 456 1761 '0
484 1706 679 1770 πιστὸς
711 1706 921 1774 λεγέτω
942 1707 1102 1760 τοῦτο
1119 1724 1135 1741 υ
1156 1709 1190 1778 ή
1221 1706 1327 1778 γάρ
1347 1709 1426 1770 είς
1447 1706 1580 1760 Θεὸν
1609 1704 1766 1769 ἐλπὶς
1786 1704 1894 1760 τῶν

315 1796 504 1852 κακῶν
528 1796 847 1869 ἐλευθερίαν
879 1797 1101 1866 ἀγαθῶν
1124 1814 1187 1851 τε
1218 1799 1439 1854 πάντων
1464 1796 1767 1868 παρουσίαν
1787 1811 1889 1866 χα-

319 1889 546 1962 ρίζεται.

873 1980 1169 2036 ΨΑΔΜΟΣ
1203 1981 1333 2035 NE’.

388 2089 409 2125 ι
436 2073 532 2136 Εἰς
566 2073 628 2125 τὸ
660 2072 835 2138 τέλος,
862 2073 1004 2142 ὺπέρ
1039 2070 1135 2124 τοῦ
1165 2069 1293 2126 λαοῦ
1317 2068 1414 2123 τοῦ
1441 2068 1552 2124 ἀπὸ
1580 2066 1691 2123 τῶν
1720 2067 1892 2137 ἁγίων

320 2162 813 2234 μεμακρυμμένου,
842 2181 860 2215 ι
893 2153 948 2218 κ’.
975 2178 1026 2215 τ.
1059 2162 1111 2215 λ.

386 2256 544 2307 Δοκεῖ
579 2271 695 2316 πως
742 2251 964 2306 ἐναντία
996 2247 1136 2305 εἷναι
1181 2250 1282 2321 τῆς
1321 2253 1649 2322 προγραφῆς
1684 2249 1753 2303 τὰ
1792 2249 1891 2321 ῥή-

319 2361 484 2415 ματα.
504 2344 847 2413 Ἐπεδήμησε
885 2344 984 2411 μέν
1024 2343 1133 2414 γὰρ
1176 2344 1207 2395 ό
1250 2340 1415 2394 Δαὸὶδ
1458 2342 1525 2411 τῇ
1573 2341 1693 2403 Γὲθ,
1729 2340 1892 2409 ήνίκα

316 2435 428 2495 ἀπὸ
455 2435 627 2488 Σαοὺλ
658 2434 1084 2505 ἐδραπέτευσενο
1115 2434 1176 2486 οὐ
1207 2433 1314 2504 μὴν
1353 2433 1584 2502 ἐπέσχον
1623 2432 1714 2485 τὸν
1759 2447 1892 2501 προ-

319 2527 498 2597 φήτην
546 2528 595 2578 οἱ
637 2525 960 2593 ἀλλόφυλοι,
1000 2523 1138 2578 ἀλλὰ
1186 2525 1280 2577 καί
1329 2525 1531 2593 μᾶλλον
1577 2522 1888 2589 ἀπώσαντο,

316 2616 507 2688 ἐπειδὴ
557 2618 887 2686 ἐξεστηκότα
936 2618 1032 2669 καὶ
1074 2608 1391 2688 παράφορον
1440 2617 1496 2666 ἐν
1540 2617 1661 2677 ταῖς
1701 2612 1893 2685 θύραις

318 2710 691 2780 κιθαρίζοντα,
722 2712 817 2762 καὶ
852 2709 1027 2762 σίελον
1053 2711 1463 2780 ἀπορρίπτοντα
1492 2708 1584 2761 τοῦ
1624 2707 1891 2777 στόματος

317 2799 670 2869 ὑπεκρίνατο,
706 2799 782 2861 ὡς
812 2800 845 2867 ἡ
881 2798 1065 2869 βίϐλος
1111 2799 1222 2851 τῶν
1270 2799 1573 2851 Βασιλειῶν
1623 2798 1886 2851 δείκνυσι.

314 2889 449 2943 Τινὰ
495 2890 551 2942 δὲ
598 2890 693 2942 καὶ
741 2889 869 2942 λαὸν
920 2890 1390 2960 μεμακρυμμένον
1417 2889 1526 2942 ἀπὸ
1556 2889 1662 2941 τῶν
1694 2890 1888 2956 ἁγίων,

315 2982 455 3051 ὺπέρ
474 2976 534 3033 οὗ
564 2981 656 3034 τὸν
677 2980 895 3050 ψαλμὸν
926 2984 954 3033 ό
981 2980 1145 3033 Δαὸὶδ
1173 2980 1400 3050 ἔγραψε,
1430 2980 1721 3051 ζητοῦντες
1749 2980 1888 3033 κατὰ

2002 516 2241 561 calorem
2279 512 2333 557 et
2365 502 2765 555 ﬁrmamentum
2815 510 2935 549 esse
2966 494 3319 562 reperiemus,
3366 510 3436 550 ne
3471 496 3577 552 ulla

2000 597 2210 652 ratione
2232 605 2692 648 commoveantur.
2732 587 3001 642 Cancrum
3027 602 3150 641 cum
3190 585 3575 655 Proplietalu-

1999 688 2081 743 dze
2106 686 2296 741 l‘ecerit
2325 684 2680 747 mentionem,
2729 678 2880 735 visus
2908 686 2993 732 est
3021 676 3155 730 mihi
3177 676 3401 732 Petrum
3434 695 3575 748 quo-

1998 794 2104 848 que
2135 775 2449 833 necessario
2472 773 2801 837 insinuasse,
2825 780 2886 824 ut
2927 770 3113 839 lapsns
3141 768 3491 823 involuntarii
3519 779 3574 825 et

1997 870 2220 925 sceleris
2264 866 2557 924 voluntarii
2599 861 2964 919 diﬂerentiam
3020 859 3307 914 indicaret.
3353 858 3576 915 Petrum

1997 960 2144 1016 enim
2176 966 2301 1030 post
2327 956 2637 1028 negationis
2682 954 2893 1023 lapsum
2918 952 3186 1014 excitans,
3208 958 3264 1005 ct
3299 949 3362 1003 ad
3399 950 3574 1020 pugni-

2001 1051 2223 1106 tentiam
2255 1049 2572 1111 adhortans,
2600 1053 2808 1108 monet,
2844 1052 2904 1097 ut
2933 1041 2989 1097 in
3031 1041 3199 1094 Deum
3230 1041 3425 1094 horum
3477 1056 3575 1094 cu-

1998 1160 2112 1200 ram
2134 1142 2405 1213 conjiciat,
2430 1140 2524 1210 qui
2553 1137 2877 1207 discipulum
2903 1151 3001 1206 per
3031 1132 3422 1204 indulgentiam
3441 1147 3576 1187 enu-

2000 1233 2129 1288 trire
2177 1231 2375 1302 possit,
2438 1238 2627 1284 etnon
2680 1226 3045 1297 permissurus
3065 1224 3156 1289 sit,
3190 1230 3248 1276 ut
3278 1223 3460 1289 justus
3519 1221 3573 1275 in

1993 1333 2198 1379 acterna
2228 1319 2583 1375 ﬂuctuatione
2606 1324 2889 1381 versetur;
2920 1313 3016 1369 sed
3043 1313 3086 1369 si
3121 1312 3187 1366 ad
3216 1321 3432 1381 tempus
3451 1325 3570 1365 eam

1995 1413 2338 1477 sustinuerit,
2374 1411 2519 1464 illico
2545 1409 2725 1479 ipsum
2762 1408 3092 1461 reducturus
3115 1404 3186 1458 sit
3207 1403 3274 1457 ad
3308 1401 3573 1471 tranquil-

1994 1504 2223 1560 litatem.

2071 1631 2091 1665 ι
2126 1614 2236 1683 Ego
2257 1620 2437 1667 autem
2459 1608 2691 1679 sperabo
2744 1607 2798 1661 iu
2832 1616 2904 1672 te,
2948 1606 3198 1659 Domine.
3231 1623 3250 1655 ι

2067 1701 2270 1757 Fidelis
2314 1702 2416 1755 hoc
2442 1699 2624 1754 dicat:
2653 1711 2778 1751 nam
2819 1710 2944 1765 spes
2980 1695 3034 1748 in
3085 1694 3255 1749 Deum
3300 1693 3570 1748 malorum

3374 1600 3403 1617 κ

1947 1762 2371 1849 ἰἱδθτεῑίοηοω
2421 1798 2479 1846 et
2557 1789 2825 1844 bonorum
2880 1787 3128 1843 omnium
3199 1785 3411 1856 copiam
3466 1785 3573 1838 lar-

1992 1879 2158 1951 gitur.

2550 1966 2867 2024 PSQLMUS
2893 1965 3005 2021 LV.

2058 2052 2223 2109 Vsus.
2284 2053 2335 2108 l.
2363 2072 2384 2105 ι
2447 2051 2507 2107 In
2535 2051 2722 2118 tinem,
2757 2067 2859 2124 pro
2904 2050 3106 2121 populo
3153 2049 3245 2121 qui
3300 2065 3333 2105 a
3364 2053 3570 2109 sanctis

1990 2142 2148 2213 longe
2166 2141 2339 2196 factus
2366 2148 2472 2207 est,
2513 2160 2532 2193 ι
2569 2148 2673 2196 etc.

2060 2233 2234 2288 Verba
2264 2233 2405 2288 tituli
2431 2232 2684 2287 videntur
2710 2229 3113 2301 quodammodo
3135 2244 3255 2286 esse
3273 2232 3566 2286 contraria.

1994 2324 2273 2394 Siquidem
2310 2323 2477 2378 David
2502 2322 2837 2392 pervenitin
2878 2320 3039 2388 Getli,
3077 2321 3296 2392 quando
3352 2323 3568 2380 Saulem

1992 2414 2267 2486 fugiebat;
2293 2429 2404 2469 non
2432 2422 2612 2468 tamen
2636 2411 2961 2482 prophetam
3017 2410 3336 2483 alienigenae
3369 2412 3570 2466 retine—

1990 2506 2143 2569 bant,
2167 2505 2298 2575 quin
2321 2505 2501 2574 potius
2521 2502 2884 2571 expellebant,
2901 2501 3025 2571 quia
3052 2517 3111 2557 se
3130 2512 3402 2557 amentem
3423 2511 3476 2557 ct
3493 2503 3573 2557 in-

1991 2612 2184 2655 sanum
2217 2596 2507 2653 simulabat
2531 2597 2585 2649 in
2619 2594 2787 2665 portis
2809 2594 3201 2660 eitharizando,
3262 2605 3314 2649 et
3346 2595 3567 2650 salivam

1993 2690 2104 2746 oris
2127 2686 2484 2760 projiciendo,
2512 2686 2590 2740 uti
2638 2685 2777 2741 liber
2801 2684 3009 2756 Regum
3032 2685 3077 2718 ⁸⁸
3107 2684 3369 2740 declarat.
3394 2684 3566 2749 Quem

1991 2796 2156 2853 porro
2182 2780 2441 2852 populum
2479 2795 2509 2833 a
2540 2778 2743 2834 sanctis
2775 2778 3083 2848 elongatum
3106 2778 3273 2843 dicat,
3330 2792 3429 2847 pro
3457 2791 3568 2847 quo

1991 2868 2160 2925 David
2192 2869 2459 2939 psalmum
2538 2870 2841 2940 scripserit,
2909 2871 3210 2925 secundum
3279 2868 3565 2923 historiam

1990 2957 2318 3030 quaerentes,
2341 2976 2451 3016 non
2475 2960 2633 3017 facile
2668 2962 3022 3032 reperiemus.
3081 2961 3447 3028 Quamobrem
3478 2974 3572 3012 nc-

313 3072 411 3140 τὴν
450 3069 723 3141 ἱστορίαν,
759 3071 857 3138 οὐχ
888 3070 1216 3140 εὑρήσομεν.
1249 3069 1456 3123 οὐκοῦν
1501 3071 1716 3140 ἀνάγκη
1762 3086 1885 3138 νοηο

1990 3069 2140 3109 cesse
2170 3063 2255 3109 est
2281 3055 2398 3109 haec
2451 3054 2771 3125 spiritaliter
2833 3054 3025 3125 accipi,
3064 3062 3228 3124 prout
3279 3067 3309 3106 a
3362 3051 3565 3121 Spiritu

311 3162 416 3225 τῶς
433 3162 625 3225 ταῦτα,
650 3163 841 3232 ῶσπερ
868 3162 930 3232 δὴ
952 3161 1029 3231 τῷ
1054 3162 1332 3232 Πνεύματι
1353 3160 1684 3231 γέγραπται,
1710 3178 1890 3232 παρα-

310 3254 582 3323 δέχεσθαι.
600 3253 773 3324 ’Υπὲρ
802 3253 912 3323 γὰρ
931 3251 1026 3305 τοῦ
1059 3252 1189 3304 λαοῦ
1218 3252 1327 3304 τῶν
1356 3252 1529 3306 ἐθνῶν
1557 3252 1647 3305 τὸν
1671 3251 1887 3322 ψαλμὸν

313 3347 341 3397 ὁ
374 3346 664 3414 Προφήτης
698 3344 1036 3414 συνέγραψεν
1056 3385 1070 3408 ,
1100 3344 1246 3406 ὅστις
1278 3346 1747 3414 μεμακρυμμὲνος
1779 3346 1887 3399 ἀπὸ

315 3432 420 3484 τῶν
450 3433 618 3500 ἁγίων
647 3432 976 3502 ἐτύγχανεν·
1011 3431 1265 3500 οὐδεμιᾶς
1294 3433 1404 3501 γάρ
1435 3434 1729 3496 κοινωνίας.
1750 3434 1886 3505 πρὸς

315 3509 662 3594 πατριάρχας
712 3524 745 3594 ἢ
799 3524 1087 3594 προφήτας
1138 3522 1610 3592 ἐκέκτηντο.⁹Αλλ’
1633 3526 1784 3595 ὅμως
1836 3527 1885 3579 οἱ

319 3615 535 3684 μακρὰν
576 3614 766 3683 ἐγγὺς,
802 3611 950 3667 καθά
991 3629 1157 3682 φησιν
1199 3614 1228 3666 ὁ
1269 3611 1501 3677 Παῦλος,
1533 3615 1765 3683 ἐγένετο,
1796 3616 1885 3670 ὅτε

312 3707 404 3761 τὸν
429 3706 546 3760 νέον
572 3706 735 3759 Δαῆὶδ
765 3703 1078 3776 ἐκράτησαν
1106 3707 1155 3758 οἱ
1183 3705 1469 3775 ἀλλόφυλοι
1495 3707 1554 3759 ἐν
1582 3707 1621 3758 Γ
1623 3706 1706 3773 ἐθ,
1722 3724 1885 3760 τουτ·

311 3798 460 3852 ἐστιν
487 3801 544 3852 ἐν
569 3801 635 3870 τῇ
664 3798 811 3871 ληνῷ
844 3799 1053 3868 (ληνὸς
1100 3800 1205 3870 γὰρ
1242 3801 1275 3869 ή
1301 3799 1401 3852 Γέθ
1456 3801 1838 3875 ἑρμηνεύεται)
1866 3821 1880 3836 ·

311 3887 471 3959 ληνὸς
497 3888 555 3942 δέ
590 3888 685 3943 καὶ
717 3891 751 3961 ή
787 3888 1105 3961 Ἐκκλησία,
1131 3888 1221 3943 διὰ
1244 3890 1334 3943 τὸν
1355 3890 1510 3957 Θεὸν,
1541 3892 1634 3945 τὸν
1665 3894 1723 3947 ἐν
1745 3895 1880 3968 αὐτῇ

309 3978 708 4047 ληνοὸατοῦντα
759 3980 820 4033 τὸ
880 3982 1215 4051 μυστήριον,
1248 3981 1488 4051 λέγεται,
1524 3985 1601 4049 ὡς
1648 3986 1736 4040 διὰ
1782 3988 1884 4058 τῆς

323 4069 544 4124 Ἡσαΐου
578 4070 938 4143 προφητείας,
976 4073 1180 4140 Ληνὸν
1203 4071 1479 4141 ἐπάτησα
1501 4079 1710 4146 μόνος,
1753 4077 1882 4149 βοή-

311 4181 409 4227 σας
434 4163 749 4235 εὑρίσκεται
769 4181 784 4197 ο
817 4162 959 4217 ὥστε
1002 4164 1139 4237 πρὸς
1180 4165 1343 4219 αὐτὸν
1370 4166 1470 4232 τὰς
1499 4168 1611 4221 τῶν
1640 4169 1883 4240 οὐρανῶν

305 4254 564 4325 δυνάμεις
595 4253 665 4310 τά
691 4255 790 4325 τῆς
815 4255 986 4324 αὐτῆς
1012 4257 1352 4327 προφητείας
1375 4259 1830 4328 ἀντιφθέγγεσθαι
1863 4275 1879 4292 ο

303 4347 404 4401 Διὰ
437 4349 493 4401 τι
533 4364 651 4402 σου
689 4347 908 4418 ἐρυθρὰ
946 4348 1019 4403 τὰ
1057 4349 1290 4417 ἱμάτια,
1328 4350 1428 4404 καὶ
1462 4354 1537 4406 τὰ
1579 4352 1881 4423 ἐνδύματὰ

304 4451 443 4500 σου,
472 4437 554 4502 ὡς
583 4438 700 4493 ἀπὸ
730 4439 996 4506 πατητοῦ
1034 4440 1227 4509 ληνοῦ
1265 4441 1505 4511 πλήρης
1536 4459 1877 4499 καταπεπα-
1912 4425 1955 4481 θ

303 4526 562 4594 τημένου
580 4544 602 4592 ;

383 4631 403 4664 ι
426 4614 674 4686 Ἐλέησόν
704 4635 792 4689 με,
822 4622 851 4673 ό
878 4620 1030 4686 Θεὸς,
1069 4622 1152 4675 ὅτι
1181 4623 1531 4695 κατεπάτησε
1569 4641 1660 4696 με.
1696 4646 1714 4678 ι

370 4783 639 4848 Πολλάκις
686 4787 741 4840 δὲ
790 4790 885 4843 καὶ
935 4793 963 4844 ὁ
1011 4793 1170 4862 ἡμῶν
1199 4794 1484 4865 ἄνθρωπος
1515 4797 1607 4851 τὸν
1636 4799 1874 4868 χαλεπὸν

296 4876 484 4931 τοῦτον
516 4878 807 4947 ὑφίσταται
830 4882 1082 4952 πόλεμον,
1102 4885 1229 4956 ὃλην
1250 4886 1349 4957 τὴν
1370 4889 1581 4958 ἡμέραν
1606 4890 1756 4961 παρὰ
1776 4889 1872 4945 τοῦ

296 4969 514 5024 Σατανᾶ
542 4971 952 5042 πολεμούμενος
974 5014 991 5036 ,
1021 4977 1115 5028 καὶ
1147 4979 1276 5049 παρ’
1299 4978 1464 5032 αὐτοῦ
1509 4980 1868 5051 πατούμενος.

297 5057 362 5112 Εἰ
393 5062 500 5130 γὰρ
532 5062 625 5117 καὶ
654 5064 940 5134 ἀνθρώπου
970 5066 998 5117 ό
1029 5068 1243 5136 ψαλμὸς
1283 5070 1710 5140 ἐμνημόνευσεν,
1748 5072 1875 5127 ἀλλ’

294 5150 447 5220 ὅμισις
471 5151 561 5205 τὸν
596 5153 865 5207 Σατανᾶνι
893 5154 1054 5207 αὐτὸν
1074 5194 1089 5219 ,
1119 5154 1293 5220 οὕτως
1336 5159 1394 5210 ἐν
1426 5161 1490 5229 τῇ
1524 5159 1644 5231 θείᾳ
1674 5161 1868 5231 Γραφῇ

296 5239 555 5304 πολλάκις
574 5240 991 5313 ὀνομαζόμενον,
1024 5244 1057 5316 ἦ
1085 5262 1206 5298 τινα
1235 5246 1341 5299 τῶν
1365 5248 1557 5319 ἐκείνῳ
1584 5266 1875 5321 στρατευοο

295 5333 476 5405 μένων
524 5333 843 5388 αἰνίττεται.
878 5335 1024 5405 Πλὴν
1084 5338 1178 5390 καὶ
1226 5339 1319 5392 τὸν
1365 5340 1492 5395 λαὸν
1539 5342 1647 5395 τῶν
1697 5343 1869 5415 ἐθνῶν

292 5424 466 5479 ταῦτα
493 5424 821 5495 ὐπαψάλλειν
852 5427 1131 5499 ἁρμόδιον,
1166 5431 1345 5502 χρόνῳ
1389 5432 1571 5504 πολλῷ
1618 5434 1722 5488 ὑπὸ
1768 5435 1865 5490 τοῦ

288 5515 507 5570 Σατανᾶ
528 5515 895 5586 ἀπατηθέντα,
921 5519 1012 5570 καὶ
1044 5519 1132 5572 τὸν
1162 5523 1291 5592 παρ’
1322 5521 1489 5576 αὑτοῦ
1520 5523 1755 5594 πόλεμον
1778 5526 1868 5580 διὰ

362 5697 407 5731 ⁸⁸
437 5697 460 5754 ι
485 5697 617 5771 Reg.
646 5718 756 5769 XXI,
784 5704 867 5771 13,
940 5703 981 5736 ⁸¹
1015 5704 1214 5773 Epiros.
1246 5720 1302 5770 η,
1334 5705 1416 5760 l5.
1500 5708 1543 5741 “
1572 5708 1674 5764 lsa.
1703 5727 1775 5778 Vl,
1805 5711 1856 5766 3.

1994 3155 2183 3201 sancto
2221 3146 2421 3216 scripta
2451 3156 2601 3201 sunt.
2631 3147 2766 3200 Nam
2788 3148 3055 3217 psalmum
3109 3145 3258 3200 hunc
3295 3143 3566 3214 Propheta

1993 3234 2318 3304 conscripsit
2337 3251 2436 3305 pro
2493 3236 2694 3307 populo
2731 3250 2763 3290 e
2808 3237 3082 3307 gentibus,
3136 3235 3228 3307 qui
3275 3249 3308 3291 a
3362 3232 3569 3292 sanctis

1992 3321 2152 3390 longe
2174 3320 2347 3375 factus
2379 3321 2520 3376 fuit:
2556 3322 2757 3375 nullam
2790 3323 2934 3376 enim
2983 3340 3107 3377 cum
3136 3324 3460 3393 patriarchis
3513 3336 3569 3380 et

1992 3412 2279 3481 prophetis
2336 3412 2610 3466 habebant
2651 3412 3224 3469 communicationem.
3279 3415 3567 3471 Verumta-

1993 3517 2116 3558 men
2137 3501 2414 3571 quierant
2463 3502 2621 3571 longe
2654 3501 2720 3566 “,
2750 3509 2812 3555 ut
2853 3502 3051 3557 Paulus
3098 3504 3193 3567 ait,
3250 3502 3379 3559 facti
3437 3515 3569 3560 sunt

1989 3586 2179 3665 prope.
2209 3593 2426 3663 quando
2455 3608 2657 3648 novum
2681 3591 2937 3648 Davidem
2968 3596 3567 3666 ccperuntalienigenae

1990 3685 2045 3739 in
2079 3683 2243 3749 Gctb,
2276 3684 2380 3738 hoc
2413 3693 2498 3739 cst
2524 3683 2578 3737 in
2631 3684 2890 3738 torculari
2968 3683 3124 3755 (Geth
3156 3686 3300 3740 enim
3333 3688 3568 3741 torcular

1990 3774 2428 3846 interpretatur).
2452 3774 2721 3830 Craterum
2746 3776 2980 3830 torcular
2997 3776 3155 3831 etiam
3189 3777 3426 3832 Ecclesia
3479 3779 3564 3833 di-

1989 3868 2130 3924 citur
2154 3875 2373 3937 propter
2403 3867 2607 3933 Deum,
2648 3866 2742 3937 qui
2765 3866 2822 3921 in
2864 3882 2928 3923 ea
2965 3884 3067 3923 ceu
3094 3869 3345 3923 torculari
3379 3885 3565 3925 sacra-

1989 3965 2233 4012 mentum
2264 3956 2567 4025 expressit;
2592 3956 2733 4012 sicut
2767 3972 2864 4027 per
2885 3957 3016 4013 illud
3042 3957 3193 4013 Isaia:
3212 3958 3559 4015 vaticinium:

1988 4045 2241 4100 Torcular
2269 4046 2468 4101 calcavi
2494 4046 2656 4112 solus,
2697 4047 3034 4104 exclamasse
3074 4049 3379 4119 reperitur;
3403 4051 3474 4105 ita
3503 4059 3577 4105 ut.

1983 4138 2053 4194 ad
2070 4139 2248 4209 ipsum
2276 4139 2525 4196 caelestes
2551 4137 2791 4194 Virtutes
2810 4140 2964 4211 quasi
2996 4141 3385 4213 interrogando
3409 4142 3560 4197 dice-

1984 4239 2107 4286 rent
2145 4247 2158 4283 :
2186 4230 2363 4296 Quare
2378 4231 2539 4286 rubra
2559 4241 2678 4287 sunt
2702 4233 3007 4288 vestimenta
3033 4241 3148 4298 tua,
3177 4242 3225 4287 et
3247 4233 3556 4288 indumenta

1984 4331 2099 4387 tua,
2160 4323 2295 4377 sicut
2325 4340 2358 4377 α
2420 4323 2626 4377 calcato
2659 4322 2913 4377 torculari
2957 4322 3110 4392 pleno
3156 4323 3461 4378 conculcata
3486 4324 3558 4376 ιη

2053 4628 2215 4685 Vsus.
2256 4630 2313 4685 2.
2351 4649 2370 4683 ι
2417 4630 2676 4688 Miserere
2701 4633 2833 4703 mei,
2856 4633 3021 4705 Deus,
3047 4639 3305 4708 quoniam
3329 4642 3555 4698 concul-

1979 4721 2121 4776 cavit
2150 4738 2257 4776 me.
2297 4740 2315 4773 ι
3482 4772 3485 4773 ν

2048 4813 2442 4883 Saepenumero
2463 4816 2629 4873 etiam
2659 4827 2850 4875 noster
2876 4820 3041 4875 homo
3068 4820 3286 4876 dimcile
3309 4821 3414 4875 hoc
3432 4821 3551 4875 bel-

1975 4903 2090 4958 lum
2114 4904 2369 4969 sustinet,
2396 4922 2427 4960 a
2456 4907 2656 4964 Satana
2680 4919 2793 4965 toto
2809 4912 2898 4966 die
2926 4921 3292 4982 oppugnatus,
3315 4921 3367 4966 et
3395 4913 3464 4967 ab
3484 4928 3551 4967 eo

1973 4993 2353 5057 con_culcatus.-
2387 4994 2496 5052 Etsi
2531 4998 2677 5054 enim
2705 4998 2794 5053 hic
2820 5000 3060 5068 psalmus
3089 4999 3325 5053 hominis
3350 4999 3549 5052 memi-

1975 5079 2146 5146 nerit,
2188 5079 2350 5135 simul
2382 5091 2565 5139 tamen
2603 5086 2779 5155 ipsum
2809 5084 3085 5151 Satanam,
3126 5085 3217 5154 qui
3250 5084 3305 5137 in
3365 5085 3548 5142 divina

1975 5169 2258 5240 Scriptura
2321 5173 2635 5243 frequenter
2678 5179 2782 5232 hoc
2809 5176 3028 5231 nomine
3073 5177 3398 5246 appellatur,
3451 5187 3547 5234 aut

1974 5262 2170 5318 ducem
2208 5264 2446 5333 aliquem
2475 5267 2576 5337 ipsi
2628 5269 3043 5323 subordinatum
3095 5270 3356 5325 insinuat.
3403 5270 3544 5337 Quin

1974 5353 2086 5410 imo
2117 5364 2552 5412 consentaneum
2583 5359 2675 5422 sit.
2711 5360 2828 5415 haec
2857 5360 3116 5430 populum
3148 5377 3365 5432 quoque
3413 5380 3546 5435 gen-

1973 5443 2107 5500 tium
2139 5450 2452 5515 succinere;
2477 5458 2664 5519 utpote
2693 5450 2855 5524 longo
2885 5461 3129 5525 tempore
3162 5470 3190 5508 a
3229 5454 3426 5511 Satana
3449 5456 3545 5512 dc-

1974 5546 2215 5609 ceptum,
2238 5540 2592 5613 ejusdemque
2612 5543 2812 5601 bellum
2868 5561 2966 5616 per
2987 5546 3290 5603 «la-monqu
3319 5548 3544 5604 insidias
