4036 6200
479 259 615 324 I223

1643 251 2005 315 HESYCHII
2050 249 2520 313 PRESBYTER!

3593 244 3782 311 122$

478 367 869 434 sustinentem;
900 382 1038 437 quos
1060 368 1115 422 in
1146 363 1501 436 sequentibus
1534 363 1838 427 insinuans,
1875 362 2050 417 mani-

2172 363 2253 432 τῆς
2283 362 2391 415 τῶν
2417 363 2683 433 δαιμόνων
2700 362 2992 432 ἐπιϐουλῆς
3010 358 3403 429 ὑπομείναντα,
3423 357 3515 421 οὓς
3542 359 3602 412 ἐν
3629 360 3775 421 τοῖς

478 460 672 515 festius
686 460 978 527 expressit.

551 549 716 605 Vens.
753 551 806 603 3.
833 568 853 598 ι
890 548 1362 604 Conculcaverunt
1401 564 1487 602 me
1522 546 1723 601 inimici
1757 545 1884 600 mei.
1923 562 1943 597 ι

547 641 667 695 Non
693 655 857 693 unam
889 638 1032 693 diem
1052 640 1204 705 dicit,
1234 641 1329 694 sed
1361 639 1541 693 omnis
1576 636 2049 707 temporishaben-

483 732 553 786 tis
584 730 840 800 spatium,
873 728 1207 798 quoinimici
1239 728 1409 782 nostri
1466 727 1779 796 spirituales
1838 725 1906 779 ab
1945 725 2054 778 alto

481 836 583 875 nos
642 835 958 890 oppugnare
1008 830 1063 874 et
1093 820 1418 873 conculcare
1479 817 1701 871 minime
1749 826 2054 870 cessarunt.

479 912 886 967 Conculcarunt
918 920 1134 976 autem,
1189 910 1502 979 quomodo?
1532 908 1637 961 Per
1686 908 2048 962 idololatriam

479 1013 536 1058 et
566 1004 874 1072 voluptates
921 1001 1057 1055 alios
1105 1002 1542 1071 supplantantes,
1599 1010 1654 1055 et
1709 1001 2054 1070 postmodum

445 1097 766 1167 ~prustratis
792 1094 1139 1149 insultantes.
1204 1094 1312 1149 Nos
1361 1095 1543 1164 itaque
1597 1110 1935 1165 nequaquam
1987 1094 2054 1150 ad

479 1197 706 1247 terram,
737 1186 789 1240 id
819 1196 923 1249 est,
955 1186 1021 1239 ad
1067 1195 1281 1240 terrena
1313 1197 1757 1255 prosternamur;
1800 1195 1855 1240 et
1896 1201 2057 1240 nemo

480 1294 580 1333 nos
606 1278 807 1347 poterit
835 1277 1158 1331 conculcare
1192 1295 1205 1331 :
1232 1278 1328 1332 sed
1351 1293 1528 1347 neque
1560 1278 1811 1332 inimicos
1839 1286 2058 1332 nostros

478 1367 804 1421 excelsiores
822 1366 936 1419 fieri
969 1367 1369 1435 permittamus,
1414 1368 1511 1422 sed
1535 1368 1801 1421 virtutum
1859 1368 2057 1421 scalam

479 1457 935 1520 conscendentes,
988 1458 1316 1512 insidiantes
1355 1458 1514 1513 nobis
1579 1458 1712 1529 ipsis
1770 1457 2058 1513 inferiores

476 1547 794 1602 efﬁciamus.

552 1637 714 1691 Vens.
756 1640 809 1694 4.
835 1658 853 1690 ι
884 1638 1001 1693 Diei
1029 1654 1138 1693 non
1163 1639 1422 1695 timebo.»

564 1729 620 1782 Si
645 1730 811 1795 enim,
844 1731 1038 1800 inquit,
1071 1731 1125 1784 in
1153 1732 1358 1787 lumine
1386 1732 1747 1799 ambulemus,
1782 1732 1915 1787 etin
1947 1732 2056 1801 die,
2088 1719 2131 1775 Β

481 1821 940 1890 quemadmodum
1018 1821 1217 1877 Paulus
1282 1822 1379 1886 ait,
1442 1824 1672 1878 honeste
1697 1824 2059 1879 ambulaveri-

482 1928 624 1978 mus,
674 1916 872 1968 merito
926 1914 1203 1968 neminem
1239 1914 1616 1970 insidiantium
1676 1914 2057 1981 formidamus,

482 2013 700 2059 utentes
753 2004 1018 2058 adversus
1087 2003 1237 2073 ipsos
1284 2013 1575 2059 armatura
1615 2003 1817 2059 ﬁdeict
1848 2004 1964 2074 spei
2004 2004 2060 2057 in

482 2097 674 2150 Deum.

548 2185 714 2239 Vens.
746 2184 797 2239 5.
849 2203 867 2236 ι
898 2183 958 2238 in
991 2183 1103 2237 Deo
1133 2184 1386 2239 laudabo.
1419 2203 1438 2236 ι

548 2275 685 2331 Cum
734 2274 914 2329 omnis
951 2290 1154 2339 sermo,
1193 2276 1283 2344 qui
1336 2274 1430 2329 Dei
1477 2275 1756 2330 notionem
1793 2275 2061 2339 continet,

479 2369 641 2424 laude
675 2383 739 2423 ac
768 2366 1136 2422 celebratione
1182 2367 1379 2437 dignus
1426 2367 1524 2431 sit,
1564 2368 1688 2437 ipsi,
1718 2368 1911 2437 inquit,
1940 2377 2065 2422 tan-

480 2473 641 2525 quam
669 2455 879 2509 auctori
900 2454 1090 2508 laudes
1120 2455 1481 2510 exhibeamus
1512 2473 1526 2509 :
1563 2465 1617 2510 et
1642 2471 1981 2525 quascunque
2010 2455 2064 2509 in

481 2546 603 2616 ipso
630 2546 929 2614 loquimur,
960 2545 1075 2599 haec
1106 2545 1249 2599 bene
1278 2545 1486 2615 dirigit,
1520 2562 1584 2601 ac
1612 2546 1810 2599 merito
1841 2546 2071 2600 retribu-

484 2639 635 2692 tione
660 2637 822 2706 digna
850 2636 1155 2690 constituit.
1182 2634 1350 2689 Porro
1373 2653 1584 2690 carnem
1609 2636 1921 2707 frequenter
1943 2652 2063 2693 car-

482 2731 635 2785 nales
685 2728 917 2783 allectus
968 2736 1023 2781 et
1065 2728 1371 2797 voluptates
1424 2728 1531 2782 dici
1589 2730 1956 2799 reperiemus;
1997 2736 2067 2798 ξιιι

482 2821 701 2892 quando
718 2819 917 2874 Paulus
941 2818 1051 2872 ait:
1080 2818 1199 2873 Scio
1224 2820 1362 2873 enim
1384 2820 1511 2889 quia
1545 2835 1648 2873 non
1671 2821 1872 2874 habitat
1889 2822 1942 2874 in
1963 2838 2064 2888 me,

483 2921 579 2965 hoc
610 2921 683 2965 est
733 2913 787 2965 in
834 2928 992 2965 carne
1025 2927 1163 2976 mea,
1200 2911 1388 2965 bonum
1410 2910 1495 2977 “;
1546 2925 1694 2981 saepe
1727 2926 1856 2966 vero
1902 2911 2066 2966 etiam

483 3002 800 3067 hominem;
849 3002 993 3056 sicut
1035 3001 1198 3056 etiam
1250 3000 1417 3055 David
1464 3000 1639 3055 dixit:
1668 3001 1751 3055 Ad
1794 3011 1844 3055 te
1892 3003 2063 3056 omni:

483 3109 608 3147 caro
636 3094 887 3146 veniet".
922 3092 1060 3163 Spes
1093 3092 1255 3164 igitur
1284 3092 1378 3147 Dei
1408 3103 1464 3147 et
1488 3093 1823 3163 voluptatem
1858 3093 2056 3160 frenat,
2086 3075 2128 3132 ο

482 3195 539 3240 et
592 3184 874 3239 inimicum
928 3185 1220 3239 bominem’
1255 3194 1588 3252 coercet,et
1627 3186 1915 3255 utrobique
1961 3201 2063 3241 nos

484 3276 660 3330 reddit
701 3275 1120 3345 imperterritus.

560 3366 717 3421 \‘Ens.
748 3367 798 3422 6.
847 3387 867 3419 ι
899 3367 1035 3421 Tota
1061 3366 1150 3422 die
1177 3366 1343 3421 verba
1370 3382 1511 3423 mea.
1543 3385 1563 3419 ι

553 3460 838 3514 Manifeste
894 3460 1193 3515 etiamnum
1245 3458 1462 3514 Judteos
1522 3460 1703 3515 innuit
1750 3479 1765 3516 :
1815 3460 1872 3515 hi
1918 3460 2064 3515 enim

482 3551 648 3606 verba
684 3552 943 3615 ﬁdelium,
973 3551 1504 3607 velutiinlidelitatis
1535 3568 1648 3608 sure
1682 3553 2064 3608 refutationem

484 3643 844 3708 continentia,
876 3658 1094 3713 semper
1123 3644 1391 3699 exsecrati
1436 3652 1566 3698 sunt
1595 3662 1613 3697 :
1644 3659 1674 3697 a
1707 3659 1868 3699 mane
1899 3644 2065 3698 nimi-

485 3750 607 3788 rum
638 3751 807 3804 usque
836 3735 902 3789 ad
934 3750 1218 3804 veSperam
1239 3733 1411 3789 Paulo
1451 3735 1519 3789 ad
1563 3735 1711 3806 ipsos
1753 3745 2064 3806 perorante,

484 3824 586 3893 ipsi
639 3826 921 3880 veritatem
980 3826 1251 3880 sermonis
1300 3827 1603 3891 exsecrati,
1656 3827 2062 3894 dissentientes,

486 3916 566 3969 uti
615 3916 788 3970 Lucas
838 3917 933 3980 ait,
996 3915 1353 3970 οἰκέεται-απτ
1413 3918 1691 3971 adversum
1755 3936 1838 3973 me
1890 3934 2067 3973 omnes

486 4008 827 4079 cogitationes
855 4024 1034 4061 eorum
1070 4008 1124 4060 in
1161 4007 1381 4061 malum.
1418 4008 1566 4063 Nihil
1613 4010 1760 4064 enim
1815 4011 1943 4066 boni
1998 4011 2067 4067 de

487 4100 742 4169 gentibus
765 4099 939 4155 Judaei
968 4100 1209 4169 cogitant
1237 4098 1517 4168 (quoniam
1546 4102 1725 4157 omnis
1755 4102 1919 4159 homo
1950 4119 2069 4159 ma-

485 4192 573 4247 lus
598 4193 805 4263 profert
841 4191 1067 4262 malum)
1107 4200 1165 4247 et
1211 4191 1360 4246 omni
1413 4193 1626 4249 ratione
1663 4210 1765 4251 nos
1814 4196 2067 4267 decipere

488 4294 775 4340 conantur.

560 4486 705 4541 Nihil
732 4495 879 4543 certe
904 4488 1189 4557 prophetia
1210 4489 1313 4544 hac
1335 4488 1700 4545 manifestius.
1721 4489 1892 4545 Judaei
1915 4490 2061 4545 enim

493 4577 884 4647 Hierosolymis
926 4578 1088 4647 ejecti
1120 4578 1191 4632 ob
1223 4587 1514 4648 peccatum
1542 4588 1732 4633 contra
1762 4579 2063 4648 Christum,

491 4680 547 4723 et
574 4667 818 4722 universi
844 4666 989 4721 orbis
1018 4676 1288 4723 terrarum
1316 4669 1510 4723 incolae
1539 4668 1717 4723 effecti
1745 4668 2068 4741 [dispersio-

489 4761 576 4817 nis
633 4758 823 4832 hujus]
877 4774 1101 4814 causam
1142 4758 1499 4832 interrogati,
1555 4760 1700 4815 illam
1752 4763 1961 4829 celant,
2013 4771 2069 4819 et

490 4870 651 4909 suum
692 4869 820 4924 erga
846 4853 1124 4908 Christum
1164 4854 1424 4909 delictum
1460 4854 1773 4921 reticentes,
1804 4856 1907 4911 alia
1937 4872 2069 4928 pec-

489 4954 607 4999 cata
632 4954 956 5015 praetexunt.
988 4943 1148 4999 Certe
1182 4960 1285 5000 nec
1315 4945 1456 5000 idola
1493 4947 1606 5016 jam
1633 4946 1854 5012 colunt,
1886 4962 2067 5016 neque

489 5036 787 5107 prophetas
813 5035 1097 5090 occidunt.
1129 5038 1199 5090 At
1224 5052 1323 5090 cur
1349 5037 1566 5092 celant?
1590 5053 1661 5093 ne
1684 5038 1938 5094 videlicet
1971 5056 2067 5095 eo-

490 5133 612 5181 rum
645 5126 921 5183 confessio
964 5125 1058 5182 fiat
1099 5126 1222 5181 fidei
1248 5137 1452 5183 nostrae
1485 5129 1884 5199 comprobatio.
1921 5130 2063 5199 Ipsi,

491 5214 700 5284 inquit,
730 5217 1033 5271 calcaueum
1066 5234 1236 5271 meum
1267 5218 1631 5273 observabant.
1662 5220 1940 5290 Siquidem
1973 5220 2069 5275 Ju-

490 5307 590 5362 daei
621 5307 788 5361 etiam
817 5309 1099 5378 quodlibet
1128 5310 1388 5365 delictum
1423 5321 1671 5367 nostrum
1703 5321 2018 5367 scrutantur
2051 5331 2066 5366 ι

491 5404 655 5467 atque
686 5395 760 5449 ita
790 5397 1064 5468 intelliges
1107 5400 1160 5454 id
1191 5402 1334 5469 quod
1368 5400 1512 5456 Deus
1537 5401 1603 5456 ad
1641 5412 1952 5470 serpentem
1985 5404 2068 5457 di-

491 5486 571 5543 xit
595 5505 608 5541 :
634 5486 754 5553 Ipse
779 5490 1068 5544 observabit
1094 5501 1250 5559 caput
1283 5502 1451 5559 tuum,
1473 5503 1521 5547 et
1545 5503 1600 5547 tu
1631 5493 1928 5547 observabis
1957 5493 2071 5563 ejus

2154 452 2281 523 ἐξῆς
2318 452 2648 523 σαφέστερον
2699 452 2901 524 ἔφησεν
2934 451 3326 521 αἰνιττόμενος.

2232 568 2250 601 ι
2279 549 2684 619 Κατεπάτησάν
2713 566 2801 620 με,
2832 551 2880 601 oi
2916 547 3097 619 ἐχθροί
3131 564 3254 616 μου.
3285 563 3304 597 ι

2220 644 2296 696 Οὐ
2330 644 2462 712 μίαν
2483 642 2696 713 ἡμέραν
2719 642 2890 709 λέγει,
2912 640 3049 694 ἀλλὰ
3070 639 3165 692 τοῦ
3188 638 3383 708 χρόνου
3415 635 3627 697 παντὸς
3653 631 3771 687 τοῦ

2154 733 2458 804 φθάσαντος
2486 733 2548 786 τὸ
2577 733 2876 801 διάστημα,
2895 732 2952 784 ἐν
2979 722 3024 797 ᾧ
3052 730 3100 784 οί
3134 728 3320 799 ἐχθροὶ
3350 726 3508 796 ἡμῶν
3537 728 3586 778 οί
3622 741 3771 792 νοη-

2153 827 2237 881 τοὶ
2271 826 2366 894 ἀφ’
2387 825 2557 894 ῦψους
2599 825 2747 895 ἡμᾶς
2789 819 3152 891 πολεμοῦντες
3185 819 3280 871 καὶ
3310 817 3615 877 πατοῦντες
3649 815 3769 866 οὐκ

2156 919 2481 973 ἐπαύσαντο.
2499 916 2854 971 Κατεπάτουν
2886 913 2967 966 δέ·
3018 910 3175 974 πῶς;
3211 909 3311 961 Διά
3332 908 3428 976 τῆς
3456 904 3769 959 είδωλολα-

2154 1010 2311 1080 τρίας
2336 1009 2433 1061 καλ⁸
2459 1007 2567 1060 τῶν
2597 1006 2798 1078 ἡδονῶν
2819 1046 2834 1069 ,
2867 1003 2976 1057 τῶν
3015 1001 3194 1056 ἄλλων
3227 999 3578 1059 σκελίσαντες
3597 1038 3611 1056 ,
3656 996 3767 1048 καὶ

2160 1102 2297 1172 μετά
2315 1100 2474 1152 τοῦτο
2498 1097 2773 1167 κειμένοις
2796 1093 3243 1161 ἐπεμϐαίνοντες.
3259 1090 3352 1158 Μὴ
3371 1088 3556 1141 τοίνυν
3577 1089 3612 1155 ἡ
3625 1087 3766 1156 μείς

2159 1191 2535 1261 σκελισθῶμεν
2583 1191 2662 1252 εἰς
2705 1183 3166 1256 γῆν,-τουτέστιν,
3198 1183 3277 1243 εἰς
3304 1179 3373 1233 τά
3404 1180 3604 1248 γήϊνα’
3660 1178 3767 1229 καί

2155 1283 2335 1344 οὐδεὶς
2389 1282 2539 1350 ἡμᾶς
2590 1276 2980 1344 καταπατῆσαι
3029 1273 3363 1343 δυνήσεται*
3412 1268 3555 1322 ἁλλά
3607 1267 3767 1335 μηδὲ

2156 1375 2283 1436 τοὺς
2315 1372 2540 1442 ἐχθροὺς
2563 1370 2721 1441 ἡμῶν
2757 1365 3124 1437 ὑψηλοτέρους
3155 1360 3409 1431 γενέσθαι
3447 1360 3729 1429 συγχωρή
3744 1386 3764 1398 ο

2160 1473 2363 1536 σωμεν,
2398 1463 2535 1517 ἀλλά
2581 1462 2691 1515 τῶν
2733 1460 2947 1532 ἀρετῶν
2993 1456 3296 1517 ἀναϐάντες
3341 1455 3433 1505 ἐπὶ
3469 1452 3762 1520 κλίμακα,

2158 1557 2505 1627 κατωτέρους
2539 1552 2748 1607 ἐαυτῶν
2776 1554 2903 1614 τοὺς
2931 1549 3252 1611 ἐπιϐούλους
3280 1546 3630 1615 ποιήσωμεν.

2234 1666 2255 1699 ι
2280 1647 2525 1717 Ἡμέρας
2557 1646 2619 1699 ού
2654 1643 3058 1714 φοϐηθήσομαι.
3094 1659 3113 1691 ι

2229 1738 2359 1792 Ἑάν
2385 1739 2515 1808 γάρ,
2550 1736 2738 1805 φησὶν,
2771 1735 2830 1786 ἐν
2874 1732 2953 1802 τῷ
2998 1732 3138 1800 φωτὶ
3194 1726 3624 1800 περιπατῶμεν,
3659 1724 3766 1777 καὶ

2160 1829 2218 1881 ἐν
2248 1826 2465 1897 ἡμέρᾳ,
2500 1822 2643 1878 καοά
2678 1838 2844 1892 φησιν
2878 1822 2908 1874 δ
2936 1816 3173 1882 Παῦλος,
3207 1813 3569 1884 εὐσχημόνως
3595 1827 3766 1882 περι-

2160 1919 2514 1989 πατήσωμεν,
2554 1914 2744 1967 οὐδένα
2791 1911 2902 1964 τῶν
2951 1908 3255 1961 ἐπιϐούλων
3286 1906 3513 1959 εἰκότως
3547 1902 3763 1972 φοϐού-

2164 2011 2303 2082 μεθα
2325 2050 2340 2076 ,
2373 2011 2525 2079 ὅπλῳ
2558 2005 2694 2077 πρὸς
2719 2003 2919 2066 αὐτοὺς
2951 2001 3132 2054 πίστει
3161 2003 3226 2070 τῇ
3258 2000 3338 2061 είς
3366 1995 3502 2049 Θεὶν
3530 1994 3633 2048 καὶ
3672 1993 3764 2046 ελ-

2162 2103 2294 2157 πίδα
2323 2101 2619 2173 χρώμενοι.

2236 2215 2256 2248 ι
2281 2196 2367 2248 Ἐν
2396 2193 2472 2264 τῷ
2502 2190 2622 2261 Θεῴ
2655 2188 2945 2243 ἐπαινέσω.
2978 2204 2998 2237 ι

2236 2285 2455 2355 Ἐπειδὴ
2494 2284 2603 2346 πᾶς
2642 2280 2801 2348 λόγος
2831 2274 3162 2345 Οεογνωσίαν
3199 2276 3361 2345 ἔχων,
3391 2271 3626 2325 ἐπαίνου
3662 2271 3766 2324 καὶ

2163 2376 2439 2448 εὐφημίας
2487 2373 2657 2440 ἄξιος,
2688 2370 2858 2439 αὐτῷ,
2905 2370 3093 2439 φησὶν,
3125 2366 3200 2430 ὼς
3247 2363 3577 2436 χορηγοῦντι
3620 2364 3765 2425 τοὺς

2163 2469 2420 2530 ἐπαίνους
2448 2464 2854 2535 παράσχωμεν·
2892 2458 2986 2511 καί
3027 2458 3126 2511 ὅσα
3167 2456 3225 2508 ἐν
3268 2454 3418 2523 αύτῷ
3450 2451 3762 2519 λαλοῦμεν,

2164 2560 2338 2616 ταῦτα
2364 2555 2770 2617 κατευοδοῦται,
2801 2551 2898 2605 καὶ
2923 2549 3150 2609 εἰκότως
3174 2545 3449 2615 ἀποδοχῆς
3477 2544 3761 2610 καθέστη-

2167 2670 2263 2709 κεν
2300 2651 2448 2716 ἀξια.
2485 2648 2680 2715 Σάρκα
2717 2645 2773 2697 δὲ
2808 2642 3067 2703 πολλάκις
3109 2640 3178 2692 τὰ
3205 2637 3450 2709 σαρκικά
3476 2635 3630 2703 πάθη
3663 2634 3759 2685 λέ-

2166 2745 2359 2815 γεσθαι
2403 2742 2493 2795 καὶ
2523 2739 2621 2801 τὰς
2658 2734 2852 2807 ἡδονὰς
2887 2733 3229 2803 εὑρήσομενο
3269 2729 3343 2793 ὡς
3376 2730 3506 2781 ὅταν
3537 2730 3569 2780 ὁ
3598 2725 3754 2778 Παῦο

2166 2838 2258 2899 λος
2281 2852 2294 2867 ·
2319 2830 2461 2888 Οἶδα
2484 2831 2593 2901 γὰρ
2616 2829 2704 2882 ὅτι
2736 2829 2846 2880 οὐκ
2877 2824 3030 2879 οἰκεῖ
3053 2824 3122 2876 ἐν
3152 2822 3304 2890 ἐμοὶ,
3322 2819 3662 2883 τουτέστιν,
3686 2817 3762 2870 ἐν·

2166 2928 2242 2996 τῇ
2263 2926 2442 2994 σαρκί
2460 2940 2602 2992 μου,
2631 2919 2856 2990 ἀγαθόν
2873 2933 2888 2948 ο
2923 2915 3185 2977 πολλάκις
3212 2913 3268 2967 δέ
3295 2914 3390 2966 καί
3418 2912 3509 2965 τὸν
3536 2910 3761 2979 ἀνθρω-

2170 3036 2270 3073 πον
2291 3035 2305 3049 ο
2327 3018 2515 3085 ὥσπερ
2540 3013 2605 3081 δὴ
2622 3011 2716 3064 καὶ
2745 3008 2909 3062 Δαϐὶδ
2939 3006 3090 3074 ἐλεγε
3110 3022 3123 3036 ·
3144 3004 3301 3073 Πρὸς
3316 3003 3391 3057 σὲ
3407 3002 3576 3056 πᾶσα
3592 3002 3759 3070 σὰρξ

2173 3107 2410 3179 ἥξει.Ἢ
2440 3105 2533 3159 τοῦ
2565 3099 2701 3156 Θεοῦ
2742 3100 2924 3153 τοίνυν
2959 3097 3116 3159 ἐλπὶς
3159 3095 3252 3149 καὶ
3292 3095 3392 3164 τὴν
3425 3093 3623 3163 ἡδονὴν
3655 3111 3759 3161 χα-

2176 3202 2335 3265 λινοῖ,
2384 3196 2480 3249 καὶ
2523 3195 2615 3246 τδν
2665 3190 2859 3261 ἐχθρὸν
2904 3189 3189 3258 ἄνθρωπον
3237 3185 3601 3256 συμποδίζει,
3656 3184 3759 3237 καὶ

2167 3290 2399 3361 ἀφοϐίαν
2437 3284 2569 3356 ἡμίν
2600 3283 2660 3348 ἐξ
2688 3280 2955 3350 ἐκατέρου
2988 3278 3224 3331 δίδωσιν.

2246 3379 2447 3448 ι”Ολην
2478 3376 2575 3447 τὴν
2606 3374 2822 3445 ἡμέραν
2847 3373 2971 3433 τοὺς
3000 3370 3193 3437 λόγους
3223 3387 3344 3438 μου.
3380 3387 3398 3419 ι

2238 3470 2432 3540 Σαφῶς
2463 3468 2556 3521 καὶ
2597 3466 2693 3518 νῦν
2732 3464 2861 3526 τοὺς
2900 3464 2913 3482 ⁵
2938 3462 3188 3523 ουδαίους
3226 3459 3562 3514 αἰνίττεται·
3604 3452 3757 3511 οἷιτοι

2166 3564 2274 3635 γὰρ
2302 3562 2428 3623 τοὺς
2448 3559 2642 3627 λόγους
2663 3554 2773 3608 τῶν
2801 3554 3034 3619 πιστῶν,
3059 3552 3132 3616 tbi,
3155 3552 3381 3620 ἔλεγχον
3405 3550 3632 3620 ἔχοντας
3652 3549 3760 3617 τῆς

2167 3656 2344 3711 αὐτῶν
2375 3650 2635 3712 ἀπιστίας
2662 3692 2677 3715 ,
2707 3646 3001 3707 διαπαντὸς
3033 3643 3434 3697 ἐϐδελύττοντοο
3465 3641 3577 3696 ἀπὸ
3605 3639 3759 3709 πριιὶῑ

2166 3743 2459 3816 τοιγαροῦν
2493 3743 2601 3804 ἓως
2631 3739 2873 3809 ἑσπέρας
2900 3737 2997 3790 τοῦ
3024 3736 3238 3789 Παύλου
3267 3736 3406 3804 πρὸς
3432 3733 3634 3802 αὐτοὺς
3654 3734 3759 3802 ρη-

2165 3838 2503 3911 τορεύοντος,
2525 3836 2723 3888 ἐκείνοι
2748 3831 2849 3903 τὴν
2880 3829 3141 3900 ἀλήθειαν
3170 3829 3264 3882 τοῦ
3293 3827 3451 3895 λόγου
3490 3824 3759 3895 βδελυξά-

2171 3947 2346 4002 μενοι,
2383 3926 2728 3996 ἀσύμφωνοι,
2759 3922 2902 3976 καθά
2932 3937 3097 3991 φησιν
3123 3922 3150 3973 ὁ
3171 3915 3762 3984 ΔουκᾶςδΑν-εχώρηα

2167 4040 2290 4078 σαν
2319 4020 2445 4075 κατ’
2465 4018 2612 4087 ἐμοῦ
2657 4016 2880 4080 πάντες
2907 4016 2962 4066 οι
2995 4009 3374 4080 διαλογισμοί
3417 4006 3623 4062 αὐτῶν
3666 4009 3760 4074 εις

2168 4114 2375 4169 κακόν.
2405 4111 2574 4165 Ούδέν
2612 4110 2721 4180 γὰρ
2747 4106 2952 4176 ἀγαθὸν
2979 4105 3111 4169 περὶ
3136 4103 3246 4157 τῶν
3275 4101 3445 4156 ἐθνῶν
3475 4101 3527 4153 οί
3558 4102 3759 4164 παῖδες

2166 4205 2277 4259 τῶν
2309 4202 2584 4258 Ἰουδαίων
2608 4196 2918 4269 λογίζονται
2945 4194 3169 4267 (ἐπειδὴ
3206 4196 3312 4256 πᾶς
3340 4191 3631 4261 ἄνθρωπος
3654 4209 3758 4244 πο-

2166 4296 2332 4366 νηρὸς
2362 4288 2629 4365 προφέρει
2658 4290 2718 4343 τδ
2748 4286 3027 4358 πονηρὸν),
3046 4285 3141 4338 καὶ
3171 4284 3349 4338 πάντα
3373 4283 3577 4353 τρόπον
3609 4284 3756 4351 ἡμᾶς

2169 4386 2452 4455 ἀπατῆσαι
2487 4400 2576 4435 πει
2584 4382 2858 4453 ράζουσιν.

2240 4497 2406 4551 Οὐδὲν
2455 4496 2563 4566 ἄρα
2613 4495 2714 4565 τῆς
2764 4491 3105 4563 προφητείας
3150 4491 3358 4561 ταύτης
3389 4491 3756 4560 σαφέστερον.

2137 4606 2155 4618 ο
2181 4587 2572 4658 Ἑκϐληθέντες
2600 4585 2710 4657 γὰρ
2739 4584 2838 4654 τῆς
2874 4582 3229 4654 Ἰερουσαλὴμ
3259 4586 3307 4635 οἱ
3337 4582 3446 4636 τῶν
3484 4582 3759 4635 Ἰουδαίων

2168 4677 2377 4740 παῖδες,
2410 4675 2505 4729 καὶ
2541 4676 2796 4745 πάροικοι
2827 4673 3006 4742 πάσης
3034 4674 3135 4742 τῆς
3156 4673 3259 4741 γῆς
3278 4672 3365 4725 διὰ
3392 4670 3495 4742 τὴν
3523 4674 3606 4733 είς
3628 4673 3762 4742 Χρι-

2171 4768 2296 4821 στὸν
2350 4764 2624 4836 ἁμαρτίαν
2661 4762 2980 4833 γενόμενοι,
3008 4760 3109 4831 τὴν
3156 4762 3336 4814 αἰτίαν
3382 4760 3757 4831 ἐρωτώμενοι,

2170 4855 2499 4927 κρύπτουσι,
2529 4854 2624 4906 καὶ
2652 4852 2927 4923 ἁμαρτίας
2962 4852 3180 4923 ἐτέρας,
3205 4852 3304 4921 τὴν
3326 4850 3469 4903 κατὰ
3497 4851 3595 4903 τὸν
3624 4853 3762 4922 Χρι-

2175 4948 2301 5001 στὸν
2337 4946 2673 5009 σιωπῶντες,
2702 4943 3124 5015 προϐάλλονται.
3153 4943 3347 4996 Καίτοι
3384 4942 3522 5012 μήτε
3546 4943 3764 4995 εἰδωλο-

2173 5039 2500 5110 λατροῦντες
2546 5036 2666 5103 νῦν,
2701 5041 2838 5108 μήτε
2890 5037 3180 5107 προφήτας
3232 5036 3575 5104 φονεύοντες,
3612 5036 3765 5104 Κρύ-

2175 5148 2366 5185 πτουσι
2420 5131 2475 5183 δὲ
2525 5130 2670 5194 τίνος
2721 5131 2913 5201 χάριν;
2942 5130 3059 5181 Ἵνα
3115 5127 3194 5198 μὴ
3253 5127 3624 5199 συγκρὸτησις
3665 5127 3765 5195 τῆς

2174 5221 2453 5293 ἡμετέρας
2485 5220 2724 5283 πίστεως
2763 5222 2796 5291 ἡ
2846 5218 2978 5289 παρ’
3004 5218 3189 5271 αὐτῶν
3215 5216 3478 5287 ὁμολογία
3509 5218 3763 5287 γένηται.

2175 5312 2354 5369 Αὐτοὶ
2391 5311 2507 5379 τὴν
2537 5311 2801 5379 πτέρναι·
2812 5329 2931 5382 μου
2965 5310 3334 5380 φυλάξουσι,
3365 5308 3555 5379 φησίν.
3574 5311 3761 5381 Ἐρευ-

2178 5402 2341 5455 νῶσιν
2366 5403 2473 5472 γὰρ
2497 5402 2654 5472 ἡμῶν
2685 5402 2929 5455 Ἰουδαῖοι
2949 5402 3043 5454 καὶ
3069 5401 3130 5453 τὸ
3153 5403 3314 5470 τυχὸν
3339 5400 3731 5473 πλημμέλημα
3750 5418 3766 5432 θ

2180 5493 2271 5545 καὶ
2312 5491 2453 5545 οὕτω
2480 5497 2692 5563 νοήσεις
2725 5493 2861 5563 ὅπερ
2893 5494 2919 5545 ὁ
2950 5492 3081 5556 Θεὸς
3112 5490 3249 5562 πρὸς
3285 5491 3372 5543 τὸν
3401 5490 3528 5561 ὅφιν
3562 5492 3768 5563 ἐφθέγ-

564 5660 615 5692 ⁶³
640 5660 801 5712 Rom.
838 5675 955 5725 xm,
991 5662 1075 5715 15.
1156 5663 1199 5693 ⁸⁸
1222 5661 1382 5718 Rom.
1414 5680 1505 5731 \‘n,
1537 5662 1615 5720 l8.
1694 5665 1737 5698 ⁸³
1766 5664 1906 5720 Psal.
1939 5681 2083 5732 utv,
2117 5666 2169 5721 3.
