4036 6200
282 329 414 392 1225

1412 319 1877 382 FRAGMENTA
1912 318 1995 380 IN
2030 319 2394 381 PSALMOS.

3386 325 3518 392 1926

265 459 420 520 γετοο
451 449 644 515 Αὐτός
667 462 786 503 σου
812 448 1059 518 τηρήσει
1084 442 1383 514 κεφαλὴν,
1408 441 1508 495 καὶ
1545 441 1626 495 σὺ
1655 441 1838 507 τηρή-

1962 438 2327 493 :alcaneum“.
2369 435 2480 492 Nos
2525 446 2708 492 autem
2740 437 2860 507 ejus
2885 451 3082 508 caput,
3117 455 3314 512 nempe
3347 442 3520 498 idolo-

262 558 394 605 σεις
422 539 610 595 αὐτοῦ
639 537 1002 608 πτέρναν.⁹Η
1011 539 1133 606 μείς
1158 535 1216 588 δὲ
1243 531 1410 587 αὐτοῦ
1445 531 1544 601 τὴν
1578 531 1842 601 κεφαλὴν,

267 632 470 704 δηλαδὴ
514 631 615 700 τὴν
658 627 1098 698 είδωλολατρίαν,
1125 628 1314 696 τηρεῖν
1347 624 1454 695 πρὸ
1484 625 1705 677 πάντων
1755 639 1848 675 κει

266 722 562 794 λευόμεθα,
593 720 964 790 φυλάττεσθαι
999 719 1056 772 δὲ
1082 719 1231 787 ὅμως
1258 717 1350 770 καὶ
1377 715 1445 768 τὰ
1473 715 1633 767 λοιπὰ
1665 714 1846 782 ἀμαρ-

267 816 336 885 τή
346 831 512 887 ματα,
538 812 642 866 κᾶν
665 811 870 880 ἔσχατα
893 809 1161 879 τυγχάνῃ,
1187 806 1288 860 κᾶν
1314 805 1504 875 εὖτελῆ
1529 798 1670 857 εἶναι
1691 803 1854 910 δοκῇί

269 905 412 960 ὥστε
473 905 715 974 πτέρναν
766 900 1120 972 νομίζεσθαιο
1181 898 1482 968 ἐπειδήπερ
1538 898 1848 966 παρατηρεί

271 997 446 1051 ταῦτα
473 996 502 1047 ό
533 993 745 1063 ἐχθρὸς,
785 991 1090 1046 διαϐάλλειν
1124 991 1272 1060 ἡμᾶς
1301 988 1379 1057 τῷ
1413 987 1594 1060 κριτῇ,
1635 985 1732 1039 καὶ
1763 982 1851 1036 διὰ

274 1088 387 1140 τῶν
408 1084 680 1155 τυχόντων
709 1082 1054 1152 βουλόμενος.
1084 1079 1294 1134 Οὐκοῦν
1327 1079 1388 1131 οὐ
1414 1080 1544 1147 περὶ
1573 1081 1684 1129 τῶν
1720 1075 1851 1128 ’.1ου-

275 1178 444 1232 δαίων
477 1178 677 1247 μόνων,
708 1175 845 1229 ἀλλὰ
873 1174 968 1227 καὶ
1000 1172 1131 1244 περὶ
1153 1171 1262 1226 τῶν
1287 1170 1457 1234 ὅντως
1497 1168 1709 1240 ἐχθρῶν
1741 1167 1849 1220 τῶν

275 1265 544 1336 δαιμόνων
594 1261 782 1317 τοῦτον
827 1262 1091 1333 ἁρμόττει
1143 1260 1234 1313 τὸν
1287 1258 1466 1328 στίχον
1516 1257 1852 1326 ἐκλαμϐάνε-

279 1358 440 1413 σθαι·
475 1355 598 1409 καθ’
618 1355 678 1408 ὃν
703 1355 964 1426 ἁρμόττει
995 1353 1087 1407 καὶ
1115 1351 1184 1405 τά
1210 1351 1337 1420 ἑξῆς
1366 1351 1742 1422 ἐπιφέρεσθαι.

249 1489 254 1510 ι
359 1448 555 1503 «Ἔθου
591 1447 660 1501 τὰ
691 1447 904 1519 δάκρυά
937 1463 1039 1517 μου
1070 1443 1300 1498 ἐνώπιόν
1326 1460 1442 1496 σου.
1472 1461 1491 1494 ι

247 1534 255 1612 Ι

348 1625 626 1694 Μακάριοι
663 1617 738 1679 ὧν
766 1627 796 1678 6
829 1623 964 1686 Θεὸς
1016 1621 1086 1676 τὰ
1130 1621 1342 1692 δάκρυα
1386 1621 1630 1690 δέχεται·
1670 1635 1849 1689 παρα-

1948 524 2182 590 latriam,
2217 526 2513 581 observare
2544 535 2670 580 ante
2695 526 2878 581 omnia
2902 527 3192 596 jubemur;
3247 533 3408 588 simul
3438 543 3522 589 ta-

1948 632 2071 670 men
2103 618 2265 671 etiam
2296 633 2490 672 cavere
2517 618 2722 688 reliqua
2749 629 2990 688 peccata,
3018 625 3369 693 quantumvis
3416 627 3522 681 mi-

1947 709 2094 763 nima
2139 711 2425 774 exsistant,
2455 711 2805 780 quantumvis
2838 711 2975 766 levia
3008 713 3316 781 videantur,
3352 719 3424 774 ita
3467 733 3526 776 ut

1949 800 2264 855 caleaneum
2317 811 2676 871 reputentur;
2705 805 3144 874 quandoquidem
3192 808 3366 864 hostis
3413 813 3525 868 inec

1949 891 2238 955 observet,
2265 893 2456 947 volens
2484 893 2554 947 ob
2576 909 2912 964 quaecunque
2946 895 3111 950 etiam
3140 913 3242 952 nos
3273 902 3413 969 apud
3436 903 3526 972 ju—

1949 983 2125 1038 dicem
2162 983 2468 1041 traducere.
2508 984 2692 1054 Itaque
2735 1002 2845 1040 non
2892 986 2945 1042 in
2988 987 3206 1044 Iudaeos
3235 979 3399 1058 solos,
3433 997 3526 1049 sed

1951 1074 2006 1128 in
2053 1074 2307 1131 inimicos
2349 1091 2537 1143 revera
2568 1077 2845 1134 dzemones
2872 1080 3177 1136 versiculus
3216 1084 3378 1138 etiam
3426 1085 3527 1141 iste

1949 1168 2221 1235 quadrare
2250 1168 2526 1236 putandus
2565 1177 2683 1234 est;
2742 1169 2830 1223 cui
2886 1185 3192 1227 consonum
3245 1178 3528 1245 sequentia

1950 1267 2168 1322 quoque
2198 1256 2478 1327 subjungi.

2021 1432 2182 1488 Vens.
2216 1435 2270 1488 9.
2319 1455 2336 1486 ‹
2373 1435 2607 1493 Posuisti
2651 1440 2916 1512 lacrymas
2964 1459 3112 1498 meas
3145 1445 3198 1499 in
3235 1460 3528 1518 conspectu

1950 1529 2064 1576 tuo.
2094 1541 2114 1574 ι
2157 1577 2160 1579 λ
2925 1564 2927 1566 -
2975 1549 2980 1558 ι

2023 1613 2173 1670 Beati
2225 1633 2456 1687 quorum
2493 1621 2759 1691 laerymas
2786 1624 2931 1679 Deus
2969 1627 3206 1682 admittit
3237 1649 3250 1682 :
3280 1633 3532 1688 consola-

279 1715 434 1768 καλεῖ
461 1714 569 1785 γὰρ
597 1715 778 1767 αὐτῶν
808 1715 877 1766 τὰ
912 1712 1083 1784 πάθη,
1115 1712 1368 1781 καθάπερ
1396 1711 1485 1764 διὰ
1509 1711 1606 1779 τῆς
1641 1709 1849 1772 οἰκείας

1962 1716 2044 1762 tur
2070 1709 2217 1764 enim
2244 1727 2430 1768 eorum
2465 1716 2768 1786 passiones,
2793 1721 3252 1787 quemadmodum
3285 1739 3384 1792 per
3407 1741 3534 1795 pro-

279 1777 615 1874 ὲπαγγελίας
641 1805 930 1875 ὑπέσχετο.
968 1777 1066 1866 Τίς
1107 1802 1164 1854 δὲ
1214 1803 1247 1873 ἡ
1281 1777 1616 1870 ἐπαγγελία;
1651 1798 1856 1854 Μακά-

1962 1798 2132 1867 priam
2160 1777 2581 1869 promissionem
2603 1777 2877 1876 pollicitus
2906 1808 3026 1864 fuit.
3054 1809 3186 1876 Quae
3211 1777 3394 1867 aulem
3407 1777 3534 1870 llaec

273 1913 394 1965 ριοι
421 1899 477 1950 οἱ
502 1894 892 1960 πενθοῦντες,
945 1894 1034 1947 ὅτι
1062 1891 1234 1946 αὐτοὶ
1262 1889 1852 1960 παρακληθήσονται.

849 2053 1145 2109 ΨΑΛΜΟΣ
1173 2051 1288 2108 ΞΔ’.

361 2169 381 2202 ι
409 2149 740 2220 Εὑλογήσεις
768 2147 858 2200 τὸν
886 2148 1151 2217 στέφανον
1177 2144 1273 2198 τοῦ
1313 2143 1580 2197 ἐνιαυτοῦ.
1612 2162 1630 2194 ι

357 2241 558 2295 Ἰστέον
586 2241 662 2305 δὲ,
699 2239 774 2304 ὣς
801 2255 946 2302 τινες
974 2237 1082 2293 τῶν
1113 2234 1476 2307 συγγραφέων
1509 2233 1650 2304 μετά
1676 2234 1772 2304 τὴν
1798 2234 1860 2284 ἐκ

289 2333 608 2396 Βαϐυλῶνος
657 2332 915 2386 ἐπάνοδον
966 2329 1257 2401 εὐετηρίαν
1299 2327 1508 2395 ἔφασαν
1555 2327 1859 2394 γεγονέναι,

291 2427 384 2480 καὶ
412 2425 615 2494 πλῆθος
636 2424 884 2495 ὄμϐρων,
911 2423 1009 2478 καὶ¹
1037 2423 1204 2476 πολὺν
1229 2421 1420 2493 ῥεῦσαι
1441 2420 1535 2473 τὸν
1569 2419 1860 2490 Ἰορδάνην,

290 2498 348 2572 ὃν
376 2518 584 2586 ἔφασαν
610 2517 865 2586 εἰρῆσθαι
892 2514 987 2568 τοῦ
1015 2513 1150 2568 Θεοῦ
1179 2511 1423 2582 ποταμόν
1443 2528 1457 2543 ο
1495 2511 1672 2564 καίτοι
1701 2526 1862 2577 γεγοσ-

293 2609 460 2664 νότων
498 2609 555 2662 ἐν
599 2607 828 2676 πλείστῃ
871 2605 1054 2676 πενία,
1083 2603 1338 2674 καθάπερ
1361 2601 1593 2672 Ἔσδρας
1634 2599 1862 2664 ἐδίδαξε,

293 2700 386 2751 καὶ
423 2700 522 2769 τῆς
553 2699 662 2751 τῶν
693 2697 864 2750 ἐθνῶν
897 2695 1143 2764 κλήσεως
1171 2691 1508 2762 ἀπαιτούσης
1531 2733 1546 2756 ,
1593 2687 1866 2743 ἀκόλουθα

291 2790 361 2849 τὰ
391 2789 554 2842 λοιπὰ
587 2788 681 2841 τοῦ
710 2786 951 2857 ψαλμοῦ.
983 2787 1048 2838 Oi
1082 2784 1139 2837 δέ
1171 2783 1412 2854 μυθικῶς
1444 2799 1607 2865 φασιν
1643 2780 1865 2834 ἔσεσθαι

292 2881 465 2938 ταῦτα
500 2881 637 2950 μετὰ
671 2881 771 2950 τὴν
806 2877 1077 2932 Ἰουδαίων
1102 2877 1160 2928 ἐν
1189 2876 1437 2944 ἐσχάτοις
1468 2873 1767 2945 ἀνάκλησιν
1787 2874 1867 2928 ol-

296 2969 812 3042 κοδομηθησομένης
841 2967 938 3038 τῆς
974 2966 1142 3036 Ἰερου
1151 2963 1282 3034 σαλή
1292 2981 1350 3034 μ.

850 3187 1145 3242 ΨΑΛΜΟΣ
1179 3187 1299 3242 ΞΕ’.

370 3303 389 3336 ι
419 3284 622 3338 Εἴπατε
648 3281 726 3354 τῷ
756 3279 904 3351 Θεῷο
937 3281 1026 3343 Ὠς
1055 3279 1280 3348 φοϐερά.
1306 3295 1328 3330 ι

365 3378 522 3432 Οὕτω
572 3377 684 3449 γὰρ
729 3376 807 3444 τῷ
855 3375 1078 3445 μεγέθει
1118 3374 1227 3426 τῶν
1279 3373 1409 3443 περὶ
1440 3371 1534 3425 σοῦ
1565 3373 1865 3443 γινομένων

159 3494 182 3507 ο
295 3467 692 3537 περιϐλέπτους
737 3468 1036 3534 ἀποφανεῖς
1077 3464 1205 3526 τούς
1247 3481 1330 3516 σοι
1363 3463 1760 3533 προσήκοντας,
1790 3462 1865 3526 ὡς

297 3556 526 3620 πολλοὺς
549 3556 646 3610 καὶ
673 3555 782 3608 τῶν
813 3556 1070 3608 ἐναντίων
1093 3553 1482 3623 ὑποκρίνεσθαι
1504 3551 1865 3622 ψευδομένους

294 3647 393 3718 τὴν
426 3647 546 3718 σὴν¹
569 3646 841 3701 δουλείανο
873 3645 1031 3699 τοῦτο
1059 3644 1117 3698 δὲ
1145 3645 1389 3714 γέγονεν,
1423 3646 1512 3698 ὅτε
1560 3645 1656 3698 καὶ
1705 3662 1865 3716 περι-

293 3739 568 3810 τμηθῆναι
599 3738 786 3792 πολλοὶ
813 3738 922 3792 τῶν
951 3737 1210 3791 ἐναντίων
1243 3736 1551 3806 ἠνέσχοντο,
1577 3737 1863 3808 ὑποκρινό-

297 3832 557 3902 μενοιτδν
598 3831 948 3901 Ἰουδαῖσμόν.
990 3832 1100 3884 Καὶ
1123 3829 1312 3883 τούτου
1339 3828 1546 3901 μάρτυς
1561 3829 1867 3899 Ἰὡσηππος

291 3927 353 3978 ἐν
377 3929 442 3996 τῇ
478 3931 546 3978 ια’
576 3925 676 3994 τῆς
721 3924 1190 3994 Ἀρχαιολογίας,
1242 3922 1312 3977 τὰ
1368 3922 1509 3977 κατὰ
1537 3923 1630 3978 τὸν
1658 3923 1868 3993 Μαρδο-

292 4021 443 4089 χαῖον
473 4017 853 4088 διηγούμενος,
889 4020 985 4071 καὶ
1010 4017 1185 4084 λέγων
1214 4017 1389 4080 οὕτως
1407 4033 1420 4046 ·
1443 4017 1506 4070 Ol
1540 4017 1638 4087 μέν
1664 4012 1756 4070 οὖν
1785 4018 1868 4070 itt-

291 4112 414 4173 πεῖς
447 4112 496 4162 οἱ
523 4111 621 4174 τὰς
649 4109 939 4172 ἐπιστολὰς
971 4108 1402 4179 διακομίζοντες,
1440 4108 1604 4172 εὐθὺς
1633 4109 1865 4181 ἐξορμή-

294 4217 504 4265 σαντες,
518 4203 616 4271 τὴν
638 4201 1007 4272 προκειμένην
1026 4200 1144 4254 ὁδὸν
1160 4201 1322 4271 ήνυον
1339 4214 1354 4227 °
1370 4201 1398 4253 6
1421 4200 1476 4252 δὲ
1497 4200 1864 4271 Μαρδοχαῖος,

292 4291 580 4346 ἀναλαϐὼν
597 4293 697 4362 τὴν
720 4291 1006 4361 βασιλικὴν
1031 4289 1357 4368 στολὴν,.καὶ
1377 4290 1468 4344 τὸν
1491 4291 1752 4359 στέφανον
1773 4291 1867 4344 τὸν

291 4383 547 4452 χρυσοῦν,
579 4386 674 4436 καὶ
711 4383 804 4434 τὸν
843 4380 1110 4452 στρεπτὸν
1145 4381 1520 4451 περιθέμενος,
1556 4381 1862 4452 προῆλθεν’

1957 1891 2292 1959 promissio?
2324 1894 2478 1950 Beati
2507 1899 2597 1966 qui
2627 1898 2803 1969 lugent
2827 1941 2841 1966 ,
2876 1903 3124 1971 quoniam
3169 1905 3271 1973 ipsi
3298 1908 3535 1962 consula-

1959 1981 2230 2036 buntur".

2485 2056 2800 2115 PSALMUS
2839 2061 3022 2116 LXIV.

2034 2146 2192 2200 Vens.
2228 2146 2308 2200 l2.
2358 2167 2378 2200 ι
2410 2148 2705 2214 Benediccs
2735 2169 2948 2209 corome
2975 2159 3124 2212 anni.
3163 2178 3180 2208 ι

2033 2235 2204 2292 Porro
2249 2236 2568 2304 sciendum,
2614 2247 2888 2314 quomodo
2941 2253 3188 2308 nonnulli
3245 2257 3537 2328 scriptorcs

1963 2336 2088 2396 post
2116 2329 2350 2384 reditum
2400 2349 2431 2387 e
2476 2333 2748 2405 Babylone
2779 2353 3005 2395 narrent
3043 2343 3378 2404 uberrimum
3408 2351 3534 2406 anni

1963 2429 2290 2487 proventum
2345 2425 2648 2488 exstitisse.
2693 2439 2748 2484 et
2807 2432 3153 2492 abundantes
3210 2437 3436 2506 imbres,
3483 2453 3538 2498 et

1964 2523 2216 2580 magnam
2251 2512 2504 2570 Jordanis
2531 2517 2963 2592 inundationem,
2995 2542 3157 2596 quem
3197 2530 3291 2585 Dei
3337 2532 3536 2588 ﬂumen

1966 2602 2149 2656 vocari
2204 2605 2546 2662 tradiderunt
2590 2627 2604 2663 :
2650 2625 3026 2671 verumtamen
3070 2635 3193 2676 cum
3241 2622 3296 2678 in
3345 2641 3540 2695 magna

1966 2693 2198 2761 penuria
2227 2698 2426 2752 versati
2461 2699 2686 2764 fuerint,
2723 2705 2798 2758 uti
2830 2705 3028 2764 Esdras
3077 2711 3282 2778 docuit,
3313 2725 3368 2770 et
3411 2693 3540 2790 gen-

1969 2781 2104 2836 tium
2133 2784 2342 2839 vocatio
2371 2800 2670 2858 appeteret,
2703 2793 2834 2849 huic
2869 2797 3075 2868 reliqua
3104 2817 3316 2875 quoque
3347 2781 3539 2876 psalmi

1968 2878 2425 2932 accommodanda
2476 2892 2624 2937 sunt.
2666 2884 2934 2943 Caeterum
2985 2902 3113 2946 sunt
3162 2897 3254 2965 qui
3294 2898 3539 2956 fabulose

1969 2965 2154 3021 dicant
2203 2969 2319 3026 fore
2357 2985 2480 3042 post
2507 2976 2623 3033 haec
2645 2977 2955 3036 Iudaeorum
2993 2987 3096 3040 sub
3131 2998 3368 3046 extrema
3400 3002 3538 3048 tem-

1970 3072 2101 3126 pora
2126 3065 2528 3121 revocationcm
2560 3078 2616 3123 et
2650 3069 3036 3145 Hierosolyma:
3065 3078 3532 3143 instaurationem.

2499 3177 2813 3238 PSALMUS
2851 3184 3010 3240 LXV.

2037 3259 2198 3316 Vens.
2234 3263 2288 3317 5.
2336 3283 2354 3314 ‹
2384 3263 2554 3324 Dicite
2583 3271 2693 3327 Deo
2727 3291 2740 3326 :
2777 3274 2949 3342 Quam
2985 3282 3267 3339 terribilia.
3300 3306 3319 3338 ι

2035 3351 2186 3431 Adeo
2227 3358 2371 3413 enim
2402 3364 2777 3434 magnitudine
2806 3385 2988 3425 rerum
3024 3389 3054 3428 a
3086 3385 3136 3430 te
3166 3389 3437 3448 gestarum
3475 3384 3538 3439 il-

1965 3439 2165 3536 lustres
2193 3448 2473 3506 reddidisti
2507 3469 2600 3510 eos
2631 3459 2721 3526 qui
2754 3468 2805 3514 te
2835 3439 3256 3536 contingebant,
3286 3483 3345 3528 ut
3379 3479 3534 3533 multi

1966 3531 2128 3587 etiam
2181 3537 2612 3599 adversariorum
2660 3548 2982 3607 simularent
3025 3565 3170 3612 tuam
3221 3565 3534 3624 servitutem

1967 3628 2298 3687 mentientes
2332 3651 2345 3687 :
2382 3635 2487 3693 hoc
2529 3647 2711 3694 autem
2763 3644 3023 3715 contigit,
3050 3653 3270 3718 quando
3318 3657 3535 3724 plurimi

1966 3716 2403 3779 adversariorum
2428 3743 2487 3782 se
2510 3729 2826 3788 circumcidi
2856 3739 2999 3805 passi
3027 3752 3176 3809 sunt,
3197 3744 3533 3807 Judaismum

1967 3807 2304 3868 simulantes.
2335 3817 2512 3887 Atque
2546 3821 2710 3891 hujus
2741 3827 2818 3880 rei
2856 3829 3008 3884 testis
3051 3842 3135 3887 est
3165 3807 3434 3907 .losephus
3474 3842 3537 3896 li-

1967 3899 2068 3954 bro
2111 3905 2401 3962 undecimo
2434 3912 2842 3985 Antiquitatum,
2874 3918 3195 3980 Μαι-(1001ιωὶ
3227 3899 3343 3984 acta
3385 3946 3536 3987 com-

1968 4007 2299 4064 memorans,
2332 4009 2385 4054 et
2411 4002 2599 4060 dicens
2649 4007 2702 4060 in
2753 4009 2902 4066 hunc
2949 4015 3216 4072 modum:
3256 4018 3532 4079 Veredarii

1967 4085 2174 4157 itaque,
2205 4093 2298 4161 qui
2342 4095 2439 4151 has
2475 4099 2732 4166 epistolas
2766 4104 3102 4173 deferebant,
3142 4111 3286 4167 illico
3316 4118 3536 4185 proﬁci-

1968 4188 2206 4247 scentes,
2231 4188 2568 4255 propositum
2602 4192 2706 4247 iter
2734 4190 3123 4267 confecerunt;
3168 4202 3537 4264 Mardoelueus

1968 4285 2121 4338 vero,
2151 4289 2436 4332 assumens
2463 4281 2652 4335 stolam
2693 4285 2894 4354 regiam
2923 4295 2980 4342 et
3003 4303 3257 4348 coronam
3289 4310 3532 4362 auream,

1969 4377 2032 4417 ac
2066 4373 2310 4434 torquem
2336 4369 2783 4441 circumponens,
2815 4379 3083 4445 processit
3121 4399 3133 4434 :
3171 4383 3418 4442 videntes
3442 4404 3538 4444 au-

294 4472 494 4535 ίδόντες
525 4473 581 4525 δὲ
611 4471 773 4524 αὐτὸν
799 4470 942 4525 οὕτω
961 4473 1324 4542 τετιμημένον
1351 4471 1457 4524 ὑπὸ
1479 4465 1575 4524 τοῦ
1602 4471 1865 4543 βασιλέως
1890 4460 1941 4518 Ῐ)
1971 4464 2076 4509 tem
2105 4457 2281 4528 iPM"l
2313 4461 2449 4516 adeo
2483 4465 2807 4523 ὴοηοτδίυητ
2838 4485 2869 4525 ³
2902 4486 3026 4544 Γθῧθ
3067 4475 3119 4529 hi
3167 4477 3258 4546 (Ιυί
3291 4479 3342 4533 ίη
3383 4481 3537 4537 δυείε

291 4561 342 4613 οἱ
383 4563 440 4614 ἐν
490 4560 711 4625 Σούσοις
755 4562 907 4622 ὄντες
937 4562 1199 4627 Ἰουδαῖοι,
1231 4563 1416 4633 κοινὴν
1464 4562 1732 4617 ὑπέλαϐον
1764 4565 1862 4636 τὴν

291 4651 616 4722 εὐπραγίαν.
647 4653 836 4722 Χαρὰν
859 4653 917 4706 δέ
944 4655 1038 4706 καὶ
1062 4654 1331 4724 σωτήριον
1354 4654 1556 4723 φέγγος
1583 4655 1866 4726 ἐκτιθεμέ-

290 4759 398 4797 νων
431 4743 539 4796 τῶν
577 4743 669 4796 τοῦ
708 4744 972 4814 βασιλέως
999 4745 1368 4815 γραμμάτων,
1402 4746 1498 4798 καὶ
1547 4747 1674 4809 τοὺς
1721 4746 1864 4799 κατᾶ

291 4835 448 4888 πόλιν
476 4835 586 4889 τῶν
619 4836 888 4891 Ἰουδαίων
921 4838 1013 4890 καὶ
1042 4838 1168 4900 τοὺς
1198 4837 1340 4890 κατὰ
1363 4836 1549 4908 χώραν
1580 4839 1859 4907 κατέσχον·

291 4925 366 4988 ὼς
387 4925 559 4978 πολλὰ
583 4927 677 4979 καὶ
699 4926 806 4979 τῶν
827 4927 1004 4980 ἄλλων
1021 4927 1190 4980 ἐθνῶν
1211 4926 1440 4999 διὰ[τδν]
1461 4927 1570 4979 τῶν
1595 4928 1865 4982 Ἰουδαίων

291 5015 456 5084 φόϐον
485 5017 925 5086 περιτεμνόμενα
953 5018 1052 5087 τὴν
1078 5017 1234 5083 αἰδὼ,
1276 5019 1337 5071 τὸ
1369 5017 1652 5071 ἀκίνδυνον
1680 5018 1865 5082 αὐτοῖς

290 5107 352 5159 ἐκ
380 5109 570 5161 τούτου
598 5108 1123 5180 πραγματευόμενα.
1767 5124 1770 5126 ⁷

367 5199 517 5252 «Ὅτι
547 5201 877 5270 ἐδοκίμασας
913 5201 1082 5270 ἡμᾶς,
1111 5201 1140 5253 6
1168 5198 1319 5262 Θεός.
1350 5218 1369 5251 ι

364 5291 656 5362 Βουληθεὶς
685 5293 797 5362 γὰρ
829 5292 964 5345 πᾶσι
983 5291 1157 5357 δεῖξαι
1185 5293 1246 5344 τὸ
1277 5293 1375 5360 τῆς
1407 5289 1566 5362 ἡμῶν
1583 5289 1865 5356 εὐσεϐείας

289 5383 597 5453 ἀκίϐδηλον,
631 5383 808 5437 ταῦτα
836 5383 1028 5436 παθεῖν
1067 5382 1476 5455 συνεχώρησας.

846 5496 1136 5550 Immo:
1168 5497 1304 5563 eq'.

366 5605 387 5640 ι
410 5585 469 5640 Ὀ
503 5586 636 5650 Θεὸς
659 5588 1003 5659 οἰκτειρήσαι
1035 5590 1201 5658 ἡμᾶς.
1237 5609 1255 5641 ι

361 5732 408 5774 ⁸⁵
437 5741 574 5798 Gen.
612 5759 693 5805 ιιι,
724 5743 810 5797 15.
888 5744 932 5774 ⁸⁷
959 5743 1151 5799 Matth.
1182 5759 1234 5806 ν,
1260 5745 1314 5798 5-

653 5838 922 5899 ΓΑτιιοι..
966 5839 1083 5899 (in.
1129 5838 1342 5899 XCllI.

1964 4559 2123 4604 erant
2162 4552 2356 4623 Judaei,
2391 4555 2705 4614 felicitatem
2742 4577 2861 4617 eam
2892 4563 2996 4620 sibi
3045 4581 3388 4627 communem
3417 4589 3538 4629 esse

1963 4640 2209 4698 arbitrati
2239 4655 2386 4701 sunt.
2414 4647 2611 4719 Ingens
2635 4662 2898 4721 praeterea
2924 4657 3200 4727 gaudium,
3219 4664 3372 4731 quasi
3397 4679 3536 4718 nova

1965 4731 2152 4788 salutis
2177 4735 2298 4791 luce
2321 4738 2680 4805 oborta,dum
2708 4745 2867 4816 regiae
2895 4747 3092 4804 littera
3121 4752 3533 4817 exhiberentur,

1963 4819 2180 4878 Iudaeos
2223 4841 2435 4895 omnes,
2467 4841 2733 4902 quotquot
2782 4837 2865 4890 vel
2913 4839 3104 4894 urbem
3130 4841 3214 4896 vel
3260 4843 3538 4913 regionem

1970 4910 2309 4978 incolebant,
2341 4923 2663 4990 occupavit;
2697 4924 2770 4978 ita
2818 4934 2879 4980 ut
2928 4930 3083 4982 multi
3132 4910 3360 4984 aliarum
3410 4945 3539 5001 gen-

1973 5002 2109 5058 tium
2140 5015 2286 5059 metu
2331 5023 2520 5065 eorum
2553 5013 3008 5073 circumcidentes
3043 5021 3300 5086 verenda,
3333 5023 3537 5076 securi-

1973 5101 2136 5148 tatem
2173 5097 2276 5152 sibi
2303 5100 2407 5155 hoc
2430 5113 2588 5172 pacto
2617 5117 2944 5175 quaarerent.

2043 5185 2203 5242 Vens.
2239 5189 2324 5243 l0.
2372 5209 2391 5242 ι
2423 5193 2691 5258 Quoniam
2732 5199 2974 5268 probasti
2998 5215 3119 5266 nos,
3155 5200 3317 5256 Deus.
3342 5221 3361 5253 ι

2041 5277 2178 5336 Cum
2226 5282 2372 5336 enim
2417 5286 2671 5341 omnibus
2717 5289 2993 5359 religionis
3026 5299 3227 5346 nostra:
3255 5293 3540 5349 sincerita-

1975 5381 2080 5428 tem
2121 5374 2498 5432 demonstrare
2537 5379 2724 5444 velles,
2754 5380 2870 5436 haec
2899 5398 2999 5438 nos
3022 5386 3131 5455 pati
3172 5387 3483 5456 permisisti.

2483 5493 2806 5551 PSALMUS
2845 5495 2930 5550 LX
2940 5487 3026 5554 Vl.

2049 5586 2206 5642 \‘ens.
2238 5588 2292 5642 2.
2343 5608 2360 5640 ι
2390 5589 2532 5643 Deus
2563 5589 2886 5644 misereatur
2913 5591 3101 5647 nostri.
3133 5611 3149 5642 ι

3115 5862 3188 5922 39
