4036 6200
523 376 650 442 1:231
1699 373 2063 436 HESYCHII
2119 369 2589 434 PRESBYTERI
3199 377 3202 386 '
3662 365 3826 432 123$

588 495 746 547 Vens.
776 493 860 544 17.
909 508 926 540 ι
963 485 1164 542 Exaudi
1195 500 1300 548 me,
1341 485 1586 540 Domine.
1622 504 1640 536 ›
2126 489 2170 544 Α

1505 500 1586 540 ne.
1622 504 1640 536 ι
2126 489 2170 544 Α
2277 501 2295 535 ι
2330 484 2666 539 Είσάκουσὸν
2698 502 2820 555 μου,
2852 483 3043 556 Κύριε.
3078 501 3099 536 ι

589 584 654 637 Et
695 581 823 652 quid
868 593 1006 648 Opus
1039 570 1328 647 Unigenito
1359 575 1730 640 exauditione,
1781 591 1903 630 cum
1950 574 2097 629 Patri

2271 577 2384 630 Kal
2412 577 2465 629 τί
2514 575 2709 648 χρῄζει
2753 578 2782 628 ὁ
2833 577 3147 645 Μονογενὴς
3174 573 3628 646 εἰσακουσθῆναι,
3694 573 3823 638 ἴσος

516 691 614 746 par
645 675 716 728 sit
745 682 800 726 et
829 669 1092 739 aequalis?
1133 669 1366 738 lpsemet
1397 682 1615 721 causam
1650 665 1886 721 reddidit
1917 683 1930 719 :
1956 665 2098 730 Quo-

2226 671 2275 721 )v
2300 668 2377 739 τῷ
2401 669 2578 739 Πατρὶ
2612 669 2708 722 καί
2739 669 3035 738 ὁμότιμος;
3069 668 3239 731 Αὐτὸς
3271 669 3368 742 τὴν
3394 668 3584 724 αἰτίαν
3608 667 3787 735 λέγει
3806 685 3820 698 ο

518 766 662 819 niam
696 763 918 829 benigna
955 767 1029 812 est
1057 756 1420 811 misericordia
1455 765 1565 808 tua.
1598 752 1654 808 Id
1689 761 1792 816 est,
1820 752 1945 807 Ideo
1967 766 2102 820 opus

2232 769 2323 819 οτι
2371 765 2645 836 χρηστὸν
2689 765 2758 819 τὸ
2801 765 2978 831 ἔλεός
3025 779 3162 819 σου.
3188 766 3476 827 Τουτέστι,
3509 764 3617 815 Διὰ
3644 761 3826 814 τοῦτο

517 857 695 911 habeo
751 851 1017 917 exaudiri,
1049 849 1177 920 quia
1228 859 1454 918 propter
1504 845 1898 917 benignitatem
1955 853 2101 898 tuam

2236 857 2624 928 ἰσακουσθῆναι
2651 857 2862 928 χρῄζω,
2904 857 3094 926 ἐπειδὴ
3121 855 3407 926 ἄνθρωπος
3439 853 3533 907 διὰ
3567 865 3677 923 την
3718 853 3823 921 σὴν

516 949 682 1002 homo
728 945 906 999 factus
953 958 1096 1005 sitm,
1125 951 1180 996 et
1207 957 1304 1010 pro
1328 939 1587 994 omnibus
1614 937 1949 1002 hominibus,
1978 951 2101 990 cum

2225 947 2615 1018 ριλανθρωπίαν
2648 951 2870 1015 γέγονα,
2906 947 3002 1000 καὶ
3032 946 3173 1016 ὺπέρ
3206 945 3425 998 πάντων
3459 942 3819 1014 ἀνθρώπων.

513 1041 634 1110 jure
666 1038 806 1092 Deus
845 1051 1045 1098 essem,
1074 1035 1192 1089 haec
1224 1033 1388 1088 etiam
1421 1030 1680 1102 suscipio.

2203 1038 2432 1104 εἰκότως
2456 1039 2590 1103 Θεὸς
2621 1037 2720 1104 ὢν,
2747 1039 2844 1092 καὶ
2875 1037 3049 1092 ταῦτα
3079 1037 3432 1107 ἀναδέχομαι.

591 1133 751 1188 Vens.
789 1132 874 1186 19.
923 1149 942 1182 ι
968 1129 1196 1184 Intende
1226 1127 1421 1182 anima:
1452 1141 1608 1180 meas.
1642 1144 1660 1176 ι

1465 1141 1608 1180 τις-αθ.
1642 1144 1660 1176 ι
2283 1148 2304 1182 ι
2334 1131 2575 1201 Πρόσχες
2607 1132 2673 1202 τῇ
2703 1129 2848 1200 ψυχῇ
2891 1147 3015 1200 μου.
3042 1147 3059 1180 ι

587 1224 728 1289 Quid
756 1232 840 1277 est
869 1221 1111 1275 intende?
1137 1219 1292 1281 Vide,
1329 1216 1526 1286 inquit,
1557 1215 1752 1284 ipsam,
1797 1212 1943 1283 quod
1995 1226 2103 1265 non

2280 1221 2379 1285 Τί,
2407 1222 2676 1290 πρόσχες
2693 1237 2711 1284 ;
2738 1223 2867 1287 Ἴδε,
2896 1222 3082 1291 φησὶν,
3107 1220 3300 1290 αὐτὴν,
3321 1221 3400 1274 ὅτι
3431 1220 3536 1273 οὐκ
3561 1219 3690 1273 ἐστι
3725 1220 3824 1290 μδ-

518 1315 588 1369 sit
618 1314 792 1368 solum
821 1310 1081 1375 hominis,
1126 1309 1220 1363 sed
1260 1308 1427 1362 etiam
1475 1305 1568 1359 Dei
1619 1305 1891 1358 incarnati
1928 1319 2108 1373 :quo-

2229 1328 2297 1365 νον
2323 1310 2611 1383 ἀνθρώπου
2631 1351 2646 1377 ,
2681 1311 2817 1365 ἀλλὰ
2853 1313 2946 1365 καὶ
2977 1312 3352 1383 σαρκωθέντος
3383 1311 3524 1365 Θεοῦ
3549 1328 3567 1342 ο
3599 1312 3694 1364 ὅτι
3720 1312 3823 1381 οὐχ

518 1407 666 1461 niam
697 1420 806 1458 non
839 1418 938 1473 pro
972 1417 1090 1464 sua,
1120 1400 1215 1454 sed
1253 1415 1352 1469 pro
1395 1396 1671 1452 communi
1702 1395 1956 1448 libertate
1985 1409 2110 1464 pas-

2226 1403 2348 1472 ὅπερ
2394 1402 2588 1472 αὐτῆς,
2620 1402 2734 1454 ἀλλ’
2767 1403 2907 1472 ὑπὲρ
2957 1403 3143 1473 κοινῆς
3195 1402 3509 1473 ἐλευθερίας
3547 1401 3624 1455 τὰ
3662 1403 3820 1471 πάθη

519 1495 702 1552 siones
749 1493 1065 1562 assumpsit.
1119 1490 1258 1556 Quia
1302 1495 1614 1558 potestatem
1663 1485 1828 1538 habeo
1882 1486 2111 1556 ponendi

2227 1491 2683 1559 ιατεδέξατο,’¹οτι
2713 1492 3040 1556 Ἐξουσίαν
3071 1493 3189 1562 ἐχω
3230 1493 3418 1548 θεῖναι
3446 1493 3657 1558 αὑτήν
3677 1511 3692 1522 ·
3719 1492 3821 1546 καί

521 1603 637 1640 eam
657 1626 672 1650 ,
716 1594 764 1638 et
794 1591 1103 1654 potestatem
1131 1579 1294 1634 habeo
1328 1580 1519 1631 iterum
1549 1576 1784 1630 sumendi
1813 1573 2010 1628 eam“.
2033 1573 2110 1626 Te

2227 1583 2502 1647 ἐξουσίαν
2530 1584 2648 1654 ἔχω
2672 1584 2880 1638 λαϐεῖν
2907 1584 3120 1650 αὑτήν.
3151 1586 3241 1636 Σοὶ
3276 1585 3331 1637 δέ
3356 1586 3509 1654 ὅμως
3537 1585 3696 1655 ὑπὲρ
3717 1585 3821 1638 αὑ-

433 1689 440 1696 ·
519 1687 700 1730 autem
735 1676 894 1730 simul
924 1689 1024 1744 pro
1054 1674 1173 1742 ipsa
1205 1672 1470 1741 deprecor
1499 1674 1724 1738 propter
1769 1665 1948 1720 carnis
1977 1681 2027 1719 St

2077 1691 2110 1709 ι·
2211 1671 2312 1742 τῆς
2342 1672 2431 1726 διὰ
2465 1673 2564 1745 τὴν
2594 1674 2871 1745 ὑποταγὴν
2897 1677 2996 1745 τῆς
3028 1673 3229 1746 σαρκὸς
3252 1674 3671 1746 προσεύχομαι.

516 1767 840 1838 jcctioncm.

591 1859 858 1925 Quoniam
904 1872 1015 1911 non
1062 1871 1162 1928 pro
1194 1853 1403 1924 mcipso
1427 1854 1550 1917 ista,
1585 1853 1678 1908 sed
1713 1869 1811 1923 pro
1845 1861 1954 1908 tota
2001 1866 2100 1904 na-
2140 1823 2183 1877 Β

2281 1843 2403 1897 Ὅτι
2438 1845 2536 1914 οὐχ
2582 1844 2724 1915 ὑπὲρ
2771 1844 3013 1915 ἐμαυτοῦ
3043 1844 3239 1909 ταῦτα,
3281 1844 3423 1915 ὑπὲρ
3456 1844 3513 1898 δέ
3539 1845 3682 1915 ὅλης
3719 1849 3823 1916 τῆς

523 1962 642 2006 tura
687 1950 926 2004 humana
972 1947 1243 2013 sustinui;
1297 1948 1456 2016 cujus
1488 1961 1612 1999 cum
1647 1953 1867 2015 peccata
1899 1959 2101 2013 geram,

2227 1935 2556 2009 ὶνθρωπίνης
2577 1936 2850 2007 ὑπέμεινα
2868 1936 3085 2005 φύσεως
3099 1954 3114 1968 ο
3135 1933 3202 2007 ἧς
3223 1936 3320 1998 τὰς
3344 1937 3627 2006 ἁμαρτίας
3646 1937 3821 2006 ἔχων,

523 2043 832 2098 necessario
867 2042 1031 2095 etiam
1059 2039 1378 2094 eornmdem
1407 2039 1672 2108 pudorem
1702 2037 1962 2092 sustinui.

2208 2027 2523 2095 ἀναγκαίως
2561 2028 2655 2080 καὶ
2687 2027 2786 2098 τὴν
2817 2027 3106 2080 ὑπἀὑτῶν
3135 2028 3399 2098 αἰσχύνην
3435 2027 3782 2091 ἐϐάσταζον.

581 2132 761 2188 ‘Vens.
793 2133 884 2187 2‘2.
932 2152 950 2184 ι
981 2132 1345 2187 Et-dederunt
1375 2131 1430 2184 in
1456 2145 1638 2185 escam
1677 2144 1854 2184 meam
1880 2127 1971 2181 fel.
2010 2147 2027 2178 ι

1906 2127 1971 2181 el.
2010 2147 2027 2178 ι
2285 2136 2303 2170 ι
2335 2118 2446 2172 Καὶ
2476 2117 2684 2171 ἔδωκαν
2711 2120 2791 2180 εἰς
2815 2116 2876 2169 τὸ
2909 2117 3107 2188 βρῶμά
3135 2135 3236 2188 μου
3270 2119 3453 2188 χολήν.
3483 2136 3500 2168 ι

597 2226 709 2280 lloc
728 2226 892 2280 etiam
916 2224 1096 2279 crucis
1114 2232 1358 2293 tempore
1375 2222 1656 2292 impletum
1675 2219 2068 2290 reperiemus“
2089 2236 2102 2274 :

2278 2210 2436 2264 Κατὰ
2473 2210 2566 2264 τὸν
2595 2210 2787 2282 καιρὸν
2818 2211 2912 2264 καὶ
2945 2211 3103 2264 τοῦτο
3143 2210 3237 2264 τοῦ
3283 2209 3520 2281 σταυροῦ
3566 2211 3821 2281 εὑρήσο-

525 2333 649 2372 nam
684 2311 858 2370 Judaei
885 2323 1014 2369 tunc
1039 2313 1090 2368 ei
1117 2323 1333 2368 acetum
1363 2321 1418 2368 et
1445 2311 1516 2366 fel
1548 2310 1890 2366 obtulerunt.

2229 2317 2312 2353 ιεν
2356 2299 2820 2371 πεπληρωμένονο
2852 2301 2972 2367 ὅξος
3013 2302 3121 2371 γὰρ
3165 2304 3258 2356 καὶ
3287 2302 3450 2372 χολὴν
3496 2303 3661 2372 αὐτῷ
3692 2303 3823 2356 τότε

2211 2393 2602 2463 προσήνεγκαν
2626 2393 2678 2446 οἰ
2711 2393 2978 2447 Ἰουδαῖοι.

598 2496 763 2551 Vens.
791 2495 880 2551 29.
927 2511 946 2546 ι
977 2493 1272 2548 Deleantur
1296 2492 1363 2546 de
1389 2491 1530 2545 libro
1556 2488 1877 2544 viventium.
1907 2505 1923 2538 ι

1875 2530 1877 2538 ,
1907 2505 1923 2538 ι
2284 2503 2304 2536 ι
2326 2483 2832 2555 Ἑξαλειφθήτωσαν
2862 2486 2926 2538 ἐκ
2961 2483 3143 2555 βίϐλου
3177 2483 3419 2548 ζώντων.
3450 2504 3469 2537 ο

597 2587 708 2642 Etsi
741 2587 907 2650 enim,
940 2585 1137 2653 inquit,
1168 2583 1417 2650 inscripti
1448 2582 1560 2635 sint
1584 2581 1744 2650 primi
1769 2586 1993 2649 propter
2015 2593 2110 2647 pa-

2286 2575 2344 2628 Ei
2373 2575 2483 2646 γὰρ
2511 2575 2604 2628 καὶ
2633 2575 2867 2646 πρῶτοι,
2903 2576 3071 2646 φησὶν
3095 2616 3110 2641 ,
3142 2576 3525 2648 ἐνεγράφησαν
3560 2577 3658 2632 διὰ
3691 2580 3824 2644 τοὺς

528 2690 639 2735 tres
677 2695 804 2733 suos
837 2678 927 2747 qui
962 2675 1104 2746 apud
1149 2675 1319 2728 Deum
1351 2673 1547 2728 vivunt
1589 2673 1756 2742 (unde
1784 2672 1946 2725 etiam
1979 2669 2111 2739 ipsis

2229 2668 2364 2738 παρὰ
2416 2667 2534 2739 Θεῷ
2571 2667 2780 2732 ζῶντας
2826 2669 3074 2739 πατέρας
3108 2668 3321 2720 αὐτῶν·
3357 2668 3433 2732 ὼς
3475 2671 3579 2723 καὶ
3623 2673 3823 2734 αὑτοῖς

529 2775 684 2827 factae
729 2777 857 2824 sunt
902 2766 1336 2838 promissiones),
1368 2779 1557 2820 verum
1589 2779 1712 2818 cum
1749 2763 1873 2816 talia
1911 2761 2113 2816 fuerint

2229 2759 2455 2814 ῑεδόσθαι
2485 2759 2583 2822 τὰς
2613 2758 2950 2827 ἐπαγγελίας
2968 2775 2982 2789 ⁸
3019 2757 3134 2811 ἀλλ’
3165 2750 3260 2812 οὖν
3282 2757 3514 2813 τοιαῦτα
3531 2763 3823 2832 τετολμη-

529 2865 667 2929 ausi,
701 2864 1004 2925 deleantur,
1031 2873 1210 2928 neque
1256 2873 1286 2911 a
1331 2856 1461 2919 Deo,
1508 2855 1704 2923 inquit,
1743 2853 2112 2908 inscribuntur

2231 2852 2388 2916 ιότες,
2419 2850 2920 2921 ἐξαλειφθήτωσαν,
2956 2849 3090 2922 μηδέ
3122 2850 3274 2921 παρὰ
3305 2850 3448 2920 Θεῷ,
3484 2853 3693 2922 φησιν,
3724 2856 3825 2921 ἐγ-

530 2971 652 3011 cum
677 2952 839 3024 justis
863 2949 1074 3014 electis,
1094 2955 1148 3003 et
1173 2946 1264 3016 qui
1287 2943 1430 3014 apud
1449 2943 1630 3013 ipsum
1655 2941 1762 2996 vita
1788 2939 1938 3011 digni
1960 2945 2110 3005 sunt,

2233 2944 2584 3014 πραφήτωσαν
2641 2942 2784 3012 μετὰ
2833 2940 2941 2994 τῶν
2985 2940 3393 3010 ἐκλελεγμένων
3421 2941 3689 3008 δικαίων,
3727 2946 3827 2998 καὶ

533 3053 720 3116 utpote
745 3043 836 3114 qui
869 3050 1149 3097 auctorem
1182 3036 1373 3092 salutis
1400 3034 1711 3106 rejecerint.

2233 3033 2311 3096 τῆς
2337 3033 2463 3102 παρ’
2488 3031 2634 3101 αὐτῷ
2661 3031 2806 3101 ζωῆς
2828 3030 2999 3085 ὄντων
3020 3031 3210 3100 ἀξίων,
3228 3033 3303 3094 ὡς
3320 3032 3412 3085 τὸν
3433 3034 3698 3104 ἀρχηγδν
3725 3039 3827 3107 τῆς

2141 3168 2183 3226 C
2216 3125 2490 3197 σωτηρίας
2521 3124 3015 3200 παραιτησόιμενοι.
3397 3135 3402 3142 ·

599 3224 762 3278 lVens.
794 3219 884 3274 '50.
918 3234 948 3268 1
975 3215 1189 3284 Pauper
1213 3222 1267 3269 et
1293 3213 1492 3281 dolens
1524 3227 1645 3268 sum
1679 3227 1796 3284 ego.
1826 3232 1845 3264 ι
2144 3213 2183 3226 ν

1679 3227 1796 3284 ego.
1826 3232 1845 3264 ι
2144 3213 2183 3226 “”
2293 3235 2312 3268 ι
2343 3215 2565 3286 Πτωχὸς
2596 3216 2690 3268 καὶ
2718 3214 2899 3284 ἀλγῶν
2925 3217 3040 3284 είμι
3075 3215 3206 3284 ἐγώ.
3237 3233 3254 3266 ι

586 3311 842 3368 'i'Laudem
870 3315 1030 3364 vocat
1051 3305 1443 3367 laudationem,
1480 3319 1601 3372 qua:
1632 3303 1731 3374 ipsi
1759 3303 1828 3358 ab
1856 3301 2112 3358 universa

2283 3302 2442 3362 Αἶνον
2486 3307 2586 3378 τὴν
2631 3305 2939 3377 δοξολογίαν
2968 3307 3142 3370 καλεῖ,
3174 3309 3296 3377 ἥτις
3327 3308 3475 3377 αὒτῷ
3506 3312 3677 3380 παρὰ
3723 3313 3827 3383 τῆς

534 3411 782 3460 creatura
811 3398 1152 3454 naturalibus
1179 3396 1417 3451 motibus
1462 3395 1640 3463 ipsum
1689 3395 1943 3463 laudante
1988 3412 2114 3464 pro-

2232 3400 2445 3464 ιτίσεως
2473 3399 2604 3470 ὅλης
2631 3401 2882 3469 φυσικοῖς
2908 3399 3210 3468 κινήμασιν
3229 3399 3392 3453 αὺτδν
3414 3399 3826 3473 δοξολογούσης

537 3498 729 3550 fertur.
766 3491 1008 3546 Ecclesia
1041 3488 1204 3560 igitur
1241 3501 1348 3541 non
1384 3487 1559 3540 solum
1591 3501 1935 3541 communem
1966 3488 2112 3541 illam

2231 3491 2603 3562 προσφέρεται.
2625 3491 2688 3545 Ἦ
2724 3491 3021 3562 Ἐκκλησία
3041 3491 3219 3544 τοίνυν
3252 3491 3312 3545 οὐ
3338 3492 3501 3562 μόνον
3529 3494 3636 3565 τὴν
3679 3499 3825 3566 μετὰ

535 3601 660 3642 cum
694 3593 940 3639 creatura
959 3580 1338 3634 laudationem
1370 3594 1427 3632 se
1454 3578 1760 3632 oblaturam
1800 3579 2109 3648 pollicetur,

2223 3579 2313 3650 τῆς
2346 3581 2576 3644 κτίσεως
2627 3580 2936 3650 δοξολογίαν
2989 3580 3322 3652 προσφέρειν
3372 3582 3817 3654 ἐπαγγέλλεται,

536 3678 630 3733 sed
658 3690 782 3731 cum
812 3673 1024 3728 cantico
1055 3671 1472 3735 celebraturam,
1499 3669 1551 3723 id
1581 3679 1682 3732 est,
1703 3669 1998 3738 spiritalem
2031 3679 2113 3725 at-

2227 3673 2350 3726 ἰιλλὰ
2388 3672 2506 3744 μετ’
2523 3671 2668 3743 ᾠδῆς
2709 3672 2954 3738 δοξάζειν
2976 3711 2989 3735 ,
3026 3673 3272 3725 τουτέστι
3302 3675 3702 3746 πνευματικὴν
3733 3681 3821 3731 καὶ

535 3763 1080 3840 queintellectualem
1110 3762 1458 3834 hymnodiam
1478 3762 1804 3816 oblaturam.
1833 3761 1947 3817 Hoc
1965 3763 2111 3817 enim

2225 3765 2402 3835 νοερὰν
2453 3764 2730 3834 ὑμνῳδίαν
2775 3763 3131 3835 προσφέρειν.
3161 3763 3329 3817 Τοῦτο
3371 3765 3480 3836 γάρ
3529 3768 3695 3821 ἐστιν
3727 3771 3819 3823 ἐπὶ

538 3859 756 3932 pr0prie
788 3867 871 3912 est
907 3863 1131 3910 cantare
1169 3855 1302 3908 Deo.

1289 3893 1302 3908 .
2214 3855 2351 3909 Θεοῦ
2386 3856 2590 3926 κυρίως
2623 3855 2683 3908 τὸ
2711 3855 2877 3928 ᾄδειν.

609 3950 770 4005 Vens.
798 3949 886 4003 51.
935 3965 954 3998 ι
980 3947 1236 4002 Laudabo
1273 3962 1474 4002 nomen
1506 3947 1597 4003 Dei
1627 3964 1751 4003 cum
1783 3951 2013 4004 cantico.
2039 3968 2057 4001 ι

2285 3967 2310 4000 ί
2337 3947 2548 4001 Αίνέσω
2572 3947 2634 4000 τὸ
2662 3947 2835 4017 ὄνομα
2862 3946 2959 4000 τοῦ
2986 3947 3124 4001 Θεοῦ
3151 3965 3254 4019 μου
3289 3949 3406 4019 μετ’
3429 3949 3602 4021 ᾠδῆς.
3635 3970 3659 4005 ι

611 4039 909 4095 Rationalis
934 4038 1080 4094 enim
1108 4037 1347 4092 laudatio
1366 4053 1481 4106 pra:
1503 4039 1653 4093 cultu
1681 4040 1841 4112 legali
1865 4040 1977 4094 Deo
1999 4039 2115 4110 pla-

2295 4040 2360 4092 'H
2394 4041 2502 4109 γὰρ
2526 4039 2718 4111 λογικὴ
2744 4041 2951 4103 αῐνεσις
2985 4039 3125 4112 ὑπὲρ
3156 4040 3256 4112 τὴν
3280 4043 3514 4114 νομικὴν
3551 4043 3815 4117 λατρείαν

540 4144 646 4192 εει.

2214 4132 2436 4203 ἀρέσκει
2460 4131 2536 4202 τῷ
2562 4131 2703 4202 Θεῷ.

1039 4217 1368 4274 'PSALMUS
1390 4215 1595 4272 LXIX.

2775 4224 3069 4278 ΨΑΛΜΟΣ
3103 4225 3221 4278 ΞΘν.

611 4317 772 4373 Vens.
799 4315 1058 4377 2-.«Deus,
1092 4313 1147 4366 in
1175 4311 1502 4382 adiutorium
1544 4325 1744 4364 meum.
1773 4330 1791 4362 ι

1565 4325 1744 4364 neum.
1773 4330 1791 4362 ι
2292 4334 2309 4367 ι
2333 4315 2395 4372 '0
2425 4316 2578 4380 Θεδς,
2608 4317 2689 4379 εἰς
2720 4315 2820 4385 τὴν
2849 4316 3159 4386 βοήθειαν.»

613 4408 836 4461 Beatum
860 4417 940 4461 est
957 4421 1080 4459 cum
1103 4413 1250 4458 tanta
1273 4403 1467 4458 ﬁducia
1485 4402 1653 4457 Deum
1673 4418 1850 4465 orare,
1866 4411 1925 4457 ut
1947 4402 2112 4458 etiam

2286 4409 2574 4479 Μακάριον
2602 4410 2698 4462 σὺν
2725 4408 2966 4480 τοσαύτῃ
3003 4409 3285 4481 παρρησίᾳ
3308 4408 3386 4480 τῷ
3417 4410 3546 4482 Θεῷ
3568 4416 3807 4484 προσεῦ-

542 4499 720 4567 ipsum
759 4509 1048 4566 urgeamus
1076 4495 1142 4548 ad
1169 4494 1327 4549 nobis
1347 4493 1743 4562 opitulandum.
1764 4493 2000 4547 Primum
2025 4509 2116 4548 au-

2219 4502 2431 4571 χεσθαι,
2468 4501 2608 4556 ὥστε
2654 4502 2749 4556 καὶ
2790 4503 3137 4570 κατεπείγειν
3186 4503 3346 4557 αὐτὸν
3394 4506 3473 4567 εἰς
3521 4510 3805 4579 ἡμετέραν

544 4603 651 4645 tem
679 4590 846 4642 Deum
881 4597 940 4641 ut
970 4588 1280 4640 intenderet
1306 4627 1320 4652 ,
1349 4594 1402 4639 et
1431 4586 1778 4654 postmodum
1813 4595 1873 4641 ut
1903 4589 2113 4642 accele-

2223 4591 2494 4664 βοήοειαν.
2531 4592 2754 4664 Πρῶτον
2792 4593 2848 4646 δέ
2882 4593 3171 4664 προσέχειν
3207 4595 3298 4647 τὸν
3335 4593 3468 4649 Θεδν
3491 4637 3507 4661 ,
3537 4601 3638 4652 καὶ
3674 4601 3803 4669 μετὰ

543 4690 718 4742 raret,
753 4678 962 4749 rogavit
996 4695 1010 4731 :
1047 4678 1091 4732 si
1127 4677 1273 4730 enim
1300 4675 1525 4730 omnino
1555 4676 1853 4731 intenderit
1879 4679 2112 4747 quanam

2218 4683 2376 4736 τοῦτο
2418 4681 2667 4753 ταχῦναι,
2714 4681 3095 4754 προσηύξατο·
3129 4681 3226 4735 ἐὰν
3261 4683 3366 4754 γὰρ
3401 4683 3543 4748 ὅλως
3590 4689 3800 4758 πρόσγῃ

542 4773 627 4828 νει
654 4771 798 4842 quali
834 4785 937 4838 ope
977 4769 1334 4839 indigeamus,
1365 4767 1510 4821 illico
1540 4768 1982 4837 commiseretur;
2011 4770 2116 4824 mi-

2221 4775 2364 4837 τίνος
2389 4774 2422 4845 ἢ
2454 4775 2612 4837 ποίας
2639 4773 2886 4845 βοηθείας
2904 4774 3201 4845 χρῄζομεν,
3230 4773 3577 4845 παραχρῆμα
3599 4778 3801 4843 σπλαγ-

541 4873 720 4920 sertus
748 4869 932 4917 autem
961 4859 1246 4925 accelerat,
1280 4867 1333 4914 et
1353 4875 1461 4914 non
1488 4859 1689 4914 differt.

2222 4867 2494 4936 χνίζεται·
2529 4865 2946 4936 σπλαγχνισθεῒς
2980 4865 3036 4918 δέ
3065 4864 3415 4935 ταχύνει,καὶ
3432 4868 3544 4919 οὐκ
3565 4868 3799 4923 ἀναϐάλ-

2220 4957 2390 5010 λεται.

609 5041 776 5100 ινειε.
799 5043 854 5098 5.
899 5058 918 5091 ‹
946 5039 1380 5105 Confundantur,
1409 5049 1470 5094 et
1502 5051 1918 5096 revereantur.»i

1889 5059 1918 5093 »ι
2283 5066 2316 5099 ι(
2343 5047 2819 5119 Αἰσχυνθήτωσαν,
2855 5047 2948 5102 καὶ
2970 5046 3414 5116 ἐντραπήτωσαν.
3450 5065 3467 5098 ι

610 5134 716 5199 Qui
747 5131 960 5186 animas
976 5137 1192 5183 nostras
1213 5133 1441 5200 perdere
1457 5140 1726 5199 quaerunt,
1743 5141 1870 5186 sunt
1887 5132 2117 5188 maxime

2292 5139 2355 5190 Οί
2391 5137 2682 5208 ζητοῦντες
2711 5136 2869 5208 ἡμῶν
2905 5137 3004 5200 τὰς
3031 5135 3209 5206 ψυχὰς
3249 5135 3590 5207 διαφθεῖραι,
3622 5142 3676 5193 oi
3704 5140 3798 5193 δαε-

538 5225 816 5282 damones
845 5240 858 5276 :
888 5229 1017 5275 sunt
1046 5231 1227 5276 tamen
1257 5222 1420 5276 etiam
1469 5223 1719 5278 homines
1746 5225 1985 5293 perversi
2022 5225 2121 5280 ali-

2225 5230 2382 5299 μονές
2411 5231 2520 5282 εἰσι
2553 5229 2785 5300 μάλιστα
2803 5247 2818 5261 ⁸
2843 5229 3065 5298 ζητοῦσι
3091 5230 3150 5282 δέ
3177 5229 3272 5282 καὶ
3301 5229 3438 5300 πρὸς
3462 5232 3568 5295 τὰς
3598 5235 3799 5302 φαύλας

539 5313 656 5383 qui,
681 5313 774 5382 qui
806 5314 873 5367 ad
904 5315 1368 5383 pravasaetiones
1403 5321 1467 5367 et
1511 5314 1772 5369 absurdas
1813 5316 2118 5385 voluptates

2222 5319 2472 5390 πράξεις,
2501 5321 2696 5392 ἡδονάς
2716 5338 2775 5374 τε
2795 5321 3031 5384 ἀτόπους
3056 5322 3203 5392 ἡμᾶς
3233 5320 3576 5391 ἐρεθίζοντες
3601 5327 3799 5395 ἅνθρω-

541 5420 644 5460 nos
671 5415 997 5474 provocent;
1021 5421 1208 5460 verum
1237 5407 1417 5461 neutri
1447 5406 1827 5476 praedictorum
1868 5415 2115 5476 possunt,

2221 5430 2344 5466 ποι·
2380 5413 2495 5468 ἀλλ’
2517 5413 2789 5484 οὐδέτεροι
2818 5411 2924 5466 τῶν
2943 5413 3257 5484 εἰρημένων
3281 5411 3567 5481 δύνανται,
3600 5417 3703 5471 ἐὰν
3736 5416 3799 5486 μή

539 5496 645 5549 uisi
678 5511 708 5550 a
735 5496 911 5561 nobis,
944 5497 1088 5550 unde
1118 5512 1218 5550 nos
1248 5498 1501 5566 prodant,
1543 5497 1870 5564 acceperint,
1897 5498 2000 5552 nisi
2037 5499 2119 5552 'li-

2221 5506 2354 5576 rcap‘
2400 5505 2558 5576 ἡμῶν
2594 5507 2695 5577 τὴν
2727 5506 2850 5558 καθ’
2871 5506 3028 5576 ἡμῶν
3056 5505 3349 5577 προδοσίαν
3384 5508 3796 5578 παραλάϐωσιν,

543 5586 681 5654 gatis
713 5585 908 5640 animat
955 5587 1206 5643 manibus
1254 5587 1496 5642 obsecuti
1539 5587 1668 5656 ipsis
1696 5588 1981 5645 fuerimus.
2012 5591 2120 5662 ipsi

2226 5596 2321 5651 ἐὰν
2351 5598 2426 5669 μὴ
2455 5600 2552 5663 τὰς
2579 5601 2767 5670 χεῖρας
2796 5599 2893 5671 τῆς
2912 5597 3088 5669 ψυχῆς
3111 5597 3392 5670 δήσαντες,
3417 5602 3601 5667 οὕτως
3624 5602 3802 5663 αὐτοῖς

620 5755 666 5787 “
691 5753 850 5810 Joan.
872 5773 936 5825 -χ,
967 5761 1052 5814 l8.
1129 5765 1172 5796 “
1200 5763 1386 5817 Matth.
1415 5780 1581 5831 xxvu,
1606 5766 1696 5820 '54.
