4036 6200
307 317 447 390 m3
942 294 1123 336 «effia-

1451 330 1920 393 FRAGMEN'FA
1958 333 1985 393 Ι
1992 331 2052 395 Νκ
2078 331 2438 396 PSALMOS.

2928 271 2989 280 κη..-

3420 335 3556 404 1234

303 434 785 509 ἀκολουθησωμεν.
798 431 963 495 οῦτοι
983 441 1166 497 τοίνυν
1187 441 1556 513 αἰσχύνονται,
1575 444 1705 498 ὅταν
1729 445 1875 515 ἡμᾶς

1978 447 2161 517 itaque
2185 448 2615 515 confunduntur,
2643 446 2860 520 quando
2884 465 2984 507 nos
3012 444 3222 510 insidiis
3259 453 3371 509 suis
3397 453 3554 525 longe

301 524 666 601 ὑψηλοτέρους
687 533 821 588 πολὺ
846 533 947 605 τῆς
966 553 1044 589 πα
1050 536 1099 607 ρ’
1118 535 1301 589 αὐτῶν
1317 535 1613 607 ἐπιϐουλῆς
1637 536 1734 591 καὶ
1750 553 1882 592 κατ-

299 620 597 691 ορθοῦντας
625 623 952 684 θεάσωνται.

377 730 398 763 ι
421 712 926 787 ’Δποστραφείησαν
958 720 1298 790 παραυτίκα.
1325 738 1345 772 t

370 804 735 871 Παραυτικα,
769 807 1052 864 τουτέστιν
1080 808 1306 872 εὐθέως,
1340 807 1438 861 καὶΙ
1467 804 1737 876 ἀναὸολῆς
1769 823 1881 875 χω-

302 890 584 960 Ρίς.Τίνας
611 895 670 948 δὲ
690 899 748 950 ιν
765 898 923 967 τάχει
942 899 1407 970 καταισχυνθῖψαι
1429 897 1680 968 βούλεται
1700 913 1716 962 ;
1739 896 1880 959 Τοὺς

298 981 586 1051 λέγοντας·
617 982 797 1058 Εὖγε,
825 984 1000 1060 εὖγε·
1042 991 1288 1045 τουτέστι
1336 990 1463 1053 τοὺς
1511 987 1875 1057 ὲγγελῶντας,

297 1075 424 1139 τοὺς
467 1077 883 1148 κολακεύοντας,
914 1085 1044 1147 τοὺς
1079 1083 1429 1150 ἀπατῶντας,
1460 1082 1589 1146 τοὺς
1616 1080 1880 1150 ἀποδεχοο

301 1169 496 1234 μένους
523 1167 600 1232 ὡς
626 1169 807 1237 ἀγαθὰ
834 1170 1168 1243 τά,βλα6ερά
1186 1174 1283 1226 καὶ
1303 1171 1601 1240 θανάσιμα.
1628 1168 1775 1238 Πλὴν
1795 1166 1878 1220 δτι

295 1256 426 1320 τοὺς
456 1258 556 1328 μὲν
581 1262 808 1332 νοητοὺς
839 1262 1069 1335 ἐχθροὺς
1096 1264 1565 1334 καταισχυνθῆναι
1605 1261 1702 1315 καὶ
1739 1259 1879 1313 ἀπο-

301 1350 608 1419 στραφῆναι
631 1350 817 1422 μόνον,
838 1356 965 1419 τοὺς
988 1354 1046 1408 δὲ
1075 1354 1367 1423 αἰσθητοὺς
1385 1352 1476 1408 διὰ
1495 1354 1693 1423 τάχους
1711 1364 1881 1420 προσ-

297 1435 518 1506 εύχεται
537 1454 553 1470 ·
574 1440 932 1514 εύκολώτεροι
951 1444 1060 1514 γάρ
1079 1437 1249 1509 οὗτοι,
1265 1443 1342 1508 ὡς
1365 1441 1585 1512 ἀδελφοὶ
1601 1443 1670 1512 τῇ
1693 1437 1875 1510 φύσει,

296 1528 393 1581 καὶ
418 1529 721 1598 ὁμογενεῖς,
747 1534 844 1587 καὶ
866 1535 1154 1605 ὁμόφυλοι.

372 1637 392 1670 ι
414 1620 467 1673 Ἀ
476 1621 891 1689 γαλλιάσθωσαν
923 1626 1018 1680 καὶ
1055 1625 1539 1696 εὐςρρανθήτωσαν.
1571 1640 1592 1674 ι

366 1709 639 1782 Σωτήρων
671 1713 766 1768 τοῦ
814 1715 1032 1786 Πατρδς
1073 1717 1106 1768 6
1144 1716 1381 1786 Χριστὸς
1427 1713 1776 1787 ὀνομάζεται·
1815 1711 1875 1763 ὲν

296 1801 446 1872 αὐτῷ
491 1781 602 1874 γὰρ
651 1805 752 1860 τοῦ
806 1781 1003 1876 γένους
1027 1806 1136 1859 τῶν
1177 1781 1482 1876 ἀνθρώπων
1618 1800 1866 1873 σωτηρία
1901 1781 1943 1836 Β

296 1892 810 1964 πέπρακται.“οθεν
839 1899 933 1952 καὶ
956 1897 1185 1970 Συμεὼν
1208 1896 1499 1951 ἀπολαϐὼν
1519 1897 1611 1951 τὸν
1630 1892 1868 1965 Χριστὸν

297 1986 356 2039 ὲν
383 1989 503 2051 ταῖς
532 1989 799 2057 ἀγκάλαις
825 1991 977 2060 ἔλεγε
995 2007 1011 2023 σ
1044 1991 1176 2046 Νῦν
1204 1990 1491 2056 ἀπολύεις
1511 1988 1619 2042 τὸν
1641 1986 1879 2041 δοῦλόν

297 2089 435 2140 σου,
470 2078 763 2145 Δέσποτα,
790 2081 940 2135 κατὰ
966 2078 1034 2134 τὸ
1056 2078 1225 2149 ῥῆμά
1246 2095 1386 2145 σου,
1405 2079 1476 2132 ἐν
1499 2075 1729 2146 εἰρήνῃ·
1777 2073 1868 2127 ὅτι

297 2162 463 2221 εἷδον
486 2170 541 2221 οι
570 2171 865 2240 ὀφθαλμοί
880 2188 1000 2240 μου
1017 2170 1082 2225 τύ
1104 2169 1404 2237 Σωτήριόν
1430 2183 1568 2224 σου.
1601 2169 1665 2221 Οἱ
1688 2166 1882 2221 τοίνυν,

300 2255 458 2310 τοῦτο
493 2258 820 2328 ἀγαπῶντες
854 2261 918 2315 τὸ
958 2262 1249 2333 σωτήριον,
1285 2262 1580 2323 διαπαντὸς
1610 2260 1703 2315 τὸν
1737 2257 1870 2312 Θεὸν

304 2348 683 2417 μεγαλύνουσι,
736 2351 980 2407 τουτέστι
1040 2353 1374 2419 δοξάζουσιν
1423 2354 1527 2418 ὅτι,
1554 2351 1622 2407 τά
1676 2350 1871 2406 εἴδωλα

299 2438 712 2509 καταλιπόντες,
727 2444 821 2498 τὸν
836 2443 969 2498 Θεὸν
993 2444 1311 2514 ἠγάπησαν,
1329 2445 1422 2498 τὸν
1437 2443 1609 2508 ὅντως
1632 2441 1871 2508 σώζοντα

299 2527 395 2581 καὶ
428 2529 625 2602 λυτρού
633 2539 830 2604 μενονὲ

374 2634 396 2669 ι
421 2617 624 2691 Βοηθός
664 2639 767 2692 μου
789 2627 884 2680 καὶ
914 2625 1116 2698 ρύστης
1149 2642 1251 2696 μου
1281 2619 1334 2679 εἴ
1366 2624 1452 2680 σύ.
1493 2644 1517 2678 t

370 2794 499 2850 Ὅτε
516 2796 627 2869 γὰρ
664 2798 846 2869 πάσης
871 2800 1219 2872 ἀνθρωπίνης
1242 2799 1497 2871 βοηθείας
1523 2800 1869 2871 ἰκπέσωμεν,

296 2885 417 2941 τότε
442 2887 538 2941 τὸν
552 2887 686 2942 Θεὸν
711 2889 834 2944 ἀντὶ
860 2891 1087 2946 πάντων
1116 2891 1443 2962 εὑρήσομεν.
1477 2893 1641 2956 Ἴσως
1680 2891 1737 2945 δὲ
1771 2892 1883 2946 καὶ

298 2982 363 3032 ἐκ
381 2978 675 3051 προσώπου
701 2983 874 3036 ταῦτα
902 2983 998 3036 τοῦ
1043 2982 1179 3037 λαοῦ
1200 2983 1311 3037 τῶν
1334 2983 1505 3037 ἐθνῶν
1534 2983 1866 3053 διαλέγεταν

293 3065 338 3139 ᾧ
370 3072 466 3126 καὶ
506 3073 615 3137 πῶς
661 3075 690 3127 6
729 3073 946 3145 ψαλμδς
996 3076 1223 3147 πρέπει·
1268 3074 1717 3147 παρακαλοῦντος
1770 3076 1870 3130 καὶ

181 3164 187 3173 ⁷
293 3163 711 3234 ἐπιταχύνοντος
769 3163 865 3219 τοῦ
941 3165 1179 3236 Χριστοῦ
1253 3166 1355 3238 τὴν
1424 3166 1698 3237 βοήθειαν,
1773 3169 1869 3222 καὶ

293 3253 760 3326 καταισχυνθῆναι
788 3257 915 3320 τοὺς
954 3257 1178 3328 νοητοὺς
1222 3257 1478 3329 ἐχθροὺς,
1507 3258 1711 3329 δηλαδὴ
1741 3260 1868 3322 τοὺς

291 3345 577 3415 δαίμονας,
612 3348 780 3400 πολὺν
810 3348 1284 3418 τετυραννηκότας
1305 3349 1519 3421 χρόνον,
1552 3348 1678 3404 καθ’
1710 3349 1870 3420 ήμῶν

296 3434 659 3500 ἱκετεύοντος.
691 3432 861 3501 Οὗτος
886 3440 917 3492 6
940 3438 1072 3502 λαὸς
1109 3438 1325 3509 πτωχὸς
1355 3439 1452 3492 καὶ
1480 3438 1673 3511 πένης·
1717 3456 1868 3494 πτω-

296 3524 388 3594 χὸς
416 3525 506 3579 διὰ
553 3526 653 3598 τὴν
684 3528 986 3600 ἁμαρτίαν,
1019 3526 1190 3599 πένης
1223 3528 1311 3582 διὰ
1341 3530 1441 3602 τὴν
1476 3529 1755 3586 ἀσέϐειαν.

365 3697 590 3770 Βοηθὸς.
623 3698 699 3763 ὡς
754 3700 974 3770 ἰσχυρὸς
1026 3700 1254 3772 ρύστης,
1288 3701 1363 3765 ὡς
1416 3701 1581 3766 αὐτὸς
1613 3702 1870 3774 ἐνέχυρον

297 3788 438 3860 ὑπὲρ
470 3789 627 3859 ἡμῶν
652 3788 731 3861 τῷ
764 3789 984 3862 θανάτῳ
1005 3791 1144 3862 πρὸς
1184 3792 1404 3863 μικρὸν,
1434 3791 1574 3847 ὥστε
1605 3792 1869 3865 ρυσθῆναι

296 3880 396 3952 τὴν
434 3882 709 3953 ἡμετέραν
732 3882 1107 3954 αἰχμαλωσίαν
1123 3881 1531 3952 διδόμενος.Μὴ
1550 3883 1866 3952 χρονία-ης.

309 3968 685 4038 Ἀπέγνωσται
712 3970 822 4042 γὰρ
850 3973 1001 4040 παρά
1032 3971 1254 4025 πάντων
1279 3970 1478 4042 ἰατρῶν
1501 3972 1529 4024 6
1560 3970 1864 4042 ἄρρωστος.

296 4059 495 4129 Διόπερ
517 4059 612 4113 καὶ
650 4061 680 4114 6
720 4059 1045 4130 Ἀμϐακοὺμ
1062 4059 1266 4129 ἐλεγενο
1290 4059 1410 4113 Ἔτι
1439 4058 1657 4131 μικρὸν,
1687 4057 1871 4114 Ὅσον

297 4150 331 4202 ὁ
355 4148 678 4218 ἐρχόμενος
734 4147 888 4216 ἣξει,
935 4148 1033 4203 καὶ
1064 4150 1136 4204 οὐ
1170 4148 1460 4219 χρονίσει·
1489 4147 1584 4203 τοῦ
1614 4147 1868 4221 Σωτῆρος

297 4241 640 4312 ἐπιταχύνων
669 4241 770 4313 τὴν
793 4240 1005 4312 ἄφιξιν.

912 4355 1209 4410 ΨΑΔΜΟΣ
1243 4356 1321 4411 0'.

373 4461 394 4496 ι
442 4445 535 4500 Ἐν
554 4448 621 4516 τῇ
647 4443 966 4516 δικαιοσύνῃ
985 4461 1080 4498 σου
1116 4445 1277 4517 ῥῦσαί
1305 4462 1396 4517 με.
1422 4463 1441 4498 t

368 4536 566 4600 Καλῶς
614 4537 751 4607 πρὸς
796 4537 880 4603 τὸ,
903 4537 991 4606 μὴ
1014 4537 1543 4607 καταισχυνθείην,
1562 4537 1648 4601 ,ἐν
1681 4537 1756 4607 τῇ
1780 4537 1871 4593 διο

298 4626 598 4695 καιοσύνῃ
627 4639 765 4682 σου.
798 4627 863 4681 Εἰ
893 4626 1004 4697 γὰρ
1049 4627 1147 4681 καὶ
1195 4629 1279 4692 εἰς
1308 4627 1372 4681 σὲ
1414 4627 1688 4699 ἥμαρτον,
1731 4626 1868 4682 ἀλλά

295 4716 503 4771 τούτων
560 4735 630 4788 με
678 4718 903 4783 δικαίως
961 4718 1313 4786 ἀπαλλάξεις·
1357 4720 1441 4773 δτι
1493 4736 1555 4773 τε
1604 4718 1867 4790 οὐδεμίαν

298 4808 483 4880 ἔχουσι
520 4808 724 4880 γνῶσιν
751 4811 851 4882 τῆς
878 4812 976 4882 σῆς
1017 4811 1219 4883 ἰσχύος,
1263 4810 1362 4865 καὶ
1393 4812 1476 4866 ὄτι
1514 4810 1691 4882 μάτην
1715 4810 1866 4881 ἡμᾶς

299 4900 570 4957 ἀδικοῦσι.

272 4995 277 5000 ’
305 5009 325 5044 ι
366 4993 567 5049 Κλῖνον
594 4992 731 5061 πρός
756 5010 824 5063 με
846 4993 907 5047 τὸ
938 4991 1034 5057 οῦς
1066 5010 1182 5051 σου.
1227 5014 1247 5046 ι

368 5083 680 5153 Τουτέστιν,
709 5084 785 5149 ὡς
811 5084 1031 5139 ἀσθενεῖ
1053 5085 1452 5156 συγκατάδηθι.
1486 5084 1680 5139 κλῖνον
1701 5083 1763 5140 τὸ
1782 5080 1878 5151 οῦς

301 5192 394 5228 σου
421 5175 498 5238 ὡς
521 5177 856 5249 ἁμαρτωλῷ,
898 5177 998 5230 καὶ
1027 5177 1104 5248 μὴ
1138 5177 1430 5249 δυναμένῳ
1458 5179 1558 5233 σὺν
1590 5179 1876 5251 παρρησίᾳ

300 5266 728 5337 προσεύξασθαι·
778 5268 836 5340 ἢ,
890 5268 950 5322 τὺ
1011 5268 1141 5337 γοῦν
1193 5268 1580 5341 ἀληθέστερον,
1631 5269 1874 5339 Εγγισον.

298 5357 436 5412 Οὐδὲ
462 5359 573 5429 γὰρ
607 5360 768 5432 ἡμεῖς
794 5359 1015 5430 ἐγγίσαι
1050 5358 1129 5431 τῷ
1166 5358 1286 5431 Θεῷ
1317 5359 1626 5432 χωροῦμεν,
1648 5359 1745 5415 ἐὰν
1778 5362 1876 5434 μὴ,

297 5460 328 5507 ο
351 5453 631 5525 πανταχοῦ
676 5452 890 5525 παρὼν,
918 5453 1085 5523 ἔγγὺς
1116 5451 1273 5524 ἡμῶν
1310 5452 1537 5524 γένηται
1558 5456 1624 5525 τῇ
1657 5470 1882 5525 συμπα-

300 5544 446 5617 θείᾳ.

372 5721 416 5753 “
442 5720 573 5779 Luc.
601 5738 665 5791 ιι,
692 5722 783 5779 29.
862 5724 907 5757 ⁵⁷
935 5721 1135 5780 Habac.
1162 5740 1219 5790 ιι,
1251 5724 1305 5780 5.

1982 543 2292 613 superiores
2312 552 2368 599 et
2398 552 2544 599 recte
2568 558 2726 615 agere
2763 546 3164 614 conspexerint.

2050 711 2212 770 Vens.
2238 717 2292 771 4.
2338 734 2359 767 ι
2392 718 2720 773 Avertantur
2743 720 2947 773 statim.
2983 738 3002 772 ι

2053 807 2272 874 Statim,
2294 808 2348 863 id
2370 818 2455 864 est
2483 809 2649 875 illico,
2675 820 2731 865 et
2758 811 2878 865 sine
2901 810 3179 867 dilatione.
3203 811 3351 878 Quos
3373 823 3553 868 autem

1978 896 2266 952 confestim
2290 898 2404 953 vult
2431 901 2793 956 erubescere?
2809 902 2914 968 Qui
2941 902 3134 957 dicunt
3160 920 3173 956 :
3199 902 3364 973 Euge,
3389 920 3554 974 euge;

1980 986 2033 1042 id
2053 998 2156 1052 est,
2170 989 2448 1055 irrisores,
2470 992 2798 1059 adulatores,
2815 994 3161 1064 impostores,
3183 995 3275 1065 qui
3297 1008 3553 1066 tanquam

1978 1078 2142 1145 bona,
2177 1093 2240 1133 ea
2288 1094 2411 1149 quae
2452 1082 2613 1137 noxia
2658 1094 2713 1138 et
2754 1084 3004 1139 mortaiia
3047 1095 3194 1150 sunt,
3227 1088 3549 1157 suscipiunt.

1980 1168 2364 1226 Verumtamen
2403 1172 2675 1241 spiritales
2703 1174 2921 1243 quidem
2950 1175 3199 1231 inimicos
3225 1178 3554 1232 erubescere

1976 1261 2241 1317 duntaxat
2266 1271 2322 1318 et
2343 1265 2536 1327 averti,
2574 1265 2681 1320 'sed
2706 1266 2992 1322 sensibiles
3019 1267 3140 1321 illos
3170 1282 3310 1321 cum-
3328 1267 3555 1321 festina»

1979 1353 2128 1408 tione
2169 1355 2340 1409 averti
2386 1356 2660 1428 νομιιείιί
2707 1358 2854 1412 enim
2901 1357 3074 1428 magis
3117 1358 3330 1423 lubrici,
3363 1365 3552 1427 utpote

1978 1452 2173 1500 natura
2209 1444 2422 1512 fratres,
2449 1457 2505 1502 et
2529 1448 2774 1518 ejusdem
2801 1449 3051 1521 generis,
3079 1458 3134 1504 et
3156 1450 3522 1505 contribules.

2048 1620 2208 1676 Vens.
2232 1622 2285 1675 5.
2331 1639 2351 1674 ι
2381 1620 2664 1678 Ειευίιεηι
2691 1632 2746 1676 ει
2768 1624 3041 1677 laetentur.
3073 1642 3115 1673 »-

2050 1710 2311 1781 Salutare_
2348 1712 2539 1769 Patris
2587 1722 2940 1784 nuncupatur
2998 1713 3287 1769 Christus:
3333 1712 3550 1784 in'ipso

1967 1800 2112 1855 enim
2140 1802 2603 1873 generisvbumani
2628 1804 2776 1859 salus
2806 1803 2945 1858 facta
2976 1811 3080 1858 est.
3120 1802 3276 1858 Unde
3330 1811 3387 1858 et
3450 1805 3541 1858 bi-

1967 1906 2135 1945 meon.
2152 1891 2430 1949 Christum
2460 1894 2517 1948 in
2545 1896 2701 1949 ulnas
2726 1894 3020 1964 excipiens
3044 1895 3182 1949 dixit
3216 1914 3230 1949 :
3268 1894 3423 1948 Nune
3462 1895 3547 1949 di.

1968 1983 2370 2039 mittis-servum
2452 1995 2620 2050 tuum,
2698 1984 2936 2048 Domine,
2992 1985 3277 2039 secundum
3337 1984 3551 2038 verbum

1966 2082 2137 2145 tuum.
2187 2076 2259 2128 in.
2291 2092 2443 2145 pace,
2502 2077 2631 2145 quia
2683 2077 2925 2130 viderunt
2989 2074 3128 2129 oculi
3170 2075 3272 2129 mei
3309 2074 3553 2131 salutare

1969 2173 2118 2218 tuum
2152 2167 2218 2222 ⁸⁸.
2278 2166 2383 2232 Qui
2439 2167 2602 2239 igitur
2642 2168 2881 2222 salutare
2937 2168 3041 2223 hoc
3062 2167 3312 2239 diligunt,
3333 2181 3551 2238 semper

1968 2256 2142 2311 Deum
2168 2259 2535 2329 magnificam,
2554 2260 2610 2315 id
2640 2267 2725 2315 est
2740 2258 3081 2331 gloriﬁcant;
3111 2259 3391 2330 quoniam,
3414 2259 3545 2314 reli-

1932 2394 1937 2397 κ
1970 2348 2073 2403 etis
2088 2348 2269 2417 idolis,
2292 2351 2461 2406 Deum
2514 2351 2956 2423 dilexerunt,qui
3007 2366 3136 2407 vere
3187 2349 3435 2406 Salvator
3460 2359 3546 2407 est

1969 2452 2033 2494 ac
2084 2437 2431 2513 Redemptor.

2039 2615 2199 2672 Vens.
2230 2618 2282 2672 7.
2312 2636 2331 2669 ι
2367 2618 2597 2690 Adjutor
2655 2635 2812 2675 meus
2867 2629 2923 2675 et
2976 2619 3234 2674 liberator
3276 2632 3433 2672 meus
3486 2631 3548 2671 es

1973 2714 2050 2760 tu.
2079 2725 2097 2758 t

2040 2797 2270 2866 Quando
2322 2802 2468 2857 enim
2531 2803 2678 2859 omni
2744 2804 2983 2859 humana
3019 2818 3122 2872 ope
3155 2803 3555 2868 enciderimus,~

1970 2895 2101 2943 tunc
2121 2884 2291 2943 Deum
2319 2905 2419 2960 pro
2442 2891 2698 2947 omnibus
2731 2891 3087 2962 reperiemus.
3120 2891 3390 2947 Fortassis
3417 2905 3561 2944 vero

1969 2977 2137 3034 etiam
2164 2992 2232 3033 ex
2260 2994 2494 3049 persona
2522 2981 2705 3052 populi
2729 2981 2972 3054 gentium
3004 2982 3122 3038 haec
3151 2982 3403 3038 edisserit
3422 2980 3547 3045 ;.cui

1970 3068 2136 3127 etiam
2159 3079 2307 3125 totus
2334 3071 2424 3127 hic
2443 3072 2688 3142 psalmus
2717 3073 3007 3136 convenit;
3039 3064 3258 3128 Christo
3283 3072 3544 3127 nimirum

1972 3162 2262 3218 invocante
2286 3164 2708 3221 etaccelerante
2745 3164 3028 3232 auxilium,
3068 3174 3230 3235 atque
3275 3164 3548 3234 spiritales

1973 3249 2247 3317 inimicos,
2281 3250 2496 3307 scilicet
2517 3253 2819 3319 daemonas,
2873 3252 2965 3323 qui
2995 3253 3155 3323 longo
3180 3261 3423 3321 tempore
3463 3260 3542 3321 ty-

1974 3337 2200 3391 rannice
2221 3352 2322 3392 nos
2346 3351 2753 3409 oppresserant,
2795 3338 3057 3394 confundi
3088 3339 3416 3410 postulante.
3447 3339 3546 3394 Hic

1974 3428 2212 3498 populus
2269 3444 2477 3501 egenus
2527 3438 2585 3485 et
2636 3444 2841 3499 pauper
2889 3421 2977 3484 cst'
3033 3447 3047 3482 :
3097 3446 3301 3502 egenus
3326 3431 3545 3501 quidem

1975 3530 2200 3589 propter
2227 3528 2531 3589 peccatum,
2570 3534 2776 3589 pauper
2835 3532 2968 3575 vero
3016 3530 3242 3589 promer
3293 3520 3545 3590 impieta-

1978 3615 2108 3664 tem.

2046 3699 2296 3770 Adjutor,
2330 3702 2787 3771 tanquam'fortis.
2826 3701 3108 3766 liberator,
3136 3699 3316 3769 utqui
3338 3711 3540 3755 semct-

1974 3789 2152 3860 ipsum
2203 3806 2371 3861 parvo
2403 3801 2644 3862 tempore
2690 3807 2788 3863 pro
2818 3792 2978 3848 nobis
3028 3791 3084 3846 in
3140 3792 3335 3862 pignus
3383 3792 3545 3846 morti

1974 3881 2206 3949 dederit,
2261 3890 2320 3937 ut
2371 3883 2743 3953 captivitatem
2796 3893 3044 3939 nostram
3097 3883 3408 3937 redimeret.
3465 3881 3546 3935 Ne

1975 3974 2293 4029 tardaveris.
2316 3974 2567 4030 Inﬁrmus
2595 3975 2740 4029 enim
2767 3976 2835 4031 ab
2849 3974 3108 4031 omnibus
3136 3973 3360 4029 medicis
3387 3974 3547 4043 depo-

1975 4062 2117 4118 situs
2140 4073 2242 4120 est.
2263 4065 2494 4135 Propter
2512 4065 2657 4135 quod
2676 4066 2843 4120 etiam
2870 4064 3126 4120 Habacuc
3154 4062 3284 4118 dicit
3314 4080 3326 4115 :
3353 4061 3547 4118 Adhuc

1974 4154 2269 4221 modicum,
2309 4156 2435 4226 quia
2453 4156 2661 4210 veniens
2682 4156 2872 4222 veniet,
2924 4165 2974 4210 et
3035 4170 3135 4208 non
3194 4153 3429 4207 tardabit
3462 4154 3545 4218 ‘7;

1974 4244 2271 4302 Salvatoris
2293 4246 2586 4303 adventum
2620 4246 2949 4303 accelerans.

2500 4359 2820 4417 PSALMUS
2858 4359 3020 4415 LXX.

2044 4451 2209 4507 Vens.
2239 4452 2296 4507 2.
2322 4468 2346 4503 ι
2372 4451 2432 4506 ln
2456 4450 2664 4521 iustitia
2693 4458 2785 4505 tua
2803 4451 2972 4508 libera
2996 4466 3104 4508 me.
3131 4470 3153 4504 ι

2043 4543 2277 4601 Pulchre
2300 4544 2370 4600 ad
2403 4544 2554 4609 illud,
2587 4559 2692 4597 non
2714 4545 3025 4616 confundor,
3057 4544 3302 4611 addit,in
3331 4542 3544 4613 justilia

1974 4649 2088 4691 tua.
2122 4636 2239 4693 Etsi
2265 4636 2410 4692 enim
2435 4637 2493 4692 in
2515 4644 2568 4692 te
2599 4636 2961 4706 peccaverim,
2987 4644 3169 4691 tamen
3201 4638 3269 4691 ab
3309 4634 3395 4690 his
3457 4649 3547 4688 me

1969 4727 2117 4799 iuste
2139 4728 2400 4784 liberabis
2423 4746 2436 4782 :
2464 4728 2593 4798 quia
2608 4729 2813 4784 nullam
2841 4728 3048 4784 habent
3083 4725 3424 4783 fortitudinis
3442 4731 3552 4778 tuae

1972 4819 2245 4886 notitiam,
2280 4827 2338 4875 et
2366 4827 2572 4876 temere
2586 4820 2744 4875 nobis
2771 4819 3024 4890 iniuriam
3059 4817 3297 4874 faciunt-

2051 5012 2071 5046 ι
2101 4992 2307 5050 lnclina
2325 4995 2394 5050 ad
2422 5012 2511 5051 me
2533 5012 2723 5051 aurem
2747 5004 2915 5050 tuam.
2957 5014 2987 5045 ι.

2048 5085 2106 5140 ld
2134 5093 2238 5152 est,
2264 5093 2518 5156 tanquam
2553 5088 2768 5142 infirmo
2796 5083 3198 5141 condescende.
3228 5082 3433 5138 inclina
3454 5097 3550 5136 au-

1978 5192 2092 5235 rem
2126 5187 2275 5233 tuam
2295 5187 2553 5247 tanquam
2592 5177 2883 5249 peccaturi,
2919 5181 2976 5230 et
3027 5188 3137 5228 non
3171 5172 3369 5227 valenti
3391 5187 3549 5227 orare

1979 5286 2104 5326 cum
2137 5267 2369 5333 ﬁducia;
2397 5269 2502 5334 vel,
2541 5268 2686 5338 quod
2754 5267 2937 5322 verius
2997 5272 3104 5329 est,
3147 5262 3546 5334 appropinqua.

1974 5361 2163 5433 Neque
2187 5360 2331 5416 enim
2362 5376 2464 5415 nos
2502 5360 2570 5414 ad
2622 5360 2793 5413 Deum
2849 5355 3292 5426 appr0pinquare
3348 5368 3549 5424 possu-

1978 5470 2117 5520 mus,
2151 5453 2256 5509 nisi
2292 5452 2360 5517 is,
2382 5450 2756 5522 qui-omnibus
2785 5462 3026 5518 praesens
3089 5446 3263 5515 adest,
3323 5444 3553 5518 propin‘

1979 5564 2119 5621 quus
2157 5546 2316 5603 nobis
2337 5545 2430 5601 ﬁat
2472 5559 2573 5616 per
2610 5540 3068 5611 compassioncm.
