  <div class='ocr_page' id='page_1' title='image "/cluster/home/n/w/nwhite01/storage/ocr_20150623/93/hvd.32044054128533/631.png"; bbox 0 0 4036 6200; ppageno 0'>
   <div class='ocr_carea' id='block_1_1' title="bbox 523 288 660 357">
    <p class='ocr_par' dir='ltr' id='par_1_1' title="bbox 523 288 660 357">
     <span class='ocr_line' id='line_1_1' title="bbox 523 288 660 357; baseline 0.015 -2"><span class='ocrx_word' id='word_1_1' title='bbox 523 288 660 357; x_wconf 75' lang='grc'>1235</span> 
     </span>
    </p>
   </div>
   <div class='ocr_carea' id='block_1_2' title="bbox 595 407 1955 485">
    <p class='ocr_par' dir='ltr' id='par_1_2' title="bbox 595 407 1955 485">
     <span class='ocr_line' id='line_1_2' title="bbox 595 407 1955 485; baseline 0.007 -24"><span class='ocrx_word' id='word_1_2' title='bbox 595 409 758 464; x_wconf 75' lang='lat' dir='ltr'><strong>Vens.</strong></span> <span class='ocrx_word' id='word_1_3' title='bbox 785 411 839 464; x_wconf 81' lang='lat'><strong>‘5.</strong></span> <span class='ocrx_word' id='word_1_4' title='bbox 866 430 886 461; x_wconf 71' lang='grc' dir='ltr'><strong>ο</strong></span> <span class='ocrx_word' id='word_1_5' title='bbox 911 407 1198 466; x_wconf 57' lang='grc' dir='ltr'>Εειοηωίιιί</span> <span class='ocrx_word' id='word_1_6' title='bbox 1228 413 1284 467; x_wconf 91' lang='lat' dir='ltr'><strong>in</strong></span> <span class='ocrx_word' id='word_1_7' title='bbox 1312 414 1483 468; x_wconf 88' lang='lat' dir='ltr'><strong>Deum</strong></span> <span class='ocrx_word' id='word_1_8' title='bbox 1502 425 1890 485; x_wconf 74' lang='lat' dir='ltr'><strong>protectorem.</strong></span> <span class='ocrx_word' id='word_1_9' title='bbox 1933 437 1955 470; x_wconf 64' lang='lat' dir='ltr'><strong>i</strong></span> 
     </span>
    </p>
   </div>
   <div class='ocr_carea' id='block_1_3' title="bbox 591 495 2092 574">
    <p class='ocr_par' dir='ltr' id='par_1_3' title="bbox 591 495 2092 574">
     <span class='ocr_line' id='line_1_3' title="bbox 591 495 2092 574; baseline 0.007 -24"><span class='ocrx_word' id='word_1_10' title='bbox 591 495 940 552; x_wconf 80' lang='lat' dir='ltr'><strong>Peccatorem</strong></span> <span class='ocrx_word' id='word_1_11' title='bbox 971 499 1216 569; x_wconf 86' lang='lat' dir='ltr'><strong>iniquum</strong></span> <span class='ocrx_word' id='word_1_12' title='bbox 1248 513 1302 557; x_wconf 88' lang='lat' dir='ltr'><strong>et</strong></span> <span class='ocrx_word' id='word_1_13' title='bbox 1322 502 1584 574; x_wconf 66' lang='lat' dir='ltr'><strong>iniustum</strong></span> <span class='ocrx_word' id='word_1_14' title='bbox 1606 517 1761 562; x_wconf 89' lang='lat' dir='ltr'><strong>vocat</strong></span> <span class='ocrx_word' id='word_1_15' title='bbox 1789 508 2092 572; x_wconf 81' lang='lat' dir='ltr'><strong>diabolum;</strong></span> 
     </span>
    </p>
   </div>
   <div class='ocr_carea' id='block_1_4' title="bbox 522 591 2096 668">
    <p class='ocr_par' dir='ltr' id='par_1_4' title="bbox 522 591 2096 668">
     <span class='ocr_line' id='line_1_4' title="bbox 522 591 2096 668; baseline 0.006 -25"><span class='ocrx_word' id='word_1_16' title='bbox 522 599 686 660; x_wconf 90' lang='lat' dir='ltr'><strong>atque</strong></span> <span class='ocrx_word' id='word_1_17' title='bbox 715 607 778 644; x_wconf 80' lang='lat' dir='ltr'><strong>ex</strong></span> <span class='ocrx_word' id='word_1_18' title='bbox 801 591 922 660; x_wconf 86' lang='lat' dir='ltr'><strong>ejus</strong></span> <span class='ocrx_word' id='word_1_19' title='bbox 957 607 1120 645; x_wconf 92' lang='lat' dir='ltr'><strong>manu</strong></span> <span class='ocrx_word' id='word_1_20' title='bbox 1155 594 1384 658; x_wconf 73' lang='lat' dir='ltr'><strong>(scilicet</strong></span> <span class='ocrx_word' id='word_1_21' title='bbox 1408 599 1639 666; x_wconf 84' lang='lat' dir='ltr'><strong>peccati,</strong></span> <span class='ocrx_word' id='word_1_22' title='bbox 1671 599 1817 668; x_wconf 90' lang='lat' dir='ltr'><strong>quod</strong></span> <span class='ocrx_word' id='word_1_23' title='bbox 1851 600 1907 652; x_wconf 90' lang='lat' dir='ltr'><strong>in</strong></span> <span class='ocrx_word' id='word_1_24' title='bbox 1959 599 2096 653; x_wconf 89' lang='lat' dir='ltr'><strong>insi-</strong></span> 
     </span>
    </p>
   </div>
   <div class='ocr_carea' id='block_1_5' title="bbox 523 684 2094 758">
    <p class='ocr_par' dir='ltr' id='par_1_5' title="bbox 523 684 2094 758">
     <span class='ocr_line' id='line_1_5' title="bbox 523 684 2094 758; baseline 0.005 -20"><span class='ocrx_word' id='word_1_25' title='bbox 523 684 626 739; x_wconf 87' lang='lat' dir='ltr'><strong>diis</strong></span> <span class='ocrx_word' id='word_1_26' title='bbox 650 686 780 739; x_wconf 80' lang='lat' dir='ltr'><strong>latet</strong></span> <span class='ocrx_word' id='word_1_27' title='bbox 803 686 1162 757; x_wconf 80' lang='lat' dir='ltr'><strong>voluptatum)</strong></span> <span class='ocrx_word' id='word_1_28' title='bbox 1197 690 1435 756; x_wconf 87' lang='lat' dir='ltr'><strong>postulat</strong></span> <span class='ocrx_word' id='word_1_29' title='bbox 1461 691 1698 748; x_wconf 88' lang='lat' dir='ltr'><strong>liberari.</strong></span> <span class='ocrx_word' id='word_1_30' title='bbox 1731 691 1888 758; x_wconf 85' lang='lat' dir='ltr'><strong>Quod</strong></span> <span class='ocrx_word' id='word_1_31' title='bbox 1905 693 1950 748; x_wconf 83' lang='lat' dir='ltr'><strong>si</strong></span> <span class='ocrx_word' id='word_1_32' title='bbox 1963 708 2094 747; x_wconf 84' lang='lat' dir='ltr'><strong>vero</strong></span> 
     </span>
    </p>
   </div>
   <div class='ocr_carea' id='block_1_6' title="bbox 519 775 2094 850">
    <p class='ocr_par' dir='ltr' id='par_1_6' title="bbox 519 775 2094 850">
     <span class='ocr_line' id='line_1_6' title="bbox 519 775 2094 850; baseline 0.004 -20"><span class='ocrx_word' id='word_1_33' title='bbox 519 775 682 830; x_wconf 84' lang='lat' dir='ltr'><strong>etiam</strong></span> <span class='ocrx_word' id='word_1_34' title='bbox 713 793 742 830; x_wconf 86' lang='lat' dir='ltr'><strong>a</strong></span> <span class='ocrx_word' id='word_1_35' title='bbox 777 777 1160 846; x_wconf 72' lang='lat' dir='ltr'><strong>peccatoribus</strong></span> <span class='ocrx_word' id='word_1_36' title='bbox 1189 779 1405 834; x_wconf 84' lang='lat' dir='ltr'><strong>liberari</strong></span> <span class='ocrx_word' id='word_1_37' title='bbox 1442 790 1609 850; x_wconf 85' lang='lat' dir='ltr'><strong>petat.</strong></span> <span class='ocrx_word' id='word_1_38' title='bbox 1644 783 1806 839; x_wconf 83' lang='lat' dir='ltr'><strong>etiam</strong></span> <span class='ocrx_word' id='word_1_39' title='bbox 1831 785 1936 839; x_wconf 84' lang='lat' dir='ltr'><strong>hoc</strong></span> <span class='ocrx_word' id='word_1_40' title='bbox 1963 784 2094 838; x_wconf 82' lang='lat' dir='ltr'><strong>bea-</strong></span> 
     </span>
    </p>
   </div>
   <div class='ocr_carea' id='block_1_7' title="bbox 524 867 2094 943">
    <p class='ocr_par' dir='ltr' id='par_1_7' title="bbox 524 867 2094 943">
     <span class='ocr_line' id='line_1_7' title="bbox 524 867 2094 943; baseline 0.003 -20"><span class='ocrx_word' id='word_1_41' title='bbox 524 878 635 923; x_wconf 89' lang='lat' dir='ltr'><strong>tum</strong></span> <span class='ocrx_word' id='word_1_42' title='bbox 674 880 778 924; x_wconf 79' lang='lat' dir='ltr'><strong>est.</strong></span> <span class='ocrx_word' id='word_1_43' title='bbox 811 867 952 922; x_wconf 83' lang='lat' dir='ltr'><strong>Nam</strong></span> <span class='ocrx_word' id='word_1_44' title='bbox 980 869 1027 926; x_wconf 75' lang='lat' dir='ltr'><strong>si</strong></span> <span class='ocrx_word' id='word_1_45' title='bbox 1053 870 1270 938; x_wconf 80' lang='lat' dir='ltr'><strong>quidem</strong></span> <span class='ocrx_word' id='word_1_46' title='bbox 1313 871 1569 928; x_wconf 86' lang='lat' dir='ltr'><strong>inimicus</strong></span> <span class='ocrx_word' id='word_1_47' title='bbox 1593 884 1850 943; x_wconf 85' lang='lat' dir='ltr'><strong>peccator</strong></span> <span class='ocrx_word' id='word_1_48' title='bbox 1882 875 1972 936; x_wconf 84' lang='lat' dir='ltr'><strong>sit.</strong></span> <span class='ocrx_word' id='word_1_49' title='bbox 1999 875 2094 928; x_wconf 85' lang='lat' dir='ltr'><strong>mi-</strong></span> 
     </span>
    </p>
   </div>
   <div class='ocr_carea' id='block_1_8' title="bbox 520 961 2088 1037">
    <p class='ocr_par' dir='ltr' id='par_1_8' title="bbox 520 961 2088 1037">
     <span class='ocr_line' id='line_1_8' title="bbox 520 961 2088 1037; baseline 0.003 -23"><span class='ocrx_word' id='word_1_50' title='bbox 520 961 668 1028; x_wconf 83' lang='lat' dir='ltr'><strong>nime</strong></span> <span class='ocrx_word' id='word_1_51' title='bbox 700 963 903 1033; x_wconf 85' lang='lat' dir='ltr'><strong>parcit;</strong></span> <span class='ocrx_word' id='word_1_52' title='bbox 953 962 1000 1017; x_wconf 89' lang='lat' dir='ltr'><strong>si</strong></span> <span class='ocrx_word' id='word_1_53' title='bbox 1026 979 1158 1018; x_wconf 83' lang='lat' dir='ltr'><strong>vero</strong></span> <span class='ocrx_word' id='word_1_54' title='bbox 1187 965 1418 1030; x_wconf 85' lang='lat' dir='ltr'><strong>amicus,</strong></span> <span class='ocrx_word' id='word_1_55' title='bbox 1445 966 1609 1020; x_wconf 89' lang='lat' dir='ltr'><strong>etia</strong></span> <span class='ocrx_word' id='word_1_56' title='bbox 1644 966 1724 1020; x_wconf 88' lang='lat' dir='ltr'><strong>sic</strong></span> <span class='ocrx_word' id='word_1_57' title='bbox 1744 967 1923 1037; x_wconf 79' lang='lat' dir='ltr'><strong>gravis</strong></span> <span class='ocrx_word' id='word_1_58' title='bbox 1954 976 2039 1021; x_wconf 88' lang='lat' dir='ltr'><strong>est</strong></span> <span class='ocrx_word' id='word_1_59' title='bbox 2075 982 2088 1018; x_wconf 90' lang='lat'><strong>:</strong></span> 
     </span>
    </p>
   </div>
   <div class='ocr_carea' id='block_1_9' title="bbox 521 1052 2091 1136">
    <p class='ocr_par' dir='ltr' id='par_1_9' title="bbox 521 1052 2091 1136">
     <span class='ocr_line' id='line_1_9' title="bbox 521 1052 2091 1136; baseline 0.003 -30"><span class='ocrx_word' id='word_1_60' title='bbox 521 1068 646 1106; x_wconf 82' lang='lat' dir='ltr'><strong>nam</strong></span> <span class='ocrx_word' id='word_1_61' title='bbox 707 1053 887 1123; x_wconf 78' lang='lat' dir='ltr'><strong>qualia</strong></span> <span class='ocrx_word' id='word_1_62' title='bbox 940 1052 1057 1123; x_wconf 89' lang='lat' dir='ltr'><strong>ipse</strong></span> <span class='ocrx_word' id='word_1_63' title='bbox 1107 1055 1373 1136; x_wconf 67' lang='lat' dir='ltr'><strong>nimirum</strong></span> <span class='ocrx_word' id='word_1_64' title='bbox 1425 1056 1887 1120; x_wconf 78' lang='lat' dir='ltr'><strong>comminiscitur,</strong></span> <span class='ocrx_word' id='word_1_65' title='bbox 1965 1056 2091 1110; x_wconf 83' lang='lat' dir='ltr'><strong>talia</strong></span> 
     </span>
    </p>
   </div>
   <div class='ocr_carea' id='block_1_10' title="bbox 523 1144 2091 1219">
    <p class='ocr_par' dir='ltr' id='par_1_10' title="bbox 523 1144 2091 1219">
     <span class='ocr_line' id='line_1_10' title="bbox 523 1144 2091 1219; baseline 0.004 -21"><span class='ocrx_word' id='word_1_66' title='bbox 523 1144 684 1199; x_wconf 86' lang='lat' dir='ltr'><strong>etiam</strong></span> <span class='ocrx_word' id='word_1_67' title='bbox 699 1144 890 1201; x_wconf 80' lang='lat' dir='ltr'><strong>amicis</strong></span> <span class='ocrx_word' id='word_1_68' title='bbox 913 1146 1124 1202; x_wconf 83' lang='lat' dir='ltr'><strong>suadet.</strong></span> <span class='ocrx_word' id='word_1_69' title='bbox 1157 1148 1200 1201; x_wconf 74' lang='grc' dir='ltr'>Α</span> <span class='ocrx_word' id='word_1_70' title='bbox 1232 1148 1700 1219; x_wconf 84' lang='lat' dir='ltr'><strong>peccatoreigitur</strong></span> <span class='ocrx_word' id='word_1_71' title='bbox 1719 1157 1827 1202; x_wconf 82' lang='lat' dir='ltr'><strong>tam</strong></span> <span class='ocrx_word' id='word_1_72' title='bbox 1863 1147 2091 1204; x_wconf 81' lang='lat' dir='ltr'><strong>inimico</strong></span> 
     </span>
    </p>
   </div>
   <div class='ocr_carea' id='block_1_11' title="bbox 519 1238 2092 1306">
    <p class='ocr_par' dir='ltr' id='par_1_11' title="bbox 519 1238 2092 1306">
     <span class='ocr_line' id='line_1_11' title="bbox 519 1238 2092 1306; baseline 0.003 -15"><span class='ocrx_word' id='word_1_73' title='bbox 519 1253 682 1305; x_wconf 89' lang='lat' dir='ltr'><strong>quam</strong></span> <span class='ocrx_word' id='word_1_74' title='bbox 743 1238 919 1294; x_wconf 89' lang='lat' dir='ltr'><strong>amico</strong></span> <span class='ocrx_word' id='word_1_75' title='bbox 977 1238 1143 1292; x_wconf 90' lang='lat' dir='ltr'><strong>etiam</strong></span> <span class='ocrx_word' id='word_1_76' title='bbox 1171 1241 1943 1306; x_wconf 84' lang='lat' dir='ltr'><strong>nosoremusliberari;cum</strong></span> <span class='ocrx_word' id='word_1_77' title='bbox 2003 1242 2092 1296; x_wconf 91' lang='lat' dir='ltr'><strong>hic</strong></span> 
     </span>
    </p>
   </div>
   <div class='ocr_carea' id='block_1_12' title="bbox 519 1323 2088 1400">
    <p class='ocr_par' dir='ltr' id='par_1_12' title="bbox 519 1323 2088 1400">
     <span class='ocr_line' id='line_1_12' title="bbox 519 1323 2088 1400; baseline 0.008 -26"><span class='ocrx_word' id='word_1_78' title='bbox 519 1323 740 1392; x_wconf 85' lang='lat' dir='ltr'><strong>quidem</strong></span> <span class='ocrx_word' id='word_1_79' title='bbox 777 1340 875 1394; x_wconf 92' lang='lat' dir='ltr'><strong>per</strong></span> <span class='ocrx_word' id='word_1_80' title='bbox 913 1325 1227 1390; x_wconf 75' lang='lat' dir='ltr'><strong>amicitiam,</strong></span> <span class='ocrx_word' id='word_1_81' title='bbox 1255 1327 1343 1382; x_wconf 89' lang='lat' dir='ltr'><strong>ille</strong></span> <span class='ocrx_word' id='word_1_82' title='bbox 1387 1343 1517 1383; x_wconf 86' lang='lat' dir='ltr'><strong>vero</strong></span> <span class='ocrx_word' id='word_1_83' title='bbox 1539 1345 1637 1398; x_wconf 86' lang='lat' dir='ltr'><strong>per</strong></span> <span class='ocrx_word' id='word_1_84' title='bbox 1666 1333 1967 1400; x_wconf 79' lang='lat' dir='ltr'><strong>potentiam</strong></span> <span class='ocrx_word' id='word_1_85' title='bbox 1993 1347 2088 1386; x_wconf 89' lang='lat' dir='ltr'><strong>seu</strong></span> 
     </span>
    </p>
   </div>
   <div class='ocr_carea' id='block_1_13' title="bbox 522 1412 2087 1488">
    <p class='ocr_par' dir='ltr' id='par_1_13' title="bbox 522 1412 2087 1488">
     <span class='ocr_line' id='line_1_13' title="bbox 522 1412 2087 1488; baseline 0.004 -21"><span class='ocrx_word' id='word_1_86' title='bbox 522 1412 856 1480; x_wconf 78' lang='lat' dir='ltr'><strong>violentiam,</strong></span> <span class='ocrx_word' id='word_1_87' title='bbox 897 1424 1126 1484; x_wconf 85' lang='lat' dir='ltr'><strong>uterque</strong></span> <span class='ocrx_word' id='word_1_88' title='bbox 1151 1425 1331 1470; x_wconf 86' lang='lat' dir='ltr'><strong>autem</strong></span> <span class='ocrx_word' id='word_1_89' title='bbox 1358 1418 1610 1486; x_wconf 83' lang='lat' dir='ltr'><strong>nequiter</strong></span> <span class='ocrx_word' id='word_1_90' title='bbox 1644 1429 1698 1472; x_wconf 89' lang='lat' dir='ltr'><strong>et</strong></span> <span class='ocrx_word' id='word_1_91' title='bbox 1748 1418 1935 1488; x_wconf 89' lang='lat' dir='ltr'><strong>inique</strong></span> <span class='ocrx_word' id='word_1_92' title='bbox 1985 1434 2087 1473; x_wconf 89' lang='lat' dir='ltr'><strong>no-</strong></span> 
     </span>
    </p>
   </div>
   <div class='ocr_carea' id='block_1_14' title="bbox 520 1513 659 1558">
    <p class='ocr_par' dir='ltr' id='par_1_14' title="bbox 520 1513 659 1558">
     <span class='ocr_line' id='line_1_14' title="bbox 520 1513 659 1558; baseline -0.014 0"><span class='ocrx_word' id='word_1_93' title='bbox 520 1513 659 1558; x_wconf 83' lang='lat' dir='ltr'><strong>ccat.</strong></span> 
     </span>
    </p>
   </div>
   <div class='ocr_carea' id='block_1_15' title="bbox 591 1591 1800 1666">
    <p class='ocr_par' dir='ltr' id='par_1_15' title="bbox 591 1591 1800 1666">
     <span class='ocr_line' id='line_1_15' title="bbox 591 1591 1800 1666; baseline 0.004 -21"><span class='ocrx_word' id='word_1_94' title='bbox 591 1591 754 1649; x_wconf 77' lang='lat' dir='ltr'><strong>Vens.</strong></span> <span class='ocrx_word' id='word_1_95' title='bbox 779 1595 831 1650; x_wconf 89' lang='lat'><strong>8.</strong></span> <span class='ocrx_word' id='word_1_96' title='bbox 872 1612 890 1646; x_wconf 77' lang='grc' dir='ltr'><strong>ι</strong></span> <span class='ocrx_word' id='word_1_97' title='bbox 925 1594 1220 1666; x_wconf 81' lang='lat' dir='ltr'><strong>Repleatur</strong></span> <span class='ocrx_word' id='word_1_98' title='bbox 1258 1612 1321 1652; x_wconf 83' lang='lat' dir='ltr'><strong>os</strong></span> <span class='ocrx_word' id='word_1_99' title='bbox 1357 1611 1536 1652; x_wconf 84' lang='lat' dir='ltr'><strong>meum</strong></span> <span class='ocrx_word' id='word_1_100' title='bbox 1561 1598 1740 1652; x_wconf 84' lang='lat' dir='ltr'><strong>laude.</strong></span> <span class='ocrx_word' id='word_1_101' title='bbox 1781 1617 1800 1650; x_wconf 77' lang='grc' dir='ltr'><strong>ο</strong></span> 
     </span>
    </p>
   </div>
   <div class='ocr_carea' id='block_1_16' title="bbox 588 1682 2081 1757">
    <p class='ocr_par' dir='ltr' id='par_1_16' title="bbox 588 1682 2081 1757">
     <span class='ocr_line' id='line_1_16' title="bbox 588 1682 2081 1757; baseline 0.001 -19"><span class='ocrx_word' id='word_1_102' title='bbox 588 1682 760 1739; x_wconf 71' lang='lat' dir='ltr'><strong>Nemo</strong></span> <span class='ocrx_word' id='word_1_103' title='bbox 787 1684 956 1739; x_wconf 81' lang='lat' dir='ltr'><strong>Deum</strong></span> <span class='ocrx_word' id='word_1_104' title='bbox 989 1686 1072 1739; x_wconf 86' lang='lat' dir='ltr'><strong>vel</strong></span> <span class='ocrx_word' id='word_1_105' title='bbox 1094 1701 1157 1740; x_wconf 88' lang='lat' dir='ltr'><strong>ea</strong></span> <span class='ocrx_word' id='word_1_106' title='bbox 1184 1701 1305 1755; x_wconf 75' lang='lat' dir='ltr'><strong>quae</strong></span> <span class='ocrx_word' id='word_1_107' title='bbox 1340 1685 1436 1740; x_wconf 83' lang='lat' dir='ltr'><strong>Dei</strong></span> <span class='ocrx_word' id='word_1_108' title='bbox 1455 1695 1584 1742; x_wconf 73' lang='lat' dir='ltr'><strong>sunt</strong></span> <span class='ocrx_word' id='word_1_109' title='bbox 1629 1687 1850 1741; x_wconf 88' lang='lat' dir='ltr'><strong>laudare</strong></span> <span class='ocrx_word' id='word_1_110' title='bbox 1881 1694 2081 1757; x_wconf 83' lang='lat' dir='ltr'><strong>potest,</strong></span> 
     </span>
    </p>
   </div>
   <div class='ocr_carea' id='block_1_17' title="bbox 1701 299 2588 365">
    <p class='ocr_par' dir='ltr' id='par_1_17' title="bbox 1701 299 2588 365">
     <span class='ocr_line' id='line_1_17' title="bbox 1701 299 2588 365; baseline 0.006 -6"><span class='ocrx_word' id='word_1_111' title='bbox 1701 299 2060 360; x_wconf 78' lang='lat' dir='ltr'><strong>HESYCHII</strong></span> <span class='ocrx_word' id='word_1_112' title='bbox 2117 303 2588 365; x_wconf 69' lang='lat' dir='ltr'><strong>PRESBYTER!</strong></span> 
     </span>
    </p>
   </div>
   <div class='ocr_carea' id='block_1_18' title="bbox 2123 417 3374 490">
    <p class='ocr_par' dir='ltr' id='par_1_18' title="bbox 2123 417 3374 490">
     <span class='ocr_line' id='line_1_18' title="bbox 2123 417 3374 490; baseline -0.002 -20"><span class='ocrx_word' id='word_1_113' title='bbox 2123 422 2170 480; x_wconf 74' lang='grc' dir='ltr'>Α</span> <span class='ocrx_word' id='word_1_114' title='bbox 2271 439 2293 470; x_wconf 75' lang='grc' dir='ltr'><strong>ε</strong></span> <span class='ocrx_word' id='word_1_115' title='bbox 2326 419 2492 473; x_wconf 78' lang='grc' dir='ltr'>Γενοῦ</span> <span class='ocrx_word' id='word_1_116' title='bbox 2522 436 2614 488; x_wconf 81' lang='grc' dir='ltr'><strong>μοι</strong></span> <span class='ocrx_word' id='word_1_117' title='bbox 2642 420 2724 482; x_wconf 82' lang='grc' dir='ltr'><strong>είς</strong></span> <span class='ocrx_word' id='word_1_118' title='bbox 2748 417 2881 472; x_wconf 71' lang='grc' dir='ltr'>Θεὸν</span> <span class='ocrx_word' id='word_1_119' title='bbox 2908 417 3374 490; x_wconf 67' lang='grc' dir='ltr'>ὑπερασπιστήνι.»</span> 
     </span>
    </p>
   </div>
   <div class='ocr_carea' id='block_1_19' title="bbox 3635 302 3799 367">
    <p class='ocr_par' dir='ltr' id='par_1_19' title="bbox 3635 302 3799 367">
     <span class='ocr_line' id='line_1_19' title="bbox 3635 302 3799 367; baseline 0.018 -3"><span class='ocrx_word' id='word_1_120' title='bbox 3635 302 3799 367; x_wconf 71' lang='lat'><strong>1236</strong></span> 
     </span>
    </p>
   </div>
   <div class='ocr_carea' id='block_1_20' title="bbox 2282 507 3795 583">
    <p class='ocr_par' dir='ltr' id='par_1_20' title="bbox 2282 507 3795 583">
     <span class='ocr_line' id='line_1_20' title="bbox 2282 507 3795 583; baseline -0.003 -17"><span class='ocrx_word' id='word_1_121' title='bbox 2282 511 2628 583; x_wconf 79' lang='grc' dir='ltr'>’Λμαρτωλὸν</span> <span class='ocrx_word' id='word_1_122' title='bbox 2681 510 2996 582; x_wconf 76' lang='grc' dir='ltr'>παράνομόν</span> <span class='ocrx_word' id='word_1_123' title='bbox 3031 527 3093 562; x_wconf 88' lang='grc' dir='ltr'><strong>τε</strong></span> <span class='ocrx_word' id='word_1_124' title='bbox 3129 510 3223 563; x_wconf 80' lang='grc' dir='ltr'>καὶ</span> <span class='ocrx_word' id='word_1_125' title='bbox 3251 509 3440 563; x_wconf 74' lang='grc' dir='ltr'>ἄδικον</span> <span class='ocrx_word' id='word_1_126' title='bbox 3463 507 3627 562; x_wconf 63' lang='grc' dir='ltr'>καλεῖ</span> <span class='ocrx_word' id='word_1_127' title='bbox 3681 507 3795 562; x_wconf 69' lang='grc' dir='ltr'>τὸν</span> 
     </span>
    </p>
   </div>
   <div class='ocr_carea' id='block_1_21' title="bbox 2194 601 3791 674">
    <p class='ocr_par' dir='ltr' id='par_1_21' title="bbox 2194 601 3791 674">
     <span class='ocr_line' id='line_1_21' title="bbox 2194 601 3791 674; baseline -0.001 -16"><span class='ocrx_word' id='word_1_128' title='bbox 2194 604 2460 659; x_wconf 75' lang='grc' dir='ltr'>διάϐολονο</span> <span class='ocrx_word' id='word_1_129' title='bbox 2491 605 2555 657; x_wconf 83' lang='grc' dir='ltr'>ἐκ</span> <span class='ocrx_word' id='word_1_130' title='bbox 2603 604 2784 674; x_wconf 85' lang='grc' dir='ltr'>χειρός</span> <span class='ocrx_word' id='word_1_131' title='bbox 2814 620 2874 656; x_wconf 91' lang='grc' dir='ltr'>τε</span> <span class='ocrx_word' id='word_1_132' title='bbox 2903 601 3068 656; x_wconf 81' lang='grc' dir='ltr'>αὐτοῦ</span> <span class='ocrx_word' id='word_1_133' title='bbox 3111 601 3374 673; x_wconf 74' lang='grc' dir='ltr'>ῥυσθῆναι</span> <span class='ocrx_word' id='word_1_134' title='bbox 3411 601 3635 671; x_wconf 70' lang='grc' dir='ltr'>(δηλαδὴ</span> <span class='ocrx_word' id='word_1_135' title='bbox 3670 601 3791 666; x_wconf 78' lang='grc' dir='ltr'>τῆς</span> 
     </span>
    </p>
   </div>
   <div class='ocr_carea' id='block_1_22' title="bbox 2196 692 3789 766">
    <p class='ocr_par' dir='ltr' id='par_1_22' title="bbox 2196 692 3789 766">
     <span class='ocr_line' id='line_1_22' title="bbox 2196 692 3789 766; baseline -0.003 -18"><span class='ocrx_word' id='word_1_136' title='bbox 2196 695 2493 766; x_wconf 85' lang='grc' dir='ltr'>ἁμαρτίας,</span> <span class='ocrx_word' id='word_1_137' title='bbox 2534 694 2601 765; x_wconf 80' lang='grc' dir='ltr'>ἢν</span> <span class='ocrx_word' id='word_1_138' title='bbox 2653 696 2710 747; x_wconf 79' lang='grc' dir='ltr'>ὲν</span> <span class='ocrx_word' id='word_1_139' title='bbox 2737 697 2862 759; x_wconf 86' lang='grc' dir='ltr'>ταῖς</span> <span class='ocrx_word' id='word_1_140' title='bbox 2897 693 3204 764; x_wconf 74' lang='grc' dir='ltr'>μεθοδείαις</span> <span class='ocrx_word' id='word_1_141' title='bbox 3249 694 3366 764; x_wconf 72' lang='grc' dir='ltr'><strong>ἔχει</strong></span> <span class='ocrx_word' id='word_1_142' title='bbox 3399 692 3510 746; x_wconf 85' lang='grc' dir='ltr'><strong>τῶν</strong></span> <span class='ocrx_word' id='word_1_143' title='bbox 3536 692 3789 763; x_wconf 70' lang='grc' dir='ltr'>ἡδονῶν)</span> 
     </span>
    </p>
   </div>
   <div class='ocr_carea' id='block_1_23' title="bbox 2195 784 3792 858">
    <p class='ocr_par' dir='ltr' id='par_1_23' title="bbox 2195 784 3792 858">
     <span class='ocr_line' id='line_1_23' title="bbox 2195 784 3792 858; baseline -0.002 -19"><span class='ocrx_word' id='word_1_144' title='bbox 2195 786 2588 858; x_wconf 73' lang='grc' dir='ltr'><strong>προσεύχεται.</strong></span> <span class='ocrx_word' id='word_1_145' title='bbox 2623 787 2687 842; x_wconf 76' lang='lat' dir='ltr'><strong>El</strong></span> <span class='ocrx_word' id='word_1_146' title='bbox 2713 787 2772 840; x_wconf 78' lang='grc' dir='ltr'>δὲ</span> <span class='ocrx_word' id='word_1_147' title='bbox 2796 787 2893 841; x_wconf 75' lang='grc' dir='ltr'>καὶ</span> <span class='ocrx_word' id='word_1_148' title='bbox 2917 785 3222 858; x_wconf 73' lang='grc' dir='ltr'>ἀνθρώπιον</span> <span class='ocrx_word' id='word_1_149' title='bbox 3259 784 3604 856; x_wconf 78' lang='grc' dir='ltr'>ἁμαρτωλῶ</span> <span class='ocrx_word' id='word_1_150' title='bbox 3619 785 3792 851; x_wconf 75' lang='grc' dir='ltr'>λέγει</span> 
     </span>
    </p>
   </div>
   <div class='ocr_carea' id='block_1_24' title="bbox 2195 876 3792 949">
    <p class='ocr_par' dir='ltr' id='par_1_24' title="bbox 2195 876 3792 949">
     <span class='ocr_line' id='line_1_24' title="bbox 2195 876 3792 949; baseline -0.002 -18"><span class='ocrx_word' id='word_1_151' title='bbox 2195 879 2486 949; x_wconf 81' lang='grc' dir='ltr'>ρυσθῆναι,</span> <span class='ocrx_word' id='word_1_152' title='bbox 2519 878 2618 932; x_wconf 71' lang='grc' dir='ltr'>καὶ</span> <span class='ocrx_word' id='word_1_153' title='bbox 2654 877 2812 931; x_wconf 82' lang='grc' dir='ltr'>τοῦτο</span> <span class='ocrx_word' id='word_1_154' title='bbox 2863 878 3158 949; x_wconf 85' lang='grc' dir='ltr'>μακάριον.</span> <span class='ocrx_word' id='word_1_155' title='bbox 3189 877 3251 930; x_wconf 82' lang='lat' dir='ltr'><strong>El</strong></span> <span class='ocrx_word' id='word_1_156' title='bbox 3279 877 3380 947; x_wconf 69' lang='grc' dir='ltr'>μὲν</span> <span class='ocrx_word' id='word_1_157' title='bbox 3419 876 3532 947; x_wconf 80' lang='grc' dir='ltr'>γὰρ</span> <span class='ocrx_word' id='word_1_158' title='bbox 3573 876 3792 946; x_wconf 69' lang='grc' dir='ltr'>ἐχθρὸς</span> 
     </span>
    </p>
   </div>
   <div class='ocr_carea' id='block_1_25' title="bbox 2193 967 3791 1041">
    <p class='ocr_par' dir='ltr' id='par_1_25' title="bbox 2193 967 3791 1041">
     <span class='ocr_line' id='line_1_25' title="bbox 2193 967 3791 1041; baseline -0.003 -17"><span class='ocrx_word' id='word_1_159' title='bbox 2193 972 2222 1024; x_wconf 84' lang='grc' dir='ltr'>ὁ</span> <span class='ocrx_word' id='word_1_160' title='bbox 2269 969 2616 1041; x_wconf 78' lang='grc' dir='ltr'>ἁμαρτωλὸς,</span> <span class='ocrx_word' id='word_1_161' title='bbox 2663 969 2724 1023; x_wconf 88' lang='grc' dir='ltr'><strong>ού</strong></span> <span class='ocrx_word' id='word_1_162' title='bbox 2776 970 3042 1038; x_wconf 77' lang='grc' dir='ltr'><strong>φείδεται·</strong></span> <span class='ocrx_word' id='word_1_163' title='bbox 3087 970 3136 1022; x_wconf 77' lang='grc' dir='ltr'><strong>εί</strong></span> <span class='ocrx_word' id='word_1_164' title='bbox 3173 967 3230 1020; x_wconf 78' lang='grc' dir='ltr'>δὲ</span> <span class='ocrx_word' id='word_1_165' title='bbox 3257 968 3431 1036; x_wconf 79' lang='grc' dir='ltr'>φίλος,</span> <span class='ocrx_word' id='word_1_166' title='bbox 3470 968 3644 1039; x_wconf 75' lang='grc' dir='ltr'>βαρὺς</span> <span class='ocrx_word' id='word_1_167' title='bbox 3681 968 3791 1020; x_wconf 79' lang='grc' dir='ltr'>καὶ</span> 
     </span>
    </p>
   </div>
   <div class='ocr_carea' id='block_1_26' title="bbox 2192 1057 3792 1133">
    <p class='ocr_par' dir='ltr' id='par_1_26' title="bbox 2192 1057 3792 1133">
     <span class='ocr_line' id='line_1_26' title="bbox 2192 1057 3792 1133; baseline -0.004 -17"><span class='ocrx_word' id='word_1_168' title='bbox 2192 1063 2387 1127; x_wconf 78' lang='grc' dir='ltr'>οὕτως’</span> <span class='ocrx_word' id='word_1_169' title='bbox 2413 1057 2505 1116; x_wconf 80' lang='grc' dir='ltr'><strong>οἷα</strong></span> <span class='ocrx_word' id='word_1_170' title='bbox 2532 1063 2644 1132; x_wconf 72' lang='grc' dir='ltr'>γὰρ</span> <span class='ocrx_word' id='word_1_171' title='bbox 2678 1062 2840 1125; x_wconf 84' lang='grc' dir='ltr'>αὐτὸς</span> <span class='ocrx_word' id='word_1_172' title='bbox 2884 1062 2992 1133; x_wconf 81' lang='grc' dir='ltr'>ἄρα</span> <span class='ocrx_word' id='word_1_173' title='bbox 3030 1059 3408 1130; x_wconf 80' lang='grc' dir='ltr'>συμϐουλεύει,</span> <span class='ocrx_word' id='word_1_174' title='bbox 3443 1063 3557 1122; x_wconf 83' lang='grc' dir='ltr'>τοῖς</span> <span class='ocrx_word' id='word_1_175' title='bbox 3593 1059 3792 1128; x_wconf 79' lang='grc' dir='ltr'><strong>φίλοις</strong></span> 
     </span>
    </p>
   </div>
   <div class='ocr_carea' id='block_1_27' title="bbox 2192 1149 3792 1225">
    <p class='ocr_par' dir='ltr' id='par_1_27' title="bbox 2192 1149 3792 1225">
     <span class='ocr_line' id='line_1_27' title="bbox 2192 1149 3792 1225; baseline -0.004 -16"><span class='ocrx_word' id='word_1_176' title='bbox 2192 1157 2288 1209; x_wconf 55' lang='lat' dir='ltr'><strong>ita).</strong></span> <span class='ocrx_word' id='word_1_177' title='bbox 2320 1153 2710 1225; x_wconf 76' lang='grc' dir='ltr'>προτρέπεται.</span> <span class='ocrx_word' id='word_1_178' title='bbox 2758 1151 3114 1223; x_wconf 72' lang='grc' dir='ltr'>’Ᾱμαρτωλοῦ</span> <span class='ocrx_word' id='word_1_179' title='bbox 3141 1150 3321 1204; x_wconf 87' lang='grc' dir='ltr'>τοίνυν</span> <span class='ocrx_word' id='word_1_180' title='bbox 3356 1149 3553 1222; x_wconf 76' lang='grc' dir='ltr'>ἐχθροῦ</span> <span class='ocrx_word' id='word_1_181' title='bbox 3584 1166 3646 1202; x_wconf 85' lang='grc' dir='ltr'>τε</span> <span class='ocrx_word' id='word_1_182' title='bbox 3681 1151 3792 1203; x_wconf 70' lang='grc' dir='ltr'>καὶ</span> 
     </span>
    </p>
   </div>
   <div class='ocr_carea' id='block_1_28' title="bbox 2192 1239 3790 1312">
    <p class='ocr_par' dir='ltr' id='par_1_28' title="bbox 2192 1239 3790 1312">
     <span class='ocr_line' id='line_1_28' title="bbox 2192 1239 3790 1312; baseline -0.002 -17"><span class='ocrx_word' id='word_1_183' title='bbox 2192 1243 2347 1312; x_wconf 75' lang='grc' dir='ltr'>φίλου</span> <span class='ocrx_word' id='word_1_184' title='bbox 2395 1241 2659 1312; x_wconf 81' lang='grc' dir='ltr'>ῥυσθῆναι</span> <span class='ocrx_word' id='word_1_185' title='bbox 2707 1241 2801 1294; x_wconf 82' lang='grc' dir='ltr'>καὶ</span> <span class='ocrx_word' id='word_1_186' title='bbox 2842 1243 3008 1311; x_wconf 78' lang='grc' dir='ltr'>ἡμεῖς</span> <span class='ocrx_word' id='word_1_187' title='bbox 3040 1239 3492 1312; x_wconf 69' lang='grc' dir='ltr'><strong>προοευίξώι.ιεθα⁸</strong></span> <span class='ocrx_word' id='word_1_188' title='bbox 3519 1240 3619 1293; x_wconf 88' lang='grc' dir='ltr'><strong>τοῦ</strong></span> <span class='ocrx_word' id='word_1_189' title='bbox 3673 1239 3790 1308; x_wconf 70' lang='grc' dir='ltr'>μὲν</span> 
     </span>
    </p>
   </div>
   <div class='ocr_carea' id='block_1_29' title="bbox 2189 1333 3790 1406">
    <p class='ocr_par' dir='ltr' id='par_1_29' title="bbox 2189 1333 3790 1406">
     <span class='ocr_line' id='line_1_29' title="bbox 2189 1333 3790 1406; baseline -0.002 -17"><span class='ocrx_word' id='word_1_190' title='bbox 2189 1336 2277 1390; x_wconf 76' lang='grc' dir='ltr'><strong>διὰ</strong></span> <span class='ocrx_word' id='word_1_191' title='bbox 2315 1335 2520 1406; x_wconf 79' lang='grc' dir='ltr'>φιλίας,</span> <span class='ocrx_word' id='word_1_192' title='bbox 2540 1334 2634 1388; x_wconf 87' lang='grc' dir='ltr'><strong>τοῦ</strong></span> <span class='ocrx_word' id='word_1_193' title='bbox 2667 1335 2724 1388; x_wconf 79' lang='grc' dir='ltr'>δὲ</span> <span class='ocrx_word' id='word_1_194' title='bbox 2754 1335 3099 1400; x_wconf 77' lang='grc' dir='ltr'><strong>δυναστείας,</strong></span> <span class='ocrx_word' id='word_1_195' title='bbox 3125 1335 3395 1404; x_wconf 69' lang='grc' dir='ltr'>ἑκατέρας</span> <span class='ocrx_word' id='word_1_196' title='bbox 3425 1333 3618 1388; x_wconf 80' lang='grc' dir='ltr'>ἀδίκου</span> <span class='ocrx_word' id='word_1_197' title='bbox 3680 1335 3790 1387; x_wconf 78' lang='grc' dir='ltr'>καὶ</span> 
     </span>
    </p>
   </div>
   <div class='ocr_carea' id='block_1_30' title="bbox 2191 1426 2881 1499">
    <p class='ocr_par' dir='ltr' id='par_1_30' title="bbox 2191 1426 2881 1499">
     <span class='ocr_line' id='line_1_30' title="bbox 2191 1426 2881 1499; baseline 0 -19"><span class='ocrx_word' id='word_1_198' title='bbox 2191 1428 2515 1499; x_wconf 80' lang='grc' dir='ltr'>παρανόμου·</span> <span class='ocrx_word' id='word_1_199' title='bbox 2536 1426 2881 1497; x_wconf 78' lang='grc' dir='ltr'>βλάπτοντος.</span> 
     </span>
    </p>
   </div>
   <div class='ocr_carea' id='block_1_31' title="bbox 2263 1599 3470 1671">
    <p class='ocr_par' dir='ltr' id='par_1_31' title="bbox 2263 1599 3470 1671">
     <span class='ocr_line' id='line_1_31' title="bbox 2263 1599 3470 1671; baseline -0.002 -19"><span class='ocrx_word' id='word_1_200' title='bbox 2263 1619 2281 1652; x_wconf 77' lang='grc' dir='ltr'><strong>ι</strong></span> <span class='ocrx_word' id='word_1_201' title='bbox 2323 1600 2678 1671; x_wconf 75' lang='grc' dir='ltr'>Πληρωθήτω</span> <span class='ocrx_word' id='word_1_202' title='bbox 2701 1599 2763 1652; x_wconf 86' lang='grc' dir='ltr'><strong>τδ</strong></span> <span class='ocrx_word' id='word_1_203' title='bbox 2793 1601 2968 1671; x_wconf 86' lang='grc' dir='ltr'>στόμα</span> <span class='ocrx_word' id='word_1_204' title='bbox 3005 1617 3108 1668; x_wconf 85' lang='grc' dir='ltr'><strong>μου</strong></span> <span class='ocrx_word' id='word_1_205' title='bbox 3132 1599 3414 1662; x_wconf 75' lang='grc' dir='ltr'>αινέσεως.</span> <span class='ocrx_word' id='word_1_206' title='bbox 3449 1616 3470 1650; x_wconf 65' lang='grc' dir='ltr'><strong>ι</strong></span> 
     </span>
    </p>
   </div>
   <div class='ocr_carea' id='block_1_32' title="bbox 2259 1685 3784 1762">
    <p class='ocr_par' dir='ltr' id='par_1_32' title="bbox 2259 1685 3784 1762">
     <span class='ocr_line' id='line_1_32' title="bbox 2259 1685 3784 1762; baseline -0.004 -17"><span class='ocrx_word' id='word_1_207' title='bbox 2259 1692 2450 1755; x_wconf 74' lang='grc' dir='ltr'>Οὐδεὶς</span> <span class='ocrx_word' id='word_1_208' title='bbox 2496 1691 2738 1762; x_wconf 80' lang='grc' dir='ltr'>ὑμνῆσαι</span> <span class='ocrx_word' id='word_1_209' title='bbox 2772 1688 2864 1743; x_wconf 77' lang='grc' dir='ltr'>τὸν</span> <span class='ocrx_word' id='word_1_210' title='bbox 2908 1688 3044 1743; x_wconf 76' lang='grc' dir='ltr'>Θεὸν</span> <span class='ocrx_word' id='word_1_211' title='bbox 3071 1688 3194 1742; x_wconf 79' lang='grc' dir='ltr'>οὐδὲ</span> <span class='ocrx_word' id='word_1_212' title='bbox 3236 1687 3306 1740; x_wconf 81' lang='grc' dir='ltr'>τὰ</span> <span class='ocrx_word' id='word_1_213' title='bbox 3332 1687 3423 1741; x_wconf 81' lang='grc' dir='ltr'><strong>τοῦ</strong></span> <span class='ocrx_word' id='word_1_214' title='bbox 3451 1685 3620 1750; x_wconf 88' lang='grc' dir='ltr'>Θεοῦ,</span> <span class='ocrx_word' id='word_1_215' title='bbox 3679 1686 3784 1740; x_wconf 65' lang='grc' dir='ltr'><strong>ἐὰν</strong></span> 
     </span>
    </p>
   </div>
   <div class='ocr_carea' id='block_1_33' title="bbox 521 1752 2082 1856">
    <p class='ocr_par' dir='ltr' id='par_1_33' title="bbox 521 1752 2082 1847">
     <span class='ocr_line' id='line_1_33' title="bbox 521 1752 2082 1847; baseline 0.002 -18"><span class='ocrx_word' id='word_1_216' title='bbox 521 1775 626 1832; x_wconf 86' lang='lat' dir='ltr'><strong>nisi</strong></span> <span class='ocrx_word' id='word_1_217' title='bbox 650 1776 719 1831; x_wconf 87' lang='lat' dir='ltr'><strong>ab</strong></span> <span class='ocrx_word' id='word_1_218' title='bbox 750 1776 868 1846; x_wconf 90' lang='lat' dir='ltr'><strong>ipso</strong></span> <span class='ocrx_word' id='word_1_219' title='bbox 897 1777 1166 1847; x_wconf 83' lang='lat' dir='ltr'><strong>sapientia</strong></span> <span class='ocrx_word' id='word_1_220' title='bbox 1200 1752 1260 1831; x_wconf 76' lang='lat' dir='ltr'><strong>et</strong></span> <span class='ocrx_word' id='word_1_221' title='bbox 1285 1777 1443 1832; x_wconf 84' lang='lat' dir='ltr'><strong>laude</strong></span> <span class='ocrx_word' id='word_1_222' title='bbox 1468 1778 1708 1847; x_wconf 78' lang='lat' dir='ltr'><strong>repletus</strong></span> <span class='ocrx_word' id='word_1_223' title='bbox 1729 1752 1915 1832; x_wconf 71' lang='lat' dir='ltr'><strong>fuerit.</strong></span> <span class='ocrx_word' id='word_1_224' title='bbox 1940 1776 2082 1843; x_wconf 89' lang='lat' dir='ltr'><strong>Quid</strong></span> 
     </span>
    </p>
   </div>
   <div class='ocr_carea' id='block_1_34' title="bbox 2196 1752 3782 1856">
    <p class='ocr_par' dir='ltr' id='par_1_34' title="bbox 2196 1752 3782 1856">
     <span class='ocr_line' id='line_1_34' title="bbox 2196 1752 3782 1856; baseline -0.003 -19"><span class='ocrx_word' id='word_1_225' title='bbox 2196 1785 2267 1856; x_wconf 81' lang='grc' dir='ltr'>μὴ</span> <span class='ocrx_word' id='word_1_226' title='bbox 2289 1752 2550 1854; x_wconf 67' lang='grc' dir='ltr'>πληρωθῇ</span> <span class='ocrx_word' id='word_1_227' title='bbox 2573 1752 2702 1852; x_wconf 72' lang='grc' dir='ltr'>παρ’</span> <span class='ocrx_word' id='word_1_228' title='bbox 2723 1780 2891 1836; x_wconf 83' lang='grc' dir='ltr'>αὐτοῦ</span> <span class='ocrx_word' id='word_1_229' title='bbox 2916 1780 3104 1849; x_wconf 79' lang='grc' dir='ltr'>σοφίας</span> <span class='ocrx_word' id='word_1_230' title='bbox 3120 1781 3501 1844; x_wconf 71' lang='grc' dir='ltr'>καὶαίνέσεως,</span> <span class='ocrx_word' id='word_1_231' title='bbox 3515 1778 3782 1833; x_wconf 83' lang='grc' dir='ltr'>δύναται.</span> 
     </span>
    </p>
   </div>
   <div class='ocr_carea' id='block_1_35' title="bbox 520 1868 2082 1940">
    <p class='ocr_par' dir='ltr' id='par_1_35' title="bbox 520 1868 2082 1940">
     <span class='ocr_line' id='line_1_35' title="bbox 520 1868 2082 1940; baseline 0 -18"><span class='ocrx_word' id='word_1_232' title='bbox 520 1883 680 1938; x_wconf 88' lang='lat' dir='ltr'><strong>porro</strong></span> <span class='ocrx_word' id='word_1_233' title='bbox 708 1868 930 1924; x_wconf 86' lang='lat' dir='ltr'><strong>laudare</strong></span> <span class='ocrx_word' id='word_1_234' title='bbox 951 1869 1136 1938; x_wconf 82' lang='lat' dir='ltr'><strong>cupit?</strong></span> <span class='ocrx_word' id='word_1_235' title='bbox 1163 1869 1256 1923; x_wconf 87' lang='lat' dir='ltr'><strong>Dei</strong></span> <span class='ocrx_word' id='word_1_236' title='bbox 1277 1870 1502 1940; x_wconf 75' lang='lat' dir='ltr'><strong>gloriam</strong></span> <span class='ocrx_word' id='word_1_237' title='bbox 1521 1880 1580 1923; x_wconf 89' lang='lat' dir='ltr'><strong>et</strong></span> <span class='ocrx_word' id='word_1_238' title='bbox 1606 1869 2082 1940; x_wconf 68' lang='lat' dir='ltr'><strong>magnificentiam;</strong></span> 
     </span>
    </p>
   </div>
   <div class='ocr_carea' id='block_1_36' title="bbox 517 1961 2081 2051">
    <p class='ocr_par' dir='ltr' id='par_1_36' title="bbox 517 1961 2081 2051">
     <span class='ocr_line' id='line_1_36' title="bbox 517 1961 2081 2051; baseline 0 -37"><span class='ocrx_word' id='word_1_239' title='bbox 517 1961 569 2015; x_wconf 89' lang='lat' dir='ltr'><strong>id</strong></span> <span class='ocrx_word' id='word_1_240' title='bbox 609 1970 694 2017; x_wconf 86' lang='lat' dir='ltr'><strong>est</strong></span> <span class='ocrx_word' id='word_1_241' title='bbox 719 1961 985 2032; x_wconf 81' lang='lat' dir='ltr'><strong>magnalia</strong></span> <span class='ocrx_word' id='word_1_242' title='bbox 1012 1961 1128 2025; x_wconf 86' lang='lat' dir='ltr'><strong>Dei,</strong></span> <span class='ocrx_word' id='word_1_243' title='bbox 1156 1969 1212 2015; x_wconf 89' lang='lat' dir='ltr'><strong>et</strong></span> <span class='ocrx_word' id='word_1_244' title='bbox 1259 1961 1519 2017; x_wconf 81' lang='lat' dir='ltr'><strong>miracula</strong></span> <span class='ocrx_word' id='word_1_245' title='bbox 1567 1962 1722 2016; x_wconf 84' lang='lat' dir='ltr'><strong>valde</strong></span> <span class='ocrx_word' id='word_1_246' title='bbox 1766 1961 2081 2051; x_wconf 51' lang='lat' dir='ltr'><strong>gloriiieaIa,</strong></span> 
     </span>
    </p>
   </div>
   <div class='ocr_carea' id='block_1_37' title="bbox 514 2053 2080 2125">
    <p class='ocr_par' dir='ltr' id='par_1_37' title="bbox 514 2053 2080 2125">
     <span class='ocr_line' id='line_1_37' title="bbox 514 2053 2080 2125; baseline -0.001 -17"><span class='ocrx_word' id='word_1_247' title='bbox 514 2055 582 2108; x_wconf 84' lang='lat' dir='ltr'><strong>de</strong></span> <span class='ocrx_word' id='word_1_248' title='bbox 611 2053 812 2122; x_wconf 80' lang='lat' dir='ltr'><strong>quibus</strong></span> <span class='ocrx_word' id='word_1_249' title='bbox 837 2053 975 2108; x_wconf 83' lang='lat' dir='ltr'><strong>dixit</strong></span> <span class='ocrx_word' id='word_1_250' title='bbox 1010 2069 1024 2105; x_wconf 85' lang='lat'><strong>:</strong></span> <span class='ocrx_word' id='word_1_251' title='bbox 1057 2053 1234 2117; x_wconf 72' lang='lat' dir='ltr'><strong>Qum</strong></span> <span class='ocrx_word' id='word_1_252' title='bbox 1253 2054 1595 2125; x_wconf 68' lang='lat' dir='ltr'><strong>magniﬁcam</strong></span> <span class='ocrx_word' id='word_1_253' title='bbox 1616 2064 1737 2108; x_wconf 75' lang='lat' dir='ltr'><strong>sunt</strong></span> <span class='ocrx_word' id='word_1_254' title='bbox 1771 2071 1932 2118; x_wconf 82' lang='lat' dir='ltr'><strong>opera</strong></span> <span class='ocrx_word' id='word_1_255' title='bbox 1965 2063 2080 2118; x_wconf 82' lang='lat' dir='ltr'><strong>tua,</strong></span> 
     </span>
    </p>
   </div>
   <div class='ocr_carea' id='block_1_38' title="bbox 514 2146 1625 2216">
    <p class='ocr_par' dir='ltr' id='par_1_38' title="bbox 514 2146 1625 2216">
     <span class='ocr_line' id='line_1_38' title="bbox 514 2146 1625 2216; baseline 0 -16"><span class='ocrx_word' id='word_1_256' title='bbox 514 2146 736 2200; x_wconf 81' lang='lat' dir='ltr'><strong>Domine</strong></span> <span class='ocrx_word' id='word_1_257' title='bbox 766 2147 980 2199; x_wconf 84' lang='lat' dir='ltr'><strong>!omnia</strong></span> <span class='ocrx_word' id='word_1_258' title='bbox 1003 2148 1058 2200; x_wconf 82' lang='lat' dir='ltr'><strong>in</strong></span> <span class='ocrx_word' id='word_1_259' title='bbox 1076 2147 1339 2214; x_wconf 71' lang='lat' dir='ltr'><strong>sapientia</strong></span> <span class='ocrx_word' id='word_1_260' title='bbox 1367 2149 1535 2216; x_wconf 78' lang='lat' dir='ltr'><strong>fecisti</strong></span> <span class='ocrx_word' id='word_1_261' title='bbox 1559 2149 1625 2200; x_wconf 71' lang='grc'><strong>⁵⁸.</strong></span> 
     </span>
    </p>
   </div>
   <div class='ocr_carea' id='block_1_39' title="bbox 590 2237 1472 2308">
    <p class='ocr_par' dir='ltr' id='par_1_39' title="bbox 590 2237 1472 2308">
     <span class='ocr_line' id='line_1_39' title="bbox 590 2237 1472 2308; baseline 0 -20"><span class='ocrx_word' id='word_1_262' title='bbox 590 2254 609 2288; x_wconf 78' lang='grc' dir='ltr'><strong>ι</strong></span> <span class='ocrx_word' id='word_1_263' title='bbox 647 2237 717 2292; x_wconf 87' lang='lat' dir='ltr'><strong>Ut</strong></span> <span class='ocrx_word' id='word_1_264' title='bbox 742 2247 956 2291; x_wconf 89' lang='lat' dir='ltr'><strong>cantem</strong></span> <span class='ocrx_word' id='word_1_265' title='bbox 982 2237 1209 2308; x_wconf 87' lang='lat' dir='ltr'><strong>gloriam</strong></span> <span class='ocrx_word' id='word_1_266' title='bbox 1237 2247 1407 2293; x_wconf 87' lang='lat' dir='ltr'><strong>tuam.</strong></span> <span class='ocrx_word' id='word_1_267' title='bbox 1447 2256 1472 2288; x_wconf 75' lang='grc' dir='ltr'>ιε</span> 
     </span>
    </p>
   </div>
   <div class='ocr_carea' id='block_1_40' title="bbox 584 2329 2081 2400">
    <p class='ocr_par' dir='ltr' id='par_1_40' title="bbox 584 2329 2081 2400">
     <span class='ocr_line' id='line_1_40' title="bbox 584 2329 2081 2400; baseline 0.003 -18"><span class='ocrx_word' id='word_1_268' title='bbox 584 2329 1047 2400; x_wconf 75' lang='lat' dir='ltr'><strong>llagnilicentiam.</strong></span> <span class='ocrx_word' id='word_1_269' title='bbox 1065 2341 1216 2384; x_wconf 89' lang='lat' dir='ltr'><strong>vocat</strong></span> <span class='ocrx_word' id='word_1_270' title='bbox 1239 2330 1502 2400; x_wconf 73' lang='lat' dir='ltr'><strong>Spiritum</strong></span> <span class='ocrx_word' id='word_1_271' title='bbox 1525 2345 1539 2381; x_wconf 90' lang='lat'><strong>:</strong></span> <span class='ocrx_word' id='word_1_272' title='bbox 1561 2331 1620 2383; x_wconf 78' lang='lat' dir='ltr'><strong>in</strong></span> <span class='ocrx_word' id='word_1_273' title='bbox 1650 2329 1771 2400; x_wconf 88' lang='lat' dir='ltr'><strong>ipso</strong></span> <span class='ocrx_word' id='word_1_274' title='bbox 1795 2331 1942 2386; x_wconf 82' lang='lat' dir='ltr'><strong>enim</strong></span> <span class='ocrx_word' id='word_1_275' title='bbox 1965 2347 2081 2386; x_wconf 84' lang='lat' dir='ltr'><strong>ma-</strong></span> 
     </span>
    </p>
   </div>
   <div class='ocr_carea' id='block_1_41' title="bbox 513 2419 2080 2490">
    <p class='ocr_par' dir='ltr' id='par_1_41' title="bbox 513 2419 2080 2490">
     <span class='ocr_line' id='line_1_41' title="bbox 513 2419 2080 2490; baseline 0.003 -17"><span class='ocrx_word' id='word_1_276' title='bbox 513 2436 612 2490; x_wconf 69' lang='lat' dir='ltr'><strong>gnn</strong></span> <span class='ocrx_word' id='word_1_277' title='bbox 647 2420 738 2474; x_wconf 87' lang='lat' dir='ltr'><strong>Dei</strong></span> <span class='ocrx_word' id='word_1_278' title='bbox 776 2421 1036 2474; x_wconf 90' lang='lat' dir='ltr'><strong>miracula</strong></span> <span class='ocrx_word' id='word_1_279' title='bbox 1063 2435 1339 2489; x_wconf 84' lang='lat' dir='ltr'><strong>operaque</strong></span> <span class='ocrx_word' id='word_1_280' title='bbox 1376 2420 1532 2475; x_wconf 85' lang='lat' dir='ltr'><strong>ﬁunt.</strong></span> <span class='ocrx_word' id='word_1_281' title='bbox 1563 2419 1756 2476; x_wconf 75' lang='lat' dir='ltr'><strong>Totam</strong></span> <span class='ocrx_word' id='word_1_282' title='bbox 1775 2437 1906 2477; x_wconf 82' lang='lat' dir='ltr'><strong>vero</strong></span> <span class='ocrx_word' id='word_1_283' title='bbox 1935 2423 2080 2477; x_wconf 79' lang='lat' dir='ltr'><strong>diem</strong></span> 
     </span>
    </p>
   </div>
   <div class='ocr_carea' id='block_1_42' title="bbox 513 2511 1325 2566">
    <p class='ocr_par' dir='ltr' id='par_1_42' title="bbox 513 2511 1325 2566">
     <span class='ocr_line' id='line_1_42' title="bbox 513 2511 1325 2566; baseline -0.002 -2"><span class='ocrx_word' id='word_1_284' title='bbox 513 2518 672 2566; x_wconf 78' lang='lat' dir='ltr'><strong>vocat</strong></span> <span class='ocrx_word' id='word_1_285' title='bbox 697 2512 839 2566; x_wconf 89' lang='lat' dir='ltr'><strong>hanc</strong></span> <span class='ocrx_word' id='word_1_286' title='bbox 867 2511 1035 2565; x_wconf 86' lang='lat' dir='ltr'><strong>vitam</strong></span> <span class='ocrx_word' id='word_1_287' title='bbox 1061 2521 1325 2566; x_wconf 89' lang='lat' dir='ltr'><strong>nostram.</strong></span> 
     </span>
    </p>
   </div>
   <div class='ocr_carea' id='block_1_43' title="bbox 584 2599 2002 2666">
    <p class='ocr_par' dir='ltr' id='par_1_43' title="bbox 584 2599 2002 2666">
     <span class='ocr_line' id='line_1_43' title="bbox 584 2599 2002 2666; baseline -0.001 -10"><span class='ocrx_word' id='word_1_288' title='bbox 584 2600 746 2656; x_wconf 68' lang='lat' dir='ltr'><strong>Vnus.</strong></span> <span class='ocrx_word' id='word_1_289' title='bbox 779 2602 866 2655; x_wconf 83' lang='grc'><strong>10.</strong></span> <span class='ocrx_word' id='word_1_290' title='bbox 901 2620 920 2654; x_wconf 74' lang='grc' dir='ltr'><strong>ι</strong></span> <span class='ocrx_word' id='word_1_291' title='bbox 956 2599 1094 2666; x_wconf 85' lang='lat' dir='ltr'><strong>Quia</strong></span> <span class='ocrx_word' id='word_1_292' title='bbox 1126 2601 1382 2656; x_wconf 83' lang='lat' dir='ltr'><strong>dixerunt</strong></span> <span class='ocrx_word' id='word_1_293' title='bbox 1409 2602 1614 2661; x_wconf 84' lang='lat' dir='ltr'><strong>inimici</strong></span> <span class='ocrx_word' id='word_1_294' title='bbox 1665 2602 1950 2656; x_wconf 83' lang='lat' dir='ltr'><strong>meimihi.</strong></span> <span class='ocrx_word' id='word_1_295' title='bbox 1984 2623 2002 2654; x_wconf 72' lang='grc' dir='ltr'><strong>ι</strong></span> 
     </span>
    </p>
   </div>
   <div class='ocr_carea' id='block_1_44' title="bbox 581 2690 2081 2747">
    <p class='ocr_par' dir='ltr' id='par_1_44' title="bbox 581 2690 2081 2747">
     <span class='ocr_line' id='line_1_44' title="bbox 581 2690 2081 2747; baseline -0.001 0"><span class='ocrx_word' id='word_1_296' title='bbox 581 2692 862 2747; x_wconf 62' lang='lat' dir='ltr'><strong>Daemones</strong></span> <span class='ocrx_word' id='word_1_297' title='bbox 877 2690 1192 2745; x_wconf 91' lang='lat' dir='ltr'><strong>custodiunt</strong></span> <span class='ocrx_word' id='word_1_298' title='bbox 1219 2690 1425 2744; x_wconf 87' lang='lat' dir='ltr'><strong>animas</strong></span> <span class='ocrx_word' id='word_1_299' title='bbox 1469 2701 1686 2745; x_wconf 88' lang='lat' dir='ltr'><strong>nostras</strong></span> <span class='ocrx_word' id='word_1_300' title='bbox 1714 2707 1824 2745; x_wconf 91' lang='lat' dir='ltr'><strong>non</strong></span> <span class='ocrx_word' id='word_1_301' title='bbox 1853 2692 1921 2746; x_wconf 89' lang='lat' dir='ltr'><strong>ad</strong></span> <span class='ocrx_word' id='word_1_302' title='bbox 1981 2693 2081 2746; x_wconf 88' lang='lat' dir='ltr'><strong>bo-</strong></span> 
     </span>
    </p>
   </div>
   <div class='ocr_carea' id='block_1_45' title="bbox 513 2781 2081 2848">
    <p class='ocr_par' dir='ltr' id='par_1_45' title="bbox 513 2781 2081 2848">
     <span class='ocr_line' id='line_1_45' title="bbox 513 2781 2081 2848; baseline 0 -10"><span class='ocrx_word' id='word_1_303' title='bbox 513 2798 664 2848; x_wconf 87' lang='lat' dir='ltr'><strong>num,</strong></span> <span class='ocrx_word' id='word_1_304' title='bbox 704 2781 799 2836; x_wconf 87' lang='lat' dir='ltr'><strong>sed</strong></span> <span class='ocrx_word' id='word_1_305' title='bbox 863 2781 928 2836; x_wconf 87' lang='lat' dir='ltr'><strong>ad</strong></span> <span class='ocrx_word' id='word_1_306' title='bbox 990 2781 1213 2846; x_wconf 83' lang='lat' dir='ltr'><strong>malum,</strong></span> <span class='ocrx_word' id='word_1_307' title='bbox 1260 2781 1744 2846; x_wconf 67' lang='lat' dir='ltr'><strong>observanteseas,</strong></span> <span class='ocrx_word' id='word_1_308' title='bbox 1770 2791 1913 2837; x_wconf 80' lang='lat' dir='ltr'><strong>etut</strong></span> <span class='ocrx_word' id='word_1_309' title='bbox 1960 2783 2081 2838; x_wconf 83' lang='lat' dir='ltr'><strong>illa-</strong></span> 
     </span>
    </p>
   </div>
   <div class='ocr_carea' id='block_1_46' title="bbox 510 2873 2079 2946">
    <p class='ocr_par' dir='ltr' id='par_1_46' title="bbox 510 2873 2079 2946">
     <span class='ocr_line' id='line_1_46' title="bbox 510 2873 2079 2946; baseline -0.001 -15"><span class='ocrx_word' id='word_1_310' title='bbox 510 2884 714 2946; x_wconf 87' lang='lat' dir='ltr'><strong>queent</strong></span> <span class='ocrx_word' id='word_1_311' title='bbox 737 2873 1058 2928; x_wconf 81' lang='lat' dir='ltr'><strong>insidiantes</strong></span> <span class='ocrx_word' id='word_1_312' title='bbox 1093 2891 1105 2927; x_wconf 90' lang='lat'>:</span> <span class='ocrx_word' id='word_1_313' title='bbox 1143 2873 1201 2926; x_wconf 87' lang='lat' dir='ltr'><strong>hi</strong></span> <span class='ocrx_word' id='word_1_314' title='bbox 1224 2888 1478 2942; x_wconf 78' lang='lat' dir='ltr'><strong>namque,</strong></span> <span class='ocrx_word' id='word_1_315' title='bbox 1503 2874 1722 2943; x_wconf 89' lang='lat' dir='ltr'><strong>quando</strong></span> <span class='ocrx_word' id='word_1_316' title='bbox 1761 2875 1918 2930; x_wconf 86' lang='lat' dir='ltr'><strong>nobis</strong></span> <span class='ocrx_word' id='word_1_317' title='bbox 1944 2877 2079 2930; x_wconf 84' lang='lat' dir='ltr'><strong>insi-</strong></span> 
     </span>
    </p>
   </div>
   <div class='ocr_carea' id='block_1_47' title="bbox 512 2966 2084 3038">
    <p class='ocr_par' dir='ltr' id='par_1_47' title="bbox 512 2966 2084 3038">
     <span class='ocr_line' id='line_1_47' title="bbox 512 2966 2084 3038; baseline 0 -14"><span class='ocrx_word' id='word_1_318' title='bbox 512 2970 627 3025; x_wconf 83' lang='lat' dir='ltr'><strong>dias</strong></span> <span class='ocrx_word' id='word_1_319' title='bbox 674 2967 971 3024; x_wconf 80' lang='lat' dir='ltr'><strong>struxerint</strong></span> <span class='ocrx_word' id='word_1_320' title='bbox 988 2981 1086 3036; x_wconf 84' lang='lat' dir='ltr'><strong>per</strong></span> <span class='ocrx_word' id='word_1_321' title='bbox 1112 2975 1418 3036; x_wconf 82' lang='lat' dir='ltr'><strong>peccatum,</strong></span> <span class='ocrx_word' id='word_1_322' title='bbox 1446 2975 1503 3021; x_wconf 90' lang='lat' dir='ltr'><strong>et</strong></span> <span class='ocrx_word' id='word_1_323' title='bbox 1527 2966 1600 3020; x_wconf 85' lang='lat' dir='ltr'><strong>ad</strong></span> <span class='ocrx_word' id='word_1_324' title='bbox 1620 2967 1821 3022; x_wconf 81' lang='lat' dir='ltr'><strong>bonum</strong></span> <span class='ocrx_word' id='word_1_325' title='bbox 1848 2983 2084 3038; x_wconf 84' lang='lat' dir='ltr'><strong>operan-</strong></span> 
     </span>
    </p>
   </div>
   <div class='ocr_carea' id='block_1_48' title="bbox 2185 1868 3784 1944">
    <p class='ocr_par' dir='ltr' id='par_1_48' title="bbox 2185 1868 3784 1944">
     <span class='ocr_line' id='line_1_48' title="bbox 2185 1868 3784 1944; baseline -0.004 -16"><span class='ocrx_word' id='word_1_326' title='bbox 2185 1877 2250 1928; x_wconf 83' lang='grc' dir='ltr'>Τί</span> <span class='ocrx_word' id='word_1_327' title='bbox 2277 1875 2333 1929; x_wconf 77' lang='grc' dir='ltr'>δὲ</span> <span class='ocrx_word' id='word_1_328' title='bbox 2359 1868 2600 1944; x_wconf 57' lang='grc' dir='ltr'>ύᾞνῆσαι</span> <span class='ocrx_word' id='word_1_329' title='bbox 2631 1873 2912 1944; x_wconf 86' lang='grc' dir='ltr'>βούλεται;</span> <span class='ocrx_word' id='word_1_330' title='bbox 2939 1872 3109 1937; x_wconf 78' lang='grc' dir='ltr'>Δόξαν</span> <span class='ocrx_word' id='word_1_331' title='bbox 3132 1871 3270 1926; x_wconf 90' lang='grc' dir='ltr'>Θεοῦ</span> <span class='ocrx_word' id='word_1_332' title='bbox 3298 1871 3392 1924; x_wconf 70' lang='lat' dir='ltr'><strong>xui.</strong></span> <span class='ocrx_word' id='word_1_333' title='bbox 3413 1870 3784 1939; x_wconf 77' lang='grc' dir='ltr'>μεγαλοπρέ-</span> 
     </span>
    </p>
   </div>
   <div class='ocr_carea' id='block_1_49' title="bbox 2184 1959 3786 2033">
    <p class='ocr_par' dir='ltr' id='par_1_49' title="bbox 2184 1959 3786 2033">
     <span class='ocr_line' id='line_1_49' title="bbox 2184 1959 3786 2033; baseline -0.004 -15"><span class='ocrx_word' id='word_1_334' title='bbox 2184 1979 2366 2018; x_wconf 87' lang='grc' dir='ltr'>πειαν·</span> <span class='ocrx_word' id='word_1_335' title='bbox 2391 1963 2636 2016; x_wconf 72' lang='grc' dir='ltr'><strong>τουτέστι</strong></span> <span class='ocrx_word' id='word_1_336' title='bbox 2665 1963 2735 2016; x_wconf 81' lang='grc' dir='ltr'>τὰ</span> <span class='ocrx_word' id='word_1_337' title='bbox 2766 1963 2980 2033; x_wconf 83' lang='grc' dir='ltr'>μεγάλα</span> <span class='ocrx_word' id='word_1_338' title='bbox 3010 1960 3104 2014; x_wconf 85' lang='grc' dir='ltr'><strong>τοῦ</strong></span> <span class='ocrx_word' id='word_1_339' title='bbox 3139 1960 3300 2025; x_wconf 87' lang='grc' dir='ltr'>Θεοῦ,</span> <span class='ocrx_word' id='word_1_340' title='bbox 3340 1960 3435 2012; x_wconf 76' lang='grc' dir='ltr'>καὶ</span> <span class='ocrx_word' id='word_1_341' title='bbox 3462 1959 3588 2012; x_wconf 83' lang='grc' dir='ltr'>λίαν</span> <span class='ocrx_word' id='word_1_342' title='bbox 3623 1960 3786 2012; x_wconf 75' lang='grc' dir='ltr'>δεδο-</span> 
     </span>
    </p>
   </div>
   <div class='ocr_carea' id='block_1_50' title="bbox 2183 2048 3782 2128">
    <p class='ocr_par' dir='ltr' id='par_1_50' title="bbox 2183 2048 3782 2128">
     <span class='ocr_line' id='line_1_50' title="bbox 2183 2048 3782 2128; baseline -0.004 -17"><span class='ocrx_word' id='word_1_343' title='bbox 2183 2057 2426 2128; x_wconf 74' lang='grc' dir='ltr'>ξασμὲνα</span> <span class='ocrx_word' id='word_1_344' title='bbox 2455 2055 2730 2126; x_wconf 84' lang='grc' dir='ltr'>θαύματα,</span> <span class='ocrx_word' id='word_1_345' title='bbox 2764 2055 2893 2124; x_wconf 76' lang='grc' dir='ltr'>περὶ</span> <span class='ocrx_word' id='word_1_346' title='bbox 2920 2048 2995 2108; x_wconf 80' lang='grc' dir='ltr'>ὧν</span> <span class='ocrx_word' id='word_1_347' title='bbox 3023 2053 3238 2120; x_wconf 72' lang='grc' dir='ltr'>ἔλεγεν*</span> <span class='ocrx_word' id='word_1_348' title='bbox 3261 2053 3356 2118; x_wconf 81' lang='grc' dir='ltr'>Ὧς</span> <span class='ocrx_word' id='word_1_349' title='bbox 3383 2053 3782 2121; x_wconf 52' lang='lat' dir='ltr'><strong>spera.qu</strong></span> 
     </span>
    </p>
   </div>
   <div class='ocr_carea' id='block_1_51' title="bbox 2181 2142 3780 2217">
    <p class='ocr_par' dir='ltr' id='par_1_51' title="bbox 2181 2142 3780 2217">
     <span class='ocr_line' id='line_1_51' title="bbox 2181 2142 3780 2217; baseline -0.005 -17"><span class='ocrx_word' id='word_1_350' title='bbox 2181 2149 2254 2201; x_wconf 78' lang='grc' dir='ltr'>τὰ</span> <span class='ocrx_word' id='word_1_351' title='bbox 2284 2149 2428 2217; x_wconf 70' lang='grc' dir='ltr'>ἔργα</span> <span class='ocrx_word' id='word_1_352' title='bbox 2456 2163 2594 2209; x_wconf 83' lang='grc' dir='ltr'>σου,</span> <span class='ocrx_word' id='word_1_353' title='bbox 2627 2145 2844 2214; x_wconf 70' lang='grc' dir='ltr'>Κύριε]</span> <span class='ocrx_word' id='word_1_354' title='bbox 2869 2145 3068 2198; x_wconf 76' lang='grc' dir='ltr'>πάντα</span> <span class='ocrx_word' id='word_1_355' title='bbox 3117 2144 3189 2198; x_wconf 77' lang='grc' dir='ltr'>ἐν</span> <span class='ocrx_word' id='word_1_356' title='bbox 3221 2143 3410 2212; x_wconf 67' lang='grc' dir='ltr'>σοφίᾳ</span> <span class='ocrx_word' id='word_1_357' title='bbox 3439 2142 3780 2208; x_wconf 74' lang='grc' dir='ltr'>ἐποίησας.</span> 
     </span>
    </p>
   </div>
   <div class='ocr_carea' id='block_1_52' title="bbox 2256 2237 3290 2311">
    <p class='ocr_par' dir='ltr' id='par_1_52' title="bbox 2256 2237 3290 2311">
     <span class='ocr_line' id='line_1_52' title="bbox 2256 2237 3290 2311; baseline -0.004 -18"><span class='ocrx_word' id='word_1_358' title='bbox 2256 2260 2275 2293; x_wconf 73' lang='grc' dir='ltr'><strong>ι</strong></span> <span class='ocrx_word' id='word_1_359' title='bbox 2315 2241 2505 2303; x_wconf 81' lang='grc' dir='ltr'>Ὅπως</span> <span class='ocrx_word' id='word_1_360' title='bbox 2534 2240 2764 2311; x_wconf 80' lang='grc' dir='ltr'><strong>ὑμνήσω</strong></span> <span class='ocrx_word' id='word_1_361' title='bbox 2786 2239 2886 2309; x_wconf 78' lang='grc' dir='ltr'>τὴν</span> <span class='ocrx_word' id='word_1_362' title='bbox 2918 2237 3078 2303; x_wconf 76' lang='grc' dir='ltr'>δόξαν</span> <span class='ocrx_word' id='word_1_363' title='bbox 3112 2254 3227 2291; x_wconf 88' lang='grc' dir='ltr'>σου.</span> <span class='ocrx_word' id='word_1_364' title='bbox 3271 2255 3290 2289; x_wconf 76' lang='grc' dir='ltr'><strong>ι</strong></span> 
     </span>
    </p>
   </div>
   <div class='ocr_carea' id='block_1_53' title="bbox 2249 2321 3784 2400">
    <p class='ocr_par' dir='ltr' id='par_1_53' title="bbox 2249 2321 3784 2400">
     <span class='ocr_line' id='line_1_53' title="bbox 2249 2321 3784 2400; baseline -0.007 -15"><span class='ocrx_word' id='word_1_365' title='bbox 2249 2330 2745 2400; x_wconf 75' lang='grc' dir='ltr'>Μεταλοπρέπειαν</span> <span class='ocrx_word' id='word_1_366' title='bbox 2769 2329 2831 2383; x_wconf 82' lang='grc' dir='ltr'>τὸ</span> <span class='ocrx_word' id='word_1_367' title='bbox 2851 2328 3073 2399; x_wconf 83' lang='grc' dir='ltr'>Πνεῦμα</span> <span class='ocrx_word' id='word_1_368' title='bbox 3100 2327 3278 2382; x_wconf 85' lang='grc' dir='ltr'>καλεῖ’</span> <span class='ocrx_word' id='word_1_369' title='bbox 3305 2328 3363 2379; x_wconf 75' lang='grc' dir='ltr'>ὲν</span> <span class='ocrx_word' id='word_1_370' title='bbox 3385 2323 3535 2394; x_wconf 77' lang='grc' dir='ltr'>αὐτῷ</span> <span class='ocrx_word' id='word_1_371' title='bbox 3563 2321 3686 2392; x_wconf 77' lang='grc' dir='ltr'>γὰρ</span> <span class='ocrx_word' id='word_1_372' title='bbox 3707 2321 3784 2375; x_wconf 70' lang='grc' dir='ltr'><strong>τὰ</strong></span> 
     </span>
    </p>
   </div>
   <div class='ocr_carea' id='block_1_54' title="bbox 2184 2412 3787 2491">
    <p class='ocr_par' dir='ltr' id='par_1_54' title="bbox 2184 2412 3787 2491">
     <span class='ocr_line' id='line_1_54' title="bbox 2184 2412 3787 2491; baseline -0.007 -15"><span class='ocrx_word' id='word_1_373' title='bbox 2184 2421 2399 2491; x_wconf 86' lang='grc' dir='ltr'>μεγάλα</span> <span class='ocrx_word' id='word_1_374' title='bbox 2454 2419 2550 2474; x_wconf 91' lang='grc' dir='ltr'><strong>τοῦ</strong></span> <span class='ocrx_word' id='word_1_375' title='bbox 2602 2419 2738 2473; x_wconf 89' lang='grc' dir='ltr'>Θεοῦ</span> <span class='ocrx_word' id='word_1_376' title='bbox 2791 2418 3050 2489; x_wconf 87' lang='grc' dir='ltr'>θαύματα</span> <span class='ocrx_word' id='word_1_377' title='bbox 3096 2416 3196 2471; x_wconf 76' lang='grc' dir='ltr'>καὶ</span> <span class='ocrx_word' id='word_1_378' title='bbox 3239 2415 3308 2469; x_wconf 82' lang='grc' dir='ltr'>τὰ</span> <span class='ocrx_word' id='word_1_379' title='bbox 3355 2412 3787 2483; x_wconf 77' lang='grc' dir='ltr'>κατορθώματα</span> 
     </span>
    </p>
   </div>
   <div class='ocr_carea' id='block_1_55' title="bbox 2180 2506 3782 2583">
    <p class='ocr_par' dir='ltr' id='par_1_55' title="bbox 2180 2506 3782 2583">
     <span class='ocr_line' id='line_1_55' title="bbox 2180 2506 3782 2583; baseline -0.005 -18"><span class='ocrx_word' id='word_1_380' title='bbox 2180 2514 2411 2583; x_wconf 79' lang='grc' dir='ltr'>γίνεται.</span> <span class='ocrx_word' id='word_1_381' title='bbox 2462 2513 2707 2583; x_wconf 76' lang='grc' dir='ltr'>Ἡμέραν</span> <span class='ocrx_word' id='word_1_382' title='bbox 2757 2511 2814 2565; x_wconf 78' lang='grc' dir='ltr'>δὲ</span> <span class='ocrx_word' id='word_1_383' title='bbox 2865 2511 2995 2582; x_wconf 86' lang='grc' dir='ltr'>ὃλην</span> <span class='ocrx_word' id='word_1_384' title='bbox 3027 2509 3117 2564; x_wconf 77' lang='grc' dir='ltr'>τὸν</span> <span class='ocrx_word' id='word_1_385' title='bbox 3163 2509 3282 2580; x_wconf 89' lang='grc' dir='ltr'>βίον</span> <span class='ocrx_word' id='word_1_386' title='bbox 3331 2507 3426 2561; x_wconf 77' lang='grc' dir='ltr'>τὸν</span> <span class='ocrx_word' id='word_1_387' title='bbox 3463 2506 3782 2576; x_wconf 76' lang='grc' dir='ltr'>ἡμέτερον.</span> 
     </span>
    </p>
   </div>
   <div class='ocr_carea' id='block_1_56' title="bbox 2259 2601 3260 2675">
    <p class='ocr_par' dir='ltr' id='par_1_56' title="bbox 2259 2601 3260 2675">
     <span class='ocr_line' id='line_1_56' title="bbox 2259 2601 3260 2675; baseline -0.006 -17"><span class='ocrx_word' id='word_1_388' title='bbox 2259 2626 2277 2658; x_wconf 82' lang='grc' dir='ltr'><strong>ι</strong></span> <span class='ocrx_word' id='word_1_389' title='bbox 2311 2607 2433 2659; x_wconf 85' lang='grc' dir='ltr'>Ὅτι</span> <span class='ocrx_word' id='word_1_390' title='bbox 2460 2604 2612 2658; x_wconf 78' lang='grc' dir='ltr'>εἷπον</span> <span class='ocrx_word' id='word_1_391' title='bbox 2649 2606 2698 2658; x_wconf 82' lang='lat' dir='ltr'><strong>oi</strong></span> <span class='ocrx_word' id='word_1_392' title='bbox 2721 2604 2904 2675; x_wconf 84' lang='grc' dir='ltr'>ἐχθροί</span> <span class='ocrx_word' id='word_1_393' title='bbox 2929 2619 3029 2672; x_wconf 86' lang='grc' dir='ltr'><strong>μου</strong></span> <span class='ocrx_word' id='word_1_394' title='bbox 3054 2601 3198 2673; x_wconf 73' lang='grc' dir='ltr'>ἐμοι.</span> <span class='ocrx_word' id='word_1_395' title='bbox 3239 2618 3260 2652; x_wconf 81' lang='grc'><strong>›</strong></span> 
     </span>
    </p>
   </div>
   <div class='ocr_carea' id='block_1_57' title="bbox 2249 2683 3784 2764">
    <p class='ocr_par' dir='ltr' id='par_1_57' title="bbox 2249 2683 3784 2764">
     <span class='ocr_line' id='line_1_57' title="bbox 2249 2683 3784 2764; baseline -0.009 -13"><span class='ocrx_word' id='word_1_396' title='bbox 2249 2697 2617 2751; x_wconf 74' lang='grc' dir='ltr'>Φυλάσσουσιν</span> <span class='ocrx_word' id='word_1_397' title='bbox 2635 2694 2792 2764; x_wconf 81' lang='grc' dir='ltr'>ἡμῶν</span> <span class='ocrx_word' id='word_1_398' title='bbox 2819 2693 2917 2756; x_wconf 79' lang='grc' dir='ltr'><strong>τὰς</strong></span> <span class='ocrx_word' id='word_1_399' title='bbox 2937 2691 3137 2761; x_wconf 77' lang='grc' dir='ltr'>ψυχὰς,</span> <span class='ocrx_word' id='word_1_400' title='bbox 3161 2690 3262 2744; x_wconf 89' lang='grc' dir='ltr'><strong>ούκ</strong></span> <span class='ocrx_word' id='word_1_401' title='bbox 3284 2689 3365 2751; x_wconf 84' lang='grc' dir='ltr'><strong>είς</strong></span> <span class='ocrx_word' id='word_1_402' title='bbox 3393 2685 3626 2754; x_wconf 68' lang='grc' dir='ltr'>ἀγαθὸν,</span> <span class='ocrx_word' id='word_1_403' title='bbox 3649 2683 3784 2738; x_wconf 80' lang='grc' dir='ltr'>ἀλλ’</span> 
     </span>
    </p>
   </div>
   <div class='ocr_carea' id='block_1_58' title="bbox 2182 2778 3785 2855">
    <p class='ocr_par' dir='ltr' id='par_1_58' title="bbox 2182 2778 3785 2855">
     <span class='ocr_line' id='line_1_58' title="bbox 2182 2778 3785 2855; baseline -0.009 -13"><span class='ocrx_word' id='word_1_404' title='bbox 2182 2790 2262 2852; x_wconf 75' lang='grc' dir='ltr'><strong>είς</strong></span> <span class='ocrx_word' id='word_1_405' title='bbox 2295 2787 2462 2840; x_wconf 80' lang='grc' dir='ltr'>κακὸν</span> <span class='ocrx_word' id='word_1_406' title='bbox 2493 2787 2544 2839; x_wconf 77' lang='grc' dir='ltr'>οἱ</span> <span class='ocrx_word' id='word_1_407' title='bbox 2564 2785 2840 2855; x_wconf 82' lang='grc' dir='ltr'>δαίμονες,</span> <span class='ocrx_word' id='word_1_408' title='bbox 2867 2782 3256 2854; x_wconf 71' lang='grc' dir='ltr'>ἐπιτηροῦντες</span> <span class='ocrx_word' id='word_1_409' title='bbox 3281 2779 3470 2844; x_wconf 80' lang='grc' dir='ltr'>αὐτὰς,</span> <span class='ocrx_word' id='word_1_410' title='bbox 3495 2778 3648 2830; x_wconf 82' lang='grc' dir='ltr'>ὥστε</span> <span class='ocrx_word' id='word_1_411' title='bbox 3678 2779 3785 2829; x_wconf 79' lang='grc' dir='ltr'>καὶ</span> 
     </span>
    </p>
   </div>
   <div class='ocr_carea' id='block_1_59' title="bbox 2182 2869 3784 2948">
    <p class='ocr_par' dir='ltr' id='par_1_59' title="bbox 2182 2869 3784 2948">
     <span class='ocr_line' id='line_1_59' title="bbox 2182 2869 3784 2948; baseline -0.008 -16"><span class='ocrx_word' id='word_1_412' title='bbox 2182 2878 2511 2948; x_wconf 79' lang='grc' dir='ltr'>παγιδεῦσαι</span> <span class='ocrx_word' id='word_1_413' title='bbox 2530 2876 2922 2948; x_wconf 60' lang='grc' dir='ltr'>ἐνεδρεύοντες</span> <span class='ocrx_word' id='word_1_414' title='bbox 2942 2869 3090 2929; x_wconf 73' lang='grc' dir='ltr'>οὗτοι</span> <span class='ocrx_word' id='word_1_415' title='bbox 3108 2872 3240 2944; x_wconf 84' lang='grc' dir='ltr'>γὰρ,</span> <span class='ocrx_word' id='word_1_416' title='bbox 3257 2874 3386 2926; x_wconf 82' lang='grc' dir='ltr'>ὅταν</span> <span class='ocrx_word' id='word_1_417' title='bbox 3408 2872 3563 2940; x_wconf 78' lang='grc' dir='ltr'>ἡμᾶς</span> <span class='ocrx_word' id='word_1_418' title='bbox 3586 2871 3784 2939; x_wconf 65' lang='grc' dir='ltr'>τηρή-</span> 
     </span>
    </p>
   </div>
   <div class='ocr_carea' id='block_1_60' title="bbox 2185 2961 3787 3039">
    <p class='ocr_par' dir='ltr' id='par_1_60' title="bbox 2185 2961 3787 3039">
     <span class='ocr_line' id='line_1_60' title="bbox 2185 2961 3787 3039; baseline -0.009 -14"><span class='ocrx_word' id='word_1_419' title='bbox 2185 2986 2378 3034; x_wconf 86' lang='grc' dir='ltr'>σαντες</span> <span class='ocrx_word' id='word_1_420' title='bbox 2425 2969 2516 3022; x_wconf 75' lang='grc' dir='ltr'><strong>διὰ</strong></span> <span class='ocrx_word' id='word_1_421' title='bbox 2561 2969 2662 3039; x_wconf 82' lang='grc' dir='ltr'>τὴν</span> <span class='ocrx_word' id='word_1_422' title='bbox 2712 2967 3012 3038; x_wconf 81' lang='grc' dir='ltr'>ἁμαρτίαν,</span> <span class='ocrx_word' id='word_1_423' title='bbox 3059 2965 3154 3019; x_wconf 78' lang='grc' dir='ltr'>καὶ</span> <span class='ocrx_word' id='word_1_424' title='bbox 3200 2964 3336 3034; x_wconf 81' lang='grc' dir='ltr'>πρὸς</span> <span class='ocrx_word' id='word_1_425' title='bbox 3386 2961 3787 3030; x_wconf 74' lang='grc' dir='ltr'>ἁγαθοερτίας</span> 
     </span>
    </p>
   </div>
   <div class='ocr_carea' id='block_1_61' title="bbox 512 3053 2082 3145">
    <p class='ocr_par' dir='ltr' id='par_1_61' title="bbox 512 3058 2079 3128">
     <span class='ocr_line' id='line_1_61' title="bbox 512 3058 2079 3128; baseline -0.001 -10"><span class='ocrx_word' id='word_1_426' title='bbox 512 3064 640 3118; x_wconf 78' lang='lat' dir='ltr'><strong>dum</strong></span> <span class='ocrx_word' id='word_1_427' title='bbox 668 3061 874 3116; x_wconf 79' lang='lat' dir='ltr'><strong>debiles</strong></span> <span class='ocrx_word' id='word_1_428' title='bbox 901 3059 1306 3128; x_wconf 82' lang='lat' dir='ltr'><strong>conspexerint,</strong></span> <span class='ocrx_word' id='word_1_429' title='bbox 1363 3059 1518 3128; x_wconf 77' lang='lat' dir='ltr'><strong>quasi</strong></span> <span class='ocrx_word' id='word_1_430' title='bbox 1553 3058 1843 3115; x_wconf 86' lang='lat' dir='ltr'><strong>derelictos</strong></span> <span class='ocrx_word' id='word_1_431' title='bbox 1867 3076 1898 3114; x_wconf 89' lang='lat' dir='ltr'><strong>a</strong></span> <span class='ocrx_word' id='word_1_432' title='bbox 1949 3062 2079 3127; x_wconf 90' lang='lat' dir='ltr'><strong>Deo,</strong></span> 
     </span>
    </p>
   </div>
   <div class='ocr_carea' id='block_1_62' title="bbox 2196 3053 3778 3145">
    <p class='ocr_par' dir='ltr' id='par_1_62' title="bbox 2196 3053 3778 3134">
     <span class='ocr_line' id='line_1_62' title="bbox 2196 3053 3778 3134; baseline -0.008 -17"><span class='ocrx_word' id='word_1_433' title='bbox 2196 3063 2588 3134; x_wconf 72' lang='grc' dir='ltr'>ὶσθενήσαντας</span> <span class='ocrx_word' id='word_1_434' title='bbox 2617 3061 2820 3125; x_wconf 79' lang='grc' dir='ltr'>ίδωσιν,</span> <span class='ocrx_word' id='word_1_435' title='bbox 2856 3060 2932 3123; x_wconf 81' lang='grc' dir='ltr'>ὡς</span> <span class='ocrx_word' id='word_1_436' title='bbox 2961 3056 3418 3127; x_wconf 76' lang='grc' dir='ltr'>καταληφθέντων</span> <span class='ocrx_word' id='word_1_437' title='bbox 3455 3055 3564 3108; x_wconf 64' lang='lat' dir='ltr'><strong>ore</strong></span> <span class='ocrx_word' id='word_1_438' title='bbox 3593 3053 3778 3115; x_wconf 78' lang='grc' dir='ltr'>Θεοῦ,</span> 
     </span>
    </p>
   </div>
   <div class='ocr_carea' id='block_1_63' title="bbox 512 3149 2076 3220">
    <p class='ocr_par' dir='ltr' id='par_1_63' title="bbox 512 3149 2076 3220">
     <span class='ocr_line' id='line_1_63' title="bbox 512 3149 2076 3220; baseline 0 -12"><span class='ocrx_word' id='word_1_439' title='bbox 512 3169 621 3208; x_wconf 86' lang='lat' dir='ltr'><strong>non</strong></span> <span class='ocrx_word' id='word_1_440' title='bbox 640 3152 814 3207; x_wconf 75' lang='lat' dir='ltr'><strong>solum</strong></span> <span class='ocrx_word' id='word_1_441' title='bbox 837 3165 938 3205; x_wconf 89' lang='lat' dir='ltr'><strong>nos</strong></span> <span class='ocrx_word' id='word_1_442' title='bbox 961 3150 1218 3219; x_wconf 81' lang='lat' dir='ltr'><strong>persequi</strong></span> <span class='ocrx_word' id='word_1_443' title='bbox 1259 3149 1398 3204; x_wconf 78' lang='lat' dir='ltr'><strong>facta</strong></span> <span class='ocrx_word' id='word_1_444' title='bbox 1437 3152 1838 3220; x_wconf 86' lang='lat' dir='ltr'><strong>conspiratione</strong></span> <span class='ocrx_word' id='word_1_445' title='bbox 1866 3153 2076 3220; x_wconf 89' lang='lat' dir='ltr'><strong>volunt,</strong></span> 
     </span>
    </p>
   </div>
   <div class='ocr_carea' id='block_1_64' title="bbox 512 3243 2078 3315">
    <p class='ocr_par' dir='ltr' id='par_1_64' title="bbox 512 3243 2078 3315">
     <span class='ocr_line' id='line_1_64' title="bbox 512 3243 2078 3315; baseline -0.001 -13"><span class='ocrx_word' id='word_1_446' title='bbox 512 3245 605 3302; x_wconf 84' lang='lat' dir='ltr'><strong>sed</strong></span> <span class='ocrx_word' id='word_1_447' title='bbox 646 3245 807 3300; x_wconf 86' lang='lat' dir='ltr'><strong>etiam</strong></span> <span class='ocrx_word' id='word_1_448' title='bbox 860 3243 1328 3312; x_wconf 80' lang='lat' dir='ltr'><strong>comprehendere</strong></span> <span class='ocrx_word' id='word_1_449' title='bbox 1372 3253 1652 3313; x_wconf 76' lang='lat' dir='ltr'><strong>satagunt;</strong></span> <span class='ocrx_word' id='word_1_450' title='bbox 1714 3255 1909 3315; x_wconf 84' lang='lat' dir='ltr'><strong>putant</strong></span> <span class='ocrx_word' id='word_1_451' title='bbox 1932 3247 2078 3300; x_wconf 87' lang='lat' dir='ltr'><strong>enim</strong></span> 
     </span>
    </p>
   </div>
   <div class='ocr_carea' id='block_1_65' title="bbox 511 3331 1263 3402">
    <p class='ocr_par' dir='ltr' id='par_1_65' title="bbox 511 3331 1263 3402">
     <span class='ocr_line' id='line_1_65' title="bbox 511 3331 1263 3402; baseline -0.003 -14"><span class='ocrx_word' id='word_1_452' title='bbox 511 3350 621 3390; x_wconf 87' lang='lat' dir='ltr'><strong>non</strong></span> <span class='ocrx_word' id='word_1_453' title='bbox 652 3348 776 3388; x_wconf 89' lang='lat' dir='ltr'><strong>esse</strong></span> <span class='ocrx_word' id='word_1_454' title='bbox 799 3333 892 3402; x_wconf 90' lang='lat' dir='ltr'><strong>qui</strong></span> <span class='ocrx_word' id='word_1_455' title='bbox 923 3346 1024 3385; x_wconf 89' lang='lat' dir='ltr'><strong>nos</strong></span> <span class='ocrx_word' id='word_1_456' title='bbox 1051 3331 1263 3386; x_wconf 87' lang='lat' dir='ltr'><strong>liberet.</strong></span> 
     </span>
    </p>
   </div>
   <div class='ocr_carea' id='block_1_66' title="bbox 584 3423 1933 3496">
    <p class='ocr_par' dir='ltr' id='par_1_66' title="bbox 584 3423 1933 3496">
     <span class='ocr_line' id='line_1_66' title="bbox 584 3423 1933 3496; baseline 0 -18"><span class='ocrx_word' id='word_1_457' title='bbox 584 3423 745 3480; x_wconf 74' lang='lat' dir='ltr'><strong>Vens.</strong></span> <span class='ocrx_word' id='word_1_458' title='bbox 775 3423 860 3477; x_wconf 73' lang='lat' dir='ltr'><strong>l2.</strong></span> <span class='ocrx_word' id='word_1_459' title='bbox 889 3442 907 3474; x_wconf 76' lang='grc' dir='ltr'><strong>ι</strong></span> <span class='ocrx_word' id='word_1_460' title='bbox 926 3423 1082 3484; x_wconf 85' lang='lat' dir='ltr'><strong>,Deus</strong></span> <span class='ocrx_word' id='word_1_461' title='bbox 1111 3439 1283 3489; x_wconf 84' lang='lat' dir='ltr'><strong>meus,</strong></span> <span class='ocrx_word' id='word_1_462' title='bbox 1313 3440 1382 3478; x_wconf 88' lang='lat' dir='ltr'><strong>ne</strong></span> <span class='ocrx_word' id='word_1_463' title='bbox 1406 3427 1675 3496; x_wconf 81' lang='lat' dir='ltr'><strong>elongeris</strong></span> <span class='ocrx_word' id='word_1_464' title='bbox 1706 3442 1734 3479; x_wconf 89' lang='lat' dir='ltr'><strong>a</strong></span> <span class='ocrx_word' id='word_1_465' title='bbox 1771 3440 1880 3480; x_wconf 87' lang='lat' dir='ltr'><strong>me.</strong></span> <span class='ocrx_word' id='word_1_466' title='bbox 1914 3444 1933 3478; x_wconf 75' lang='grc' dir='ltr'><strong>ι</strong></span> 
     </span>
    </p>
   </div>
   <div class='ocr_carea' id='block_1_67' title="bbox 583 3513 2084 3585">
    <p class='ocr_par' dir='ltr' id='par_1_67' title="bbox 583 3513 2084 3585">
     <span class='ocr_line' id='line_1_67' title="bbox 583 3513 2084 3585; baseline 0 -14"><span class='ocrx_word' id='word_1_467' title='bbox 583 3513 653 3571; x_wconf 87' lang='lat' dir='ltr'><strong>Et</strong></span> <span class='ocrx_word' id='word_1_468' title='bbox 713 3514 987 3585; x_wconf 85' lang='lat' dir='ltr'><strong>quomodo</strong></span> <span class='ocrx_word' id='word_1_469' title='bbox 1038 3513 1181 3570; x_wconf 86' lang='lat' dir='ltr'><strong>Deus</strong></span> <span class='ocrx_word' id='word_1_470' title='bbox 1230 3531 1398 3585; x_wconf 86' lang='lat' dir='ltr'><strong>super</strong></span> <span class='ocrx_word' id='word_1_471' title='bbox 1428 3530 1621 3570; x_wconf 91' lang='lat' dir='ltr'><strong>omnes</strong></span> <span class='ocrx_word' id='word_1_472' title='bbox 1659 3525 1709 3570; x_wconf 89' lang='lat' dir='ltr'><strong>el</strong></span> <span class='ocrx_word' id='word_1_473' title='bbox 1736 3517 1788 3570; x_wconf 89' lang='lat' dir='ltr'><strong>in</strong></span> <span class='ocrx_word' id='word_1_474' title='bbox 1821 3517 2084 3571; x_wconf 88' lang='lat' dir='ltr'><strong>omnibus</strong></span> 
     </span>
    </p>
   </div>
   <div class='ocr_carea' id='block_1_68' title="bbox 509 3603 2077 3675">
    <p class='ocr_par' dir='ltr' id='par_1_68' title="bbox 509 3603 2077 3675">
     <span class='ocr_line' id='line_1_68' title="bbox 509 3603 2077 3675; baseline 0 -15"><span class='ocrx_word' id='word_1_475' title='bbox 509 3606 814 3675; x_wconf 87' lang='lat' dir='ltr'><strong>clongatur,</strong></span> <span class='ocrx_word' id='word_1_476' title='bbox 861 3603 963 3657; x_wconf 90' lang='lat' dir='ltr'><strong>nisi</strong></span> <span class='ocrx_word' id='word_1_477' title='bbox 994 3603 1212 3672; x_wconf 83' lang='lat' dir='ltr'><strong>quando</strong></span> <span class='ocrx_word' id='word_1_478' title='bbox 1231 3619 1332 3658; x_wconf 91' lang='lat' dir='ltr'><strong>nos</strong></span> <span class='ocrx_word' id='word_1_479' title='bbox 1360 3605 1479 3674; x_wconf 86' lang='lat' dir='ltr'><strong>ejus</strong></span> <span class='ocrx_word' id='word_1_480' title='bbox 1519 3607 1808 3674; x_wconf 73' lang='lat' dir='ltr'><strong>praesentia</strong></span> <span class='ocrx_word' id='word_1_481' title='bbox 1861 3605 2077 3675; x_wconf 88' lang='lat' dir='ltr'><strong>indigna</strong></span> 
     </span>
    </p>
   </div>
   <div class='ocr_carea' id='block_1_69' title="bbox 509 3696 2079 3770">
    <p class='ocr_par' dir='ltr' id='par_1_69' title="bbox 509 3696 2079 3770">
     <span class='ocr_line' id='line_1_69' title="bbox 509 3696 2079 3770; baseline 0 -17"><span class='ocrx_word' id='word_1_482' title='bbox 509 3696 882 3770; x_wconf 74' lang='lat' dir='ltr'><strong>gesserimus?</strong></span> <span class='ocrx_word' id='word_1_483' title='bbox 906 3696 1047 3750; x_wconf 85' lang='lat' dir='ltr'><strong>sicut</strong></span> <span class='ocrx_word' id='word_1_484' title='bbox 1082 3709 1180 3764; x_wconf 88' lang='lat' dir='ltr'><strong>per</strong></span> <span class='ocrx_word' id='word_1_485' title='bbox 1228 3698 1600 3766; x_wconf 77' lang='lat' dir='ltr'><strong>proplteticam</strong></span> <span class='ocrx_word' id='word_1_486' title='bbox 1625 3697 1862 3769; x_wconf 80' lang='lat' dir='ltr'><strong>linguam</strong></span> <span class='ocrx_word' id='word_1_487' title='bbox 1888 3698 1954 3753; x_wconf 89' lang='lat' dir='ltr'><strong>ad</strong></span> <span class='ocrx_word' id='word_1_488' title='bbox 1980 3698 2079 3752; x_wconf 78' lang='lat' dir='ltr'><strong>Ju—</strong></span> 
     </span>
    </p>
   </div>
   <div class='ocr_carea' id='block_1_70' title="bbox 509 3785 2080 3846">
    <p class='ocr_par' dir='ltr' id='par_1_70' title="bbox 509 3785 2080 3846">
     <span class='ocr_line' id='line_1_70' title="bbox 509 3785 2080 3846; baseline -0.001 0"><span class='ocrx_word' id='word_1_489' title='bbox 509 3785 654 3846; x_wconf 68' lang='lat' dir='ltr'><strong>dzeos</strong></span> <span class='ocrx_word' id='word_1_490' title='bbox 685 3789 862 3845; x_wconf 82' lang='lat' dir='ltr'><strong>dixit:</strong></span> <span class='ocrx_word' id='word_1_491' title='bbox 929 3786 1152 3840; x_wconf 84' lang='lat' dir='ltr'><strong>Peccata</strong></span> <span class='ocrx_word' id='word_1_492' title='bbox 1208 3797 1386 3842; x_wconf 83' lang='lat' dir='ltr'><strong>vestra</strong></span> <span class='ocrx_word' id='word_1_493' title='bbox 1425 3789 1674 3844; x_wconf 89' lang='lat' dir='ltr'><strong>dividunt</strong></span> <span class='ocrx_word' id='word_1_494' title='bbox 1729 3789 1872 3842; x_wconf 78' lang='lat' dir='ltr'><strong>inter</strong></span> <span class='ocrx_word' id='word_1_495' title='bbox 1899 3805 1992 3844; x_wconf 87' lang='lat' dir='ltr'><strong>vos</strong></span> <span class='ocrx_word' id='word_1_496' title='bbox 2024 3799 2080 3844; x_wconf 89' lang='lat' dir='ltr'><strong>et</strong></span> 
     </span>
    </p>
   </div>
   <div class='ocr_carea' id='block_1_71' title="bbox 510 3885 773 3943">
    <p class='ocr_par' dir='ltr' id='par_1_71' title="bbox 510 3885 773 3943">
     <span class='ocr_line' id='line_1_71' title="bbox 510 3885 773 3943; baseline -0.008 -5"><span class='ocrx_word' id='word_1_497' title='bbox 510 3885 677 3943; x_wconf 87' lang='lat' dir='ltr'><strong>Deum</strong></span> <span class='ocrx_word' id='word_1_498' title='bbox 707 3885 773 3936; x_wconf 86' lang='grc'><strong>⁶⁹.</strong></span> 
     </span>
    </p>
   </div>
   <div class='ocr_carea' id='block_1_72' title="bbox 578 3971 2079 4052">
    <p class='ocr_par' dir='ltr' id='par_1_72' title="bbox 578 3971 2079 4052">
     <span class='ocr_line' id='line_1_72' title="bbox 578 3971 2079 4052; baseline -0.005 -20"><span class='ocrx_word' id='word_1_499' title='bbox 578 3977 858 4035; x_wconf 74' lang='lat' dir='ltr'><strong>Vnus.21.</strong></span> <span class='ocrx_word' id='word_1_500' title='bbox 895 3998 914 4031; x_wconf 85' lang='grc'><strong><em>‹</em></strong></span> <span class='ocrx_word' id='word_1_501' title='bbox 967 3979 1336 4052; x_wconf 84' lang='lat' dir='ltr'><strong>Multiplicasti</strong></span> <span class='ocrx_word' id='word_1_502' title='bbox 1389 3993 1554 4046; x_wconf 90' lang='lat' dir='ltr'><strong>super</strong></span> <span class='ocrx_word' id='word_1_503' title='bbox 1609 3989 1694 4029; x_wconf 88' lang='lat' dir='ltr'><strong>me</strong></span> <span class='ocrx_word' id='word_1_504' title='bbox 1726 3971 2079 4043; x_wconf 84' lang='lat' dir='ltr'><strong>magniﬁcen-</strong></span> 
     </span>
    </p>
   </div>
   <div class='ocr_carea' id='block_1_73' title="bbox 509 4073 718 4128">
    <p class='ocr_par' dir='ltr' id='par_1_73' title="bbox 509 4073 718 4128">
     <span class='ocr_line' id='line_1_73' title="bbox 509 4073 718 4128; baseline -0.038 0"><span class='ocrx_word' id='word_1_505' title='bbox 509 4073 658 4128; x_wconf 87' lang='lat' dir='ltr'><strong>tiam.</strong></span> <span class='ocrx_word' id='word_1_506' title='bbox 699 4089 718 4121; x_wconf 76' lang='grc' dir='ltr'><strong><em>ι</em></strong></span> 
     </span>
    </p>
   </div>
   <div class='ocr_carea' id='block_1_74' title="bbox 581 4157 2074 4239">
    <p class='ocr_par' dir='ltr' id='par_1_74' title="bbox 581 4157 2074 4239">
     <span class='ocr_line' id='line_1_74' title="bbox 581 4157 2074 4239; baseline -0.009 -17"><span class='ocrx_word' id='word_1_507' title='bbox 581 4165 975 4239; x_wconf 81' lang='lat' dir='ltr'><strong>Magniﬁcentia</strong></span> <span class='ocrx_word' id='word_1_508' title='bbox 1015 4163 1109 4219; x_wconf 90' lang='lat' dir='ltr'><strong>Del</strong></span> <span class='ocrx_word' id='word_1_509' title='bbox 1141 4173 1225 4218; x_wconf 91' lang='lat' dir='ltr'><strong>cst</strong></span> <span class='ocrx_word' id='word_1_510' title='bbox 1240 4164 1360 4232; x_wconf 80' lang='lat' dir='ltr'><strong>ejus</strong></span> <span class='ocrx_word' id='word_1_511' title='bbox 1411 4163 1476 4215; x_wconf 87' lang='lat' dir='ltr'><strong>ad</strong></span> <span class='ocrx_word' id='word_1_512' title='bbox 1508 4176 1609 4215; x_wconf 86' lang='lat' dir='ltr'><strong>nos</strong></span> <span class='ocrx_word' id='word_1_513' title='bbox 1641 4157 2032 4214; x_wconf 86' lang='lat' dir='ltr'><strong>condescensio</strong></span> <span class='ocrx_word' id='word_1_514' title='bbox 2062 4171 2074 4206; x_wconf 90' lang='lat'><strong>:</strong></span> 
     </span>
    </p>
   </div>
   <div class='ocr_carea' id='block_1_75' title="bbox 507 4251 2078 4323">
    <p class='ocr_par' dir='ltr' id='par_1_75' title="bbox 507 4251 2078 4323">
     <span class='ocr_line' id='line_1_75' title="bbox 507 4251 2078 4323; baseline -0.009 -7"><span class='ocrx_word' id='word_1_515' title='bbox 507 4261 647 4316; x_wconf 81' lang='lat' dir='ltr'><strong>sicut</strong></span> <span class='ocrx_word' id='word_1_516' title='bbox 669 4259 812 4314; x_wconf 91' lang='lat' dir='ltr'><strong>enim</strong></span> <span class='ocrx_word' id='word_1_517' title='bbox 839 4257 1106 4312; x_wconf 82' lang='lat' dir='ltr'><strong>maximus</strong></span> <span class='ocrx_word' id='word_1_518' title='bbox 1122 4263 1310 4309; x_wconf 88' lang='lat' dir='ltr'><strong>manet</strong></span> <span class='ocrx_word' id='word_1_519' title='bbox 1338 4267 1589 4323; x_wconf 88' lang='lat' dir='ltr'><strong>magnus,</strong></span> <span class='ocrx_word' id='word_1_520' title='bbox 1637 4262 1693 4306; x_wconf 85' lang='lat' dir='ltr'><strong>et</strong></span> <span class='ocrx_word' id='word_1_521' title='bbox 1715 4251 1926 4322; x_wconf 87' lang='lat' dir='ltr'><strong>pusillis</strong></span> <span class='ocrx_word' id='word_1_522' title='bbox 1942 4264 2078 4303; x_wconf 87' lang='lat' dir='ltr'><strong>con-</strong></span> 
     </span>
    </p>
   </div>
   <div class='ocr_carea' id='block_1_76' title="bbox 504 4339 2081 4414">
    <p class='ocr_par' dir='ltr' id='par_1_76' title="bbox 504 4339 2081 4414">
     <span class='ocr_line' id='line_1_76' title="bbox 504 4339 2081 4414; baseline -0.008 -8"><span class='ocrx_word' id='word_1_523' title='bbox 504 4350 810 4406; x_wconf 88' lang='lat' dir='ltr'><strong>descendit.</strong></span> <span class='ocrx_word' id='word_1_524' title='bbox 843 4345 1130 4414; x_wconf 80' lang='lat' dir='ltr'><strong>Quomodo</strong></span> <span class='ocrx_word' id='word_1_525' title='bbox 1165 4356 1350 4400; x_wconf 81' lang='lat' dir='ltr'><strong>autem</strong></span> <span class='ocrx_word' id='word_1_526' title='bbox 1407 4359 1560 4399; x_wconf 85' lang='lat' dir='ltr'><strong>suam</strong></span> <span class='ocrx_word' id='word_1_527' title='bbox 1616 4343 1683 4397; x_wconf 90' lang='lat' dir='ltr'><strong>ad</strong></span> <span class='ocrx_word' id='word_1_528' title='bbox 1735 4356 1835 4396; x_wconf 90' lang='lat' dir='ltr'><strong>nos</strong></span> <span class='ocrx_word' id='word_1_529' title='bbox 1881 4339 2081 4394; x_wconf 87' lang='lat' dir='ltr'><strong>conde-</strong></span> 
     </span>
    </p>
   </div>
   <div class='ocr_carea' id='block_1_77' title="bbox 2187 3145 3785 3225">
    <p class='ocr_par' dir='ltr' id='par_1_77' title="bbox 2187 3145 3785 3225">
     <span class='ocr_line' id='line_1_77' title="bbox 2187 3145 3785 3225; baseline -0.008 -16"><span class='ocrx_word' id='word_1_530' title='bbox 2187 3158 2244 3209; x_wconf 74' lang='grc' dir='ltr'>ὲν</span> <span class='ocrx_word' id='word_1_531' title='bbox 2266 3153 2490 3225; x_wconf 76' lang='grc' dir='ltr'>ὁμονοίᾳ</span> <span class='ocrx_word' id='word_1_532' title='bbox 2524 3152 2804 3222; x_wconf 82' lang='grc' dir='ltr'>βούλονται</span> <span class='ocrx_word' id='word_1_533' title='bbox 2829 3152 2889 3204; x_wconf 85' lang='grc' dir='ltr'><strong>ού</strong></span> <span class='ocrx_word' id='word_1_534' title='bbox 2923 3151 3084 3220; x_wconf 84' lang='grc' dir='ltr'>μόνον</span> <span class='ocrx_word' id='word_1_535' title='bbox 3114 3148 3471 3214; x_wconf 80' lang='grc' dir='ltr'>καταδιῶξαι,</span> <span class='ocrx_word' id='word_1_536' title='bbox 3503 3145 3653 3198; x_wconf 74' lang='grc' dir='ltr'>ἀλλὰ</span> <span class='ocrx_word' id='word_1_537' title='bbox 3679 3145 3785 3198; x_wconf 77' lang='grc' dir='ltr'>καὶ</span> 
     </span>
    </p>
   </div>
   <div class='ocr_carea' id='block_1_78' title="bbox 2186 3236 3785 3311">
    <p class='ocr_par' dir='ltr' id='par_1_78' title="bbox 2186 3236 3785 3311">
     <span class='ocr_line' id='line_1_78' title="bbox 2186 3236 3785 3311; baseline -0.005 -12"><span class='ocrx_word' id='word_1_538' title='bbox 2186 3245 2518 3300; x_wconf 79' lang='grc' dir='ltr'>καταλαϐεῖν</span> <span class='ocrx_word' id='word_1_539' title='bbox 2571 3245 2986 3309; x_wconf 77' lang='grc' dir='ltr'>σπουδάζοντες·</span> <span class='ocrx_word' id='word_1_540' title='bbox 3037 3241 3259 3296; x_wconf 85' lang='grc' dir='ltr'>δοκοῦσι</span> <span class='ocrx_word' id='word_1_541' title='bbox 3299 3241 3409 3311; x_wconf 82' lang='grc' dir='ltr'>γὰρ</span> <span class='ocrx_word' id='word_1_542' title='bbox 3453 3240 3560 3292; x_wconf 76' lang='grc' dir='ltr'>οὐκ</span> <span class='ocrx_word' id='word_1_543' title='bbox 3620 3236 3785 3292; x_wconf 77' lang='grc' dir='ltr'>εἶναι</span> 
     </span>
    </p>
   </div>
   <div class='ocr_carea' id='block_1_79' title="bbox 2184 3338 3734 3410">
    <p class='ocr_par' dir='ltr' id='par_1_79' title="bbox 2184 3338 3734 3410">
     <span class='ocr_line' id='line_1_79' title="bbox 2184 3338 3734 3410; baseline 0.001 -20"><span class='ocrx_word' id='word_1_544' title='bbox 2184 3340 2276 3392; x_wconf 71' lang='grc' dir='ltr'><strong>τὸν</strong></span> <span class='ocrx_word' id='word_1_545' title='bbox 2299 3338 2581 3410; x_wconf 79' lang='grc' dir='ltr'>ῥυόμενον.</span> <span class='ocrx_word' id='word_1_546' title='bbox 3731 3345 3734 3348; x_wconf 76' lang='grc'><em>’</em></span> 
     </span>
    </p>
   </div>
   <div class='ocr_carea' id='block_1_80' title="bbox 2261 3425 3469 3501">
    <p class='ocr_par' dir='ltr' id='par_1_80' title="bbox 2261 3425 3469 3501">
     <span class='ocr_line' id='line_1_80' title="bbox 2261 3425 3469 3501; baseline -0.005 -17"><span class='ocrx_word' id='word_1_547' title='bbox 2261 3449 2281 3483; x_wconf 72' lang='grc' dir='ltr'><strong>ι</strong></span> <span class='ocrx_word' id='word_1_548' title='bbox 2327 3430 2385 3484; x_wconf 88' lang='grc' dir='ltr'><strong>Ὀ</strong></span> <span class='ocrx_word' id='word_1_549' title='bbox 2408 3431 2541 3494; x_wconf 82' lang='grc' dir='ltr'>Θεὸς</span> <span class='ocrx_word' id='word_1_550' title='bbox 2571 3447 2698 3500; x_wconf 72' lang='grc' dir='ltr'>μου,</span> <span class='ocrx_word' id='word_1_551' title='bbox 2725 3430 2799 3501; x_wconf 81' lang='grc' dir='ltr'>μὴ</span> <span class='ocrx_word' id='word_1_552' title='bbox 2826 3428 3111 3501; x_wconf 72' lang='grc' dir='ltr'>μακρύνῃς</span> <span class='ocrx_word' id='word_1_553' title='bbox 3133 3429 3227 3482; x_wconf 76' lang='grc' dir='ltr'><strong>ἀπ’</strong></span> <span class='ocrx_word' id='word_1_554' title='bbox 3254 3425 3412 3498; x_wconf 69' lang='grc' dir='ltr'>ἐμοῦ,</span> <span class='ocrx_word' id='word_1_555' title='bbox 3449 3447 3469 3478; x_wconf 73' lang='grc' dir='ltr'><strong><em>ι</em></strong></span> 
     </span>
    </p>
   </div>
   <div class='ocr_carea' id='block_1_81' title="bbox 2257 3517 3784 3586">
    <p class='ocr_par' dir='ltr' id='par_1_81' title="bbox 2257 3517 3784 3586">
     <span class='ocr_line' id='line_1_81' title="bbox 2257 3517 3784 3586; baseline -0.003 -14"><span class='ocrx_word' id='word_1_556' title='bbox 2257 3519 2370 3573; x_wconf 79' lang='grc' dir='ltr'><strong>Καὶ</strong></span> <span class='ocrx_word' id='word_1_557' title='bbox 2393 3519 2510 3583; x_wconf 81' lang='grc' dir='ltr'><strong>πῶς</strong></span> <span class='ocrx_word' id='word_1_558' title='bbox 2538 3522 2570 3574; x_wconf 84' lang='grc' dir='ltr'><strong>ὁ</strong></span> <span class='ocrx_word' id='word_1_559' title='bbox 2597 3519 2729 3582; x_wconf 75' lang='grc' dir='ltr'>Θεὸς</span> <span class='ocrx_word' id='word_1_560' title='bbox 2761 3521 2853 3572; x_wconf 72' lang='grc' dir='ltr'><strong>ἐπὶ</strong></span> <span class='ocrx_word' id='word_1_561' title='bbox 2876 3520 3094 3573; x_wconf 77' lang='grc' dir='ltr'>πάντων</span> <span class='ocrx_word' id='word_1_562' title='bbox 3115 3519 3211 3571; x_wconf 77' lang='grc' dir='ltr'>καὶ</span> <span class='ocrx_word' id='word_1_563' title='bbox 3233 3519 3290 3570; x_wconf 79' lang='grc' dir='ltr'>ὲν</span> <span class='ocrx_word' id='word_1_564' title='bbox 3317 3517 3449 3570; x_wconf 80' lang='grc' dir='ltr'>πᾶσι</span> <span class='ocrx_word' id='word_1_565' title='bbox 3481 3517 3784 3586; x_wconf 79' lang='grc' dir='ltr'>μακρύνε-</span> 
     </span>
    </p>
   </div>
   <div class='ocr_carea' id='block_1_82' title="bbox 2184 3608 3781 3684">
    <p class='ocr_par' dir='ltr' id='par_1_82' title="bbox 2184 3608 3781 3684">
     <span class='ocr_line' id='line_1_82' title="bbox 2184 3608 3781 3684; baseline -0.001 -18"><span class='ocrx_word' id='word_1_566' title='bbox 2184 3630 2296 3677; x_wconf 88' lang='grc' dir='ltr'>ται,</span> <span class='ocrx_word' id='word_1_567' title='bbox 2327 3611 2535 3684; x_wconf 80' lang='grc' dir='ltr'><strong>ἀλλ’[ὴ]</strong></span> <span class='ocrx_word' id='word_1_568' title='bbox 2565 3612 2694 3666; x_wconf 83' lang='grc' dir='ltr'>ὅταν</span> <span class='ocrx_word' id='word_1_569' title='bbox 2716 3612 2879 3682; x_wconf 80' lang='grc' dir='ltr'>ἡμεῖς</span> <span class='ocrx_word' id='word_1_570' title='bbox 2898 3611 2996 3680; x_wconf 84' lang='grc' dir='ltr'><strong>τῆς</strong></span> <span class='ocrx_word' id='word_1_571' title='bbox 3019 3608 3185 3663; x_wconf 83' lang='grc' dir='ltr'>αὑτοῦ</span> <span class='ocrx_word' id='word_1_572' title='bbox 3219 3609 3530 3679; x_wconf 83' lang='grc' dir='ltr'>παρουσίας</span> <span class='ocrx_word' id='word_1_573' title='bbox 3561 3611 3781 3676; x_wconf 76' lang='grc' dir='ltr'>ἀνάξια</span> 
     </span>
    </p>
   </div>
   <div class='ocr_carea' id='block_1_83' title="bbox 2187 3700 3785 3776">
    <p class='ocr_par' dir='ltr' id='par_1_83' title="bbox 2187 3700 3785 3776">
     <span class='ocr_line' id='line_1_83' title="bbox 2187 3700 3785 3776; baseline -0.001 -19"><span class='ocrx_word' id='word_1_574' title='bbox 2187 3701 2485 3776; x_wconf 81' lang='grc' dir='ltr'>πράξωμεν</span> <span class='ocrx_word' id='word_1_575' title='bbox 2501 3721 2516 3772; x_wconf 85' lang='lat'><strong>;</strong></span> <span class='ocrx_word' id='word_1_576' title='bbox 2536 3703 2727 3772; x_wconf 84' lang='grc' dir='ltr'>ὥσπερ</span> <span class='ocrx_word' id='word_1_577' title='bbox 2745 3702 2833 3756; x_wconf 85' lang='grc' dir='ltr'>διὰ</span> <span class='ocrx_word' id='word_1_578' title='bbox 2865 3702 2965 3772; x_wconf 85' lang='grc' dir='ltr'>τῆς</span> <span class='ocrx_word' id='word_1_579' title='bbox 2981 3701 3328 3772; x_wconf 84' lang='grc' dir='ltr'>προφητικῆς</span> <span class='ocrx_word' id='word_1_580' title='bbox 3345 3700 3600 3771; x_wconf 79' lang='grc' dir='ltr'>γλώττης</span> <span class='ocrx_word' id='word_1_581' title='bbox 3634 3705 3785 3771; x_wconf 83' lang='grc' dir='ltr'>πρὸς</span> 
     </span>
    </p>
   </div>
   <div class='ocr_carea' id='block_1_84' title="bbox 2199 3791 3785 3864">
    <p class='ocr_par' dir='ltr' id='par_1_84' title="bbox 2199 3791 3785 3864">
     <span class='ocr_line' id='line_1_84' title="bbox 2199 3791 3785 3864; baseline -0.001 -14"><span class='ocrx_word' id='word_1_582' title='bbox 2199 3795 2486 3859; x_wconf 84' lang='grc' dir='ltr'>Ἰουδαίους</span> <span class='ocrx_word' id='word_1_583' title='bbox 2525 3795 2730 3862; x_wconf 64' lang='grc' dir='ltr'>ἔλεγενδ</span> <span class='ocrx_word' id='word_1_584' title='bbox 2755 3795 2821 3848; x_wconf 78' lang='grc' dir='ltr'><strong>Αἱ</strong></span> <span class='ocrx_word' id='word_1_585' title='bbox 2843 3793 3110 3864; x_wconf 77' lang='grc' dir='ltr'>ἁμαρτίαι</span> <span class='ocrx_word' id='word_1_586' title='bbox 3149 3792 3302 3863; x_wconf 80' lang='grc' dir='ltr'>ὑμῶν</span> <span class='ocrx_word' id='word_1_587' title='bbox 3331 3791 3618 3844; x_wconf 75' lang='grc' dir='ltr'>διεστῶσιν</span> <span class='ocrx_word' id='word_1_588' title='bbox 3641 3795 3785 3848; x_wconf 76' lang='grc' dir='ltr'>ἀνα·</span> 
     </span>
    </p>
   </div>
   <div class='ocr_carea' id='block_1_85' title="bbox 2190 3885 2984 3958">
    <p class='ocr_par' dir='ltr' id='par_1_85' title="bbox 2190 3885 2984 3958">
     <span class='ocr_line' id='line_1_85' title="bbox 2190 3885 2984 3958; baseline -0.001 -16"><span class='ocrx_word' id='word_1_589' title='bbox 2190 3889 2354 3958; x_wconf 76' lang='grc' dir='ltr'>μέσον</span> <span class='ocrx_word' id='word_1_590' title='bbox 2384 3886 2540 3956; x_wconf 82' lang='grc' dir='ltr'>ὑμῶν</span> <span class='ocrx_word' id='word_1_591' title='bbox 2575 3885 2670 3939; x_wconf 72' lang='grc' dir='ltr'>καὶ</span> <span class='ocrx_word' id='word_1_592' title='bbox 2690 3885 2785 3938; x_wconf 88' lang='grc' dir='ltr'><strong>τοῦ</strong></span> <span class='ocrx_word' id='word_1_593' title='bbox 2825 3885 2984 3941; x_wconf 83' lang='grc' dir='ltr'>Θεοῦ.</span> 
     </span>
    </p>
   </div>
   <div class='ocr_carea' id='block_1_86' title="bbox 2263 3973 3586 4046">
    <p class='ocr_par' dir='ltr' id='par_1_86' title="bbox 2263 3973 3586 4046">
     <span class='ocr_line' id='line_1_86' title="bbox 2263 3973 3586 4046; baseline -0.002 -18"><span class='ocrx_word' id='word_1_594' title='bbox 2263 3996 2282 4028; x_wconf 74' lang='grc' dir='ltr'><strong>ι</strong></span> <span class='ocrx_word' id='word_1_595' title='bbox 2327 3975 2688 4037; x_wconf 84' lang='grc' dir='ltr'>Ἐπλεόνασας</span> <span class='ocrx_word' id='word_1_596' title='bbox 2732 3975 2819 4026; x_wconf 78' lang='grc' dir='ltr'><strong>ἐπ’</strong></span> <span class='ocrx_word' id='word_1_597' title='bbox 2847 3973 2948 4044; x_wconf 73' lang='grc' dir='ltr'><strong>ἐμὲ</strong></span> <span class='ocrx_word' id='word_1_598' title='bbox 2977 3974 3080 4046; x_wconf 72' lang='grc' dir='ltr'>τὴν</span> <span class='ocrx_word' id='word_1_599' title='bbox 3113 3974 3527 4046; x_wconf 87' lang='grc' dir='ltr'>μεγαλωσύνην.</span> <span class='ocrx_word' id='word_1_600' title='bbox 3566 3993 3586 4026; x_wconf 76' lang='grc' dir='ltr'><strong><em>ι</em></strong></span> 
     </span>
    </p>
   </div>
   <div class='ocr_carea' id='block_1_87' title="bbox 2256 4147 3784 4220">
    <p class='ocr_par' dir='ltr' id='par_1_87' title="bbox 2256 4147 3784 4220">
     <span class='ocr_line' id='line_1_87' title="bbox 2256 4147 3784 4220; baseline -0.003 -14"><span class='ocrx_word' id='word_1_601' title='bbox 2256 4150 2636 4220; x_wconf 87' lang='grc' dir='ltr'>Μεγαλωσύνη</span> <span class='ocrx_word' id='word_1_602' title='bbox 2662 4147 2798 4202; x_wconf 84' lang='grc' dir='ltr'>Θεοῦ</span> <span class='ocrx_word' id='word_1_603' title='bbox 2828 4150 2862 4219; x_wconf 82' lang='grc' dir='ltr'><strong>ἡ</strong></span> <span class='ocrx_word' id='word_1_604' title='bbox 2879 4149 3018 4219; x_wconf 73' lang='grc' dir='ltr'>πρὸς</span> <span class='ocrx_word' id='word_1_605' title='bbox 3047 4149 3196 4220; x_wconf 77' lang='grc' dir='ltr'>ἡμᾶς</span> <span class='ocrx_word' id='word_1_606' title='bbox 3234 4149 3680 4215; x_wconf 78' lang='grc' dir='ltr'>συγκατάϐασις·</span> <span class='ocrx_word' id='word_1_607' title='bbox 3703 4152 3784 4214; x_wconf 81' lang='grc' dir='ltr'><strong>ὡς</strong></span> 
     </span>
    </p>
   </div>
   <div class='ocr_carea' id='block_1_88' title="bbox 2186 4241 3780 4314">
    <p class='ocr_par' dir='ltr' id='par_1_88' title="bbox 2186 4241 3780 4314">
     <span class='ocr_line' id='line_1_88' title="bbox 2186 4241 3780 4314; baseline -0.003 -18"><span class='ocrx_word' id='word_1_608' title='bbox 2186 4245 2293 4314; x_wconf 83' lang='grc' dir='ltr'>γὰρ</span> <span class='ocrx_word' id='word_1_609' title='bbox 2321 4242 2576 4313; x_wconf 81' lang='grc' dir='ltr'>μέγιστος</span> <span class='ocrx_word' id='word_1_610' title='bbox 2603 4241 2752 4312; x_wconf 80' lang='grc' dir='ltr'>μένει</span> <span class='ocrx_word' id='word_1_611' title='bbox 2777 4242 2974 4310; x_wconf 82' lang='grc' dir='ltr'>μέγας,</span> <span class='ocrx_word' id='word_1_612' title='bbox 2995 4241 3226 4304; x_wconf 74' lang='grc' dir='ltr'>καὶτοῖς</span> <span class='ocrx_word' id='word_1_613' title='bbox 3269 4241 3490 4312; x_wconf 81' lang='grc' dir='ltr'>μικροῖς</span> <span class='ocrx_word' id='word_1_614' title='bbox 3521 4256 3780 4308; x_wconf 75' lang='grc' dir='ltr'>συγκατο</span> 
     </span>
    </p>
   </div>
   <div class='ocr_carea' id='block_1_89' title="bbox 2187 4332 3777 4408">
    <p class='ocr_par' dir='ltr' id='par_1_89' title="bbox 2187 4332 3777 4408">
     <span class='ocr_line' id='line_1_89' title="bbox 2187 4332 3777 4408; baseline -0.004 -18"><span class='ocrx_word' id='word_1_615' title='bbox 2187 4337 2430 4408; x_wconf 79' lang='grc' dir='ltr'>ἐρχεται.</span> <span class='ocrx_word' id='word_1_616' title='bbox 2489 4333 2614 4396; x_wconf 82' lang='grc' dir='ltr'>Πῶς</span> <span class='ocrx_word' id='word_1_617' title='bbox 2666 4332 2724 4385; x_wconf 82' lang='grc' dir='ltr'>δὲ</span> <span class='ocrx_word' id='word_1_618' title='bbox 2799 4333 2898 4404; x_wconf 83' lang='grc' dir='ltr'>τὴν</span> <span class='ocrx_word' id='word_1_619' title='bbox 2951 4333 3089 4403; x_wconf 76' lang='grc' dir='ltr'>πρὸς</span> <span class='ocrx_word' id='word_1_620' title='bbox 3145 4335 3292 4404; x_wconf 74' lang='grc' dir='ltr'>ἡμᾶς</span> <span class='ocrx_word' id='word_1_621' title='bbox 3351 4333 3777 4400; x_wconf 74' lang='grc' dir='ltr'>συγκατάεασιν</span> 
     </span>
    </p>
   </div>
   <div class='ocr_carea' id='block_1_90' title="bbox 505 4423 2082 4508">
    <p class='ocr_par' dir='ltr' id='par_1_90' title="bbox 505 4435 2064 4508">
     <span class='ocr_line' id='line_1_90' title="bbox 505 4435 2064 4508; baseline -0.003 -12"><span class='ocrx_word' id='word_1_622' title='bbox 505 4441 847 4496; x_wconf 89' lang='lat' dir='ltr'><strong>scensionem</strong></span> <span class='ocrx_word' id='word_1_623' title='bbox 866 4439 1278 4508; x_wconf 87' lang='lat' dir='ltr'><strong>multiplicavit?</strong></span> <span class='ocrx_word' id='word_1_624' title='bbox 1329 4436 1560 4503; x_wconf 86' lang='lat' dir='ltr'><strong>Quando</strong></span> <span class='ocrx_word' id='word_1_625' title='bbox 1596 4436 1852 4490; x_wconf 78' lang='lat' dir='ltr'><strong>nimirum</strong></span> <span class='ocrx_word' id='word_1_626' title='bbox 1900 4435 2064 4491; x_wconf 77' lang='lat' dir='ltr'><strong>homo</strong></span> 
     </span>
    </p>
   </div>
   <div class='ocr_carea' id='block_1_91' title="bbox 2196 4423 3772 4508">
    <p class='ocr_par' dir='ltr' id='par_1_91' title="bbox 2200 4423 3772 4497">
     <span class='ocr_line' id='line_1_91' title="bbox 2200 4423 3772 4497; baseline -0.003 -16"><span class='ocrx_word' id='word_1_627' title='bbox 2200 4427 2530 4494; x_wconf 86' lang='grc' dir='ltr'>πλεόνασεν;</span> <span class='ocrx_word' id='word_1_628' title='bbox 2573 4427 2743 4480; x_wconf 85' lang='grc' dir='ltr'>Ὅταν</span> <span class='ocrx_word' id='word_1_629' title='bbox 2805 4425 3051 4497; x_wconf 86' lang='grc' dir='ltr'>δηλονότι</span> <span class='ocrx_word' id='word_1_630' title='bbox 3099 4426 3394 4495; x_wconf 82' lang='grc' dir='ltr'>γενόμενος</span> <span class='ocrx_word' id='word_1_631' title='bbox 3447 4423 3772 4494; x_wconf 72' lang='grc' dir='ltr'>ἄνθρωπος,</span> 
     </span>
    </p>
   </div>
   <div class='ocr_carea' id='block_1_92' title="bbox 505 4529 2075 4597">
    <p class='ocr_par' dir='ltr' id='par_1_92' title="bbox 505 4529 2075 4597">
     <span class='ocr_line' id='line_1_92' title="bbox 505 4529 2075 4597; baseline 0 -11"><span class='ocrx_word' id='word_1_632' title='bbox 505 4533 701 4597; x_wconf 79' lang='lat' dir='ltr'><strong>factus,</strong></span> <span class='ocrx_word' id='word_1_633' title='bbox 731 4531 807 4585; x_wconf 85' lang='lat' dir='ltr'><strong>ita</strong></span> <span class='ocrx_word' id='word_1_634' title='bbox 840 4545 944 4585; x_wconf 87' lang='lat' dir='ltr'><strong>nos</strong></span> <span class='ocrx_word' id='word_1_635' title='bbox 965 4544 1030 4584; x_wconf 77' lang='lat' dir='ltr'><strong>ex</strong></span> <span class='ocrx_word' id='word_1_636' title='bbox 1054 4544 1244 4584; x_wconf 88' lang='lat' dir='ltr'><strong>errore</strong></span> <span class='ocrx_word' id='word_1_637' title='bbox 1286 4529 1556 4583; x_wconf 88' lang='lat' dir='ltr'><strong>reducens</strong></span> <span class='ocrx_word' id='word_1_638' title='bbox 1617 4544 1724 4582; x_wconf 81' lang='lat' dir='ltr'><strong>non</strong></span> <span class='ocrx_word' id='word_1_639' title='bbox 1777 4531 1971 4584; x_wconf 85' lang='lat' dir='ltr'><strong>terruit</strong></span> <span class='ocrx_word' id='word_1_640' title='bbox 2019 4541 2075 4586; x_wconf 88' lang='lat' dir='ltr'><strong>ut</strong></span> 
     </span>
    </p>
   </div>
   <div class='ocr_carea' id='block_1_93' title="bbox 502 4619 1548 4688">
    <p class='ocr_par' dir='ltr' id='par_1_93' title="bbox 502 4619 1548 4688">
     <span class='ocr_line' id='line_1_93' title="bbox 502 4619 1548 4688; baseline -0.001 -12"><span class='ocrx_word' id='word_1_641' title='bbox 502 4637 710 4688; x_wconf 75' lang='lat' dir='ltr'><strong>servos,</strong></span> <span class='ocrx_word' id='word_1_642' title='bbox 744 4621 841 4677; x_wconf 86' lang='lat' dir='ltr'><strong>sed</strong></span> <span class='ocrx_word' id='word_1_643' title='bbox 859 4622 1172 4677; x_wconf 80' lang='lat' dir='ltr'><strong>consolatus</strong></span> <span class='ocrx_word' id='word_1_644' title='bbox 1195 4629 1277 4676; x_wconf 87' lang='lat' dir='ltr'><strong>est</strong></span> <span class='ocrx_word' id='word_1_645' title='bbox 1304 4628 1362 4674; x_wconf 88' lang='lat' dir='ltr'><strong>ut</strong></span> <span class='ocrx_word' id='word_1_646' title='bbox 1386 4619 1548 4675; x_wconf 79' lang='lat' dir='ltr'><strong>ﬁlios.</strong></span> 
     </span>
    </p>
   </div>
   <div class='ocr_carea' id='block_1_94' title="bbox 579 4711 1702 4784">
    <p class='ocr_par' dir='ltr' id='par_1_94' title="bbox 579 4711 1702 4784">
     <span class='ocr_line' id='line_1_94' title="bbox 579 4711 1702 4784; baseline 0 -16"><span class='ocrx_word' id='word_1_647' title='bbox 579 4711 739 4770; x_wconf 73' lang='lat' dir='ltr'><strong>Vens.</strong></span> <span class='ocrx_word' id='word_1_648' title='bbox 766 4713 856 4768; x_wconf 70' lang='lat'><strong>22.</strong></span> <span class='ocrx_word' id='word_1_649' title='bbox 897 4731 916 4765; x_wconf 69' lang='grc' dir='ltr'><em>ς</em></span> <span class='ocrx_word' id='word_1_650' title='bbox 940 4712 1073 4767; x_wconf 78' lang='lat' dir='ltr'><strong>Nam</strong></span> <span class='ocrx_word' id='word_1_651' title='bbox 1095 4721 1150 4767; x_wconf 91' lang='lat' dir='ltr'><strong>et</strong></span> <span class='ocrx_word' id='word_1_652' title='bbox 1174 4727 1277 4784; x_wconf 87' lang='lat' dir='ltr'><strong>ego</strong></span> <span class='ocrx_word' id='word_1_653' title='bbox 1310 4711 1631 4768; x_wconf 75' lang='lat' dir='ltr'><strong>confitebor.</strong></span> <span class='ocrx_word' id='word_1_654' title='bbox 1681 4733 1702 4767; x_wconf 73' lang='grc' dir='ltr'><strong>ι</strong></span> 
     </span>
    </p>
   </div>
   <div class='ocr_carea' id='block_1_95' title="bbox 569 4805 2079 4877">
    <p class='ocr_par' dir='ltr' id='par_1_95' title="bbox 569 4805 2079 4877">
     <span class='ocr_line' id='line_1_95' title="bbox 569 4805 2079 4877; baseline 0.001 -17"><span class='ocrx_word' id='word_1_655' title='bbox 569 4805 686 4860; x_wconf 85' lang='lat' dir='ltr'><strong>Non</strong></span> <span class='ocrx_word' id='word_1_656' title='bbox 720 4817 830 4861; x_wconf 86' lang='lat' dir='ltr'><strong>tam</strong></span> <span class='ocrx_word' id='word_1_657' title='bbox 854 4807 908 4862; x_wconf 90' lang='lat' dir='ltr'><strong>in</strong></span> <span class='ocrx_word' id='word_1_658' title='bbox 941 4805 1232 4861; x_wconf 84' lang='lat' dir='ltr'><strong>sensilibus</strong></span> <span class='ocrx_word' id='word_1_659' title='bbox 1252 4805 1626 4862; x_wconf 84' lang='lat' dir='ltr'><strong>instrumentis</strong></span> <span class='ocrx_word' id='word_1_660' title='bbox 1648 4821 1821 4877; x_wconf 82' lang='lat' dir='ltr'><strong>quam</strong></span> <span class='ocrx_word' id='word_1_661' title='bbox 1840 4807 1893 4861; x_wconf 82' lang='lat' dir='ltr'><strong>in</strong></span> <span class='ocrx_word' id='word_1_662' title='bbox 1914 4809 2079 4863; x_wconf 86' lang='lat' dir='ltr'><strong>corde</strong></span> 
     </span>
    </p>
   </div>
   <div class='ocr_carea' id='block_1_96' title="bbox 499 4897 2073 4970">
    <p class='ocr_par' dir='ltr' id='par_1_96' title="bbox 499 4897 2073 4970">
     <span class='ocr_line' id='line_1_96' title="bbox 499 4897 2073 4970; baseline 0.001 -18"><span class='ocrx_word' id='word_1_663' title='bbox 499 4913 637 4968; x_wconf 86' lang='lat' dir='ltr'><strong>puro</strong></span> <span class='ocrx_word' id='word_1_664' title='bbox 664 4907 720 4953; x_wconf 91' lang='lat' dir='ltr'><strong>et</strong></span> <span class='ocrx_word' id='word_1_665' title='bbox 743 4897 924 4970; x_wconf 85' lang='lat' dir='ltr'><strong>lingua</strong></span> <span class='ocrx_word' id='word_1_666' title='bbox 957 4907 1276 4968; x_wconf 89' lang='lat' dir='ltr'><strong>temperata,</strong></span> <span class='ocrx_word' id='word_1_667' title='bbox 1294 4906 1348 4952; x_wconf 88' lang='lat' dir='ltr'><strong>et</strong></span> <span class='ocrx_word' id='word_1_668' title='bbox 1370 4897 1446 4950; x_wconf 90' lang='lat' dir='ltr'><strong>nil</strong></span> <span class='ocrx_word' id='word_1_669' title='bbox 1469 4912 1500 4951; x_wconf 90' lang='lat' dir='ltr'><strong>a</strong></span> <span class='ocrx_word' id='word_1_670' title='bbox 1521 4900 1810 4955; x_wconf 89' lang='lat' dir='ltr'><strong>sanctitate</strong></span> <span class='ocrx_word' id='word_1_671' title='bbox 1835 4900 2073 4955; x_wconf 89' lang='lat' dir='ltr'><strong>alienum</strong></span> 
     </span>
    </p>
   </div>
   <div class='ocr_carea' id='block_1_97' title="bbox 501 4989 2076 5062">
    <p class='ocr_par' dir='ltr' id='par_1_97' title="bbox 501 4989 2076 5062">
     <span class='ocr_line' id='line_1_97' title="bbox 501 4989 2076 5062; baseline 0.003 -17"><span class='ocrx_word' id='word_1_672' title='bbox 501 4992 830 5060; x_wconf 81' lang='lat' dir='ltr'><strong>proferente.</strong></span> <span class='ocrx_word' id='word_1_673' title='bbox 891 4989 1017 5046; x_wconf 71' lang='lat' dir='ltr'><strong>llaec</strong></span> <span class='ocrx_word' id='word_1_674' title='bbox 1067 4991 1214 5046; x_wconf 86' lang='lat' dir='ltr'><strong>enim</strong></span> <span class='ocrx_word' id='word_1_675' title='bbox 1248 5005 1436 5046; x_wconf 87' lang='lat' dir='ltr'><strong>revera</strong></span> <span class='ocrx_word' id='word_1_676' title='bbox 1485 5006 1613 5045; x_wconf 87' lang='lat' dir='ltr'><strong>vasa</strong></span> <span class='ocrx_word' id='word_1_677' title='bbox 1645 4993 1837 5062; x_wconf 87' lang='lat' dir='ltr'><strong>psalmi</strong></span> <span class='ocrx_word' id='word_1_678' title='bbox 1881 4995 2076 5050; x_wconf 88' lang='lat' dir='ltr'><strong>merito</strong></span> 
     </span>
    </p>
   </div>
   <div class='ocr_carea' id='block_1_98' title="bbox 497 5079 858 5154">
    <p class='ocr_par' dir='ltr' id='par_1_98' title="bbox 497 5079 858 5154">
     <span class='ocr_line' id='line_1_98' title="bbox 497 5079 858 5154; baseline 0.011 -18"><span class='ocrx_word' id='word_1_679' title='bbox 497 5079 858 5154; x_wconf 77' lang='lat' dir='ltr'><strong>appellantur.</strong></span> 
     </span>
    </p>
   </div>
   <div class='ocr_carea' id='block_1_99' title="bbox 1031 5175 1581 5236">
    <p class='ocr_par' dir='ltr' id='par_1_99' title="bbox 1031 5175 1581 5236">
     <span class='ocr_line' id='line_1_99' title="bbox 1031 5175 1581 5236; baseline 0.005 -4"><span class='ocrx_word' id='word_1_680' title='bbox 1031 5175 1350 5236; x_wconf 70' lang='lat' dir='ltr'><strong>PSALMUS</strong></span> <span class='ocrx_word' id='word_1_681' title='bbox 1398 5180 1581 5235; x_wconf 79' lang='lat' dir='ltr'><strong>LXXI.</strong></span> 
     </span>
    </p>
   </div>
   <div class='ocr_carea' id='block_1_100' title="bbox 564 5267 1925 5342">
    <p class='ocr_par' dir='ltr' id='par_1_100' title="bbox 564 5267 1925 5342">
     <span class='ocr_line' id='line_1_100' title="bbox 564 5267 1925 5342; baseline 0.003 -21"><span class='ocrx_word' id='word_1_682' title='bbox 564 5267 724 5326; x_wconf 77' lang='lat' dir='ltr'><strong>Vens.</strong></span> <span class='ocrx_word' id='word_1_683' title='bbox 755 5271 808 5325; x_wconf 86' lang='lat'><strong>6.</strong></span> <span class='ocrx_word' id='word_1_684' title='bbox 847 5290 868 5322; x_wconf 78' lang='grc' dir='ltr'><strong><em>ο</em></strong></span> <span class='ocrx_word' id='word_1_685' title='bbox 890 5272 1195 5328; x_wconf 81' lang='lat' dir='ltr'><strong>Descendet</strong></span> <span class='ocrx_word' id='word_1_686' title='bbox 1223 5273 1365 5328; x_wconf 90' lang='lat' dir='ltr'><strong>sicut</strong></span> <span class='ocrx_word' id='word_1_687' title='bbox 1385 5274 1563 5342; x_wconf 86' lang='lat' dir='ltr'><strong>pluvia</strong></span> <span class='ocrx_word' id='word_1_688' title='bbox 1599 5275 1651 5328; x_wconf 92' lang='lat' dir='ltr'><strong>in</strong></span> <span class='ocrx_word' id='word_1_689' title='bbox 1679 5276 1870 5330; x_wconf 89' lang='lat' dir='ltr'><strong>vellus.</strong></span> <span class='ocrx_word' id='word_1_690' title='bbox 1908 5294 1925 5325; x_wconf 78' lang='grc' dir='ltr'><strong>ι</strong></span> 
     </span>
    </p>
   </div>
   <div class='ocr_carea' id='block_1_101' title="bbox 567 5360 2066 5438">
    <p class='ocr_par' dir='ltr' id='par_1_101' title="bbox 567 5360 2066 5438">
     <span class='ocr_line' id='line_1_101' title="bbox 567 5360 2066 5438; baseline 0.001 -24"><span class='ocrx_word' id='word_1_691' title='bbox 567 5360 706 5416; x_wconf 84' lang='lat' dir='ltr'><strong>Dicit</strong></span> <span class='ocrx_word' id='word_1_692' title='bbox 730 5361 1003 5435; x_wconf 84' lang='lat' dir='ltr'><strong>Unigeniti</strong></span> <span class='ocrx_word' id='word_1_693' title='bbox 1035 5364 1090 5419; x_wconf 89' lang='lat' dir='ltr'><strong>in</strong></span> <span class='ocrx_word' id='word_1_694' title='bbox 1121 5363 1348 5435; x_wconf 87' lang='lat' dir='ltr'><strong>Deipara</strong></span> <span class='ocrx_word' id='word_1_695' title='bbox 1367 5364 1588 5438; x_wconf 81' lang='lat' dir='ltr'><strong>Virgine</strong></span> <span class='ocrx_word' id='word_1_696' title='bbox 1609 5367 2066 5421; x_wconf 81' lang='lat' dir='ltr'><strong>exinanitionem:</strong></span> 
     </span>
    </p>
   </div>
   <div class='ocr_carea' id='block_1_102' title="bbox 501 5449 2068 5529">
    <p class='ocr_par' dir='ltr' id='par_1_102' title="bbox 501 5449 2068 5529">
     <span class='ocr_line' id='line_1_102' title="bbox 501 5449 2068 5529; baseline 0.006 -25"><span class='ocrx_word' id='word_1_697' title='bbox 501 5450 670 5506; x_wconf 83' lang='lat' dir='ltr'><strong>vellus</strong></span> <span class='ocrx_word' id='word_1_698' title='bbox 695 5461 878 5509; x_wconf 87' lang='lat' dir='ltr'><strong>autem</strong></span> <span class='ocrx_word' id='word_1_699' title='bbox 907 5466 1124 5511; x_wconf 90' lang='lat' dir='ltr'><strong>uterum</strong></span> <span class='ocrx_word' id='word_1_700' title='bbox 1153 5457 1275 5528; x_wconf 88' lang='lat' dir='ltr'><strong>ejus</strong></span> <span class='ocrx_word' id='word_1_701' title='bbox 1297 5459 1490 5514; x_wconf 90' lang='lat' dir='ltr'><strong>merito</strong></span> <span class='ocrx_word' id='word_1_702' title='bbox 1544 5459 1914 5529; x_wconf 87' lang='lat' dir='ltr'><strong>nuncupavit;</strong></span> <span class='ocrx_word' id='word_1_703' title='bbox 1942 5449 2068 5528; x_wconf 77' lang='lat' dir='ltr'><strong>quia</strong></span> 
     </span>
    </p>
   </div>
   <div class='ocr_carea' id='block_1_103' title="bbox 501 5539 2069 5618">
    <p class='ocr_par' dir='ltr' id='par_1_103' title="bbox 501 5539 2069 5618">
     <span class='ocr_line' id='line_1_103' title="bbox 501 5539 2069 5618; baseline 0.006 -23"><span class='ocrx_word' id='word_1_704' title='bbox 501 5539 595 5596; x_wconf 89' lang='lat' dir='ltr'><strong>Dei</strong></span> <span class='ocrx_word' id='word_1_705' title='bbox 619 5541 778 5599; x_wconf 77' lang='lat' dir='ltr'><strong>Verbi</strong></span> <span class='ocrx_word' id='word_1_706' title='bbox 826 5547 1119 5602; x_wconf 88' lang='lat' dir='ltr'><strong>adventum</strong></span> <span class='ocrx_word' id='word_1_707' title='bbox 1161 5549 1346 5618; x_wconf 87' lang='lat' dir='ltr'><strong>quiete</strong></span> <span class='ocrx_word' id='word_1_708' title='bbox 1395 5565 1458 5604; x_wconf 91' lang='lat' dir='ltr'><strong>ac</strong></span> <span class='ocrx_word' id='word_1_709' title='bbox 1502 5550 1618 5604; x_wconf 90' lang='lat' dir='ltr'><strong>sine</strong></span> <span class='ocrx_word' id='word_1_710' title='bbox 1645 5551 1900 5618; x_wconf 89' lang='lat' dir='ltr'><strong>strepitu,</strong></span> <span class='ocrx_word' id='word_1_711' title='bbox 1958 5566 2069 5604; x_wconf 85' lang='lat' dir='ltr'><strong>non</strong></span> 
     </span>
    </p>
   </div>
   <div class='ocr_carea' id='block_1_104' title="bbox 579 5714 1525 5791">
    <p class='ocr_par' dir='ltr' id='par_1_104' title="bbox 579 5714 1525 5791">
     <span class='ocr_line' id='line_1_104' title="bbox 579 5714 1525 5791; baseline 0.005 -16"><span class='ocrx_word' id='word_1_712' title='bbox 579 5714 623 5745; x_wconf 76' lang='lat'><strong>&quot;&#39;</strong></span> <span class='ocrx_word' id='word_1_713' title='bbox 644 5718 786 5775; x_wconf 83' lang='lat' dir='ltr'><strong>Psal.</strong></span> <span class='ocrx_word' id='word_1_714' title='bbox 813 5733 924 5784; x_wconf 84' lang='lat' dir='ltr'><strong>cm,</strong></span> <span class='ocrx_word' id='word_1_715' title='bbox 962 5725 1053 5777; x_wconf 67' lang='grc' dir='ltr'>Ἡ.</span> <span class='ocrx_word' id='word_1_716' title='bbox 1131 5727 1172 5758; x_wconf 73' lang='grc'><strong>⁸³</strong></span> <span class='ocrx_word' id='word_1_717' title='bbox 1198 5725 1298 5780; x_wconf 84' lang='lat' dir='ltr'><strong>lsa.</strong></span> <span class='ocrx_word' id='word_1_718' title='bbox 1333 5741 1439 5791; x_wconf 82' lang='lat' dir='ltr'><strong>th,</strong></span> <span class='ocrx_word' id='word_1_719' title='bbox 1470 5728 1525 5780; x_wconf 77' lang='lat'><strong>&#39;2.</strong></span> 
     </span>
    </p>
   </div>
   <div class='ocr_carea' id='block_1_105' title="bbox 2182 4517 3775 4591">
    <p class='ocr_par' dir='ltr' id='par_1_105' title="bbox 2182 4517 3775 4591">
     <span class='ocr_line' id='line_1_105' title="bbox 2182 4517 3775 4591; baseline -0.003 -17"><span class='ocrx_word' id='word_1_720' title='bbox 2182 4521 2324 4575; x_wconf 78' lang='grc' dir='ltr'>οὕτω</span> <span class='ocrx_word' id='word_1_721' title='bbox 2342 4537 2401 4573; x_wconf 85' lang='grc' dir='ltr'><strong>τε</strong></span> <span class='ocrx_word' id='word_1_722' title='bbox 2418 4521 2568 4591; x_wconf 74' lang='grc' dir='ltr'>ἡμᾶς</span> <span class='ocrx_word' id='word_1_723' title='bbox 2592 4521 2658 4572; x_wconf 67' lang='grc' dir='ltr'>ἐκ</span> <span class='ocrx_word' id='word_1_724' title='bbox 2683 4522 2784 4590; x_wconf 81' lang='grc' dir='ltr'>τῆς</span> <span class='ocrx_word' id='word_1_725' title='bbox 2808 4520 3020 4589; x_wconf 83' lang='grc' dir='ltr'>πλάνης</span> <span class='ocrx_word' id='word_1_726' title='bbox 3051 4518 3393 4588; x_wconf 71' lang='grc' dir='ltr'>ἐπιστρέψας</span> <span class='ocrx_word' id='word_1_727' title='bbox 3433 4518 3538 4571; x_wconf 76' lang='grc' dir='ltr'>οὐκ</span> <span class='ocrx_word' id='word_1_728' title='bbox 3567 4517 3775 4588; x_wconf 70' lang='grc' dir='ltr'>ἐφόϐη-</span> 
     </span>
    </p>
   </div>
   <div class='ocr_carea' id='block_1_106' title="bbox 2185 4610 3470 4682">
    <p class='ocr_par' dir='ltr' id='par_1_106' title="bbox 2185 4610 3470 4682">
     <span class='ocr_line' id='line_1_106' title="bbox 2185 4610 3470 4682; baseline -0.003 -16"><span class='ocrx_word' id='word_1_729' title='bbox 2185 4627 2276 4666; x_wconf 80' lang='grc' dir='ltr'><strong>αεν</strong></span> <span class='ocrx_word' id='word_1_730' title='bbox 2298 4611 2372 4675; x_wconf 81' lang='grc' dir='ltr'>ὼς</span> <span class='ocrx_word' id='word_1_731' title='bbox 2398 4611 2637 4677; x_wconf 80' lang='grc' dir='ltr'>δούλους,</span> <span class='ocrx_word' id='word_1_732' title='bbox 2669 4611 2783 4666; x_wconf 77' lang='grc' dir='ltr'>ἀλλ’</span> <span class='ocrx_word' id='word_1_733' title='bbox 2805 4611 2880 4674; x_wconf 82' lang='grc' dir='ltr'>ὡς</span> <span class='ocrx_word' id='word_1_734' title='bbox 2903 4611 3050 4672; x_wconf 75' lang='grc' dir='ltr'>υἱοὺς</span> <span class='ocrx_word' id='word_1_735' title='bbox 3074 4610 3470 4682; x_wconf 77' lang='grc' dir='ltr'>παρεκάλεσεν.</span> 
     </span>
    </p>
   </div>
   <div class='ocr_carea' id='block_1_107' title="bbox 2259 4701 3362 4774">
    <p class='ocr_par' dir='ltr' id='par_1_107' title="bbox 2259 4701 3362 4774">
     <span class='ocr_line' id='line_1_107' title="bbox 2259 4701 3362 4774; baseline -0.001 -19"><span class='ocrx_word' id='word_1_736' title='bbox 2259 4723 2278 4755; x_wconf 75' lang='grc' dir='ltr'><strong>ε</strong></span> <span class='ocrx_word' id='word_1_737' title='bbox 2310 4705 2421 4757; x_wconf 75' lang='grc' dir='ltr'><strong>Καὶ</strong></span> <span class='ocrx_word' id='word_1_738' title='bbox 2441 4704 2552 4774; x_wconf 74' lang='grc' dir='ltr'>γὰρ</span> <span class='ocrx_word' id='word_1_739' title='bbox 2571 4701 2681 4772; x_wconf 74' lang='grc' dir='ltr'><strong>ἐγὼ</strong></span> <span class='ocrx_word' id='word_1_740' title='bbox 2703 4702 3173 4773; x_wconf 75' lang='grc' dir='ltr'>ἐξομολογησομαί</span> <span class='ocrx_word' id='word_1_741' title='bbox 3194 4719 3298 4756; x_wconf 86' lang='grc' dir='ltr'>σοι.</span> <span class='ocrx_word' id='word_1_742' title='bbox 3341 4720 3362 4754; x_wconf 67' lang='grc' dir='ltr'><strong><em>υ</em></strong></span> 
     </span>
    </p>
   </div>
   <div class='ocr_carea' id='block_1_108' title="bbox 2258 4793 3768 4865">
    <p class='ocr_par' dir='ltr' id='par_1_108' title="bbox 2258 4793 3768 4865">
     <span class='ocr_line' id='line_1_108' title="bbox 2258 4793 3768 4865; baseline 0.001 -18"><span class='ocrx_word' id='word_1_743' title='bbox 2258 4794 2334 4848; x_wconf 80' lang='grc' dir='ltr'><strong>Οὐ</strong></span> <span class='ocrx_word' id='word_1_744' title='bbox 2359 4794 2615 4849; x_wconf 81' lang='grc' dir='ltr'>τοσοῦτον</span> <span class='ocrx_word' id='word_1_745' title='bbox 2636 4795 2750 4858; x_wconf 82' lang='grc' dir='ltr'>τοῖς</span> <span class='ocrx_word' id='word_1_746' title='bbox 2776 4795 3057 4865; x_wconf 75' lang='grc' dir='ltr'>αἰσθητοῖς</span> <span class='ocrx_word' id='word_1_747' title='bbox 3079 4795 3200 4848; x_wconf 84' lang='grc' dir='ltr'>ὅσον</span> <span class='ocrx_word' id='word_1_748' title='bbox 3216 4795 3274 4847; x_wconf 68' lang='lat' dir='ltr'><strong>tv</strong></span> <span class='ocrx_word' id='word_1_749' title='bbox 3290 4793 3494 4865; x_wconf 74' lang='grc' dir='ltr'>καρδίᾳ</span> <span class='ocrx_word' id='word_1_750' title='bbox 3519 4793 3768 4865; x_wconf 73' lang='grc' dir='ltr'>καθαρᾷ,</span> 
     </span>
    </p>
   </div>
   <div class='ocr_carea' id='block_1_109' title="bbox 2184 4885 3766 4959">
    <p class='ocr_par' dir='ltr' id='par_1_109' title="bbox 2184 4885 3766 4959">
     <span class='ocr_line' id='line_1_109' title="bbox 2184 4885 3766 4959; baseline 0 -21"><span class='ocrx_word' id='word_1_751' title='bbox 2184 4888 2242 4940; x_wconf 82' lang='grc' dir='ltr'>ὲν</span> <span class='ocrx_word' id='word_1_752' title='bbox 2306 4886 2522 4958; x_wconf 79' lang='grc' dir='ltr'>γλώττῃ</span> <span class='ocrx_word' id='word_1_753' title='bbox 2582 4885 2958 4958; x_wconf 78' lang='grc' dir='ltr'>σωφρονούσῃ,</span> <span class='ocrx_word' id='word_1_754' title='bbox 3013 4887 3108 4938; x_wconf 76' lang='grc' dir='ltr'>καὶ</span> <span class='ocrx_word' id='word_1_755' title='bbox 3171 4885 3338 4957; x_wconf 83' lang='grc' dir='ltr'>μηδὲν</span> <span class='ocrx_word' id='word_1_756' title='bbox 3399 4885 3766 4959; x_wconf 69' lang='grc' dir='ltr'>φθεγγομένη</span> 
     </span>
    </p>
   </div>
   <div class='ocr_carea' id='block_1_110' title="bbox 2180 4976 3766 5050">
    <p class='ocr_par' dir='ltr' id='par_1_110' title="bbox 2180 4976 3766 5050">
     <span class='ocr_line' id='line_1_110' title="bbox 2180 4976 3766 5050; baseline 0 -18"><span class='ocrx_word' id='word_1_757' title='bbox 2180 4977 2491 5050; x_wconf 79' lang='grc' dir='ltr'>ἁγιωσύνης</span> <span class='ocrx_word' id='word_1_758' title='bbox 2538 4978 2841 5050; x_wconf 83' lang='grc' dir='ltr'>ἀλλότριον.</span> <span class='ocrx_word' id='word_1_759' title='bbox 2902 4977 3092 5030; x_wconf 88' lang='grc' dir='ltr'>Ταῦτα</span> <span class='ocrx_word' id='word_1_760' title='bbox 3136 4976 3247 5048; x_wconf 81' lang='grc' dir='ltr'>γὰρ</span> <span class='ocrx_word' id='word_1_761' title='bbox 3305 4976 3525 5048; x_wconf 80' lang='grc' dir='ltr'>ἀληθῶς</span> <span class='ocrx_word' id='word_1_762' title='bbox 3590 4980 3766 5048; x_wconf 75' lang='grc' dir='ltr'>σκεύη</span> 
     </span>
    </p>
   </div>
   <div class='ocr_carea' id='block_1_111' title="bbox 2177 5070 3036 5143">
    <p class='ocr_par' dir='ltr' id='par_1_111' title="bbox 2177 5070 3036 5143">
     <span class='ocr_line' id='line_1_111' title="bbox 2177 5070 3036 5143; baseline -0.001 -17"><span class='ocrx_word' id='word_1_763' title='bbox 2177 5070 2394 5142; x_wconf 79' lang='grc' dir='ltr'>ψαλμοῦ</span> <span class='ocrx_word' id='word_1_764' title='bbox 2435 5071 2658 5134; x_wconf 71' lang='grc' dir='ltr'>δικαίως</span> <span class='ocrx_word' id='word_1_765' title='bbox 2687 5071 3036 5143; x_wconf 82' lang='grc' dir='ltr'>ὀνομάζεται.</span> 
     </span>
    </p>
   </div>
   <div class='ocr_carea' id='block_1_112' title="bbox 2743 5167 3186 5224">
    <p class='ocr_par' dir='ltr' id='par_1_112' title="bbox 2743 5167 3186 5224">
     <span class='ocr_line' id='line_1_112' title="bbox 2743 5167 3186 5224; baseline 0.011 -4"><span class='ocrx_word' id='word_1_766' title='bbox 2743 5167 3037 5223; x_wconf 80' lang='grc' dir='ltr'><strong>ΨΑΛΜυΣ</strong></span> <span class='ocrx_word' id='word_1_767' title='bbox 3064 5171 3186 5224; x_wconf 76' lang='lat' dir='ltr'><strong>OA’.</strong></span> 
     </span>
    </p>
   </div>
   <div class='ocr_carea' id='block_1_113' title="bbox 2259 5262 3397 5334">
    <p class='ocr_par' dir='ltr' id='par_1_113' title="bbox 2259 5262 3397 5334">
     <span class='ocr_line' id='line_1_113' title="bbox 2259 5262 3397 5334; baseline -0.001 -17"><span class='ocrx_word' id='word_1_768' title='bbox 2259 5284 2278 5317; x_wconf 76' lang='grc' dir='ltr'><strong>ι</strong></span> <span class='ocrx_word' id='word_1_769' title='bbox 2317 5262 2803 5334; x_wconf 79' lang='grc' dir='ltr'>Καταὸήσεταιὼς</span> <span class='ocrx_word' id='word_1_770' title='bbox 2824 5263 2978 5327; x_wconf 72' lang='grc' dir='ltr'>ὑετὸς</span> <span class='ocrx_word' id='word_1_771' title='bbox 3008 5264 3100 5318; x_wconf 73' lang='grc' dir='ltr'><strong>ἐπὶ</strong></span> <span class='ocrx_word' id='word_1_772' title='bbox 3144 5264 3332 5319; x_wconf 81' lang='grc' dir='ltr'>πόκον.</span> <span class='ocrx_word' id='word_1_773' title='bbox 3375 5282 3397 5316; x_wconf 73' lang='grc' dir='ltr'><strong>ι</strong></span> 
     </span>
    </p>
   </div>
   <div class='ocr_carea' id='block_1_114' title="bbox 2253 5355 3765 5427">
    <p class='ocr_par' dir='ltr' id='par_1_114' title="bbox 2253 5355 3765 5427">
     <span class='ocr_line' id='line_1_114' title="bbox 2253 5355 3765 5427; baseline 0.001 -17"><span class='ocrx_word' id='word_1_774' title='bbox 2253 5355 2363 5427; x_wconf 83' lang='grc' dir='ltr'><strong>Τὴν</strong></span> <span class='ocrx_word' id='word_1_775' title='bbox 2387 5357 2616 5410; x_wconf 84' lang='grc' dir='ltr'>κένωσιν</span> <span class='ocrx_word' id='word_1_776' title='bbox 2643 5355 2738 5410; x_wconf 82' lang='grc' dir='ltr'><strong>τοῦ</strong></span> <span class='ocrx_word' id='word_1_777' title='bbox 2763 5357 3104 5424; x_wconf 83' lang='grc' dir='ltr'>Μονογενοῦς</span> <span class='ocrx_word' id='word_1_778' title='bbox 3135 5356 3234 5426; x_wconf 80' lang='grc' dir='ltr'>τὴν</span> <span class='ocrx_word' id='word_1_779' title='bbox 3261 5358 3342 5421; x_wconf 87' lang='grc' dir='ltr'><strong>είς</strong></span> <span class='ocrx_word' id='word_1_780' title='bbox 3367 5356 3468 5427; x_wconf 81' lang='grc' dir='ltr'>τὴν</span> <span class='ocrx_word' id='word_1_781' title='bbox 3494 5357 3765 5411; x_wconf 74' lang='grc' dir='ltr'>Θεοτὰκον</span> 
     </span>
    </p>
   </div>
   <div class='ocr_carea' id='block_1_115' title="bbox 2179 5447 3765 5522">
    <p class='ocr_par' dir='ltr' id='par_1_115' title="bbox 2179 5447 3765 5522">
     <span class='ocr_line' id='line_1_115' title="bbox 2179 5447 3765 5522; baseline -0.003 -16"><span class='ocrx_word' id='word_1_782' title='bbox 2179 5452 2456 5522; x_wconf 78' lang='grc' dir='ltr'>Παρθένον</span> <span class='ocrx_word' id='word_1_783' title='bbox 2484 5451 2655 5519; x_wconf 84' lang='grc' dir='ltr'>λέγει·</span> <span class='ocrx_word' id='word_1_784' title='bbox 2684 5450 2854 5504; x_wconf 82' lang='grc' dir='ltr'>πόκον</span> <span class='ocrx_word' id='word_1_785' title='bbox 2881 5449 2938 5503; x_wconf 76' lang='grc' dir='ltr'>δὲ</span> <span class='ocrx_word' id='word_1_786' title='bbox 2959 5450 3126 5522; x_wconf 76' lang='grc' dir='ltr'>αὐτῆς</span> <span class='ocrx_word' id='word_1_787' title='bbox 3151 5451 3250 5522; x_wconf 80' lang='grc' dir='ltr'>τὴν</span> <span class='ocrx_word' id='word_1_788' title='bbox 3267 5449 3514 5521; x_wconf 78' lang='grc' dir='ltr'>γαστέρα</span> <span class='ocrx_word' id='word_1_789' title='bbox 3532 5447 3765 5510; x_wconf 72' lang='grc' dir='ltr'>δικαίως</span> 
     </span>
    </p>
   </div>
   <div class='ocr_carea' id='block_1_116' title="bbox 2177 5541 3763 5613">
    <p class='ocr_par' dir='ltr' id='par_1_116' title="bbox 2177 5541 3763 5613">
     <span class='ocr_line' id='line_1_116' title="bbox 2177 5541 3763 5613; baseline -0.003 -16"><span class='ocrx_word' id='word_1_790' title='bbox 2177 5545 2454 5598; x_wconf 79' lang='grc' dir='ltr'>ἐκάλεσεν·</span> <span class='ocrx_word' id='word_1_791' title='bbox 2502 5543 2690 5612; x_wconf 75' lang='grc' dir='ltr'>ἐπειδὴ</span> <span class='ocrx_word' id='word_1_792' title='bbox 2744 5543 2836 5596; x_wconf 84' lang='grc' dir='ltr'><strong>τοῦ</strong></span> <span class='ocrx_word' id='word_1_793' title='bbox 2886 5542 3021 5596; x_wconf 87' lang='grc' dir='ltr'>Θεοῦ</span> <span class='ocrx_word' id='word_1_794' title='bbox 3073 5542 3246 5611; x_wconf 84' lang='grc' dir='ltr'>Λόγου</span> <span class='ocrx_word' id='word_1_795' title='bbox 3299 5541 3401 5613; x_wconf 78' lang='grc' dir='ltr'>τὴν</span> <span class='ocrx_word' id='word_1_796' title='bbox 3447 5541 3763 5613; x_wconf 73' lang='grc' dir='ltr'>ἐπιδημίαν</span> 
     </span>
    </p>
   </div>
  </div>
