4036 6200
447 201 584 268 1239

1561 225 1564 227 '
1605 213 1984 275 .HESYCHII
2039 211 2512 275 PRESBYTERI

3559 207 3723 275 1240

442 326 566 372 est.
609 316 811 387 Lupia:
845 336 962 374 cum
980 321 1220 374 inciderit
1250 315 1507 393 [Vulgata
1549 323 1768 396 uenerit]
1801 325 1856 378 in
1893 340 2018 393 pro-

2129 340 2224 377 σιν·
2282 323 2529 390 Ἀσεὸἡς
2566 319 2849 391 ἐμπεσὼν
2892 320 2981 385 εἰς
3036 319 3198 388 ,βάθη
3239 319 3465 386 κακῶν,
3513 338 3720 376 κατα-

443 408 668 480 fundum
700 412 980 478 malorum,
1005 414 1286 466 contemnit
1318 413 1382 469 “.

516 499 704 570 Neque
749 503 985 557 humana
1026 503 1134 573 pati
1181 505 1478 560 sustinent.
1510 505 1701 562 Gemis
1752 517 2016 577 quantum

443 591 511 645 ad
542 592 840 647 claritatem
871 594 1119 649 conferat
1138 597 1304 651 etiam
1370 598 1528 652 unica
1553 597 1720 652 dictio
1749 599 1828 653 rei
1851 615 2020 669 appo-

444 685 565 738 sita.
599 683 819 739 Poterat
857 687 1005 740 enim
1038 687 1257 751 dixisse,
1283 686 1340 742 In
1381 689 1660 744 laboribus
1691 706 1805 745 non
1849 698 2015 758 sunt;

442 776 496 827 in
524 774 786 830 laboribus
818 778 1087 832 hominum
1105 779 1376 849 adjunxit.
1413 779 1700 836 Hominem
1727 791 1910 838 autem
1931 783 2020 838 hic

443 865 682 936 intellige
738 867 830 938 qui
890 870 1127 924 custodit
1196 871 1516 942 dignitatem
1592 873 1766 941 partis
1854 873 2021 926 ratio-

443 957 604 1023 nalis,
663 967 718 1012 et
774 959 1066 1016 virtutibus
1119 969 1205 1018 est
1264 962 1560 1032 praeditus;
1617 963 1704 1018 vel
1733 979 1859 1018 eum
1901 965 2016 1034 qui,

442 1051 661 1118 quando
687 1052 1038 1117 aberraverit,
1069 1069 1167 1123 per
1191 1054 1570 1123 pmnitentiam
1629 1055 1826 1108 iterum
1883 1056 2020 1109 diri-

442 1140 587 1210 gitur
618 1141 684 1196 ad
707 1143 898 1200 Deum.
931 1145 990 1198 ln
1020 1145 1168 1201 hisce
1220 1148 1504 1202 hominum
1566 1149 1850 1204 laboribus
1906 1165 2017 1203 non

442 1242 571 1287 sunt
593 1243 926 1303 peccatores,
949 1253 1129 1308 neque
1159 1254 1283 1293 cum
1312 1240 1628 1295 hominibus
1653 1239 2014 1311 ilagellantur:

441 1323 619 1391 idest,
649 1329 958 1398 cumjustis
1011 1346 1122 1384 non
1181 1331 1428 1386 laborant
1475 1341 1531 1387 et
1579 1341 1908 1401 operantur;
1953 1334 2022 1387 de

440 1415 642 1484 quibus
669 1417 832 1472 etiam
869 1419 1069 1473 dicitur
1101 1439 1114 1474 :
1144 1421 1504 1490 Unusquisque
1524 1423 1798 1490 propriam
1820 1439 2020 1476 merce-

441 1509 560 1559 dem
582 1509 800 1576 accipiet
829 1511 1115 1564 secundum
1129 1527 1281 1565 suum
1321 1512 1553 1565 laborem
1577 1513 1641 1565 ⁷⁵.
1673 1511 1857 1582 Neque
1897 1530 2020 1569 cum

445 1595 759 1653 labentibus
781 1607 837 1653 et
855 1615 1006 1669 spem
1037 1602 1227 1656 salutis
1254 1602 1588 1657 habentibus
1625 1602 1963 1673 flagellantur
2006 1622 2018 1656 :

444 1687 510 1742 ad
544 1704 682 1757 quos
701 1689 964 1760 scriptum
999 1704 1084 1747 est
1114 1711 1126 1747 :
1162 1691 1326 1758 Quem
1347 1694 1519 1765 diligit
1569 1694 1824 1748 Dominus
1857 1696 2019 1748 casli-
2052 1675 2094 1728 Β

444 1780 829 1851 gat;ﬂageliat
859 1794 1037 1838 autent
1067 1801 1273 1839 omnem
1315 1785 1484 1855 ﬁlium
1528 1803 1679 1856 quem
1701 1788 1921 1854 suscipit
1951 1789 2016 1840 ⁷⁸.

518 1981 686 2038 Vens.
716 1985 768 2040 6.
799 2004 818 2038 ι
859 1985 1262 2055 Οἰτοιιιιιιιιιίοιὶ
1286 1996 1414 2043 sunt
1437 1989 1746 2058 iniquitate.
1786 2007 1803 2040 ι

513 2075 590 2130 De
614 2076 812 2146 quibus
835 2087 1153 2148 Oportuerat
1185 2080 1531 2142 erubescere,
1573 2080 1629 2134 in
1667 2080 1751 2134 his
1780 2080 2021 2151 glorian-

449 2176 554 2231 tur,
597 2167 669 2222 ita
703 2177 762 2223 ut
790 2169 943 2239 quasi
1001 2171 1330 2242 tegumentis
1362 2179 1418 2225 et
1442 2171 1758 2226 umbraculo
1807 2171 2020 2226 delictis

444 2265 688 2312 utantrm
712 2258 946 2314 Pulchre
972 2270 1154 2315 autem
1177 2260 1280 2316 sibi
1310 2270 1500 2315 mutuo
1533 2262 1652 2316 hzec
1674 2260 1872 2316 delicta
1889 2277 2022 2316 con-

440 2347 619 2417 junxit
651 2365 664 2402 :
693 2351 948 2418 quoniam
977 2351 1226 2407 homines
1257 2362 1314 2407 ut
1344 2352 1635 2423 plurimum
1669 2369 1736 2408 ex
1765 2354 2018 2424 superbia

446 2439 502 2492 in
527 2439 870 2510 iniquitatem
905 2451 960 2497 et
985 2442 1041 2496 in
1072 2444 1358 2498 avaritiam
1395 2446 1784 2515 prolabuntur.

514 2611 634 2670 Non
669 2623 895 2684 possunt
923 2623 1105 2670 autem
1125 2618 1503 2672 haereticorum
1533 2618 1617 2674 vel
1632 2619 2018 2675 maledicorum

445 2703 611 2759 verba
641 2704 733 2759 diu
759 2705 1085 2774 praevalere;
1123 2707 1219 2761 sed
1237 2716 1437 2762 terram
1468 2717 2018 2780 pertranseunt,cum

446 2812 646 2866 paucos
691 2798 903 2867 aliquos
948 2813 1043 2867 per
1082 2807 1434 2854 transennam
1488 2801 1748 2857 laeserint.
1811 2803 2021 2860 Fideles

446 2890 553 2946 hoc
601 2890 989 2962 intelligentes,
1023 2892 1150 2946 licet
1190 2892 1400 2946 seducti
1442 2892 1666 2959 fuerint,
1727 2905 2018 2952 revertun-

448 2992 573 3036 tur:
601 2982 669 3038 de
693 2985 891 3053 quibus
914 2985 1198 3059 sequentia
1218 2985 1416 3039 cecinit
1448 2984 1749 3043 Psalmista.

525 3153 780 3212 Vens.l5.
815 3177 833 3209 ι
864 3157 929 3212 Ει
961 3159 1072 3214 dixi
1108 3177 1121 3212 :
1150 3161 1295 3231 Ergo
1321 3161 1440 3216 sine
1469 3177 1631 3217 causa
1661 3163 2012 3234 iustiﬁcari.»

521 3247 577 3303 Id
604 3258 710 3316 est,
743 3251 883 3322 Ergo
903 3250 1104 3307 frustra
1138 3254 1514 3324 cogitationes,
1547 3255 1746 3312 frustra
1775 3258 2020 3313 actiones

450 3341 760 3409 emundavi,
813 3351 870 3397 et
898 3355 995 3398 cor
1041 3344 1260 3413 quidem
1309 3346 1622 3416 justiﬁcavi,
1679 3348 1814 3403 nihil
1842 3351 1897 3404 in
1955 3365 2023 3405 eo

453 3431 720 3499 injustum
749 3434 1026 3505 cogitans;
1059 3449 1254 3492 manus
1289 3447 1473 3493 autem
1523 3439 1666 3494 inter
1700 3440 2022 3499 innocentes

450 3522 580 3586 lavi,
613 3524 669 3578 in
701 3524 860 3580 bonis
893 3527 1148 3582 nimirum
1179 3529 1508 3595 actionibus,
1527 3547 1649 3600 quae
1667 3547 1780 3586 non
1814 3532 2022 3591 habent

451 3615 615 3670 vitam
654 3631 718 3671 ex
759 3629 982 3687 peccato
1025 3636 1037 3672 :
1078 3619 1130 3674 id
1153 3627 1256 3684 est,
1283 3620 1541 3675 damnum
1575 3638 1684 3677 non
1710 3626 1963 3694 reputavi
2002 3643 2014 3678 :

451 3709 718 3779 siquidem
761 3711 1017 3766 damnum
1075 3729 1264 3768 revera
1316 3715 1514 3770 animae
1566 3725 1650 3770 est
1707 3725 2019 3787 peccatum,

451 3803 594 3872 quod
627 3803 717 3859 Dei
749 3805 1044 3861 amicitiam
1073 3807 1238 3872 ladit,
1270 3823 1390 3878 qua!
1421 3817 1503 3863 est
1524 3808 1728 3865 bonum
1758 3820 2024 3879 praestan-

454 3893 743 3950 tissimum.

525 3984 690 4042 Vens.
721 3987 808 4042 M.
835 4005 854 4040 ι
880 3989 948 4044 Et
983 3989 1057 4044 fui
1079 3988 1397 4061 tlagellatus.
1439 4011 1457 4043 ι

525 4075 627 4141 Qui
664 4076 810 4132 enim
847 4078 1087 4148 seipsum
1113 4078 1344 4149 ﬂagellat
1373 4096 1472 4149 pro
1517 4079 1729 4136 delictis
1777 4081 1913 4144 suis,
1969 4090 2026 4137 et

2120 433 2346 485 φρονει.

2189 510 2325 563 Οὐδὲ
2357 508 2426 562 τὰ
2455 505 2775 579 ἀνθρώπινα
2819 503 3014 559 παθείν
3040 501 3423 573 ὑπομένουσιν.
3458 501 3720 575 Θεωρεῖς

2120 601 2309 671 ἡλίκον
2341 601 2422 664 είς
2449 600 2750 670 σαφήνειαν
2773 595 2999 649 δύναται
3033 594 3130 647 καὶ
3160 592 3305 656 λέξις
3335 592 3436 663 μία
3463 609 3720 675 προσ-τεὴ

2121 690 2276 744 θείσα
2308 688 2386 759 τῷ
2431 689 2737 759 πράγματι.
2783 683 2934 749 Ἐξὸν
2987 684 3098 753 γὰρ
3146 682 3343 745 εἰπεῖν,
3389 681 3476 734 Ἐν
3508 682 3720 744 κόποις

2119 781 2220 834 οὐκ
2252 782 2413 846 εἰσιν,
2435 781 2540 833 Ἐν
2562 777 2776 842 κόποις
2799 772 3151 842 ἀνθρώπων,
3181 771 3549 842 προσέθηκεν.
3567 774 3718 824 ’Λν-

2120 874 2335 943 θρωπον
2357 872 2414 924 δὲ
2453 868 2686 924 ἐνταῦθα
2708 868 2820 922 νόει
2844 866 2938 920 τὸν
2967 864 3311 934 φυλάττοντα
3347 861 3442 915 τοῦ
3473 862 3727 943 λογικοῦ-

2118 964 2180 1018 τὸ
2206 963 2441 1034 ἀξίωμα,
2463 962 2556 1015 τόν
2569 978 2627 1014 τε
2644 961 2701 1014 ἐν
2717 960 2938 1031 ἀρεταῖς
2956 957 3108 1010 ὃντω
3135 955 3169 1025 ἢ
3187 954 3300 1020 τὸν,
3325 955 3454 1008 ὅταν
3469 954 3712 1023 πταίσῃ,

2119 1055 2207 1110 διὰ
2256 1053 2540 1125 μετανοίας
2588 1053 2686 1122 τῆς
2723 1047 3129 1119 ἐπιφερομένης
3164 1045 3316 1116 παρὰ
3360 1044 3498 1097 Θεοῦ
3548 1044 3714 1113 διορ-

2121 1143 2398 1214 θούμενον.
2463 1143 2552 1196 Ἐν
2578 1142 2788 1203 τούτοις
2828 1138 3035 1192 τούτων
3082 1137 3272 1198 κόποις
3327 1136 3430 1188 οὐκ
3457 1137 3597 1188 είσὶν
3657 1136 3716 1186 οί

2121 1231 2455 1305 ἁμαρτωλοὶ,
2477 1231 2597 1286 οὐδὲ
2635 1230 2773 1302 μετὰ
2797 1225 3099 1299 ἀνθρώπων
3134 1225 3514 1295 μαστίζονται·
3547 1240 3717 1276 τουτ-

2121 1328 2290 1388 έστιν,
2324 1327 2386 1380 ού
2447 1325 2586 1396 μετὰ
2642 1323 2866 1378 δικαίων
2918 1320 3156 1374 κοπιῶσι
3203 1318 3300 1372 καὶ
3349 1317 3714 1388 ἐργάζονταιθ

2121 1420 2215 1472 καὶ
2257 1420 2386 1490 περὶ
2415 1412 2490 1472 ὧν
2521 1417 2736 1487 είρηται
2760 1431 2776 1446 ο
2810 1415 3108 1477 Ἕκαστος
3136 1411 3248 1465 τὸν
3271 1409 3430 1462 lator
3469 1409 3714 1476 μισθὸν

2120 1511 2383 1580 ,λήψεται
2435 1508 2669 1562 καὶτὸν
2729 1506 2887 1559 lator
2942 1504 3158 1557 κόπον.
3206 1501 3343 1554 esse
3401 1498 3544 1568 μετὰ
3591 1497 3714 1550 τῶν

2123 1601 2522 1672 όλισθησάντων
2568 1599 2662 1653 καὶ
2693 1595 2887 1652 ἐλπίδα
2921 1593 3191 1664 σωτηρίας
3238 1592 3474 1661 ἐχόντων
3504 1590 3714 1659 μαστί-

2122 1694 2327 1758 ζονται·
2393 1694 2473 1756 είς
2524 1691 2619 1754 οὓς
2670 1693 3016 1761 γέγραπται·
3067 1688 3178 1739 Ὃν
3231 1681 3437 1752 ἀγαπᾷ
3482 1685 3713 1749 Κύριος

2119 1784 2418 1839 παιδεύειο
2462 1781 2744 1852 μαστιγοῖ
2807 1779 2876 1833 δὲ
2918 1777 3116 1832 πάντα
3175 1774 3311 1829 olor
3351 1772 3426 1826 ὃν
3451 1770 3718 1840 παραδέ-

2122 1891 2308 1946 κεται.

2202 1985 2222 2018 ι
2251 1963 2644 2036 Περιεθάλοντο
2679 1962 2915 2016 ἀδικίαν.
2961 1979 2978 2011 ι

2201 2056 2318 2124 Ἐφ’
2347 2051 2428 2118 οἷς
2481 2054 2648 2125 ἐχρῆν
2688 2051 3063 2123 αἰσχύνεσθαι,
3099 2049 3193 2103 ἐπὶ
3247 2047 3457 2110 τούτοις
3502 2045 3717 2115 σεμνύ-

2120 2166 2323 2213 νονται,
2357 2147 2499 2200 ὥστε
2557 2145 2812 2216 καθάπρ
2842 2141 3218 2214 περιϐολαίοις
3245 2139 3340 2193 καὶ
3378 2139 3558 2208 σκέπῃ
3588 2139 3719 2200 τοῖς

2120 2243 2230 2311 πλη
2239 2240 2418 2313 μμελή
2429 2257 2562 2311 μασι
2587 2237 2918 2310 χρήσασθαι.
2952 2233 3150 2296 Καλῶς
3169 2232 3229 2286 δέ
3249 2231 3502 2300 ἀλλήλοις
3529 2228 3719 2282 ταῦτα

2122 2336 2323 2404 συνῆψε
2379 2334 2447 2388 τὰ
2500 2331 2965 2403 πλημμελήματαο
3026 2326 3134 2380 ἀπὸ
3183 2321 3292 2394 γὰρ
3347 2323 3446 2394 τῆς
3493 2321 3722 2392 ὑπερη-

2121 2429 2318 2497 φανίας
2372 2429 2451 2489 είς
2472 2426 2688 2479 ἀδικίαν
2712 2423 2788 2487 ὡς
2811 2423 2879 2475 τὰ
2907 2419 3078 2473 πολλὰ
3127 2419 3224 2471 καὶ
3277 2417 3356 2479 εἰς
3386 2413 3722 2480 πλεονεξίαν

2120 2519 2397 2591 ἄνθρωποι
2422 2517 2703 2571 πίπτουσι.

2195 2611 2270 2664 Οὐ
2299 2609 2521 2663 δύναται
2553 2609 2610 2662 δὲ
2641 2608 2752 2661 τῶν
2798 2606 3095 2677 αἱρετικῶν
3127 2604 3162 2675 ἢ
3195 2602 3307 2656 τῶν
3363 2599 3722 2672 βλασφημῶν

2120 2703 2438 2773 ἐπικρατεῖν
2495 2701 2624 2772 ἄχρι
2671 2697 2866 2753 πολλοῦ
2895 2697 2966 2750 τὰ
3006 2697 3250 2768 ῥήματαν
3279 2693 3590 2763 διέρχονται
3651 2688 3721 2740 δὲ

2119 2795 2218 2865 τὴν
2245 2793 2373 2862 γῆν,
2405 2790 2618 2860 ὀλίγους
2677 2791 2832 2851 τινὰς
2880 2789 3022 2843 κατὰ
3082 2787 3317 2858 πάροδον
3371 2784 3720 2855 βλάπτοντα.

2121 2885 2293 2939 Τοῦτο
2322 2885 2594 2947 συνιέντες
2621 2883 2671 2935 οἱ
2700 2881 2905 2943 πιστοὶ,
2930 2879 3034 2933 κᾶν
3066 2878 3273 2949 τύχωσι
3304 2873 3722 2944 πλανηθέντες,

2052 3011 2090 3068 c
2123 2977 2532 3049 ἐπιστρέφουσα
2575 2974 2702 3046 ’περὶ⁸
2735 2968 2810 3028 ὧν
2840 2973 2907 3027 τὰ
2935 2972 3060 3044 ἑξῆς
3089 2973 3117 3024 ὁ
3147 2968 3453 3040 Ψαλμῳδδς
3493 2963 3723 3035 ἐμελῷ-

2123 3071 2274 3124 δησε.

2155 3087 2363 3214 ηῖείίαὶ
2389 3155 2537 3213 εἶπαο
2565 3160 2707 3230 Ἄρα
2757 3156 3001 3227 ματαίως
3039 3153 3357 3208 ἐδικαίωσα.
3391 3169 3411 3203 ι

2197 3254 2513 3317 Τουτέστιν,
2559 3253 2703 3321 ’Δρα
2765 3249 2943 3320 μάτην
2991 3248 3116 3309 τοὺς
3148 3245 3462 3314 λογισμοὺς,
3528 3241 3724 3312 μάτην

2127 3344 2226 3408 τὰς
2277 3344 2505 3416 πράξεις
2561 3341 2828 3412 ἐκάθηρα,
2879 3339 2975 3392 καὶ
3019 3339 3120 3408 τὴν
3173 3335 3407 3406 καρδίαν
3453 3333 3558 3402 μὲν
3598 3333 3724 3385 ἐδι-

2129 3435 2360 3498 καίωσα,
2413 3433 2580 3506 μηδὲν
2621 3435 2680 3486 ἐν
2729 3432 2868 3501 αὐτῇ
2932 3427 3282 3497 λογιζόμενος
3338 3425 3547 3478 ἄδικον·
3609 3422 3724 3484 τὰς

2129 3531 2314 3600 χεῖρας
2351 3526 2408 3579 δὲ
2435 3527 2492 3579 ἐν
2515 3523 2710 3587 ἀθώοις
2744 3523 2969 3584 ἐπλυνα,
2991 3525 3048 3574 ἐν
3078 3518 3309 3589 ἀγαθαῖς
3330 3514 3534 3585 δηλαδὴ
3568 3515 3726 3583 πρά-

2131 3618 2244 3685 ξεσι
2270 3621 2390 3682 ταῖς
2413 3619 2512 3671 οὐκ
2558 3615 2809 3686 ἐχούσαις
2829 3613 2930 3685 τὴν
2957 3612 3016 3677 ἐξ
3040 3609 3315 3682 ἁμαρτίας
3336 3607 3504 3676 ζωήν.
3535 3605 3726 3656 Τουτ-

2131 3713 2269 3776 έστι,
2293 3709 2507 3781 Ζημίαν
2550 3708 2609 3761 ού
2637 3704 3038 3774 διελογιζόμηνο
3069 3701 3241 3771 ζημία
3268 3699 3377 3769 γὰρ
3407 3695 3580 3757 ὅντως
3607 3694 3726 3763 ψυ-

2130 3803 2231 3874 χῆς
2269 3804 2302 3873 ὴ
2335 3797 2602 3870 ἁμαρτία,
2642 3796 2778 3850 Θεοῦ
2813 3795 2995 3866 φιλίαν
3025 3792 3197 3865 αὐτὴν
3244 3788 3547 3862 ζημιοῦσα,
3602 3787 3726 3840 τῶν

2131 3891 2350 3962 ἀγαθῶν
2375 3889 2435 3943 rb
2460 3888 2765 3942 κάλλιστον.

2195 4001 2226 4033 .ι
2267 3981 2379 4036 Καὶ
2409 3980 2679 4049 ἐγενόμην
2711 3974 3220 4050 μεμαστιγωμένος.
3257 3991 3277 4025 ι

2218 4075 2276 4127 '0
2301 4071 2410 4142 γὰρ
2434 4072 2623 4124 ἐαυτὸν
2649 4067 2936 4140 μαστιγῶν
2962 4067 3048 4137 ἐφ’
3073 4061 3155 4128 οἷς
3180 4061 3600 4134 ἐπλημμέλησε,
3621 4062 3728 4115 καὶ

455 4169 727 4240 propriam
755 4171 1234 4241 reprehensionem
1261 4174 1314 4226 in
1371 4172 1679 4236 matutinis,
1709 4173 1918 4228 scilicet
1970 4173 2022 4227 in

2131 4167 2223 4222 τὸν
2250 4167 2449 4220 οίκεϊον
2478 4163 2699 4232 ἔλεγχον
2727 4163 2808 4224 είς
2842 4160 2941 4223 τὰς
2964 4159 3202 4262 aperta},
3229 4157 3286 4210 ἐν
3482 4153 3727 4262 δηλαδη,

453 4261 679 4326 lumine,
699 4271 755 4317 et
790 4278 901 4318 non
927 4263 981 4316 in
1017 4263 1281 4328 tenebris,
1315 4263 1564 4324 collocat.
1611 4264 1699 4319 hic
1735 4265 1788 4318 in
1821 4266 2022 4337 cogita-

2135 4261 2228 4314 καὶ
2269 4259 2370 4312 ούκ
2412 4259 2470 4309 ἐν
2519 4257 2716 4326 σκότῳ,
2744 4253 3046 4324 τιθέμενος,
3104 4244 3262 4313 οὗτος
3311 4249 3369 4301 ἐν
3428 4248 3728 4316 λογισμοῖς

453 4349 691 4404 tionibus
720 4361 774 4406 et
802 4352 1112 4407 actionibus
1145 4369 1314 4423 purus
1351 4354 1585 4409 exsistit.
1648 4355 2022 4424 Reprehendi-

2132 4351 2429 4423 καθαρεύει
2459 4349 2554 4403 καὶ
2596 4345 2884 4420 πράξεσιν.
2927 4344 3240 4413 Ἐλέγχεται
3264 4341 3321 4394 δέ
3357 4341 3415 4393 ἐν
3445 4337 3594 4408 φωτὶ
3617 4338 3724 4406 μὲν

454 4449 742 4494 turautem
767 4441 819 4494 in
839 4441 1065 4507 lumine,
1089 4445 1179 4512 qui
1229 4445 1531 4500 libertatem
1586 4447 1791 4516 praebet
1853 4448 2022 4504 incre-

2132 4447 2160 4499 ὀ
2191 4442 2502 4515 παρρησίας
2535 4439 2849 4512 μεταδιδοὺς
2882 4439 2996 4500 τοῖς
3025 4436 3361 4504 ἐλέγχουσιν,
3397 4433 3426 4484 ὁ
3454 4431 3520 4484 τὸ
3550 4430 3725 4499 σοφὸν

455 4531 733 4602 pantibus,
766 4533 986 4602 sapiens
1010 4533 1143 4588 illud
1170 4535 1451 4591 oraculum
1511 4538 1832 4602 observans,
1879 4541 2022 4608 quod

2135 4537 2313 4591 ἐκεῖνο
2328 4535 2509 4603 λόγιον
2537 4531 2836 4603 ἐπιτηρῶν,
2868 4531 3006 4598 ὅπερ
3036 4531 3094 4580 ἐν
3121 4527 3452 4596 Παροιμίαις
3473 4525 3722 4596 εἴρηται·

454 4624 510 4677 in
534 4621 843 4678 Proverbiis
879 4624 1080 4680 dicitur
1110 4643 1123 4679 :
1151 4625 1325 4696 Argue
1368 4629 1680 4697 sapientem,
1730 4639 1779 4682 et
1847 4629 2022 4700 diliget

2139 4626 2423 4696 Ἔλεγξαι
2461 4625 2680 4694 σοφὸν,
2724 4622 2824 4677 καὶ
2851 4619 3155 4692 ἀγαπήσει
3175 4635 3272 4672 σε.
3312 4616 3410 4671 ’Ἑν
3451 4618 3638 4687 σκότῳ
3667 4617 3726 4670 δὲ

456 4723 505 4767 te
533 4712 691 4768 ’τοίη
723 4714 958 4769 tenebris
982 4731 1110 4772 vero
1131 4725 1380 4772 versatur
1439 4718 1486 4772 is
1511 4717 1602 4788 qui
1623 4729 1914 4775 monentes
1942 4720 2022 4775 fu-

2134 4722 2163 4773 ό
2190 4719 2408 4788 φεύγων
2437 4719 2564 4780 τοὺς
2589 4714 2970 4787 ἐντρέποντας’
2999 4713 3079 4774 είς
3112 4711 3172 4764 ὃν
3194 4712 3223 4764 ὁ
3247 4709 3505 4778 δεύτερος
3534 4710 3725 4777 στίχος

2135 4811 2234 4881 τῆς
2265 4809 2570 4879 Παροιμίας
2592 4809 2836 4878 ἥρμοσεν
2865 4821 2880 4837 ·
2916 4808 3171 4875 Ἔλεγχε
3188 4803 3296 4857 τὸν
3321 4801 3579 4870 ἄφρονα,
3624 4802 3726 4853 καί

2139 4899 2473 4970 προσθήσει
2490 4899 2596 4954 τοῦ
2617 4896 2884 4968 μισῆσαί
2909 4912 3002 4950 σε.

2215 5009 2234 5042 ι
2276 4991 2398 5043 Ὅτι
2427 4987 2695 5058 ἐξεκαύθη
2725 4989 2759 5058 ή
2791 4985 2988 5056 καρδία
3024 5001 3149 5055 μου.
3196 5001 3215 5034 ι

2223 5081 2636 5151 Ἐξουδένωμαι,
2663 5080 2817 5148 φησὶ,
2843 5079 2936 5132 καὶ
2957 5076 3142 5138 αὐτός·
3168 5073 3475 5135 τουτέστιν,
3509 5073 3602 5126 Ἑν
3632 5073 3723 5126 εύ-

456 4805 561 4876 git;
590 4804 645 4859 in
673 4820 830 4874 quem
857 4808 991 4863 alter
1019 4809 1322 4864 versiculus
1336 4811 1617 4866 Proverbii
1648 4811 1906 4881 quadrat:
1932 4813 2030 4866 Ar-

455 4913 553 4966 gue
584 4896 1126 4968 stultum,etadjiciet
1156 4909 1213 4953 ut
1244 4901 1411 4955 oderit
1433 4910 1500 4956 te.

523 4988 792 5046 Vsus.Sl.
822 5011 840 5042 ι
874 4991 1140 5058 Quoniam
1162 4991 1554 5048 inflammatum
1581 5003 1665 5060 est
1683 5011 1778 5049 cor
1793 5011 2025 5050 meum.»

526 5075 778 5144 lpsemet,
808 5077 1007 5147 inquit,
1038 5077 1204 5134 etiam
1229 5079 1295 5134 ad
1313 5081 1543 5135 nihilum
1561 5081 1811 5151 redigor;
1846 5083 1898 5138 id
1927 5093 2032 5149 est,

460 5164 671 5234 fragilis
692 5165 922 5222 effectus
952 5181 1072 5221 sum
1097 5185 1112 5233 ;
1162 5169 1601 5238 quandoquidem
1632 5171 2022 5227 inflammatum

2142 5174 2322 5245 τελείᾳ
2367 5175 2589 5243 γέγονα·
2643 5171 2831 5242 ἐπειδὴ
2862 5169 3132 5238 ἐξεκαύθη
3161 5169 3194 5236 ὴ
3260 5164 3458 5236 καρδία
3495 5181 3602 5234 μου
3645 5165 3724 5227 είς

458 5261 542 5305 est
563 5267 655 5306 cor
686 5268 868 5309 meum
903 5255 958 5309 in
988 5256 1292 5321 avaritiam,
1323 5257 1671 5314 manifestum
1707 5275 1924 5329 quoque
1947 5269 2022 5314 est

2139 5263 2476 5328 πλεονεξίαν,
2507 5261 2732 5334 εὔδηλον
2763 5264 2858 5314 καὶ
2886 5259 2937 5312 οἱ
2960 5257 3149 5330 νεφροί
3183 5273 3285 5327 μου
3311 5253 3720 5325 quamne“-

459 5358 621 5398 renes
648 5360 798 5400 meos
820 5347 1132 5403 immutatos
1147 5364 1300 5415 esse;
1327 5350 1568 5422 intelligo
1589 5359 1771 5405 autem
1807 5351 1874 5404 ad
1905 5351 2022 5405 libi-

2139 5357 2219 5419 είς
2270 5355 2464 5427 ἡδονὰς
2493 5355 2550 5409 δὲ
2584 5355 2797 5426 νόησον.
2840 5353 3011 5405 Ὅταν
3061 5351 3168 5420 γάρ
3199 5365 3280 5413 τις
3326 5347 3434 5401 ὑπὸ
3468 5349 3574 5417 τῆς
3613 5346 3726 5400 τῶν

459 5433 664 5490 dinem.
695 5436 926 5504 Quando
951 5441 1098 5496 enim
1130 5442 1326 5513 aliquis
1374 5452 1722 5513 peccatorum
1773 5443 2022 5501 felicitate

2143 5445 2484 5517 ἁμαρτωλῶν
2517 5445 2774 5517 εὐθηνίας
2823 5441 3102 5506 δολωθεὶς,
3139 5439 3393 5512 ἐρεθισθῇ
3451 5439 3592 5512 πρὸς
3621 5438 3726 5511 τὴν

534 5631 580 5662 τι
602 5630 758 5683 Prov.
785 5648 936 5698 xvlu,
967 5639 1021 5689 5.
1099 5639 1146 5671 ⁷⁵
1173 5639 1194 5692 ι
1219 5637 1345 5694 Cor.
1383 5657 1460 5704 ιιι,
1488 5641 1537 5695 8.
1615 5640 1662 5671 ⁷⁸
1693 5641 1856 5694 llebr.
1892 5655 1988 5706 xu,

2157 5642 2200 5674 ⁷⁷
2229 5641 2386 5697 Prov.
2421 5638 2500 5709 li,
2519 5640 2572 5694 8.
