4036 6200
295 274 426 344 1241

1449 284 1913 348 FRAGMENTA
1948 288 2032 351 IN
2063 287 2419 352 PSALMOS.

3419 282 3556 347 1242

298 393 523 448 ἐκείνων
589 390 850 464 μίμησιν,
927 393 1271 467 παραχρῆμα
1335 395 1732 466 ὲξουθενεῖται,
1788 402 1882 453 καὶ

1993 403 2267 473 deceptus,
2321 405 2389 458 ad
2411 417 2601 457 eorum
2652 399 3010 455 imitationem
3073 395 3238 450 fuerit
3277 394 3552 455 incitatus,

301 485 639 555 φαυλίζεται,
676 487 742 539 ὲκ
781 486 876 539 τοῦ
913 486 1116 541 οίκείου
1167 488 1492 555 μεταπεσὼν
1535 490 1872 560 ἀξιώματος.

302 578 514 647 Σφόδρα
543 577 601 630 δὲ
629 577 906 647 ἁρμοδίως
951 575 1313 647 προστέθεικε
1365 579 1447 644 τὸ,
1487 582 1609 634 Οὐκ
1659 583 1873 650 ἔγνων·

1977 494 2121 550 illico
2135 495 2204 548 ad
2231 494 2462 548 nihilum
2486 493 2776 563 redigitur,
2809 501 2864 545 et
2894 491 3244 558 depravatur,
3273 503 3302 540 a
3336 487 3556 557 propria

1977 584 2240 657 dignitate
2270 585 2556 640 decidens.
2585 583 2754 639 Valde
2807 592 2991 636 autem
3021 575 3429 633 accommodate
3458 577 3557 630 ad-

306 669 600 740 ὲπειδήπερ
645 669 932 737 ἀγνοοῦσιν
987 670 1036 722 οἱ
1078 668 1266 722 πολλοὶ
1315 670 1411 741 τὴν
1465 671 1876 741 συμϐαίνουσαν

1993 678 2155 735 Iunxit
2185 676 2350 740 istud,
2381 674 2448 728 Et
2477 675 2704 737 nescivi;
2733 673 2859 742 quia
2889 670 3107 742 plurimi
3145 669 3392 738 ignorant
3432 668 3557 720 vili-

305 762 488 823 αὐτοῖς
525 763 590 814 ὲκ
619 760 730 814 τῶν
780 761 1196 831 ἁμαρτημάτων
1228 761 1527 815 εὐτέλειανο
1559 764 1610 816 οἱ
1653 765 1755 834 μὲν
1799 767 1877 828 ὡς

309 853 496 920 ἱερεῖς,
518 851 566 904 οἱ
600 849 658 902 δὲ
685 851 761 913 ὡς
785 850 1066 920 ἄρχοντες,
1101 852 1167 904 ἐκ
1189 851 1282 904 τοῦ
1321 854 1707 923 περικειμένου
1738 857 1877 926 σχή-

305 957 479 1012 ματος
504 939 878 1010 ἀπατώμενοι.

385 1046 404 1079 ι
434 1028 727 1098 Κτηνώδης
759 1024 1024 1100 ἐγενήθην
1045 1033 1200 1103 παρά
1231 1032 1336 1086 σοί.
1378 1051 1400 1086 ι

383 1119 628 1187 κτήνους
657 1118 766 1189 γάρ
813 1120 942 1174 ῐδιον
970 1121 1031 1174 τὸ
1081 1122 1409 1188 πλανᾶσθαι,
1449 1126 1544 1178 καὶ
1575 1126 1738 1180 πάλιν
1769 1127 1880 1181 ἀπὸ

313 1208 412 1278 τῆς
437 1209 646 1278 πλάνης
675 1209 854 1280 ῥάϐδῳ
877 1212 1038 1282 τυχὸν
1063 1213 1096 1283 ἢ
1125 1213 1330 1286 χαλινῴ
1357 1217 1763 1285 μετατίθεσθαι.
1784 1217 1878 1280 Et;

317 1299 504 1370 καιρὸν
557 1300 614 1352 δὲ
671 1301 733 1354 τὸ
775 1302 937 1370 παρὰ
959 1304 1059 1358 σοι
1099 1306 1195 1358 καὶ
1227 1306 1377 1375 μετὰ
1400 1307 1518 1362 σοῦ
1547 1307 1879 1379 προσέθηκε,

310 1388 400 1440 τὸν
436 1388 593 1454 λόγον
628 1390 1080 1462 ἀσφαλιζόμενος·
1105 1395 1291 1465 ἐπειδή
1325 1395 1469 1460 τινές
1497 1397 1628 1463 εισι,
1657 1397 1736 1466 τῷ
1759 1397 1881 1452 δια-

313 1478 452 1546 δὸλῳ
477 1480 690 1549 κτηνῶν
716 1481 872 1552 δίκην
925 1483 1171 1552 ἀνοήτων
1201 1485 1478 1556 ἑπόμενοι·
1517 1490 1650 1556 περὶ
1686 1483 1762 1543 ὧν
1807 1489 1886 1542 ετ-

315 1581 496 1639 ρηται,
533 1572 1050 1640 Παρασυνεϐλήθη
1080 1573 1206 1639 τοῖς
1247 1574 1495 1642 κτήνεσι
1526 1579 1650 1644 τοῖς
1702 1579 1886 1645 ἀνοή-

315 1673 460 1724 τοις,
511 1659 609 1712 καὶ
653 1660 920 1730 ὡμοιώθη
979 1663 1205 1728 αὐτοῖς.
1241 1663 1401 1719 Ἀλλὰ
1433 1666 1554 1728 πῶς
1599 1664 1739 1721 εῖναι
1773 1668 1887 1721 δια-

314 1747 512 1811 παντὸς
532 1749 670 1819 μετὰ
691 1750 787 1803 τοῦ
807 1751 1006 1819 Θεοῦ,ὀ
1033 1753 1132 1825 τὴν
1151 1754 1328 1826 ὁρμὴν
1348 1756 1486 1819 ὅλως
1511 1758 1560 1810 εί
1587 1758 1682 1814 καὶ
1714 1759 1888 1830 πρόσ-

313 1857 504 1910 καιρον
531 1842 801 1914 ,ἐσχηκὼς
847 1845 939 1897 ἐπὶ
975 1845 1037 1898 τὸ
1080 1848 1262 1916 χεῖρον
1315 1847 1572 1912 δύναται;
1607 1849 1678 1901 Ἢ
1705 1849 1884 1918 δῆλον,

311 1928 386 1990 ῶς
420 1928 517 1998 οὐχ
567 1930 898 2002 ἁμαρτάνων
920 1935 986 2007 τῇ
1015 1935 1290 2004 προθέσει,
1316 1935 1675 2005 ἀπατώμενος
1696 1937 1754 1989 δὲ
1781 1938 1886 1990 πέ-

313 2019 703 2093 πονθεοδιόπερ
733 2024 1029 2088 ἁνακοπεὶς
1046 2025 1125 2097 τῷ
1156 2025 1356 2096 χαλινῷ
1392 2025 1471 2097 τῷ
1503 2027 1655 2098 νόμῳ
1689 2043 1876 2099 παρα-

313 2113 501 2183 χρῆμα
531 2115 856 2186 ἐπέστρεψε.

393 2222 412 2258 ι
443 2206 509 2259 Τί
538 2209 647 2278 γάρ
673 2225 762 2278 μοι
787 2209 1022 2280 ὑπάρχει
1057 2212 1116 2264 ὲν
1141 2212 1219 2283 τῷ
1240 2212 1482 2284 οὑρανῷ;
1521 2231 1540 2261 ι

405 2297 720 2363 Ἕξέλιπεν
755 2304 794 2371 ἡ
839 2303 1052 2373 καρδία
1073 2322 1193 2373 μου
1218 2306 1316 2359 καὶ
1345 2307 1384 2372 ἡ
1411 2304 1568 2374 σάρξ
1595 2321 1735 2373 μου,
1781 2301 1888 2355 ἀπὸ

313 2384 422 2437 τῶν
455 2385 726 2456 βιωτικῶν
752 2388 952 2461 δηλαδὴ
999 2393 1093 2445 καὶ
1132 2391 1489 2462 ἀνθρωπίνων
1518 2392 1885 2463 πραγμάτων.

318 2476 485 2530 Ὅταν
511 2477 620 2548 γὰρ
649 2480 858 2533 ὲκεῖθεν
904 2482 1123 2554 ἐκλίπῃ,
1177 2483 1474 2548 τουτέστιν,
1503 2484 1632 2537 ὅταν
1660 2482 1754 2536 ἀπ’
1788 2483 1887 2534 αὐέ-

313 2566 422 2620 τῶν
461 2569 790 2643 ἀναχωρήσῃ
817 2575 912 2628 καὶ
939 2575 1234 2646 παύσηται,
1267 2577 1388 2628 τότε
1429 2576 1620 2646 μερίδα
1649 2575 1742 2628 τὸν
1757 2575 1887 2628 Θεὸν

315 2657 425 2723 ἕξει
470 2661 551 2722 είς
597 2660 690 2714 τὸν
736 2663 928 2717 αἰῶνα·
969 2667 1158 2736 κτῆμα
1206 2667 1265 2719 δὲ
1311 2666 1480 2720 αὑτοῦ
1512 2668 1610 2736 τῆς
1659 2666 1889 2738 καρδίας

315 2746 596 2814 ἐξαίρετον
633 2752 863 2820 γίνεται,
896 2754 1036 2809 ὥστε
1073 2757 1207 2821 Θεὸς
1242 2759 1411 2830 αὐτῆς
1431 2758 1520 2812 διὰ
1555 2760 1653 2827 τὴν
1693 2758 1888 2828 κτῆσιν

317 2839 412 2894 καὶ
441 2840 542 2912 τὴν
561 2843 836 2915 ἐνοίκησιν
867 2847 1146 2915 λέγεσθαι.

882 2938 1176 2993 ΨΑΛΜΟΣ
1204 2941 1324 2995 Ol".

395 3044 414 3078 ι
465 3025 553 3090 Ὠς
593 3027 654 3082 ὲν
675 3027 866 3099 δρυμῷ
891 3028 1084 3096 ξύλων.
1125 3049 1145 3082 ι

398 3117 610 3182 ’Δξίνας
654 3120 754 3183 τὰς
804 3119 1160 3192 βλασφήμους
1201 3121 1311 3175 τῶν
1352 3123 1624 3177 Ἰουδαίων
1673 3123 1892 3193 νοήσεις

316 3209 589 3277 γλώσσας,
613 3212 713 3276 τὰς
739 3212 796 3266 δὲ
827 3213 998 3276 αύτὰς
1025 3215 1235 3268 πέλυκα
1268 3216 1362 3268 καὶ
1385 3215 1762 3286 λαξευτήριον·
1797 3215 1894 3268 καὶ

320 3301 633 3373 θαυμαστὸν
662 3305 836 3358 οὐδέν’
871 3306 1108 3378 ἀλλαχοῦ
1133 3307 1245 3378 γὰρ
1279 3309 1557 3377 μάχαιραν
1583 3307 1764 3371 ὀξεῖαν
1793 3307 1893 3360 αύ-

318 3393 418 3456 τὰς
465 3397 930 3467 προσηγόρευσεν.
963 3393 1135 3452 Αὗται
1190 3399 1369 3453 τοίνυν
1399 3399 1683 3468 ἐξέκοψαν,
1737 3398 1892 3469 φησὶ,

321 3485 415 3537 καὶ
464 3486 811 3557 κατέρῤαξαν
865 3489 964 3552 τὰς
1001 3489 1171 3556 θύρας
1205 3491 1394 3561 αὐτῆς,
1427 3490 1628 3562 δηλαδὴ
1653 3491 1757 3554 τὰς
1785 3492 1897 3544 εἰσ-

320 3577 474 3640 όδους
501 3580 601 3648 τῆς
637 3581 716 3642 εἰς
742 3580 978 3649 Χριστὸν
1006 3581 1262 3645 πίστεως.

395 3671 608 3740 Ὄνομα
631 3671 688 3724 δὲ
711 3671 804 3725 τοῦ
828 3673 1042 3742 Πατρός
1079 3676 1107 3727 ὁ
1137 3674 1288 3739 Υἱὸς,
1318 3675 1392 3737 ὡς
1420 3673 1580 3738 αὐτὸς
1611 3674 1896 3743 γνωρίζων

321 3763 411 3815 τὸν
445 3763 685 3836 Πατέρα,
719 3764 815 3818 καὶ
851 3765 918 3819 δι’
945 3765 1113 3820 αὑτοῦ
1157 3767 1580 3836 γνωριζόμενος.
1609 3766 1810 3820 Τούτου
1835 3767 1896 3820 τὸ

322 3855 588 3926 σκήνωμα
660 3857 817 3926 (φησὶ
859 3857 917 3911 δὲ
973 3857 1071 3930 τὴν
1122 3857 1456 3930 οἰκονομίαν)
1502 3861 1582 3923 είς
1637 3861 1740 3929 γῆν
1785 3861 1897 3922 τοῖς

321 3947 552 4002 πάθεσιν
602 3947 970 4020 ὲ6ε6ήλωσαψ
1007 3954 1064 4005 ὲν
1089 3951 1302 4023 ούρανῷ
1356 3952 1466 4022 γὰρ
1505 3952 1897 4024 δεδοξασμένος

321 4042 414 4094 καὶ
437 4043 577 4096 κατά
598 4041 686 4095 τὸν
715 4044 905 4115 καιρὸν
933 4043 1040 4098 τῶν
1070 4044 1409 4116 παθημάτων
1431 4045 1666 4116 ἔμεινεν.

399 4152 419 4186 ι
455 4131 631 4189 Εἶπαν
661 4135 720 4188 ἐν
751 4137 816 4206 τῇ
845 4135 1042 4207 καρδίᾳ
1071 4135 1268 4190 αὐτῶν.
1310 4154 1329 4188 ι

392 4226 558 4289 Ποίας
594 4226 651 4280 δὲ
687 4227 912 4299 ἑορτάςς
953 4227 1111 4298 δῆλον
1142 4227 1217 4290 ὡς
1248 4227 1486 4292 ὲκείνας,
1533 4227 1740 4290 αἵτινες
1788 4227 1897 4281 ἀπὸ

319 4321 420 4389 τῆς
453 4319 753 4389 ἐπιδημίας
798 4320 892 4372 τοῦ
931 4318 1186 4389 Σωτῆρος
1225 4319 1544 4387 ἡλπίζοντο,
1568 4313 1680 4372 οἷον
1707 4319 1893 4391 ἀρῤω-

323 4409 614 4478 στημάτων
643 4410 1060 4482 ἰάσεις,πλάνης
1090 4409 1401 4480 ἀπαλλαγὴ,
1429 4390 1758 4479 θεογνωσίας
1776 4412 1892 4464 εῑσ-
1930 4390 1971 4445 θ

321 4498 460 4580 οδος.
486 4493 657 4554 Αὗται
705 4501 812 4571 γὰρ
853 4500 1069 4572 ἀληθῶς
1110 4501 1295 4573 ἑορταὶ
1336 4500 1494 4566 Θεοῦ,
1522 4501 1738 4572 χαίρειν
1769 4503 1894 4555 ἁτε-

322 4584 556 4656 λεύτητα
594 4586 685 4640 τὸν
715 4587 1020 4659 ἄνθρωπον,
1054 4590 1144 4641 καὶ
1181 4589 1574 4660 πανηγυρίζειν
1599 4590 1893 4654 διαπαντὸς

324 4677 683 4747 παρέχουσαι.
735 4680 951 4744 Ταύτας
991 4681 1172 4734 τοίνυν
1195 4681 1284 4736 διὰ
1327 4681 1427 4752 τῆς
1457 4683 1538 4746 είς
1577 4683 1738 4736 αὑτὸν
1767 4683 1892 4735 ἐπι-

321 4767 518 4840 ϐουλῆς
545 4771 752 4824 ἀνελεῖν
772 4771 1208 4843 ἑφαντάσθησαν.

398 4972 416 5004 ι
445 4954 518 5007 Σὺ
541 4952 918 5025 ὲκραταίωσας
941 4953 998 5006 ἐν
1021 4955 1085 5023 τῇ
1100 4952 1323 5024 δυνάμει
1357 4971 1472 5008 σου.
1523 4972 1542 5004 ι

394 5047 674 5116 Δράκοντα
708 5043 938 5097 καθόλου
976 5044 1156 5095 πᾶσαν
1208 5043 1591 5113 ἀντικειμένην
1621 5057 1898 5112 προσαγο-

326 5139 473 5209 ρεύει
503 5139 755 5208 δύναμιν·
797 5138 954 5190 τοῦτο
1005 5135 1124 5206 μὲν,
1159 5135 1235 5199 ὡς
1279 5136 1358 5188 ῑδν
1390 5133 1733 5204 ἀναιρετικὸν
1757 5133 1899 5202 ἔχου-

325 5248 446 5285 σανο
470 5231 628 5285 τοῦτο
648 5232 704 5284 δὲ
739 5230 874 5302 πρὸς
905 5229 1212 5298 ἀνάμνησιν
1242 5227 1337 5281 τοῦ
1381 5227 1668 5296 γεγονότος
1701 5227 1758 5279 ὲν
1795 5243 1898 5278 πα-

329 5323 558 5394 ραδείσῳ
583 5324 878 5394 δράματος,
905 5323 993 5375 ὅτε
1017 5321 1108 5372 τὸν
1140 5319 1262 5389 ὅφιν
1295 5317 1675 5373 ύπεισελθὼνό
1707 5317 1898 5387 ἐχθρὸς

323 5414 578 5484 ήπάτησε
612 5413 705 5465 τὸν
733 5411 1159 5484 πρωτόπλαστον
1207 5409 1517 5479 ἄνθρωπον.
1551 5405 1769 5460 Τούτων
1797 5405 1899 5470 τὰς

319 5505 571 5574 κεφαλὰς
591 5503 910 5575 συνέτριψεν
943 5504 972 5556 ὁ
994 5501 1230 5572 Χριστὸς
1251 5502 1307 5553 ὲν
1333 5500 1410 5571 τῷ
1439 5490 1614 5566 ὕδατι,
1639 5495 1801 5561 αὐτός
1835 5512 1895 5548 τε

397 5689 443 5720 ⁷⁸
477 5685 616 5740 Psal.
645 5699 826 5745 XLVIII,
856 5683 936 5736 l5.
1013 5681 1056 5711 τ’
1083 5678 1220 5736 Psal.
1243 5693 1347 5742 ινι,

1981 777 2144 823 tatem
2193 784 2314 838 quae
2349 767 2482 837 ipsis
2510 764 2707 822 accidit
2757 781 2822 820 ex
2871 764 3141 835 peccatis;
3194 760 3283 814 alii
3335 760 3555 828 quidem

1981 867 2236 929 tanquam
2261 859 2595 923 sacerdotes,
2621 860 2710 913 alii
2746 872 2876 912 vero
2945 865 3206 925 tanquam
3257 851 3555 922 prinCIpes,

1982 964 2048 1003 ex
2064 949 2332 1018 adjacenti
2355 949 2536 1019 specie
2561 950 2794 1018 decepti.

2053 1039 2214 1094 Vens.
2237 1040 2328 1094 2'5.
2368 1058 2386 1090 ι
2423 1039 2494 1095 Ut
2517 1039 2847 1110 jumentum‘
2873 1037 3049 1091 factus
3107 1049 3229 1089 sum
3251 1032 3394 1102 apud
3421 1039 3496 1086 te.
3532 1049 3550 1082 ι

2050 1129 2288 1185 Jumenti
2317 1130 2463 1184 enim
2486 1129 2768 1199 proprium
2800 1137 2883 1182 est
2912 1142 3118 1189 errare,
3149 1135 3203 1180 et
3235 1140 3456 1179 rursum
3487 1124 3557 1179 ah

1984 1235 2172 1275 errore
2205 1220 2319 1274 sive
2348 1220 2497 1291 virga
2524 1221 2640 1275 sive
2679 1219 2834 1274 freno
2900 1217 3166 1274 revocari.
3232 1215 3559 1285 Opportune

1982 1321 2164 1366 autem
2202 1311 2367 1377 istud,
2404 1313 2546 1380 apud
2577 1321 2645 1375 te,
2678 1321 2752 1376 et,
2795 1321 2962 1365 tecum
2984 1309 3216 1372 addidit,
3249 1321 3559 1363 sermonem

1983 1403 2311 1458 conﬁrmans
2343 1404 2824 1473 :quandoquidem
2856 1403 3022 1472 aliqui
3053 1411 3182 1455 sunt
3211 1401 3302 1471 qui
3322 1398 3557 1460 diabolo,

1987 1497 2158 1550 instar
2178 1496 2551 1565 jumentorum
2579 1495 2975 1564 insipientium,
2996 1494 3310 1548 adhaerent:
3341 1492 3408 1545 de
3435 1489 3561 1558 qui-

1985 1588 2090 1642 bus
2116 1587 2314 1643 dicitur
2342 1603 2357 1639 :
2381 1585 2735 1653 Comparatus
2758 1595 2832 1638 est
2865 1585 3126 1653 jumentis
3172 1581 3558 1650 insipientibus,

1987 1689 2035 1733 et
2059 1679 2246 1733 similis
2275 1679 2445 1749 factus
2475 1686 2548 1731 est
2571 1674 2765 1731 illis".
2825 1673 2933 1729 Sed
2966 1675 3240 1744 quomodo
3270 1687 3393 1726 cum
3448 1671 3560 1723 Dco

1989 1785 2204 1840 semper
2229 1783 2350 1824 esse
2375 1768 2567 1838 possit,
2592 1768 2683 1837 qui
2718 1766 2974 1822 aﬁ'ectum
3033 1765 3260 1818 omnino
3286 1771 3562 1831 tempora-

1988 1862 2092 1916 lem
2119 1869 2214 1915 aut
2246 1861 2311 1915 ad
2341 1861 2542 1914 malum
2573 1858 2807 1914 habuit?
2830 1855 2985 1912 Unde
3007 1853 3378 1916 manifestum,
3405 1851 3552 1920 quod

1990 1969 2098 2009 non
2129 1968 2192 2006 ex
2219 1951 2385 2005 animi
2423 1951 2792 2005 destinatione
2820 1947 3086 2018 peccarit,
3119 1946 3214 2000 sed
3273 1960 3339 1999 ex
3401 1943 3564 1998 dece-

1989 2045 2175 2116 ptione
2199 2045 2302 2098 hoc
2332 2057 2522 2112 passus
2552 2043 2657 2108 sit;
2687 2056 2857 2111 quare
2893 2039 3048 2094 freno
3091 2037 3229 2110 legis
3279 2043 3565 2091 revocatus

1991 2136 2133 2190 illico
2161 2135 2374 2188 resiliit.

2065 2224 2328 2278 Vens.25.
2361 2241 2378 2274 ι
2413 2223 2552 2289 Quid
2589 2221 2735 2277 enim
2759 2221 2892 2275 mihi
2919 2228 3003 2276 est
3031 2220 3084 2274 in
3114 2219 3290 2274 caslo?
3333 2236 3351 2269 ι

2061 2316 2257 2386 Defecit
2286 2331 2374 2368 cor
2411 2330 2580 2368 meum
2608 2323 2654 2368 et
2683 2329 2808 2366 caro
2833 2329 2971 2378 mea,
3017 2327 3048 2366 a
3097 2310 3449 2366 saecularibus
3471 2307 3561 2362 ni-

1991 2409 2189 2462 mirum
2223 2416 2278 2462 et
2309 2405 2567 2461 humanis
2598 2404 2850 2476 negotiis.
2875 2403 3102 2469 Quando
3135 2403 3280 2457 enim
3309 2401 3436 2455 inde
3461 2401 3552 2454 Ile-

1991 2500 2202 2564 fecerit,
2232 2499 2284 2552 id
2311 2507 2414 2560 est,
2439 2497 2658 2567 quando
2689 2498 2756 2551 ab
2784 2497 2850 2550 iis
2886 2495 3175 2551 recesserit
3196 2503 3358 2564 atque
3381 2507 3564 2548 cessa-

1989 2590 2147 2654 verit,
2180 2596 2310 2643 tunc
2329 2597 2540 2658 partem
2572 2601 2722 2640 suam
2762 2586 2984 2640 habebit
3010 2586 3180 2640 Deum
3226 2585 3280 2636 in
3333 2582 3564 2646 saecula;

1990 2681 2169 2737 cordis
2198 2689 2379 2733 autem
2411 2677 2832 2747 ejus-possessio
2886 2676 2946 2730 fit
2965 2675 3186 2742 eximia,
3219 2675 3294 2729 ita
3351 2683 3408 2728 ut
3469 2688 3568 2742 per

1991 2768 2392 2839 possessionem
2421 2777 2476 2822 et
2506 2767 2964 2822 inhabitationem
2995 2765 3136 2820 Deus
3189 2767 3312 2836 ejus
3381 2763 3568 2834 appel-

1993 2861 2152 2914 letur.

2485 2942 2802 2999 PSALMUS
2836 2942 3069 2998 LXXIII.

1916 3057 1959 3115 ο
2064 3037 2228 3091 Vens.
2250 3036 2302 3090 6.
2337 3055 2356 3088 ι
2385 3035 2551 3102 Quasi
2583 3036 2637 3087 in
2669 3034 2803 3089 silva
2825 3033 3122 3104 lignorum.
3159 3050 3178 3084 ι

2062 3127 2295 3182 Secures
2320 3127 2665 3196 blasphemas
2693 3122 3004 3178 Judaeorum
3022 3123 3236 3193 linguas
3275 3113 3566 3191 intelliges,

1994 3219 2213 3291 easdem
2244 3231 2376 3273 vero
2399 3217 2562 3271 etiam
2593 3231 2715 3270 esse
2766 3215 3003 3270 securim
3036 3223 3090 3269 et
3119 3213 3322 3268 asciam
3356 3231 3369 3266 :
3398 3223 3454 3267 et
3483 3213 3570 3266 ni-

1997 3309 2073 3364 hil
2109 3310 2214 3362 hoc
2252 3309 2448 3362 mirum
2489 3315 2572 3361 est
2615 3323 2628 3359 :
2665 3306 2793 3361 alibi
2823 3305 2972 3359 enim
3005 3304 3122 3359 illas
3147 3303 3431 3374 appellavit
3457 3303 3570 3373 gla-

1995 3399 2145 3455 dium
2187 3395 2606 3452 acutum".Ha2
2655 3395 2840 3466 igitur,
2892 3394 3091 3463 inquit,
3138 3394 3460 3448 exciderunt
3514 3399 3572 3447 et

1996 3490 2381 3560 conlregerunt
2403 3489 2492 3558 jan
2504 3503 2598 3542 uas
2623 3488 2764 3556 ejus,
2784 3485 2991 3540 scilicet
3021 3486 3303 3556 ingressus
3327 3485 3450 3539 ﬁdei
3502 3483 3570 3538 ad

1995 3581 2293 3637 Christum.

2066 3670 2272 3725 Nomen
2307 3678 2486 3723 autem
2519 3666 2692 3722 Patris
2717 3673 2800 3720 est
2833 3665 3023 3730 Filius,
3075 3672 3264 3733 utpote
3315 3661 3408 3730 qui
3459 3659 3571 3713 Pa-
3636 3691 3642 3694 -

1998 3775 2134 3818 trem
2156 3761 2421 3824 notiﬁcet,
2448 3769 2503 3814 et
2528 3775 2624 3829 per
2654 3759 2833 3828 ipsum
2857 3767 3020 3812 notus
3044 3755 3155 3810 ﬁat.
3189 3753 3363 3824 Hujus
3385 3752 3569 3807 taber-

1998 3855 2251 3909 naculum
2284 3851 2385 3922 (ait
2411 3859 2594 3904 autem
2626 3847 3118 3918 dispensationem)
3171 3846 3226 3898 in
3253 3855 3396 3899 terra
3447 3858 3572 3912 pas-

1996 3947 2243 4002 sionibus
2277 3943 2598 4014 polluerunt
2625 3959 2636 3993 :
2673 3941 2728 3994 in
2757 3941 2896 3994 caelo
2929 3939 3077 3993 enim
3130 3937 3296 3992 etiam
3327 3945 3573 4006 tempore

1997 4037 2266 4110 passionis
2293 4035 2586 4107 gloriosum
2616 4031 2936 4102 permansit.

2069 4127 2231 4184 Vens.
2257 4129 2308 4183 8.
2339 4145 2357 4178 ι
2392 4125 2658 4180 Dixerunt
2689 4124 2741 4177 in
2765 4123 2932 4176 cordo
2961 4137 3078 4176 suo.
3120 4140 3138 4172 ι

2069 4220 2270 4287 Quales
2283 4227 2463 4272 autem
2482 4214 2888 4270 solemnitates?
2912 4213 3130 4266 Clarum
3162 4219 3246 4265 est
3269 4209 3410 4278 quod
3429 4208 3568 4272 illas,

1997 4330 2120 4386 qua:
2151 4320 2273 4383 post
2307 4310 2600 4364 adventum
2657 4303 2953 4359 Salvatoris
3005 4303 3386 4372 sperabantur,
3418 4298 3572 4354 verbi

2001 4406 2190 4479 gratia,
2223 4400 2593 4458 inﬁrmitatum
2624 4396 2954 4458 curationes,
2987 4393 3190 4448 erroris
3205 4391 3469 4462 depulsio,
3487 4390 3573 4444 di«

1999 4499 2137 4556 vina:
2157 4491 2479 4566 cognitionis
2505 4485 2863 4542 accessiollaz
2881 4484 3148 4555 siquidem
3166 4499 3355 4538 revera
3376 4482 3575 4536 solent-

2001 4589 2198 4644 nitates
2234 4583 2324 4638 Dci
2348 4588 2496 4644 sunt,
2542 4593 2663 4647 quae
2715 4576 2991 4631 hominem
3039 4574 3252 4629 faciunt
3300 4574 3421 4627 sine
3464 4571 3573 4624 ﬁne

2000 4681 2256 4754 gaudere,
2287 4684 2342 4730 ct
2361 4671 2676 4728 continuam
2699 4669 3099 4724 solemnitatem
3141 4667 3438 4722 celebrare.
3461 4661 3573 4716 llas

2000 4775 2183 4840 itaque
2212 4782 2307 4838 per
2331 4763 2564 4820 insidias
2601 4762 2707 4832 ipsi
2757 4769 2993 4816 structas
3040 4775 3070 4814 c
3147 4758 3329 4812 medio
3382 4754 3574 4808 tollere

1998 4862 2328 4933 cogitabant.

2069 4951 2228 5005 Vens.
2263 4948 2349 5002 15.
2395 4965 2413 4997 ι
2441 4945 2520 4999 Tu
2541 4941 2875 4999 conﬁrmasti
2913 4941 2971 4994 in
2996 4938 3194 4992 virtute
3230 4945 3342 4990 tua.
3373 4952 3392 4984 ι

2064 5042 2364 5096 Draconem
2395 5034 2691 5090 universim
2714 5046 2933 5087 omnem
2994 5027 3360 5082 adversariam
3383 5021 3574 5092 appel-

1998 5135 2070 5189 lat
2099 5136 2423 5202 potestatem
2455 5144 2468 5180 :
2495 5125 2692 5195 partim
2741 5121 2983 5192 quidem,
3021 5134 3086 5172 eo
3112 5116 3256 5187 quod
3296 5129 3570 5169 venenum

1997 5219 2339 5279 mortiferum
2379 5216 2702 5277 contineat;
2749 5210 2944 5280 partim
2987 5223 3117 5262 vero
3155 5209 3208 5259 in
3233 5203 3570 5261 recordatio-

2000 5327 2135 5368 nem
2159 5309 2279 5378 ejus
2302 5304 2447 5375 quod
2471 5305 2524 5357 in
2555 5301 2806 5371 paradiso
2828 5309 3042 5369 gestum
3076 5307 3179 5364 cst,
3213 5297 3432 5366 quando
3464 5295 3570 5350 ini-

2001 5403 2176 5458 micus
2206 5404 2518 5468 serpentem
2587 5391 2972 5462 subingressus
3035 5393 3428 5462 protOplastum
3472 5389 3571 5442 ho-

2003 5494 2203 5551 minem
2231 5487 2464 5560 decepit.
2503 5483 2716 5547 Horum.
2733 5482 2910 5553 capita
2942 5484 3193 5541 Christus
3231 5482 3486 5541 contrivit
3514 5481 3570 5534 in
