4036 6200
313 303 446 369 1245

1442 304 1906 365 FRAGMENTA
1942 305 2025 366 IN
2069 304 2423 368 PSALMOS.

3414 296 3546 360 1256

308 424 543 494 θεωρίας
604 423 917 493 ἀφέλκουσα
941 437 955 455 ’
997 422 1057 477 ὲν
1079 422 1254 494 ταύτῃ
1300 421 1484 476 τοίνυν
1515 422 1872 492 ἡδολέσχησε,

1983 436 2096 476 eam
2126 420 2450 488 abstrahens
2497 431 2528 470 a
2581 414 3072 484 contemplatione:
3136 412 3191 467 in
3221 411 3324 465 hac
3380 410 3544 480 igitur

315 511 446 580 περὶ
478 511 575 574 τὰς
610 511 952 584 θεωρητικὰς
982 512 1226 582 κινήσεις
1247 510 1670 581 ἀσχολούμενος.
1707 510 1880 564 Τοῦτο

309 601 418 670 γὰρ
462 601 782 672 ἀδολεσχίαν
814 603 908 655 ἐπὶ
955 602 1050 656 τοῦ
1075 602 1346 673 παρόντος
1387 601 1644 672 εἰρῆσθαι
1677 601 1881 673 προλα-

311 689 496 753 ϐόντες
535 690 845 762 ἐδείξαμεν.
885 691 1155 744 Ἐσκαλλε
1197 691 1255 744 δὲ
1290 689 1388 744 νῦν
1424 691 1592 744 αὑτοῦ
1618 691 1684 744 τὺ
1711 690 1880 744 πνεῦ-

313 797 424 849 μα·
472 781 790 846 τουτέστιν,
869 782 1293 853 ὲδυσχεραίνεν,
1339 781 1494 835 οὔπω
1552 781 1879 835 καταλαϐεῖν

313 870 440 939 περὶ
462 869 669 923 τούτων
696 870 1018 938 δυνάμενον.
1073 870 1130 924 '0
1171 869 1361 940 παρὼν
1393 869 1535 940 βίος,
1563 871 1630 923 δι’
1656 872 1879 937 ἄγνοιαν

312 961 430 1024 νὺξ,
462 961 521 1014 ὲν
559 955 634 1028 ᾧ,
658 960 848 1031 φησὶν,
884 962 983 1030 οὐχ
1014 961 1167 1031 ὕπνῳ
1209 960 1505 1032 παρέδωκα
1536 962 1655 1014 κατ’
1683 961 1880 1024 ἄλλους

311 1051 466 1114 τινὰς
517 1051 753 1122 ἐμαυτὸν
791 1053 884 1121 (οι
911 1050 1020 1120 γὰρ
1052 1051 1469 1118 καθεύδοντες,
1487 1052 1709 1116 νυκτὸς
1735 1056 1879 1107 καθ-

311 1140 560 1195 εύδουσι
581 1157 594 1170 ·
625 1142 724 1194 καὶ
758 1144 815 1196 οι
846 1141 1289 1210 μεθυσκόμενοι
1311 1179 1324 1206 ,
1366 1143 1589 1208 νυκτὸς
1617 1143 1880 1211 μεθύου-

309 1229 436 1300 σιν)
457 1246 471 1261 ο
509 1231 692 1300 νήφων
725 1231 781 1283 δὲ
813 1231 955 1300 μετὰ
982 1228 1076 1282 τοῦ
1106 1231 1272 1299 νόμου
1305 1231 1569 1301 περὶτῶν
1592 1232 1880 1301 πρακτέων

309 1318 651 1389 διελεγόμην.
701 1320 1020 1390 Πρόσκαιρα
1047 1319 1156 1389 γὰρ
1192 1314 1333 1373 εἶναι
1377 1321 1444 1372 τὰ
1483 1320 1726 1390 παρόντα
1773 1337 1872 1390 μα-

312 1406 439 1472 θὼν,
485 1409 582 1461 καὶ
615 1409 767 1471 τέλος
817 1408 979 1474 ἕξειν,
1017 1409 1321 1462 κατέλαϐον
1363 1410 1433 1463 τὰ
1474 1410 1881 1481 περιεστηκότα

309 1500 480 1555 δεινά.
517 1501 844 1572 Γεωργικῶς
873 1502 930 1555 δὲ
953 1503 1013 1556 τὸ
1044 1504 1179 1572 ἐμὸν
1207 1503 1502 1556 ὲσκάλευον
1530 1504 1770 1574 πνεῦμα,
1793 1504 1878 1556 ἵνα

310 1589 543 1658 σπείρας
571 1592 629 1642 ὲν
653 1589 805 1658 αὐτῷ
835 1590 1038 1660 θερίσω
1062 1591 1208 1662 ζωὴν
1235 1590 1476 1646 αἰώνιον.
1519 1593 1578 1645 Ὀ
1612 1593 1879 1660 σπείρων

307 1681 418 1749 γὰρ
459 1683 546 1746 εὶς
591 1681 658 1734 τὸ
704 1682 962 1750 πνεῦμα,
1005 1684 1074 1737 ἐκ
1120 1684 1226 1737 τοῦ
1272 1685 1611 1752 πνεύματος
1656 1687 1878 1753 θερίσει

307 1765 460 1835 ζωὴν
517 1768 778 1824 αἰώνιον.
845 1772 1127 1842 Ἀνωτέρω
1185 1772 1286 1842 μὲν
1322 1750 1876 1845 οὗν-πνεῦμαέλεγε
1907 1750 1952 1806 Β

305 1858 404 1924 τὴν
428 1859 607 1930 ψυχήν
627 1876 640 1890 ·
673 1861 911 1916 ἐνταῦθα
940 1862 996 1916 δὲ
1028 1864 1092 1916 τὸ
1121 1863 1342 1931 πνεῦμα
1373 1865 1467 1918 τοῦ
1493 1866 1785 1933 ἀνθρώπου
1819 1867 1880 1921 τὸ

307 1949 364 2002 ὲν
393 1951 562 2020 αὐτῷ.
601 1953 723 2022 μεθ’
760 1946 822 2006 οὗ
867 1957 900 2024 ἡ
933 1954 1080 2024 ψυχὴ
1119 1956 1339 2010 σκάλλει
1367 1975 1428 2010 τε
1461 1959 1560 2012 καὶ
1579 1959 1876 2028 ἀδολεσχεῖ·

307 2040 365 2089 οὐ
418 2040 526 2109 γὰρ
571 2041 752 2111 δήπου
786 2042 850 2096 τὸ
892 2043 1052 2113 σῶμα
1093 2045 1231 2114 μετὰ
1263 2046 1363 2115 τῆς
1413 2047 1613 2117 ψυχῆς.
1665 2050 1729 2101 Ἠ
1786 2050 1880 2102 οὖν

308 2131 515 2197 κυρίως
551 2132 840 2202 ἀνθρώπου
873 2135 1020 2206 ψυχὴ
1054 2137 1338 2206 ἀδολεσχεί
1365 2139 1505 2208 μετὰ
1528 2140 1623 2193 τοῦ
1647 2141 1761 2208 νοῦ,
1787 2141 1882 2194 καὶ

312 2219 530 2274 σκάλλει
559 2221 622 2274 τὸ
653 2223 874 2293 πνεῦμα
899 2225 1334 2295 συνεζευγμένον
1373 2226 1451 2297 τῷ
1489 2227 1584 2298 νῷ.
1617 2231 1883 2296 Προσεύ-

310 2310 485 2378 ξομαι
531 2314 640 2385 γὰρ
685 2313 767 2380 τῷ
806 2317 1128 2386 πνεύματι,
1173 2319 1585 2388 προσεύξομαι
1650 2321 1751 2374 καὶ
1802 2320 1884 2389 τῷ

311 2404 424 2456 νοτ.

386 2512 406 2546 ι
433 2495 582 2567 Αὕτη
615 2498 648 2568 ἡ
681 2497 971 2561 ἀλλοίωσις
993 2500 1093 2569 τῆς
1119 2499 1300 2565 δεξιᾶς
1321 2500 1415 2554 τοῦ
1459 2501 1742 2571 Ὑψίστου.
1766 2520 1785 2554 ι

402 2588 467 2640 Ἦ
502 2587 654 2654 δεξιὰ
705 2590 762 2643 δὲ
807 2590 900 2643 τοῦ
952 2592 1164 2662 Πατρδς
1197 2593 1226 2644 ὁ
1255 2593 1564 2664 Μονογενὴς
1602 2593 1881 2663 ἄντικρυς,

309 2678 496 2752 ὥσπερ
526 2683 604 2744 εἰς
638 2682 702 2735 τὸ
723 2686 972 2754 κρεῖττον
1002 2687 1151 2754 ἡμᾶς
1181 2685 1507 2753 ὴλλοίωσεν.

384 2789 404 2823 ι
447 2773 759 2844 Ἐμνήσθην
787 2774 896 2828 τῶν
926 2775 1101 2846 ἔργων
1134 2776 1366 2846 Κυρίου.
1399 2794 1417 2826 ι

377 2864 671 2934 Θαυμάσια
719 2866 813 2919 τοῦ
865 2865 1001 2919 Θεοῦ
1048 2867 1148 2936 μὲν
1179 2865 1351 2919 πολλὰ
1393 2866 1524 2936 περὶ
1561 2867 1660 2935 τὴν
1705 2867 1884 2920 κτίσιν

307 2956 406 3012 καὶ
427 2957 594 3028 ἔτερα
611 2973 625 2987 ⁸
653 2958 936 3028 ἐξαίρετον
959 2959 1036 3024 δὲ,
1066 2960 1169 3024 ὃτι,
1187 2959 1315 3028 χοῦν
1341 2958 1544 3021 λαϐὼν,
1570 2959 1707 3021 ζῶον
1731 2958 1883 3011 ἔθετο

1980 511 2342 574 exercitabar,
2372 508 2569 563 anxius
2597 506 2743 561 circa
2773 504 3223 574 contemplatiras
3253 503 3539 558 motiones.

1980 601 2094 657 Hoc
2120 603 2265 656 enim
2291 601 2346 654 in
2366 597 2779 669 praesentiarum
2808 595 3252 650 exercitationem
3283 591 3545 662 appellari

1978 693 2233 762 superius
2259 689 2620 744 ostendimus.
2674 687 2829 741 Nunc
2855 696 3037 738 autem
3088 685 3333 750 spiritum
3383 698 3542 738 suum

1979 784 2262 852 scopcbat,
2292 797 2388 834 seu
2421 779 2722 833 sarriebat:
2749 778 2800 832 id
2833 785 2936 842 est,
2976 792 3120 845 aegre
3148 775 3374 837 ferebat,
3403 773 3545 841 quod

1979 875 2214 930 necdum
2235 873 2352 926 haec
2397 871 2692 939 concipere
2723 869 2949 922 valeret.
2990 868 3238 922 Praesens
3273 865 3388 917 haec
3435 863 3545 916 vita

1978 975 2202 1036 propter
2240 962 2606 1034 ignorantiam
2636 977 2744 1015 nox
2771 967 2874 1026 est,
2904 959 2956 1012 in
3001 973 3130 1026 qua,
3183 956 3377 1026 inquit,
3409 969 3542 1016 non,

1978 1063 2040 1108 ut
2069 1054 2238 1122 aliqui
2273 1053 2385 1116 alii,
2419 1066 2613 1106 somno
2663 1066 2750 1104 me
2812 1049 3008 1103 tradidi
3076 1046 3199 1116 (Qui
3252 1046 3390 1099 enim
3424 1051 3547 1097 der-

1979 1147 2169 1206 miimt,
2197 1154 2343 1197 nocte
2371 1144 2673 1205 dormiunt;
2704 1150 2753 1194 et
2785 1142 2875 1212 qui
2905 1141 3035 1194 ebrii
3062 1148 3204 1202 sunt,
3237 1145 3384 1190 nocte
3421 1134 3550 1188 ebrii

1977 1233 2219 1301 sunt“);
2255 1233 2353 1287 sed
2407 1233 2626 1286 sobrius
2678 1247 2802 1286 cum
2849 1231 2968 1300 lege
2999 1230 3067 1284 de
3116 1229 3278 1281 rebus
3329 1224 3550 1295 agendis

1979 1323 2336 1378 disserebam.
2371 1321 2505 1376 Cum
2546 1322 2689 1375 enim
2730 1321 3020 1391 prasentia
3045 1317 3375 1373 didicissem
3428 1329 3550 1368 esse

1981 1415 2306 1486 temporaria
2331 1423 2390 1469 et
2413 1415 2576 1468 ﬁnem
2632 1413 2908 1477 habitura,
2952 1410 3210 1465 instantia
3240 1407 3381 1460 mala
3429 1421 3552 1459 sus-

1979 1508 2120 1578 cepi.
2141 1508 2224 1562 Ad
2259 1507 2480 1562 modum
2505 1515 2688 1559 autem
2721 1503 3064 1574 agricultura:
3093 1499 3344 1569 spiritum
3369 1511 3550 1550 meum

1981 1585 2297 1664 sarriebam,
2319 1606 2380 1653 ut
2415 1598 2471 1651 in
2499 1613 2566 1652 eo
2600 1595 2876 1650 seminans
2907 1599 3170 1646 meterem
3200 1589 3366 1641 vitam
3393 1595 3552 1638 arter-

1986 1708 2132 1748 nam.
2163 1690 2300 1746 Nam
2329 1691 2420 1760 qui
2451 1690 2676 1744 seminat
2721 1687 2781 1738 in
2813 1685 3024 1754 spiritu,
3056 1681 3120 1734 de
3167 1680 3355 1748 spiritu
3397 1687 3552 1730 metet

1982 1785 2145 1837 vitam
2211 1790 2468 1836 trternam
2490 1779 2555 1832 ⁸³.
2629 1775 2895 1845 Superius
2964 1771 3231 1841 siquidem
3303 1768 3551 1837 spiritum

1982 1874 2198 1930 vocavit
2229 1872 2508 1935 animam;
2540 1869 2631 1923 hic
2661 1876 2841 1922 autem
2870 1866 3122 1935 spiritum
3181 1860 3420 1916 hominis
3460 1860 3551 1928 qui

1982 1965 2037 2018 in
2073 1965 2190 2034 ipso
2222 1971 2326 2025 est,
2359 1976 2482 2015 eum
2511 1975 2622 2024 quo
2649 1959 2830 2012 anima
2874 1955 3050 2024 scopit
3073 1969 3168 2007 seu
3219 1952 3354 2005 fodit
3396 1959 3452 2004 et
3493 1964 3555 2004 se

1981 2064 2200 2111 exercet
2240 2056 2371 2126 (non
2406 2053 2553 2108 enim
2606 2066 2806 2120 corpus
2846 2062 2970 2104 eum
3001 2047 3179 2100 anima
3231 2045 3335 2098 hoc
3381 2039 3554 2110 facit).

1982 2146 2207 2216 Proprie
2259 2146 2425 2216 igitur
2491 2145 2675 2198 anima
2727 2139 2964 2195 hominis
3031 2143 3249 2191 exercet
3316 2148 3374 2188 se
3429 2147 3554 2186 cum

1984 2247 2184 2302 mente,
2210 2247 2266 2291 et
2288 2234 2718 2304 sarritSpiritum
2747 2230 2918 2285 menti
2952 2228 3328 2298 coniunctum.
3384 2222 3555 2278 Orabo

1983 2330 2130 2384 enim
2165 2329 2379 2396 spiritu,
2421 2327 2584 2380 orabo
2609 2335 2658 2379 et
2687 2321 2938 2377 mente”.

2053 2504 2220 2558 Vens.
2256 2503 2342 2558 ll.
2385 2520 2404 2553 ι
2439 2500 2564 2555 llaec
2594 2498 2826 2552 mutatio
2856 2497 3094 2550 dexterae
3112 2491 3347 2548 Excelsi.
3385 2508 3402 2541 ι

2053 2595 2285 2648 Dextera
2323 2605 2510 2645 autem
2566 2589 2741 2643 Patris
2775 2597 2859 2641 est
2889 2585 3234 2654 Unigenitus,
3280 2583 3370 2652 qui
3401 2579 3553 2650 quasi

1986 2701 2021 2742 θ
2055 2686 2274 2740 diverso
2297 2698 2401 2737 nos
2435 2682 2492 2740 in.
2520 2681 2717 2734 melius
2750 2678 3077 2734 immutavit.
3516 2688 3519 2690 ·

2053 2776 2215 2831 Vens.
2255 2777 2340 2829 1‘2.
2374 2795 2392 2826 ι
2427 2773 2634 2828 Memor
2657 2771 2733 2825 fui
2765 2785 2995 2839 operum
3021 2766 3254 2820 Domini.
3297 2783 3315 2817 ι

2057 2868 2217 2922 Multa
2248 2866 2466 2936 quidem
2495 2873 2549 2918 et
2581 2863 2727 2917 varia
2780 2860 2873 2914 Dei
2911 2859 3180 2913 mirabilia
3211 2858 3357 2911 circa
3403 2871 3558 2909 crea-

1985 2959 2186 3019 tionem
2217 2956 2571 3016 acciderunt;
2602 2953 2695 3007 sed
2737 2952 2843 3005 hoc
2868 2949 3151 3014 eximium,
3185 2947 3557 3017 quod,pulve-

305 3047 544 3115 λογικὸν,
567 3049 662 3102 καὶ
698 3050 906 3103 οἰκείαν
937 3051 1121 3104 είκόνα
1168 3051 1492 3120 κατέστησε.
1531 3051 1718 3104 Ταῦτα
1750 3051 1880 3121 περὶ

1983 3065 2096 3103 rem
2144 3046 2440 3116 accipiens,
2501 3043 2706 3098 animal
2780 3041 3041 3094 rationale
3107 3038 3436 3100 condiderit,
3503 3044 3559 3091 et

305 3141 454 3210 ἡμᾶς
500 3142 598 3194 ἀπ’
646 3143 821 3212 ἀρχῆς
859 3142 954 3196 τοῦ
994 3142 1132 3196 Θεοῦ
1185 3142 1486 3213 θαυμάσια,
1536 3143 1680 3214 ἅπερ
1719 3143 1877 3213 ἡμῶν

303 3232 464 3302 χάριν
500 3233 796 3302 εἰργάσατο
817 3249 830 3264 ·
867 3233 1124 3302 φαίνεται
1154 3234 1262 3305 γὰρ
1314 3235 1643 3304 παράδεισον
1678 3235 1878 3304 φυτεύ-

310 3340 427 3387 σας,
467 3317 588 3376 εἷτα
635 3324 798 3376 πάλιν
836 3324 1189 3385 ἀποκλείσας,
1238 3324 1624 3392 κατακλυσμὸν
1670 3327 1878 3391 ἐπαγα-

311 3414 444 3481 γὼν,
477 3414 545 3465 δι’
560 3411 636 3469 κοῦ
660 3415 754 3467 καὶ
783 3418 1130 3485 τιμωρεῖται,
1167 3415 1262 3467 καὶ
1299 3415 1484 3478 σώζει,
1520 3415 1582 3467 τὸ
1605 3415 1879 3484 ἡμέτερον

309 3504 538 3573 φύραμα
562 3504 799 3573 συγχέας
822 3506 929 3557 τῶν
969 3505 1450 3575 πυργοποιούντων
1478 3505 1574 3568 τὰς
1606 3504 1877 3572 γλώσσας.

322 3595 480 3648 Ἀλλὰ
517 3599 614 3648 καὶ
653 3595 720 3648 δι’
752 3597 899 3666 ἡμᾶς
935 3597 1204 3664 φαίνεται,
1229 3595 1321 3648 ἐπὶ
1341 3595 1418 3666 τῷ
1456 3595 1671 3665 φυσικῷ
1701 3596 1878 3666 νόμῳ,

309 3687 476 3757 νόμον
507 3686 750 3757 γραπτὸν
789 3686 983 3756 εὑρὼν,
1022 3687 1116 3739 ἐπὶ
1165 3687 1341 3756 τούτῳ
1383 3686 1481 3756 τὴν
1520 3690 1877 3758 προφητείαν.

320 3778 756 3848 Ἐ’πιτηδεύματα
801 3778 910 3847 γὰρ
945 3776 1120 3830 ταῦτα
1172 3776 1266 3829 τοῦ
1309 3777 1485 3840 Θεοῦ,
1544 3778 1714 3832 σῶσαι
1773 3797 1879 3851 μη-

307 3868 622 3940 χανωμένου
653 3869 713 3921 τὸ
753 3869 909 3938 γένος
939 3868 1001 3922 τὸ
1033 3867 1339 3941 ἡμέτερον
1386 3869 1444 3922 ὲν
1477 3861 1560 3933 οἷς
1607 3871 1637 3922 ὁ
1672 3873 1881 3941 προφή-

308 3977 406 4031 της
431 3961 727 4032 ἁδολεσχεί,
756 3962 813 4014 ὲν
836 3961 1048 4024 τούτοις
1077 3959 1258 4029 ζητῶν
1299 3961 1394 4013 ἐπὶ
1427 3962 1562 4016 πολὺ
1603 3963 1696 4015 καὶ
1731 3963 1880 4032 λογι-

309 4049 566 4120 ζόμενος,
612 4049 666 4103 τί
697 4049 860 4114 σώζει
917 4050 1025 4103 τῶν
1075 4049 1382 4120 εἰρημένων
1421 4051 1514 4104 τὸν
1567 4052 1874 4122 ἄνθρωπον.

311 4140 538 4212 Ἕτερον
584 4142 643 4196 δὲ
688 4143 840 4214 παρὰ
866 4140 1042 4194 ταῦτα
1093 4140 1291 4212 εὑρὼν,
1349 4142 1554 4206 εὐθέως
1595 4143 1754 4197 τοῦτο
1776 4147 1878 4200 ἐπ-

309 4235 537 4303 ἠγαγεν·

383 4345 403 4378 ι
443 4327 540 4390 Τίς
581 4325 754 4396 μέγας
775 4324 849 4386 ὡς
875 4326 902 4378 ὁ
933 4323 1064 4387 Θεὸς
1087 4322 1266 4394 malva;
1301 4343 1322 4374 ι

1984 3138 2261 3210 propriam
2325 3135 2618 3206 imaginem
2681 3132 3052 3188 constituerit.
3108 3129 3236 3184 llaac
3309 3139 3437 3182 sunt
3489 3127 3559 3181 ab

1985 3232 2138 3286 initio
2185 3229 2280 3283 Dei
2333 3229 2476 3282 circa
2516 3242 2616 3281 nos
2664 3225 2960 3289 mirabilia,
3009 3239 3135 3293 quae
3167 3222 3343 3276 nostri
3392 3233 3559 3274 causa

1986 3331 2249 3392 Operatus
2291 3319 2430 3371 fuit:
2457 3327 2686 3386 apparet
2721 3318 2865 3370 enim
2896 3317 3209 3385 paradisum
3257 3315 3556 3382 plantasse,

1986 3409 2182 3466 deinde
2212 3407 2408 3459 iterum
2439 3407 2794 3471 destruxisse,
2826 3407 3094 3460 diluvium
3133 3405 3420 3466 inducens,
3461 3420 3560 3475 per

1986 3499 2135 3570 quod
2163 3511 2396 3551 massam
2453 3505 2693 3548 nostram
2732 3505 2787 3549 et
2823 3499 2980 3564 punit
3001 3505 3058 3548 et
3083 3507 3278 3558 servat.
3322 3497 3556 3552 confun-

1987 3591 2123 3646 dens
2147 3591 2359 3658 linguas
2385 3585 2706 3641 turriﬁcum.
2738 3583 3006 3638 Cancrum
3033 3595 3253 3654 propter
3285 3603 3386 3641 nos
3419 3603 3556 3655 quo-

1987 3697 2093 3754 que
2151 3680 2389 3743 videtur,
2442 3685 2639 3747 praeter
2693 3676 2868 3746 legem
2916 3676 3247 3738 naturalem,
3296 3678 3556 3744 scriptam

1987 3771 2161 3842 legem
2191 3767 2567 3830 adinvenisse,
2596 3775 2648 3818 et
2679 3773 2800 3835 post
2841 3765 3000 3826 hanc,
3036 3765 3399 3835 prophetiam.
3435 3764 3561 3820 Haec

1987 3860 2132 3916 enim
2162 3864 2290 3914 sunt
2311 3872 2478 3927 opera
2501 3855 2619 3919 Dei,
2653 3869 2824 3925 genus
2863 3863 3112 3908 nostrum
3155 3869 3373 3908 scrvare
3414 3863 3559 3908 sata-

1986 3953 2195 4021 gentis:
2220 3949 2276 4003 in
2316 3949 2514 4018 quibus
2540 3949 2806 4018 propheta
2839 3947 3194 4014 exercitatur,
3247 3964 3344 4002 seu
3382 3949 3560 4002 medi-

1988 4050 2152 4105 tatur,
2184 4041 2301 4095 htec
2324 4039 2605 4109 inquirens
2634 4048 2692 4093 et
2718 4039 3046 4109 recogitans,
3080 4038 3211 4106 quid
3269 4054 3334 4092 ex
3367 4038 3562 4108 pracdi-

1987 4135 2093 4190 ctis
2122 4133 2396 4188 hominem
2424 4140 2626 4187 servet.
2649 4131 2785 4186 Cum
2816 4140 2996 4185 autem
3022 4141 3220 4199 praeter
3271 4131 3388 4184 hznc
3416 4130 3559 4183 aliud

1983 4226 2190 4296 aliquid
2221 4225 2534 4294 reperisset,
2554 4224 2737 4279 statim
2769 4223 2902 4278 illud
2929 4221 3213 4289 subiunxit
3239 4240 3252 4275 :

2053 4316 2218 4372 Vsus.
2248 4317 2334 4370 Μ.
2363 4337 2381 4368 ι
2412 4317 2548 4382 Quis
2586 4331 2816 4385 magnus
2848 4314 2991 4368 sicut
3018 4312 3161 4366 Deus
3184 4314 3409 4368 noster?
3436 4331 3453 4362 ι

376 4418 450 4470 Οὐ
490 4419 801 4488 συγκρίνων
839 4415 985 4483 λέγει
1030 4415 1343 4487 (σύγκρισιν
1374 4413 1482 4486 γὰρ
1524 4417 1552 4468 ὁ
1577 4416 1876 4485 ἁπειρομε-

2051 4409 2171 4465 Non
2204 4409 2572 4477 comparando
2601 4407 2717 4462 haec
2748 4407 2878 4462 dicit
2901 4405 3193 4475 (siquidem
3237 4405 3285 4458 is
3307 4406 3398 4474 qui
3436 4405 3562 4458 inti-

309 4505 474 4576 γέθης
519 4508 620 4560 οὐκ
673 4506 1028 4577 ἐπιδέχεται),
1085 4506 1273 4576 ὑμνῶν
1301 4506 1356 4559 δὲ
1413 4507 1507 4562 καὶ⁸
1546 4507 1880 4577 θαυμάζων·

309 4597 496 4668 ἐπειδὴ
539 4598 712 4668 μέγας
757 4598 856 4669 μὲν
902 4598 1070 4662 ὅντως
1103 4601 1197 4652 καὶ
1245 4599 1345 4670 τὴν
1393 4599 1578 4668 ἰσχὺν,
1625 4599 1799 4669 μέγας
1830 4600 1886 4652 δὲ

310 4690 406 4743 καὶ
461 4690 560 4761 τὴν
623 4691 1071 4759 συγκατάϐασιν,
1134 4688 1309 4760 μέγας
1374 4689 1467 4743 διὰ
1519 4691 1883 4754 δυναστείαν,

312 4775 484 4845 μέγας
533 4776 622 4832 διὰ
661 4778 760 4849 τὴν
797 4777 1244 4848 φιλανθρωπίαν,
1284 4777 1359 4842 ὡς
1393 4777 1633 4831 δείκνυσι
1677 4777 1748 4832 τὰ
1791 4779 1889 4830 ὲπ-

311 4866 581 4938 αγόμενα.

385 4979 404 5010 ι
452 4960 756 5031 Ὠδήγησας
781 4959 857 5022 ὡς
890 4959 1143 5030 πρόϐατα
1170 4961 1261 5014 τὸν
1291 4961 1439 5015 λαόν.
1480 4979 1498 5012 ι

288 5044 302 5061 ⁸
382 5057 457 5109 Οὐ
497 5056 675 5128 μάτην
702 5055 936 5109 ἐνταῦθα
964 5057 1030 5126 τῇ
1059 5058 1228 5110 εἰκόνι
1255 5057 1365 5110 τῶν
1400 5055 1690 5127 προϐάτων
1723 5057 1881 5127 ἐχρή-

311 5164 474 5203 σατο·
511 5148 624 5202 ἀλλ’
667 5149 855 5218 ἐπειδὴ
897 5147 1076 5218 ῥάϐδῳ
1117 5147 1290 5200 ταῦτα
1323 5148 1429 5202 ὑπὸ
1463 5147 1570 5201 τῶν
1601 5147 1878 5217 ποιμένων

309 5237 614 5303 εὐθύνεται,
642 5239 830 5309 ὧσπερ
852 5237 949 5291 καὶ
982 5238 1141 5307 ἡμεῖς
1175 5237 1252 5307 τῷ
1299 5236 1520 5308 σταυρῷ
1556 5237 1710 5307 παρὰ
1738 5239 1878 5307 Χρι-

310 5328 436 5383 στοῦ
467 5330 885 5400 ποιμαινόμεθα.
937 5328 1098 5382 Ὅθεν
1132 5330 1226 5380 καὶ
1253 5327 1348 5380 τοῦ
1392 5328 1658 5393 Μωσέως,
1703 5328 1782 5382 ἔτι
1821 5330 1878 5384 δὲ

312 5420 403 5473 καὶ
448 5421 542 5474 τοῦ
608 5420 819 5490 ’Λαρὼν
866 5418 1296 5491 ἐμνημόνευσεν,
1326 5420 1521 5480 οἵτινες
1555 5419 1726 5473 τύπον
1776 5420 1870 5474 τοῦ

313 5512 545 5586 σταυροῦ
577 5514 771 5586 ῥάϐδον
801 5512 1074 5584 ἐκόμιζον,
1100 5513 1208 5566 τῶν
1241 5514 1298 5565 ἐν
1322 5511 1582 5582 Αἰγύπτῳ
1615 5513 1705 5566 καὶ
1730 5514 1872 5568 κατὰ

1983 4501 2111 4555 uitae
2137 4497 2526 4568 magnitudinis
2556 4507 2640 4552 est
2655 4496 3125 4566 comparationem
3144 4511 3252 4550 non
3277 4495 3559 4564 admittit),

1984 4591 2082 4646 sed
2140 4589 2450 4654 laudando,
2515 4597 2574 4642 et
2623 4587 2988 4642 admirando:
3053 4589 3312 4658 quoniam
3372 4602 3562 4642 revera

1984 4681 2214 4751 magnus
2233 4679 2458 4750 quidem
2483 4685 2571 4732 est
2598 4692 2695 4746 per
2725 4677 3126 4740 fortitudinem,
3171 4693 3404 4743 magnus
3432 4692 3560 4732 vero

1985 4773 2148 4827 etiam
2171 4787 2268 4841 per
2301 4769 2848 4834 condescensionem,
2872 4785 3100 4840 magnus
3130 4784 3227 4839 per
3255 4768 3564 4838 benignita-

1990 4874 2119 4930 tem,
2162 4863 2602 4930 sicutscquentia
2625 4863 2928 4917 declarant.

2058 4956 2221 5010 Vens.
2252 4956 2336 5010 Η.
2383 4975 2401 5008 ι
2442 4954 2721 5012 Deduxisti
2751 4955 2892 5010 sicut
2914 4969 3044 5009 oves
3075 4953 3354 5023 populum.
3395 4971 3414 5003 ι

2067 5041 2185 5097 Non
2218 5052 2418 5096 temere
2444 5043 2530 5096 hic
2562 5059 2694 5097 usus
2723 5050 2806 5096 est
2830 5041 3000 5110 ﬁgura
3042 5040 3225 5094 ovium
3245 5077 3260 5103 ,
3309 5038 3403 5092 sed
3433 5037 3559 5106 quia

1987 5137 2104 5192 istae
2136 5151 2164 5190 a
2191 5137 2502 5206 pastoribus
2541 5136 2688 5205 virga
2713 5135 3044 5205 diriguntur,
3076 5132 3218 5186 sicut
3263 5130 3426 5185 etiam
3455 5146 3558 5185 nos

1987 5245 2147 5288 cruce
2176 5246 2205 5283 a
2228 5229 2448 5284 Christo
2479 5230 2774 5298 pascimur.
2806 5227 2962 5283 Unde
3002 5226 3166 5279 etiam
3193 5224 3374 5279 adhuc
3407 5223 3556 5292 Moy-

1985 5326 2079 5389 sis,
2108 5323 2238 5394 quin
2273 5332 2328 5378 et
2364 5323 2594 5377 Aaronis
2643 5320 2978 5375 mentionem
3024 5317 3174 5381 fecit,
3234 5317 3326 5387 qui
3376 5315 3554 5371 crucis

1983 5417 2207 5486 figuram
2261 5416 2546 5488 gestabant
2593 5414 2832 5482 virgam,
2892 5421 2972 5467 tot
3023 5411 3412 5466 miraculorum
3489 5408 3546 5462 in

1978 5509 2213 5581 Egypto
2242 5518 2298 5565 et
2348 5509 2402 5564 in
2443 5508 2662 5564 deserto
2688 5505 3028 5576 genitricem.
3076 5502 3545 5570 Quemadmodum

385 5725 432 5756 "
458 5723 476 5778 Ι
505 5723 699 5780 Thess.
731 5743 781 5785 ν,
821 5728 869 5779 7.
947 5725 990 5755 "
1021 5724 1192 5779 Galat.
1221 5741 1292 5791 γι,
1322 5724 1373 5778 8.
1449 5724 1492 5754 "
1526 5724 1566 5778 ll
1606 5725 1730 5780 Cor.
1762 5725 1980 5791 xtv,15.
