4036 6200
441 302 576 371 19η
1628 303 1994 363 HESYCliII
2035 305 2507 365 PRESBYTERI
3559 301 3716 368 1248

439 417 582 473 enim
619 412 693 468 illi
718 410 865 481 virga
897 407 1241 463 inimicorum
1273 407 1328 458 in
1383 405 1604 460 lsraelis
1651 406 2004 474 beneﬁcium,

2122 410 2208 480 τὴν
2261 409 2466 480 ἔρημον
2529 408 2822 480 ἐγκύμονα
2863 408 3192 481 θαυμάτων.
3248 409 3519 483 Καθάπερ
3585 416 3714 486 γὰρ

441 527 521 565 sic
557 509 723 561 etiam
754 503 1005 556 Christus
1036 513 1200 554 cruce
1255 506 1444 552 contra
1489 497 1766 554 daemones
1794 500 1863 554 ad
1914 513 2018 553 non

441 608 608 654 stram
631 593 1046 650 conversionem
1076 603 1210 644 usus
1230 596 1334 644 est.
1751 604 1760 636 ε

915 867 1233 926 PSALMUS
1271 868 1530 926 LXXVII.

515 955 674 1014 Vens.
708 959 762 1013 5.
808 979 826 1012 ι
855 960 927 1014 Ει
950 959 1233 1014 suscita-vit
1254 961 1626 1016 testimonium
1673 960 1729 1015 in
1759 960 1949 1017 Jacob.
1989 979 2009 1012 ι

513 1049 908 1105 Testimonium
932 1050 1262 1119 appellatum
1285 1049 1390 1104 fuit
1420 1050 1830 1105 tabernaculum
1863 1051 2016 1106 testi-

443 1139 637 1204 monii,
671 1138 726 1192 in
760 1152 868 1207 quo
897 1137 1136 1207 reposita
1179 1145 1297 1192 erat
1335 1154 1460 1194 arca
1497 1140 1829 1203 testamenti,
1861 1148 1918 1194 et
1956 1140 2014 1194 in

443 1245 570 1284 arca
597 1230 704 1296 lex,
741 1239 798 1285 et
821 1230 1137 1294 Cherubim,
1167 1240 1223 1284 et
1247 1231 1708 1300 propitiatorium,
1737 1243 1792 1288 et
1815 1232 2016 1288 cande-

444 1320 615 1386 labra,
649 1329 703 1375 et
733 1333 939 1385 mensa,
963 1329 1019 1374 et
1048 1321 1346 1390 propositio
1370 1336 1594 1390 panum.

516 1415 683 1469 Vens.
713 1414 767 1468 6.
803 1431 822 1465 ι
857 1413 928 1469 Ut
956 1423 1246 1485 cognoscat
1274 1415 1556 1485 generatio
1576 1415 1764 1470 altera.
1800 1433 1820 1467 ι

521 1501 846 1571 Videsquod
868 1503 936 1557 de
957 1503 1210 1572 gentibus
1258 1503 1696 1557 dicatznondum
1745 1503 1890 1558 enim
1931 1502 2015 1556 ha

448 1602 588 1648 natae
618 1602 778 1646 erant
807 1592 873 1646 ad
906 1592 1184 1662 pietatem,
1226 1592 1494 1660 siquidem
1526 1608 1624 1661 per
1679 1593 2012 1662 baptismum

446 1691 601 1737 erant
626 1683 980 1752 generandae;
1023 1682 1166 1735 unde
1200 1682 1397 1737 merito
1425 1682 1749 1737 dicebantur
1787 1682 1890 1751 ﬁlii
1922 1685 2014 1753 qui

448 1785 746 1830 nascentur.
777 1773 903 1830 Haec
927 1790 1052 1829 vera
1077 1775 1172 1830 Dei
1207 1774 1398 1830 notitia
1412 1784 1516 1840 est,
1548 1775 1682 1828 alios
1699 1775 1864 1830 etiam
1889 1791 2015 1846 par-

447 1865 642 1934 ticipes
675 1863 857 1918 facere
886 1863 1212 1934 cognitionis
1239 1903 1253 1928 ,
1275 1872 1330 1917 et
1381 1863 1520 1917 ﬁlios
1549 1862 1763 1918 efﬁcere
1788 1879 1885 1934 per
1913 1864 2017 1920 do-

447 1956 680 2010 ctrinam
708 1954 1123 2009 mandatorum:
1150 1953 1293 2022 quod
1331 1952 1623 2008 manifesto
1646 1953 1892 2009 fecerunt
1920 1955 2014 2024 qui

447 2045 501 2098 in
553 2044 832 2100 Christum
889 2044 1255 2099 crediderunt.
1307 2043 1522 2098 Nemini
1575 2044 1720 2098 enim
1770 2043 2014 2099 divinam

445 2138 813 2208 cognitionem
874 2137 1226 2201 invidebant,
1285 2151 1462 2204 neque
1518 2145 1579 2190 ut
1645 2135 2016 2206 praecedentes

401 2258 405 2262 ~
444 2228 739 2282 credebant
798 2227 918 2281 aliis
941 2227 1219 2282 introitum
1273 2226 1562 2282 occludere
1595 2227 1878 2293 volentes;
1917 2227 2014 2282 sed

446 2318 730 2373 hortantur
759 2327 818 2373 ut
845 2319 898 2373 in
932 2317 1100 2374 Deum
1127 2333 1278 2388 spem
1309 2318 1570 2372 habeant.

515 2497 678 2570 Vens.
705 2499 759 2551 7.
798 2517 816 2548 ι
858 2497 926 2553 Ut
952 2507 1155 2568 ponant
1197 2499 1250 2551 in
1277 2497 1388 2553 Deo
1411 2512 1586 2566 spem.

521 2587 644 2643 Haec
689 2589 945 2642 omnibus
973 2589 1287 2643 domesticis
1319 2597 1376 2642 et
1413 2587 1652 2642 externis
1699 2587 1752 2641 in
1785 2587 2013 2642 ecclesia

443 2682 828 2751 praedicantur,
873 2682 926 2734 in
958 2696 1063 2751 qua
1107 2681 1302 2736 Paulus
1332 2681 1398 2734 ad
1456 2681 1741 2734 universos
1777 2679 2010 2734 clamat:

447 2772 623 2825 Filioli
680 2772 800 2836 mei,
832 2783 957 2840 quos
1014 2772 1206 2824 iterum
1248 2772 1509 2839 parturio,
1561 2770 1722 2824 donec
1759 2772 2013 2841 formetur

444 2860 678 2918 Christus
711 2869 764 2914 in
799 2861 938 2914 vobis
951 2859 1014 2914 “.

516 2953 681 3007 Vens.
715 2953 767 3010 8.
806 2972 824 3005 ι
861 2952 926 3007 Et
963 2968 1072 3008 non
1101 2960 1186 3006 est
1219 2951 1456 3007 creditus
1480 2967 1603 3006 cum
1640 2951 1750 3006 Deo
1787 2951 2013 3022 spiritus

443 3046 585 3115 ejus.
631 3065 647 3095 ι

513 3136 646 3189 Nam
683 3134 907 3189 omnino
940 3133 1050 3188 sola
1074 3133 1256 3204 lingua
1287 3133 1446 3188 ﬁdem
1468 3134 1882 3201 annuntiarunt,
1900 3149 2011 3190 non

443 3235 623 3282 autem
646 3235 760 3281 toto
789 3225 950 3279 corde
977 3232 1034 3279 et
1057 3224 1260 3279 mundo
1289 3225 1504 3295 spiritu.

515 3405 678 3462 Vens.
717 3405 806 3460 15.
847 3423 865 3456 ‹
894 3403 1104 3473 Dirupit
1130 3405 1412 3472 petramin
1435 3417 1642 3457 eremo.
1687 3421 1706 3454 ι

516 3496 788 3552 Fortassis
821 3495 984 3565 aliqui
1015 3503 1212 3564 putant
1251 3494 1567 3563 prophetam
1606 3494 1748 3548 idem
1795 3493 2008 3563 signum

445 3590 530 3643 bis
559 3587 908 3658 exposuisse:
945 3601 1136 3640 verum
1183 3601 1291 3639 non
1349 3586 1420 3639 ita
1464 3601 1523 3640 se
1555 3602 1644 3641 res
1677 3588 1859 3651 habet,
1913 3587 2010 3643 sed

443 3680 684 3736 secundo
712 3679 845 3748 ipsis
872 3676 1084 3749 Moyses
1101 3692 1296 3746 aquam
1319 3678 1384 3730 de
1417 3684 1570 3746 petra
1596 3677 1810 3744 eduxit;
1839 3680 2010 3734 semel

442 3773 660 3843 quidem
717 3771 770 3825 in
836 3773 1054 3826 deserto
1101 3769 1341 3833 Choreb,
1399 3770 1570 3824 altera
1609 3786 1738 3826 vero
1781 3771 1901 3826 vice
1951 3773 2007 3826 in

440 3865 614 3919 Cades
636 3906 649 3929 ,
685 3864 770 3918 ubi
795 3863 962 3916 Maria
991 3871 1114 3932 post
1137 3863 1340 3916 obitum
1374 3862 1581 3933 sepulta
1612 3862 1732 3916 fuit.
1769 3863 2007 3933 Utraque

442 3973 573 4011 vero
601 3957 667 4010 ad
714 3956 1017 4009 satietatem
1067 3955 1210 4018 data,
1249 3955 1322 4009 ita
1354 3963 1413 4008 ut
1473 3955 1526 4008 in
1585 3955 1777 4026 abysso
1836 3956 2005 4010 multa

440 4047 668 4112 dicatur,
697 4046 1133 4116 quandoquidem
1166 4062 1274 4101 non
1296 4047 1389 4100 uni
1412 4045 1599 4111 ﬂuvio,
1631 4049 1725 4102 sed
1755 4047 2006 4118 plurimis

439 4155 592 4208 aquae
655 4137 1062 4207 suppeditanda:
1113 4136 1431 4191 suﬁiciebat.
1507 4137 1634 4191 Haec
1690 4139 1836 4192 enim
1888 4147 2005 4192 erat

437 4229 798 4293 conﬁrmatio,
831 4229 973 4297 quod
1023 4229 1323 4283 secundum
1373 4227 1680 4293 veritatem,
1739 4244 1848 4283 non
1907 4245 2004 4298 per

439 4319 881 4390 imaginationem
947 4319 1049 4373 ista
1103 4318 1361 4373 miracula
1404 4319 1535 4388 ipsis
1593 4320 1974 4389 contigissent.

2113 501 2310 554 ἐκεῖνοι
2349 504 2422 573 τῇ
2464 501 2646 573 ῥάϐδῳ
2678 501 2787 554 τῶν
2826 501 3040 572 ἐχθρῶν
3077 505 3158 566 εἰς
3195 501 3294 574 τὴν
3322 499 3418 556 τοῦ
3476 505 3713 576 Ἰσραὴλ

2113 592 2450 662 εὐεργεσίαν,
2497 591 2641 646 οὕτω
2695 593 2790 646 καὶ
2836 595 2864 646 ό
2899 592 3136 663 Χριστὸς
3180 593 3260 665 τῷ
3301 595 3521 666 σταυρῷ
3553 600 3716 652 κατὰ

2113 684 2221 735 τῶν
2265 683 2536 754 δαιμόνων
2619 682 2961 756 ἐπιστροφῆς
3029 685 3197 738 ἐνίκα
3267 688 3370 756 τῆς
3417 687 3715 759 ἡμετέρας

2115 777 2401 847 κέχρηται.

2666 865 2963 921 ΨΑΛΜΟΣ
3009 866 3134 920 OZ'.

2191 977 2208 1010 ι
2241 958 2353 1012 Καὶ
2375 958 2643 1028 ἀνέστησε
2677 957 2983 1027 μαρτύριον
3020 957 3079 1008 ἐν
3122 954 3338 1009 Ἰακώϐ.
3384 973 3404 1007 ι

2183 1049 2498 1120 Μαρτύριον
2537 1048 2781 1100 ἐκαλεῖτο
2820 1048 2855 1116 ἠ
2908 1046 3081 1116 σκηνὴ
3119 1045 3214 1097 τοῦ
3256 1045 3605 1116 μαρτυρίου,
3635 1048 3732 1098 ἐν

2113 1131 2148 1211 ᾖ
2178 1136 2438 1190 ἀπέκειτο
2465 1138 2498 1206 ἠ
2518 1136 2749 1197 κιϐωτὸς
2772 1134 2873 1204 τῆς
2893 1133 3180 1206 διαθήκης,
3205 1135 3298 1188 καὶ
3329 1137 3358 1187 ὁ
3391 1136 3450 1188 ἐν
3471 1136 3712 1206 κισωτῷ

2115 1227 2296 1296 νόμος,
2340 1227 2410 1280 τά
2450 1243 2509 1280 τε
2551 1225 2854 1298 Χερουϐὶμ,
2902 1225 2999 1278 καὶ
3038 1225 3101 1278 τὸ
3148 1225 3484 1297 ἱλαστήριον,
3512 1227 3615 1281 καὶ
3663 1231 3708 1298 ἡ

2115 1318 2324 1389 λυχνία,
2353 1319 2449 1371 καὶ
2480 1319 2516 1384 ἡ
2549 1317 2816 1388 τράπεζα,
2849 1317 2942 1370 καὶ⁵
2971 1319 3006 1389 ἡ
3040 1318 3298 1389 πρόθεσις
3321 1319 3438 1372 τῶν.
3483 1319 3706 1390 ἄρτων.

2192 1427 2211 1459 ι
2251 1410 2440 1472 Ὅπως
2467 1409 2534 1463 ἂν
2565 1408 2678 1478 γνῷ
2700 1407 2865 1476 γενεὰ
2895 1407 3079 1477 ἐτέρα.
3117 1425 3142 1460 ι

2186 1499 2421 1569 Θεωρεῖς
2436 1499 2518 1551 ὄτι
2534 1498 2790 1568 περὶ-τῶν
2811 1497 2983 1550 ἐθνῶν
3006 1499 3176 1564 λέγει·
3208 1496 3365 1550 οθπω
3386 1495 3708 1566 γὰρταῦτα

2115 1588 2376 1658 τεχθέντα
2420 1588 2666 1658 ὑπῆρχεν
2720 1590 2799 1650 είς
2836 1588 3159 1642 εὐσέϐειαν·
3213 1587 3410 1657 ἔμελλε
3453 1588 3567 1655 γὰρ
3607 1586 3709 1640 διὰ

2123 1679 2497 1750 βαπτίσματος
2562 1676 2842 1732 τίκτεσθαι
2866 1694 2891 1706 ν
2926 1677 3050 1731 ὃθεν
3101 1677 3218 1730 υἱοὶ
3258 1676 3709 1744 τεχθησόμενοι

2119 1769 2343 1831 δικαίως
2387 1767 2655 1837 ἐλέγοντο.
2705 1765 2876 1820 Τοῦτο
2952 1766 3153 1835 γνῶσις
3189 1764 3406 1836 ἀληθῶς
3434 1763 3612 1826 Θεοῦ,
3639 1763 3709 1815 τὸ

2120 1858 2444 1930 μεταδοῦναι
2484 1858 2580 1911 καὶ
2622 1858 2803 1920 ἄλλοις
2838 1859 2939 1928 τῆς
2981 1856 3237 1925 γνώσεως
3264 1894 3279 1920 ,
3312 1853 3404 1908 καὶ
3443 1855 3598 1914 υἱοὺς
3627 1857 3707 1923 τῇ

2119 1951 2386 2023 μαθητείᾳ⁴
2411 1949 2521 2003 τῶν
2553 1949 2782 2004 ἐντολῶν
2805 1948 3172 2019 ἐργάσασθαι·
3211 1949 3349 2018 ὅπερ
3378 1945 3570 2014 σαφῶς
3593 1963 3708 1998 πε-

2116 2045 2406 2114 ποιήκασιν
2442 2042 2492 2094 οἱ
2544 2043 2623 2104 είς
2656 2042 2890 2112 Χριστὸν
2927 2040 3336 2102 πιστεύσαντες.
3364 2039 3555 2092 Οὐδενὶ
3585 2039 3706 2109 γὰρ

2113 2133 2214 2204 τῆς
2262 2133 2592 2201 θεογνωσίας
2643 2131 2954 2202 ἐϐάσκηναν
2987 2170 3004 2197 ,
3067 2131 3188 2184 οὐδὲ
3243 2131 3319 2194 ὡς
3378 2132 3428 2184 oi
3486 2131 3706 2197 προλα-

2113 2225 2298 2286 ϐόντες
2331 2223 2677 2288 ἐπίστευσαν,
2713 2222 3036 2276 ἀποκλεῖσαι
3067 2224 3180 2286 τοῖς
3222 2220 3406 2283 ἄλλοις
3433 2220 3536 2291 τὴν
3573 2221 3707 2274 εἴσ-

2113 2315 2230 2368 οδον
2262 2313 2758 2383 βουλόμενοι’ἀλλὰ
2791 2311 3178 2384 παρεγγυῶσιν
3210 2312 3303 2365 ἐπὶ
3327 2311 3418 2366 τὸν
3429 2312 3578 2367 Θεὸν
3592 2311 3712 2382 τὴν

2114 2404 2304 2457 ἐλπίδα
2332 2402 2497 2472 ἔχειν.

2187 2515 2206 2547 ι
2241 2497 2359 2548 Ἵνα
2390 2493 2590 2548 θῶνται
2621 2494 2713 2547 ἐπὶ
2744 2493 2837 2548 τὸν
2860 2493 2995 2548 Θεὸν
3022 2495 3122 2565 τὴν
3147 2494 3362 2550 ἐλπίδα.
3404 2512 3423 2546 ι

2183 2588 2368 2641 Ταῦτα
2427 2589 2561 2642 πᾶσι
2596 2591 2706 2650 τοῖς
2773 2588 3000 2651 οίκείοις
3053 2589 3148 2642 καὶ
3209 2591 3322 2652 τοῖς
3386 2587 3711 2659 ἀλλοτρίοις

2113 2679 2207 2732 ἐπὶ
2234 2679 2530 2750 ἐκκλησίας
2562 2678 2927 2750 κηρύττεται,
2965 2681 3024 2732 ἐν
3129 2679 3340 2743 Παῦλος
3384 2679 3520 2734 πᾶσι
3549 2679 3662 2752 βοᾷ
3685 2698 3706 2711 ³

2118 2769 2325 2824 Τεκνία
2346 2786 2487 2837 μου,
2523 2767 2630 2833 οὓς
2656 2767 2841 2822 πάλιν
2872 2767 3062 2822 ὠδίνω
3084 2767 3260 2838 ἄχρις
3297 2763 3386 2824 οὗ·
3393 2767 3707 2838 μορφωθῇ

2113 2860 2364 2928 Χριστὸς
2386 2861 2456 2913 ἐν
2484 2858 2644 2928 ὑμῖν.

2189 2975 2207 3006 ι
2239 2956 2347 3008 Καὶ
2387 2956 2488 3008 οὐκ
2539 2953 2818 3025 ἐπιστώθη
2879 2954 3017 3025 μετὰ
3062 2953 3158 3008 τοῦ
3183 2953 3318 3008 Θεοῦ
3357 2954 3433 3008 τὸ
3462 2953 3710 3025 πνεῦμα

2038 3069 2080 3126 C
2113 3045 2302 3114 αὐτῆς.
2339 3063 2358 3095 ι

2186 3136 2408 3210 Γλώττῃ
2445 3137 2552 3206 γὰρ
2600 3138 2817 3201 πάντως
2879 3137 3015 3209 μόνῃ
3055 3137 3156 3208 τὴν
3203 3136 3382 3191 πίστιν
3419 3137 3709 3208 ἐπηγγεί-

2115 3230 2296 3295 λαντο,
2341 3229 2462 3298 οὐχὶ
2505 3229 2565 3282 δέ
2611 3229 2709 3302 ὅλῃ
2755 3230 2955 3301 καρδίᾳ
3003 3230 3096 3283 καὶ
3137 3229 3366 3300 καθαρῷ
3407 3227 3484 3300 τῷ
3521 3228 3712 3281 πνεύ-

2117 3340 2269 3394 ματι.
3291 3344 3294 3347 ·

2187 3435 2209 3468 ι
2245 3415 2505 3488 Διέρῤηξε
2531 3404 2745 3485 πέτραν
2779 3416 2841 3468 ἐν
2869 3414 3083 3486 ἐρήμῳ.
3126 3431 3146 3465 ι

2181 3508 2335 3578 Τάχα
2361 3506 2463 3562 πού
2491 3523 2636 3570 τινες
2675 3506 2926 3559 δοκοῦσιν
2963 3507 3046 3559 ὅτι
3085 3505 3169 3569 δὶς
3218 3503 3346 3557 αὐτὸ
3369 3503 3432 3556 τὸ
3456 3505 3712 3572 σημεῖον

2110 3600 2139 3653 ὁ
2161 3600 2445 3670 προφήτης
2475 3598 2723 3666 ἐξέθετοο
2766 3597 2878 3667 ἔχει
2910 3597 2968 3650 δὲ
3011 3596 3112 3665 οὐχ
3153 3594 3344 3660 οὕτως,
3377 3593 3520 3646 ἀλλὰ
3564 3594 3708 3646 δεὺο

2110 3709 2265 3762 τερον
2306 3692 2489 3755 αὐτοῖς
2511 3689 2676 3765 ’ὕδωρ
2713 3690 2776 3743 ἐκ
2811 3689 3015 3758 πέτρας
3063 3689 3092 3740 ὁ
3124 3686 3329 3756 Μωσῆς
3374 3684 3664 3754 ἐξήγαγεν
3688 3702 3705 3714 ·

2111 3781 2259 3846 ἅπαξ
2314 3781 2414 3852 μὲν
2444 3783 2503 3835 ἐν
2528 3783 2592 3850 τῇ
2634 3779 2822 3849 ἐρήμῳ
2873 3776 3110 3848 Χωρὴὸ,
3138 3776 3198 3828 τὸ
3245 3775 3498 3846 δεύτερον
3531 3775 3593 3828 δὲ
3643 3776 3709 3828 ἐν

2109 3871 2294 3940 Κάδης
2314 3910 2333 3940 ,
2362 3869 2489 3923 ἔνθα
2534 3867 2768 3939 Μαριὰμ
2802 3867 2974 3938 ἐτάφη
3005 3866 3391 3934 τελευτήσασα.
3423 3865 3522 3924 Εἰς
3553 3864 3708 3935 πλη-

2109 3961 2310 4030 σμονὴν
2351 3960 2414 4037 δὲ.
2453 3959 2736 4030 ἑκάτερον,
2782 3957 2923 4012 ὥστε
2969 3958 3030 4010 τὸ
3070 3957 3128 4009 ἐν
3174 3955 3396 4024 ἁϐύσσῳ
3423 3954 3714 4023 λέγεσθαι

2105 4053 2298 4124 πολλῇ,
2335 4052 2524 4124 ἐπειδὴ
2570 4048 2672 4105 οὐκ
2721 4055 2779 4104 ἐν
2823 4049 3076 4120 ποταμῷ,
3107 4048 3220 4102 ἀλλ’
3262 4051 3319 4100 ἐν
3349 4045 3571 4109 πολλοῖς
3605 4048 3708 4100 διὰ

2103 4144 2164 4198 τὸ
2193 4143 2395 4213 πλῆθος
2418 4140 2486 4216 ἦν
2519 4143 2701 4197 ἱκανὸν
2728 4142 2790 4195 τὸ
2819 4141 2965 4212 ὕδωρ
3018 4139 3490 4211 παραϐάλλεσθαι.
3515 4142 3706 4194 Τοῦτο

2104 4234 2212 4304 γὰρ
2237 4230 2304 4304 ἦν
2335 4232 2608 4298 σύστασις,
2638 4233 2721 4286 ὅτι
2747 4233 2882 4300 πρὸς
2901 4231 3184 4300 ἀλήθειαν,
3211 4231 3334 4299 οὐχὶ
3368 4230 3459 4282 διὰ
3483 4247 3706 4298 φανταο

2106 4326 2226 4378 σίαν
2261 4325 2446 4387 αὐτοῖς
2474 4324 2715 4392 ἐγεγόνει
2749 4324 2816 4375 τὰ
2856 4321 3130 4392 θαύματα.
3159 4319 3346 4390 Δεινὴν
3373 4321 3429 4373 δὲ
3445 4337 3701 4388 κατηγο-

438 4408 702 4465 Acerbam
735 4418 914 4462 autem
980 4409 1406 4478 increpationem
1457 4408 1640 4478 populi
1696 4409 2003 4463 Judteorum

2122 4417 2232 4470 οίαν
2259 4416 2352 4469 τοῦ
2381 4414 2511 4469 λαοῦ
2533 4415 2642 4467 τῶν
2683 4413 2953 4468 Ἰουδαίων
2973 4414 3187 4477 ἐξέθετο
3204 4430 3219 4444 ·
3246 4412 3351 4474 ὅτι,
3376 4410 3704 4477 τηλικαῦτα

439 4499 716 4568 exposuit;
740 4514 804 4552 eo
826 4499 990 4568 quod,
1022 4515 1147 4554 cum
1175 4509 1321 4554 tanta
1350 4500 1608 4554 miracula
1641 4500 1999 4570 accepissent,

439 4600 492 4644 et
525 4604 554 4643 a
595 4589 841 4658 pristinis
882 4590 1123 4659 peccatis
1174 4589 1451 4643 abstinere
1507 4589 1842 4656 debuissent,
1901 4591 2005 4644 alia

437 4667 673 4744 desuper
711 4675 832 4729 istis
865 4675 1188 4744 adjecerint,
1213 4690 1320 4730 non
1349 4675 1674 4747 simpliciter
1696 4687 2002 4746 peccantes,

438 4767 532 4822 sed
562 4767 684 4836 ipsi,
719 4766 892 4832 idest,
917 4776 1105 4823 contra
1141 4768 1319 4839 ipsum
1345 4769 1743 4839 delinquentes,
1776 4771 1867 4840 qui
1890 4771 2006 4826 haec

434 4858 586 4930 signa
616 4859 938 4928 praebuerat.

505 4948 668 5005 Vens.
699 4950 790 5006 2|.
829 4970 848 5004 ι
892 4951 958 5006 Ει
986 4951 1065 5006 ira
1099 4952 1349 5008 ascendit
1379 4952 1432 5007 in
1463 4951 1647 5008 lsrael.
1690 4974 1708 5006 ι

506 5039 847 5097 Irascebatur
903 5043 1048 5097 enim
1099 5043 1230 5114 ipsis
1275 5044 1559 5108 Dominus,
1614 5046 1740 5114 quia
1789 5045 2006 5101 videbat

433 5131 556 5187 illos
579 5149 918 5204 nequaquam
949 5135 1167 5190 ﬁdelem
1216 5151 1343 5207 erga
1387 5152 1446 5191 se
1479 5136 1719 5189 animum
1781 5136 1999 5203 habere,

433 5221 531 5276 sed
553 5237 765 5293 semper
796 5225 1012 5295 quidem
1039 5226 1180 5281 datis
1214 5227 1534 5280 muneribus
1579 5226 1835 5298 ingratos,
1893 5243 2000 5282 non

433 5314 574 5368 datis
599 5331 728 5370 vero
760 5317 1071 5372 incredulos
1117 5317 1402 5372 exsistere.
1452 5317 1658 5372 Idcirco
1697 5317 1848 5381 dicit,
1893 5318 2003 5372 Nec

433 5419 766 5472 speraverant
790 5410 845 5461 in
860 5409 1087 5462 salutari
1104 5409 1240 5478 ejus,
1274 5410 1550 5464 Christum
1591 5408 1807 5463 dicens:
1839 5425 2000 5478 quem

435 5497 674 5552 salutare
711 5515 868 5554 suum
921 5501 1138 5570 plurimi
1186 5502 1465 5572 prophetae
1505 5497 1886 5568 nominarunt;
1947 5512 2002 5558 et

511 5674 554 5702 ⁸⁵
585 5671 758 5725 Galat.
794 5690 866 5736 tv,
896 5677 975 5729 l9.

2107 4509 2386 4578 δεχόμενοι
2413 4506 2691 4576 θαύματα,
2720 4505 2838 4558 δέον
2859 4505 2969 4558 τῶν
2990 4504 3235 4574 ἀρχαίων
3255 4501 3712 4573 ἁμαρτημάτων-

2109 4599 2430 4670 ἀπέχεσθαι,
2465 4599 2626 4669 ἐτερα
2656 4598 2865 4668 ὁμοίως
2912 4598 2998 4650 ἐπ’
3037 4596 3268 4658 ἐκείνοις
3305 4592 3699 4662 προσέθηκαν,

2108 4693 2207 4762 οὐχ
2253 4691 2442 4754 ἁπλῶς
2497 4690 2926 4761 ἁμαρτάνοντες,
2992 4689 3108 4744 ἀλλ’
3153 4685 3330 4752 αὐτῷ,
3377 4686 3698 4746 τουτέστιν,

2109 4783 2189 4844 είς
2235 4781 2397 4834 αὐτὸν
2453 4779 2934 4852 πλημμελοῦντες,
2995 4777 3090 4833 τὸν
3156 4777 3227 4830 τὰ
3277 4778 3482 4846 σημεῖα
3538 4791 3696 4846 παρ-

2107 4872 2324 4943 έχοντα.

2182 4981 2200 5014 ι
2231 4963 2341 5015 Καὶ
2366 4961 2503 5032 ὀργὴ
2529 4961 2697 5031 ἀνέϐη
2729 4960 2822 5012 ἐπὶ
2855 4960 2946 5012 τὸν
2986 4957 3220 5028 Ἰσραήλ.
3256 4976 3276 5009 ι

2189 5053 2445 5125 Ὠργίσθη
2470 5053 2580 5124 γὰρ
2600 5054 2720 5106 κατ’
2744 5051 2921 5106 αὐτῶν
2944 5054 2972 5106 ὁ
2991 5052 3286 5120 Δεσπότης,
3318 5048 3506 5117 ἐπειδὴ
3533 5048 3693 5119 ἐώρα

2103 5144 2298 5206 αὐτοὺς
2338 5142 2595 5196 οὐδέποτε
2650 5141 2849 5212 πιστὴν
2893 5141 3113 5210 ἔχοντας
3175 5139 3302 5210 περὶ
3361 5138 3525 5191 αὑτὸν
3583 5141 3698 5208 τὴν

2109 5234 2357 5304 γνώμην,
2401 5233 2515 5287 ἀλλ’
2545 5233 2630 5286 ἀεὶ
2667 5233 2765 5302 μὲν
2799 5235 2911 5295 τοῖς
2951 5231 3181 5284 δοθεῖσιν
3219 5229 3685 5300 ἀχαριστοῦντας,

2111 5326 2238 5394 περὶ
2284 5324 2342 5377 δὲ
2396 5325 2470 5394 μὴ
2530 5323 2789 5376 δοθέντων
2833 5322 3292 5392 ἀμφιϐάλλοντας.
3326 5322 3418 5374 Διό
3474 5337 3684 5389 φησιν·

2111 5414 2265 5469 Οὐδὲ
2304 5413 2576 5482 ἤλπισαν
2609 5415 2708 5467 ἐπὶ
2737 5415 2804 5468 τὸ
2857 5414 3158 5481 Σωτήρων
3183 5411 3393 5476 αὑτοῦ,
3414 5410 3507 5463 τὸν
3543 5411 3684 5481 Χριο

2111 5505 2232 5559 στὸν
2259 5504 2432 5574 λέγων
2453 5521 2465 5534 ·
2499 5506 2666 5576 ὅνπερ
2699 5505 2973 5576 Σωτήριον
3003 5503 3168 5559 αὐτοῦ
3206 5501 3391 5556 πολὶοὶ
3434 5501 3534 5572 μὲν
3567 5500 3681 5553 τῶν
