4036 6200
368 283 502 348 1249

1502 285 1966 346 FRAGMENTA
2007 285 2088 346 IN
2125 285 2478 347 PSALMOS.

3478 288 3616 353 1250

367 394 662 467 προφητῶν
687 434 702 460 ,
743 393 930 462 σαφῶς
978 392 1035 446 δὲ
1080 394 1177 446 καὶ
1215 392 1475 464 Συμεὼν,
1511 394 1692 449 λαϐὼν
1729 395 1786 447 ὲν
1825 396 1943 457 ταῖς

2044 394 2246 450 diserte
2286 393 2544 466 Symeon,
2593 396 2812 466 quando
2856 396 3032 466 ipsum
3073 397 3126 451 in
3173 388 3330 451 ulnas
3379 401 3618 468 excepit.

365 485 652 555 ἀγκάλαις,
679 483 950 553 ὠνόμασε.

439 593 459 627 ι
495 575 606 627 Καὶ
639 573 949 626 ἐνετείλατο
973 573 1230 642 νεφέλαις
1255 571 1622 644 ὑπεράνωθεν.
1653 591 1673 625 ι

435 663 680 734 Νεφέλας
715 665 816 716 ὑπε
828 663 1069 735 ράνωθεν
1099 664 1198 727 τάς
1227 666 1286 717 έν
1316 663 1504 734 ὑψηλῷ
1533 663 1712 732 λέγει’
1746 663 1940 734 διόπερ

2113 569 2272 626 Vens.
2302 572 2394 626 23.
2424 591 2445 625 ‹
2478 572 2544 626 Et
2580 573 2855 628 mandavit
2885 573 3126 627 nubibus
3156 574 3410 644 desuper.
3445 595 3464 627 ο

2109 659 2292 716 Nubes
2358 661 2594 731 desuper
2643 663 2895 732 intelligit
2947 677 3042 716 eas
3091 679 3212 732 que
3279 665 3332 716 in
3385 665 3610 721 excelso

365 753 535 816 αὐτὰς
583 753 679 806 καὶ
714 751 886 823 θύρας
934 751 1187 822 οὐρανοῦ,
1227 752 1304 815 ὡς
1360 751 1818 822 προϐεϐλημένος
1845 751 1940 806 τοῦ

2044 750 2313 804 exsistunt
2341 769 2355 806 :
2388 767 2556 820 quare
2583 753 2726 821 ipsas
2753 752 2913 806 etiam
2943 752 3062 806 coeli
3119 753 3314 820 januas
3359 755 3612 822 appellat,

364 841 594 914 οὐρανοῦ
623 843 1091 914 προσηγόρευσεν.
1121 842 1243 896 Elei.
1269 844 1379 914 γάρ
1404 859 1552 907 τινες
1571 843 1680 896 τῶν
1701 843 1942 912 νεφελῶν

366 933 660 1004 περίγειοι,
705 933 849 986 ὥστε
904 933 1002 986 καὶ
1058 933 1167 986 τῶν
1216 934 1362 1004 ὀρῶν
1410 935 1579 998 αὐτὰς
1624 935 1944 1006 κατωτέρας

367 1023 720 1094 εὑρίσκεσθαι
731 1065 742 1076 .

447 1132 466 1164 ι
495 1113 605 1165 Καὶ
635 1111 858 1182 ἔϐρεξεν
884 1113 970 1165 ἐπ’
1000 1112 1200 1176 αὐτοὺς
1221 1113 1357 1167 ὡσεὶ
1383 1113 1513 1184 χοῦν
1539 1113 1769 1184 σάρκας.
1815 1133 1833 1164 ι

438 1294 649 1359 Οὐκοῦν
679 1294 777 1348 καὶ
808 1294 966 1347 τοῦτο
1006 1295 1142 1348 πολὺ
1172 1295 1374 1365 πλῆθος
1408 1295 1602 1366 νόησον
1627 1293 1758 1347 λαοῦ
1781 1310 1796 1325 ο
1822 1309 1948 1346 τοσ-

369 1385 527 1439 οὐτου
589 1386 689 1457 μὲν
719 1387 811 1439 τὸν
839 1385 1096 1456 ἀριθμὸν,
1132 1385 1276 1439 οὕτω
1309 1385 1366 1438 δὲ
1411 1387 1830 1456 γαστριμάργου
1853 1402 1946 1439 κο-

373 1475 687 1547 ρεσθέντος·
737 1475 800 1528 οὐ
839 1476 977 1546 πρὸς
1011 1476 1226 1548 ήμέραν
1269 1477 1420 1547 μίαν,
1466 1474 1606 1528 ἀλλὰ
1630 1475 1768 1545 πρὸς
1796 1475 1948 1544 τριά-

367 1584 556 1632 κοντα,
606 1566 684 1631 ὡς
722 1567 930 1639 δυνήσῃ
965 1570 1160 1636 μαθεῖν
1198 1567 1295 1638 τὴν
1331 1566 1514 1636 βίϐλον
1544 1565 1655 1619 τῶν
1671 1565 1948 1636 ’Δριθμῶν

371 1657 794 1730 μετερχόμενος.

2042 850 2296 908 tanquam
2348 841 2488 897 cmlo
2543 852 2866 911 praetensas.
2923 842 3205 911 Siquidem
3267 851 3394 896 sunt
3452 844 3615 898 etiam

2041 930 2235 998 aliquae
2260 931 2435 985 nubes
2463 941 2620 986 terrae
2645 933 2858 998 vicinae,
2901 934 2975 986 ita
3007 942 3066 987 ut
3131 933 3290 986 etiam
3342 935 3618 989 montibus

2045 1019 2334 1074 inferiores
2356 1021 2730 1076 inveniantur.

2110 1108 2281 1164 Vens.
2323 1111 2415 1166 27.
2447 1129 2466 1162 ι
2511 1111 2577 1166 Et
2627 1113 2765 1182 pluit
2794 1128 2962 1183 super
3003 1129 3098 1169 eos
3151 1113 3292 1169 sicut
3338 1114 3615 1184 pulverem

2043 1215 2257 1255 carnes.
2295 1222 2314 1254 Ι

2113 1287 2283 1358 Igitur
2313 1291 2590 1359 copiosam
2622 1307 2840 1362 quoque
2871 1293 3010 1348 hanc
3053 1294 3454 1349 multitudinem
3487 1311 3620 1349 con-

2043 1380 2262 1446 sidera;
2295 1381 2440 1450 quod
2491 1398 2617 1436 cum
2654 1393 2805 1439 tanto
2853 1394 3000 1439 esset
3059 1399 3309 1448 numero,
3377 1385 3620 1454 adeoque

2043 1470 2223 1524 ventri
2251 1469 2456 1537 dedita,
2493 1472 2662 1526 fuerit
2688 1481 2867 1527 tamen
2902 1483 3177 1540 saturata;
3224 1476 3386 1544 idque
3415 1491 3523 1529 non
3549 1477 3616 1529 ad

2050 1575 2220 1614 unum
2245 1560 2392 1614 diem
2427 1561 2686 1630 aliquem,
2738 1564 2831 1618 sed
2862 1565 2929 1618 ad
2977 1565 3220 1636 triginta,
3279 1565 3359 1618 uti
3414 1567 3618 1633 poteris

2048 1666 2382 1721 cognoscere
2405 1652 2603 1706 librum
2635 1653 3001 1709 Numerorum
3039 1655 3428 1724 pervolvendo.

444 1769 468 1801 ‹
507 1750 630 1804 Ἔτι
678 1749 780 1819 τῆς
823 1747 1081 1820 βρώσεως
1131 1745 1300 1817 οὔσης
1344 1746 1404 1799 ὲν
1455 1744 1533 1816 τῷ
1579 1744 1808 1815 στόματι
1854 1744 1943 1797 αὐ·

2121 1739 2284 1796 Vens.
2313 1741 2404 1797 50.
2438 1761 2457 1794 ι
2501 1743 2696 1798 Adhuc
2725 1760 2850 1799 esca
2874 1761 3062 1799 eorum
3109 1754 3230 1800 erat
3261 1745 3316 1798 in
3347 1759 3440 1800 ore
3473 1745 3619 1814 ipso-

367 1858 496 1894 των.
537 1859 559 1892 ὓ

437 1930 547 1983 Καὶ
576 1929 915 2000 συμποδίσας
951 1929 1012 1982 οὐ
1033 1929 1162 1991 τοὺς
1199 1925 1493 1988 ἐκλεκτοὺς
1519 1926 1577 1980 έν
1608 1925 1832 1996 ἀρεταῖς
1856 1924 1944 1976 λο-

368 2021 560 2090 γάδας,
582 2021 717 2075 ἀλλὰ
743 2021 870 2084 τοὺς
909 2021 967 2073 ὲν
996 2021 1200 2091 κακία·
1238 2019 1346 2071 εἰσὶ
1381 2017 1493 2089 γάρ
1517 2032 1664 2080 τινες
1697 2017 1756 2072 έν
1779 2033 1945 2086 πονη-

367 2115 465 2184 ρίᾳ
485 2113 778 2184 ὶξαίρετοι.

447 2222 467 2256 ι
525 2205 636 2258 Καὶ
697 2204 995 2275 ήγάπησαν
1067 2201 1232 2257 αὐτὸν
1287 2204 1348 2256 ὲν
1401 2199 1480 2270 τῷ
1554 2200 1780 2271 στόματι
1843 2199 1945 2253 αὐ-

366 2311 502 2349 των.
546 2312 565 2346 ι

442 2383 665 2447 Τούτοις
698 2383 861 2454 ὃμοια
880 2381 973 2436 καὶ
1008 2382 1236 2445 Ἡσαΐας
1281 2380 1408 2444 τοὺς
1457 2378 1745 2443 Ἰουδαίους
1781 2377 1946 2448 ἐμέμ-

373 2475 512 2547 ψατο
534 2492 552 2508 θ
591 2477 656 2529 '0
675 2475 827 2540 λαός
854 2471 1045 2539 οὗτος
1092 2473 1217 2539 τοῖς
1247 2473 1483 2543 χείλεσι
1497 2489 1575 2542 με
1601 2470 1738 2541 τιμᾷ
1761 2509 1777 2535 ,
1805 2471 1845 2538 ἠ
1877 2470 1946 2523 δὲ

374 2567 584 2635 καρδία
626 2565 826 2620 αὐτῶν
868 2566 1067 2634 πόρρω
1108 2565 1320 2631 ἀπέχει
1370 2564 1472 2618 ἀπ’
1517 2563 1684 2632 ἐμοῦ.
1730 2561 1853 2626 Πῶς
1887 2561 1944 2614 δὲ

372 2656 531 2709 τοῦτο
584 2657 894 2725 ἐλέγχεταις
928 2653 1164 2718 Πολλοὺς
1220 2655 1330 2724 γάρ
1377 2656 1474 2708 καὶ
1529 2654 1624 2706 νῦν
1683 2655 1820 2724 μόνῃ
1873 2655 1941 2724 τῇ

373 2745 592 2816 γλώσσῃ
645 2743 918 2806 θεοσεϐεῖς
975 2744 1328 2814 εὑρίσκομεν,
1369 2743 1533 2807 ὃταν,
1594 2741 1670 2805 ὥς
1711 2758 1875 2812 φησιν
1918 2743 1946 2795 ὁ

370 2836 700 2907 προφήτης,
761 2835 820 2887 ὲν
871 2835 938 2904 τῇ
998 2833 1234 2904 διαθήκῃ
1289 2831 1458 2885 αὐτοῦ
1515 2829 1592 2902 μὴ
1656 2829 1943 2885 πιστωθῶ-

371 2943 477 2982 σιν.
863 2969 866 2971 λ

452 3039 471 3071 ι
504 3019 618 3072 Οὐκ
638 3016 990 3089 ἐμνήσθησαν
1009 3015 1111 3085 τῆς
1139 3014 1321 3087 χειρὸς
1346 3013 1536 3067 αὐτοῦ.
1580 3031 1600 3066 ι

2048 1847 2192 1886 rum.
2240 1851 2261 1884 ι

2115 1924 2184 1979 Et
2208 1925 2542 1995 compedivit
2582 1942 2691 1980 non
2721 1927 2777 1980 in
2819 1926 3116 1982 virtutibus
3154 1928 3384 1984 eximios
3412 1944 3478 1984 ac
3529 1944 3616 1984 se-

2047 2013 2241 2080 lectos,
2279 2015 2374 2070 sed
2415 2016 2468 2069 in
2488 2016 2731 2071 malitia:
2768 2016 3036 2086 siquidem
3061 2027 3191 2072 sunt
3227 2019 3394 2090 aliqui
3424 2021 3618 2091 nequi-

2050 2102 2124 2156 tia
2154 2103 2554 2170 praecellentes.

2123 2191 2279 2249 Vens.
2311 2193 2398 2248 36.
2437 2211 2455 2246 ο
2487 2192 2552 2248 Et
2581 2194 2893 2250 dilexerunt
2931 2210 3057 2250 eum
3091 2197 3145 2250 in
3180 2211 3276 2251 ore
3304 2212 3423 2252 suo.
3454 2216 3475 2248 ι

2119 2375 2282 2433 Hisce
2308 2378 2504 2433 similia
2535 2379 2699 2434 etiam
2723 2377 2892 2434 Isaias
2928 2377 3129 2435 Judmis
3173 2381 3619 2452 objecitaPopu-

2047 2469 2128 2523 lus
2161 2470 2258 2522 iste
2287 2469 2445 2523 labiis
2475 2485 2555 2524 me
2600 2471 2846 2537 honorat,
2878 2487 2968 2524 cor
3011 2481 3187 2526 autem
3241 2489 3418 2526 eorum
3471 2474 3620 2545 longe

2045 2560 2242 2613 abesta
2276 2560 2516 2614 meum.
2549 2559 2833 2626 Quomodo
2893 2571 3074 2616 autem
3144 2563 3249 2618 hoc
3299 2566 3620 2634 exprobrat?

2045 2649 2182 2715 Quia
2243 2649 2451 2704 scilicet
2491 2649 2790 2704 etiamnum
2842 2651 3108 2720 plurimos
3159 2652 3468 2720 reperimus
3527 2654 3620 2722 qui

2045 2741 2160 2795 sola
2194 2740 2374 2811 lingua
2398 2740 2474 2810 pii
2511 2743 2642 2808 sint,
2674 2758 2821 2807 cum,
2853 2753 2913 2797 ut
2945 2744 3020 2798 ait
3058 2745 3420 2814 propheta,in
3453 2754 3618 2801 testa—

2045 2839 2234 2887 mento
2267 2833 2390 2903 ejus
2411 2847 2522 2887 non
2548 2833 2658 2888 sint
2692 2835 2941 2890 stabiliti.

2115 3009 2278 3066 Vens.
2317 3011 2406 3068 42.
2447 3030 2466 3064 ι
2500 3011 2618 3067 Νοη
2679 3023 2808 3069 sunt
2846 3013 3114 3069 recordati
3174 3029 3369 3070 manus
3413 3015 3552 3085 ejus.
3591 3035 3611 3068 ι

441 3113 614 3182 Χεῖρα
641 3086 802 3166 πάλιν
833 3086 990 3176 Θεοῦ,
1038 3086 1236 3178 δηλαδὴ
1275 3105 1372 3160 τοῦ
1408 3106 1646 3174 Πατρὸς,
1681 3105 1774 3159 τὸν
1811 3107 1943 3178 Χρι-

2115 3101 2333 3156 Manum
2384 3103 2582 3158 iterum
2632 3104 2769 3170 Dei,
2825 3105 3032 3162 scilicet
3088 3103 3297 3170 Patris,
3340 3106 3614 3162 Christum

364 3202 752 3265 στὸνέίκότως
785 3201 939 3255 καλεῖ
961 3217 976 3233 ο
1016 3199 1205 3269 ἐπειδὴ
1230 3238 1246 3263 ,
1269 3196 1348 3250 Δι’
1377 3196 1564 3250 αὑτοῦ
1601 3196 1797 3250 πάντα
1815 3195 1944 3266 ἐτέ-

365 3311 530 3360 rato,
556 3293 657 3346 καὶ
686 3292 866 3361 χωρὶς
893 3289 1081 3345 αὐτοῦ
1107 3290 1346 3359 ἐγένετο
1374 3286 1518 3340 οὐδὲ
1543 3286 1614 3339 ἓν
1631 3301 1645 3314 °
1677 3285 1820 3340 ὥστε
1850 3288 1946 3342 καὶ

365 3387 562 3456 ἕτερον
619 3384 906 3454 προφήτην
962 3381 1179 3448 λέγειν·
1257 3379 1319 3433 Ἡ
1349 3376 1460 3446 γὰρ
1533 3376 1663 3445 χείρ
1723 3378 1944 3445 Κυρίου

374 3476 624 3542 ἐποίησε
682 3473 870 3527 ταῦτα
918 3471 1136 3524 πάντα.
1175 3468 1384 3521 Τούτου
1425 3467 1606 3520 τοίνυν
1642 3467 1742 3522 οὐκ
1780 3470 1946 3540 ἐμνή-

365 3567 581 3638 σθησαν
648 3565 798 3628 ὅστις
849 3563 1047 3624 αὐτοὺς
1095 3558 1439 3630 έλυτρώσατο
1487 3561 1552 3611 ἐκ
1595 3558 1778 3629 χειρὸς
1831 3557 1945 3612 θλι-

375 3659 580 3725 ϐοντος,
611 3657 758 3726 λέγει
793 3655 850 3709 δὲ
892 3653 985 3708 τοῦ
1034 3651 1256 3723 Φαραὼ,
1298 3650 1439 3704 κατά
1468 3649 1566 3720 τήν
1604 3649 1816 3721 ἡμέραν
1844 3649 1945 3720 τῆς

369 3748 576 3817 ἐξόδου.

456 3860 476 3893 ι
522 3837 849 3908 Ἀποστολὴν
876 3836 944 3890 δι’
974 3832 1221 3904 ἀγγέλων
1249 3831 1520 3903 πονηρῶν.
1565 3850 1584 3883 ι

441 3933 521 3988 οὐ
547 3931 644 4001 τὴν
676 3930 836 3998 φύσιν
879 3926 1152 3997 πονηρῶν,
1184 3924 1277 3978 τὸν
1307 3923 1366 3976 δὲ
1407 3923 1608 3977 σκοπόν
1637 3939 1652 3954 ο
1687 3922 1807 3976 οὐδὲ
1833 3922 1942 3994 γὰρ

369 4024 638 4085 τοιούτοις
681 4020 936 4090 ἀγγέλοις
975 4019 1004 4070 ὁ
1033 4017 1169 4081 Θεὸς
1205 4019 1291 4078 εἰς
1321 4015 1600 4069 διακονίαν
1635 4014 1940 4088 κέχρηται·

2045 3194 2242 3250 merito
2261 3203 2421 3250 vocat
2453 3213 2466 3250 :
2499 3196 2652 3266 quia,
2683 3196 2876 3250 Omnia
2912 3213 3004 3265 per
3032 3198 3203 3267 ipsum
3225 3199 3365 3267 facta
3395 3208 3533 3258 sunt.
3567 3207 3617 3253 et

2043 3287 2156 3340 sine
2186 3287 2298 3354 ipso
2327 3287 2526 3354 factum
2553 3297 2628 3342 est
2654 3288 2786 3340 nihil
2799 3289 2867 3354 '7;
2912 3289 2984 3341 ita
3008 3298 3068 3342 ut
3105 3288 3268 3342 etiam
3321 3289 3459 3342 alius
3491 3304 3614 3358 pro-

2045 3375 2208 3443 pheta
2235 3376 2412 3430 dicat:
2447 3374 2640 3431 Manus
2666 3378 2804 3430 enim
2851 3377 3066 3430 Domini
3098 3379 3217 3446 fecit
3257 3377 3366 3430 lucc
3413 3380 3611 3433 omnia.

2043 3463 2212 3531 Igitur
2235 3479 2346 3518 non
2374 3473 2502 3520 sunt
2532 3465 2799 3519 recordati
2823 3465 2943 3534 ejus
2973 3467 3065 3535 qui
3104 3468 3254 3536 ipsos
3283 3467 3612 3522 liberaverat

2044 3554 2114 3608 de
2143 3570 2308 3609 manu
2332 3555 2666 3622 tribulantis,
2709 3557 2840 3610 dicit
2898 3566 3080 3610 autem
3131 3557 3496 3622 Pharaonem,
3555 3558 3608 3612 iu

2044 3645 2132 3702 die
2157 3646 2507 3714 egressionis.

2119 3817 2276 3873 Vens.
2317 3817 2405 3872 49.
2438 3836 2457 3868 ι
2504 3818 2872 3874 lmmissiones
2894 3835 2990 3889 per
3011 3820 3230 3891 angelos
3253 3819 3442 3874 malos.
3481 3837 3501 3871 ι

2113 3911 2232 3967 Non
2261 3919 2458 3966 natura
2481 3911 2631 3976 mali,
2663 3911 3115 3966 sedintentione:
3147 3927 3273 3964 nam
3303 3910 3609 3966 istiusmodi

2045 4003 2254 4074 angelis
2278 4003 2423 4057 Deus
2464 4018 2803 4072 nequaquam
2844 4017 2979 4057 usus
3019 4002 3211 4057 fuisset
3267 4003 3332 4056 ad
3366 4002 3612 4056 ministe-

370 4116 509 4170 ἀλλὰ
538 4113 809 4184 πονηροὺς
867 4109 1341 4182 προσηγόρευσεν,
1382 4106 1570 4176 ἐπειδὴ
1613 4108 1812 4170 πόνους
1849 4107 1943 4161 καὶ

2044 4095 2185 4149 rium
2210 4093 2338 4149 :sed
2365 4109 2562 4162 pravos
2581 4093 2892 4162 appellavit,
2926 4093 3054 4163 quia
3085 4094 3300 4149 labores
3328 4104 3384 4149 et
3438 4095 3612 4149 mole-

373 4206 646 4269 κακώσεις
680 4202 1028 4264 κελευθέντες
1061 4200 1347 4269 ἐπέφερονο
1366 4197 1441 4260 ὡς
1468 4197 1562 4249 καὶ
1585 4195 1830 4266 πονηρὰν
1846 4197 1943 4267 τὴν

2048 4185 2185 4240 stias
2219 4184 2360 4256 jussi
2389 4185 2729 4252 inferebant;
2790 4185 2867 4238 uti
2920 4194 2974 4239 et
3000 4185 3201 4239 malum
3221 4185 3410 4255 judicii
3443 4185 3609 4250 diem,

371 4303 403 4369 ή
413 4303 478 4370 μέ
487 4317 584 4370 ραν
599 4297 700 4364 τῆς
715 4295 970 4366 κρίσεως,
985 4292 1060 4356 ὡς
1076 4291 1330 4359 ἀναγκῶν
1348 4289 1444 4342 καὶ
1456 4288 1632 4342 πόνων
1645 4290 1756 4352 τοῖς
1774 4289 1943 4359 ἀμαρ-

2044 4277 2249 4348 quippe
2308 4277 2687 4347 peccatoribus
2747 4275 3008 4330 refertum
3067 4277 3224 4330 malis
3253 4283 3308 4330 et
3355 4277 3606 4344 miseriis,

371 4367 560 4451 τωλοϊς
578 4388 873 4456 γέμουσαν,
907 4384 1066 4448 αὐτὸς
1081 4376 1234 4446 οὗτος
1265 4383 1294 4434 ό
1323 4378 1628 4450 Ψαλμῳδὸς
1653 4379 1941 4449 ὀνομάζει·

2045 4369 2189 4424 idem
2246 4367 2335 4421 hic
2364 4367 2646 4422 Psalmista
2694 4367 3168 4438 nuncupavitzait
3187 4369 3376 4423 enim:
3417 4369 3612 4425 Beatus

371 4480 500 4550 (pqu
519 4480 624 4550 γὰρ
640 4477 814 4540 οὕτως
836 4491 850 4504 ·
870 4475 1172 4544 Μακάριος
1189 4469 1458 4528 ὀσυνιῶν
1473 4471 1572 4524 ἐπὶ
1589 4471 1828 4540 πτωχὸν
1841 4469 1942 4523 καὶ

2045 4463 2136 4532 qui
2159 4459 2404 4530 intelligit
2427 4475 2827 4530 superuegenum
2864 4469 2911 4512 et
2943 4475 3245 4529 pauperem,
3283 4460 3338 4513 in
3361 4460 3445 4512 die
3467 4460 3608 4513 mala

371 4569 619 4636 πένητα,
637 4567 707 4620 ἐν
722 4565 913 4636 ἡμέρᾳ
925 4563 1158 4633 πονηρᾷ
1169 4565 1422 4632 ῥύσεται
1437 4560 1625 4615 αὐτὸν
1646 4563 1678 4614 ὀ
1701 4561 1935 4626 Κύριος.

372 4660 547 4731 nam,
569 4660 664 4713 καὶ
686 4659 816 4729 περὶ
833 4659 959 4721 τοὺς
980 4654 1408 4724 παιδευομένους
1431 4656 1458 4706 ό
1476 4653 1608 4715 Θεὸς
1629 4651 1939 4722 φιλανθρω-

370 4753 470 4823 πίᾳ
501 4754 805 4821 κέχρηται,
833 4749 941 4804 ἀπὸ
965 4749 1074 4802 τῶν
1109 4745 1406 4801 ἐλαττόνων
1436 4743 1757 4813 ἀρχόμενος,
1794 4740 1939 4794 ὥστε

2047 4553 2288 4607 liberabit
2323 4569 2440 4606 eum
2464 4550 2740 4604 Dominus.
2775 4548 2938 4605 Multa
2961 4551 3123 4606 etiam
3152 4552 3295 4605 circa
3325 4551 3611 4620 castigatos

2044 4645 2424 4700 benevolentia
2462 4659 2596 4698 usus
2629 4652 2713 4698 est
2743 4642 2904 4707 Deus,
2937 4659 2969 4698 a
2995 4643 3296 4698 minoribus
3324 4643 3608 4708 inchoans,

2046 4748 2106 4792 ut
2151 4737 2428 4793 emendati
2486 4738 2693 4806 majora
2743 4737 3059 4791 evaderent.
3126 4735 3332 4790 Idcirco
3375 4733 3610 4801 primum

370 4821 838 4911 σωῖφρονισθέντας
868 4837 1124 4909 κερδᾶναι
1156 4835 1225 4888 τὰ
1259 4833 1504 4903 μείζονα.
1535 4831 1635 4883 Διά
1663 4830 1821 4882 τοῦτο
1869 4829 1937 4883 τὰ

2044 4831 2289 4899 jumenta
2319 4829 2695 4899 IEgyptiorum
2723 4828 2777 4880 in
2813 4837 2990 4882 morte
3029 4826 3329 4888 conclusit;
3361 4821 3456 4875 sed
3486 4837 3610 4875 cum

367 4935 540 5002 κτήνη
579 4931 824 5002 πρότερα
858 4928 965 4982 τῶν
989 4927 1302 4995 Αἰγυπτίων
1331 4922 1676 4977 συνέκλεισεν
1711 4922 1791 4982 είς
1835 4919 1934 4973 θά-

2042 4919 2393 4973 insensibiles
2471 4918 2783 4987 reperiret,
2866 4917 3138 4986 percussit
3213 4913 3606 4983 primogenita,

369 5001 556 5080 νστονί·
610 5001 969 5091 ἀναισθήτους
1016 5019 1074 5071 δὲ
1111 5017 1307 5086 εὑρὼν,
1351 5013 1582 5078 ἐπέταξε
1621 5013 1690 5065 τὰ
1731 5009 1936 5080 πρωτό-

2044 5024 2385 5078 nequaquam
2429 5007 2917 5078 primogenitorum
2966 5005 3180 5074 plagam
3234 5002 3508 5065 illaturus,
3563 5001 3608 5054 si

367 5131 519 5176 τοκα,
569 5113 708 5171 ὥστε
755 5110 856 5164 οὒκ
892 5109 957 5163 ἂν
1001 5107 1231 5178 τὴντῶν
1279 5103 1640 5176 πρωτοτόκων
1685 5101 1934 5171 ἐπήγαγε

2044 5109 2216 5156 morte
2243 5115 2500 5170 pecorqu
2522 5101 2589 5155 ad
2621 5099 2835 5169 frugem
2861 5097 3075 5152 adducti
3103 5093 3479 5164 resipuissent.

368 5204 606 5274 πληγὴν,
641 5203 692 5255 εί
714 5201 793 5272 τῷ
840 5197 1054 5268 θανάτῳ
1083 5195 1192 5250 τῶν
1219 5193 1434 5264 κτηνῶν
1479 5189 1943 5262 σωφρονισθέντες

365 5295 662 5366 ἀνένηψαν.
1370 5357 1374 5360 ι

446 5407 464 5439 ι
503 5388 612 5440 Καὶ
642 5383 928 5452 ὡδήγησεν
959 5377 1160 5440 αὐτοὺς
1187 5377 1274 5430 ἐπ’
1305 5375 1503 5430 ἑλπίδι.
1539 5391 1558 5425 ι

436 5477 667 5543 Ἐλπίδι,
695 5475 859 5546 stola;
893 5472 1002 5544 Τῆς
1032 5469 1170 5542 πρὸς
1205 5468 1332 5532 τοὺς
1362 5467 1608 5538 πατέρας
1646 5464 1948 5536 γενομένης

2119 5372 2283 5428 Vsus.
2311 5371 2400 5425 55.
2431 5387 2450 5421 ι
2497 5367 2564 5421 Et
2588 5363 2812 5420 deduxit
2841 5379 2936 5419 eos
2962 5363 3018 5418 in
3048 5379 3164 5435 spe.
3201 5382 3218 5414 ι

2116 5464 2277 5532 Quali
2323 5460 2463 5534 spe?
2521 5457 2874 5518 Manifestum
2927 5457 3069 5528 quod
3122 5450 3500 5527 promissionis
3541 5451 3611 5506 ad

435 5677 556 5713 υισι
591 5677 692 5732 lsa.
724 5689 874 5742 xxix,
906 5672 992 5727 l3.
1069 5671 1114 5706 ⁸⁷
1137 5669 1291 5728 Joan.
1324 5685 1363 5734 ι,
1393 5669 1445 5722 3.
