4036 6200
487 296 627 362 1255

1666 290 2027 352 HESYCHII
2071 290 2550 352 'PRESBYTERI

3597 288 3747 356 1256

556 405 724 459 Vens.
766 400 850 454 l2.
901 416 920 449 ι
959 394 1148 450 Redde
1193 392 1388 447 vicinis
1426 391 1630 448 nostris
1671 394 2002 464 septuplum.
2037 412 2055 445 ι

2236 411 2258 447 ι
2304 393 2526 455 Ἀπόδος
2558 393 2669 454 τοῖς
2700 391 2938 460 γείτοσιν
2972 391 3130 463 ἡμῶν
3159 392 3592 450 ἑπταπλασίονα.
3639 417 3659 449 ι

553 494 675 548 Νοη
703 492 812 561 jam
843 487 1052 542 vicinos
1083 483 1329 538 homines
1353 483 1672 553 appellavit:
1706 498 1883 552 neque
1913 482 2059 537 enim

487 585 620 654 ipsis
669 579 978 650 septuplum
1031 574 1259 628 retribui
1319 573 1668 643 postulasset,
1725 589 1848 627 eum
1897 574 2062 627 sciret

489 672 872 742 haecjudicem
913 682 1022 721 non
1081 665 1470 720 admissurum.
1513 663 1609 719 Vel
1673 667 1946 734 quomodo
1993 663 2061 717 ad

489 764 665 832 ipsum
690 758 970 828 psallisset
990 759 1010 808 ι’
1036 754 1172 819 Quia
1204 765 1259 806 tu
1281 755 1464 807 reddes
1486 755 1762 824 unicuique
1779 755 2062 807 secundum

487 867 647 919 opera
669 847 824 901 sua"
849 846 872 898 ?
899 845 1102 912 Utique
1133 857 1262 912 ergo
1299 843 1366 894 de
1403 841 1742 897 daemonibus
1798 840 1958 894 dicit:
1997 838 2062 892 Hi

488 940 633 995 enim
657 935 969 1006 septuplum
1001 933 1196 986 merito
1232 931 1524 1000 recipiunt,
1549 939 1736 999 utpore
1757 944 1880 983 cum
1906 929 2064 984 nobis

489 1039 684 1084 natura
706 1025 1113 1098 praestantiores
1141 1024 1490 1085 exsistentes,
1534 1038 1565 1076 e
1597 1022 1736 1077 cmlo
1791 1019 2062 1075 deturbati

489 1120 622 1184 sint,
648 1129 702 1172 et
731 1133 800 1171 ne
828 1117 908 1171 sic
949 1116 1169 1185 quidem
1222 1115 1482 1168 meliores
1526 1111 1745 1166 allecti:
1796 1111 2065 1180 siquidem

493 1221 692 1264 terram
723 1205 1226 1262 machinationibus
1247 1204 1363 1258 suis
1389 1203 1736 1273 perturbant,
1777 1211 1832 1255 et
1859 1216 1931 1256 ne
1965 1202 2067 1255 soli

489 1309 742 1371 peccent,
765 1314 868 1351 nos
890 1313 1109 1366 quoque
1131 1297 1196 1350 ad
1217 1295 1554 1365 peccandum
1587 1294 1876 1358 inducunt,
1903 1302 2067 1363 atque

492 1390 722 1458 insuper
747 1386 942 1450 Deum,
976 1386 1106 1440 dum
1135 1386 1315 1455 imago
1359 1385 1480 1452 ejus
1515 1383 1743 1448 corruit,
1801 1383 2067 1451 quodam-

493 1479 657 1533 modo
688 1477 981 1531 lacessunt.
1012 1476 1332 1530 Universam
1355 1474 1489 1529 dicit
1518 1473 1935 1528 humanitatem.
1957 1472 2067 1527 Nos

493 1571 641 1624 enim
664 1582 901 1638 superne
932 1567 1159 1637 dejectis
1178 1566 1515 1621 daemonibus
1544 1581 1848 1636 opponens,
1894 1581 2068 1635 popu-

493 1661 608 1715 lum
641 1661 732 1714 Dei
760 1669 814 1714 et
847 1674 1006 1715 ovem
1052 1674 1267 1729 pascuae
1306 1659 1426 1726 ejus
1475 1659 1754 1712 hominem
1809 1657 2062 1727 appellat.

2229 484 2365 537 Οὑδέ
2394 483 2490 537 νῦν
2521 484 2771 552 γείτονας
2803 484 3127 556 ἀνθρώπους
3157 487 3607 558 προσηγόρευσεν
3626 506 3641 520 ·
3672 493 3744 545 οὐ

2160 577 2270 647 γὰρ
2301 576 2368 630 ἂν
2392 577 2578 639 αὐτοῖς
2624 577 3032 631 ἑπταπλασίονα
3069 577 3402 648 γεγενῆσθαι
3433 581 3740 651 ἐπηύξατο,

2160 667 2316 732 εἰδὼς
2355 668 2563 722 τούτων
2601 669 2692 722 τὸν
2735 671 2930 740 κριτὴν
2969 671 3070 723 οὐκ
3114 672 3464 741 ἀνεχόμενον.
3511 675 3583 727 Ἦ
3617 674 3743 738 πῶς

2161 756 2295 827 πρὸς
2324 757 2486 811 αὑτὸν
2519 757 2778 826 ἔψαλλενο
2828 759 2957 812 ὐτι
2995 760 3078 812 σὺ
3123 760 3459 828 ἀποδώσεις
3496 764 3743 832 ἑκάστῳ

2160 847 2313 900 κατὰ
2345 849 2416 902 τὰ
2453 847 2599 917 ἔργα
2635 848 2866 913 αὐτοῦ;
2895 851 3041 920 Ἀρα
3067 851 3246 905 τοίνυν
3288 853 3419 923 περὶ
3460 854 3742 926 δαιμόνων

2161 938 2308 1006 λέγει
2327 955 2341 970 ·
2371 931 2517 992 οὗτοι
2550 939 2658 1010 γὰρ
2685 941 3092 995 ἑπταπλασίονα
3145 941 3374 1006 δικαίως
3405 945 3742 1016 ἀπολαμϐά-

2161 1045 2364 1094 νουσιν,
2402 1027 2480 1092 ὡς
2499 1029 2808 1100 κρείττονος
2842 1032 2939 1101 μέν
2975 1032 3010 1102 ἢ
3062 1034 3183 1086 καθ’
3211 1036 3358 1104 ἡμᾶς
3386 1036 3742 1107 ὑπάρχοντας

2164 1118 2396 1186 φύσεως,
2445 1113 2690 1190 ῥιφέντες
2731 1121 2788 1173 δέ
2826 1121 2886 1186 ἐξ
2933 1123 3186 1193 ούρανοῦ,
3236 1126 3333 1179 καὶ
3385 1127 3521 1196 μηδέ
3562 1127 3744 1191 οὕτως

2163 1209 2450 1277 γεγονότες
2485 1213 2942 1283 σωφρονέστεροι*
2990 1213 3128 1270 ἀλλὰ
3170 1215 3270 1288 τὴν
3321 1218 3425 1287 γῆν
3467 1220 3570 1288 μὲν
3614 1223 3748 1284 ταῖς

2163 1303 2430 1365 ἐπινοίαις
2456 1304 2851 1374 ταράσσοντες,
2894 1305 2968 1376 μὴ
3015 1307 3166 1377 μόνοι
3209 1308 3267 1362 δὲ
3303 1310 3742 1380 ἁμαρτάνοντες,

2165 1392 2302 1445 ἀλλὰ
2347 1393 2441 1446 καὶ
2487 1395 2634 1464 ἡμᾶς
2692 1396 3026 1467 ἁμαρτάνειν
3089 1399 3397 1468 ἐνάγοντες,
3451 1403 3548 1455 καὶ
3601 1404 3747 1473 πρὸς

2164 1482 2376 1546 τούτοις
2407 1482 2498 1536 τὸν
2531 1484 2696 1550 Θεὸν,
2731 1486 2807 1548 ὡς
2847 1486 2948 1558 τῆς
2983 1488 3150 1542 αὐτοῦ
3199 1493 3630 1563 παραπεσούσης
3656 1495 3745 1547 εί-

2164 1573 2341 1637 κόνος,
2362 1573 2731 1638 ὀνειδίζοντες.
2760 1578 2944 1631 Πᾶσαν
2982 1578 3132 1647 λέγει
3171 1582 3271 1650 τὴν
3315 1581 3742 1652 ἁνθρωπότητα.

2179 1663 2537 1718 Ἀντιτάττων
2574 1664 2684 1736 γὰρ
2718 1667 2866 1737 ἡμᾶς
2908 1667 3047 1737 πρὸς
3079 1669 3204 1730 τοὺς
3245 1670 3454 1724 ἄνωθεν
3495 1690 3747 1742 καταρα-

495 1750 564 1803 Ει
591 1765 688 1802 cur
722 1762 936 1817 pascua:
958 1748 1078 1817 ejus
1108 1746 1277 1801 oves?
1303 1745 1438 1810 Quia
1473 1745 1731 1798 nimirum
1754 1759 1856 1800 nos
1879 1745 2067 1799 ﬁdeles

2175 1754 2396 1824 χθέντας
2437 1755 2720 1825 δαίμονας,
2764 1758 2892 1812 λαὸν
2934 1757 3069 1812 Θεοῦ
3112 1759 3205 1813 καὶ
3241 1762 3512 1831 πρόϐατον
3565 1764 3748 1835 νομῆς

494 1840 616 1910 ipso
643 1840 941 1910 pascimur,
972 1839 1104 1894 dum
1127 1845 1467 1893 sacramenta
1491 1836 1780 1890 sumimus.

982 2145 1201 2202 PSALM
1213 2145 1297 2202 US
1336 2144 1572 2201 LXXIX.

569 2239 729 2296 Vens.
759 2237 814 2294 2.
859 2255 876 2290 ι
916 2237 1017 2304 Qui
1053 2236 1197 2308 regis
1221 2236 1400 2300 Israel,
1433 2236 1704 2290 intende.»

569 2332 760 2386 Pastor
821 2331 910 2386 hic
964 2329 1178 2384 lsraclis
1223 2343 1333 2382 non
1369 2329 1507 2383 alius
1530 2337 1614 2382 est
1671 2340 1830 2395 quam
1880 2325 1926 2378 is
1974 2323 2064 2393 qui

497 2425 664 2479 dicit:
714 2423 827 2494 Ego
878 2439 996 2476 sum
1049 2431 1230 2490 pastor
1273 2421 1519 2487 bonus",
1562 2433 1789 2490 pascens
1840 2430 1934 2472 eos
1973 2415 2066 2484 qui

498 2525 741 2569 mentem
783 2513 984 2568 habent
1017 2513 1187 2567 Deum
1231 2513 1529 2568 videntem.

570 2604 732 2659 Vens.
773 2605 827 2657 5.
865 2621 886 2653 ι
923 2602 1107 2656 Excita
1134 2603 1432 2671 potentiam
1464 2611 1631 2666 tuam,
1655 2609 1710 2655 et
1734 2599 1880 2654 veni.
1922 2617 1940 2650 ι

574 2693 842 2761 Propheta
872 2692 1021 2745 hunc
1050 2705 1360 2745 sermonem
1395 2692 1448 2744 in
1502 2705 1792 2762 progressu
1835 2689 2068 2745 reddidit

500 2782 968 2845 manifestiorem,
1022 2779 1308 2835 declarans
1353 2780 1628 2848 quomodo
1672 2787 1728 2835 et
1777 2795 1939 2850 quam
1994 2780 2067 2835 ob

502 2889 721 2930 causam
758 2880 1022 2927 venturus
1044 2879 1188 2926 esset
1215 2869 1494 2925 Christus:
1541 2885 1639 2926 nos
1693 2871 1840 2926 enim
1877 2887 2067 2926 sumus

501 2981 667 3020 causa
724 2963 994 3018 adventus
1037 2962 1190 3032 ejus,
1245 2971 1303 3017 ut
1353 2977 1453 3016 nos
1506 2971 1852 3017 converteret
1901 2972 2066 3032 atque

2172 1845 2335 1900 αὐτοῦ
2361 1849 2763 1918 προσαγορεύει
2798 1849 2890 1902 τὸν
2937 1849 3242 1922 ἄνθρωπον.
3277 1853 3387 1904 Kal
3408 1853 3555 1916 τίνος
3578 1856 3749 1924 χάριν

2173 1938 2342 2008 νομῆς
2378 1937 2543 1991 αὑτοῦ
2578 1939 2863 2010 πρόϐατα;
2897 1941 3117 2013 Ἐπειδὴ
3161 1943 3322 1997 αὐτὸν
3353 1946 3404 1997 oi
3449 1946 3632 1998 πιστοὶ
3675 1949 3746 2018 τῇ

2174 2028 2472 2100 μεταλήψει
2503 2029 2611 2083 τῶν
2644 2032 2957 2102 μυστηρίων
2983 2033 3279 2105 νεμόμεθα.

2725 2147 3014 2202 ΨΑΛΜΟΣ
3060 2150 3184 2207 ΟΘ’.

2247 2253 2264 2286 ι
2322 2236 2379 2290 Ὁ
2406 2236 2707 2306 ποιμαίνων
2726 2238 2817 2290 τὸν
2853 2240 3088 2312 Ἰσραὴλ,
3126 2244 3387 2314 πρόσχες.
3431 2263 3450 2296 ι

2254 2328 2314 2380 Ὃ
2339 2327 2545 2400 ποιμὴν
2569 2323 2726 2392 οὗτος
2745 2330 2839 2383 τοῦ
2891 2331 3108 2402 Ἰσραὴλ
3145 2333 3248 2386 οὐκ
3277 2333 3436 2399 ἄλλος
3468 2335 3621 2389 ἐστὶν
3645 2335 3749 2388 τοῦ

2172 2419 2414 2482 εἰπόντος
2433 2434 2449 2450 ⁶
2489 2419 2628 2488 Ἐγώ
2674 2423 2788 2490 εἰμι
2817 2423 2850 2475 ὀ
2885 2422 3114 2491 ποιμὴν
3140 2427 3175 2478 ό
3201 2426 3411 2494 καλὸς,
3462 2429 3491 2481 6
3511 2429 3750 2500 ποιμαί-

2173 2524 2278 2561 νων
2301 2509 2426 2571 τοὺς
2455 2508 2678 2578 ἔχοντας
2700 2509 2824 2563 νοῦν
2853 2509 3123 2580 βλέποντα
3149 2513 3240 2566 τὸν
3266 2513 3416 2568 Θεόν.

2248 2615 2268 2650 ι
2316 2598 2616 2670 Ἐξέγειρον
2639 2600 2738 2670 τὴν
2776 2601 3095 2656 δυναστείαν
3136 2620 3250 2671 σου,
3284 2606 3380 2659 καὶ
3409 2604 3555 2660 ἐλθέ.
3591 2627 3610 2660 ι

2243 2690 2444 2744 Τοῦτον
2477 2691 2569 2744 τὸν
2607 2691 2763 2760 λόγον
2803 2692 3010 2764 προῖὼν
3048 2697 3077 2748 6
3119 2698 3402 2768 προφήτης
3439 2699 3751 2770 διεσάφησε

2174 2780 2378 2847 πλεῖον,
2409 2782 2583 2854 δηλῶν
2605 2783 2720 2850 πῶς
2745 2785 2841 2840 καὶ
2877 2786 2963 2840 διὰ
2994 2787 3046 2840 τί
3076 2788 3257 2859 μέλλει
3282 2792 3692 2862 παραγίνεσθαι
3721 2795 3754 2846 6

2171 2873 2426 2942 Χριστός.
2487 2874 2678 2944 Ἡμεῖς
2716 2877 2826 2949 γὰρ
2875 2879 3027 2932 αίτία
3077 2881 3246 2950 ἐσμὲν
3286 2882 3381 2952 τῆς
3435 2885 3757 2955 παρουσίας

2171 2963 2360 3028 αὑτοῦ,
2396 2965 2482 3018 ἵνα
2502 2966 2802 3038 ἐπιστρέψῃ
2825 2969 2920 3021 καὶ
2948 2969 3219 3045 διορθώσῃ
3253 2973 3420 3042 ἡμᾶς.
3458 2973 3516 3027 '0
3539 2975 3597 3028 δέ
3620 2979 3760 3047 τρὸ-

503 3055 843 3109 emendaret.
891 3051 1082 3105 Modus
1122 3060 1304 3105 autem
1353 3051 1708 3120 apparitionis
1745 3049 2066 3104 manifestus

2175 3074 2276 3121 πος
2302 3057 2402 3129 τῆς
2421 3060 2728 3130 παρουσίας
2751 3061 2910 3132 δῆλός
2942 3064 3112 3128 ἐστιν,
3156 3066 3240 3118 ἵνα
3268 3066 3556 3136 βλέπωμεν
3579 3069 3760 3124 αὑτὸν

502 3153 610 3208 est,
649 3152 710 3198 ut
734 3142 872 3198 facie
901 3142 970 3196 ad
999 3141 1191 3195 faciem
1211 3140 1390 3210 ipsum
1423 3141 1722 3206 videamus,
1751 3157 1860 3197 non
1917 3141 2067 3196 aliter

2175 3101 2464 3219 np'éawlr‘rov
2504 3101 2643 3223 Ι’πρὸς
2677 3101 2995 3222 ⁸ιέρόςίωτῖεον,
3038 3104 3139 3210 οὐκ
3180 3101 3354 3223 axi»;
3391 3101 3604 3231 δηλαδὴ
3638 3101 3763 3215 cm:

504 3234 694 3302 utique
726 3231 992 3297 salvandi,
1027 3230 1135 3285 nisi
1163 3231 1303 3284 hanc
1323 3231 1521 3287 faciem
1561 3231 1721 3286 nobis
1751 3231 2070 3286 manifesta-

505 3325 664 3379 verit.

576 3436 742 3492 Vens.
777 3438 827 3491 7.
854 3456 874 3489 ι
913 3437 1147 3492 Posuisti
1187 3452 1288 3493 nos
1313 3438 1366 3492 in
1395 3437 1882 3493 contradictionem
1934 3436 2069 3492 vici-

575 3619 765 3674 Eidem
826 3618 1032 3674 insistit
1073 3623 1396 3691 precationi,
1442 3629 1502 3675 ut
1559 3621 1813 3676 ostendat
1868 3629 2070 3690 quanta

503 3712 625 3782 ejus
657 3712 728 3765 sit
751 3712 1086 3778 necessitas;
1115 3713 1387 3783 simulque
1418 3727 1518 3768 nos
1549 3714 1780 3779 erudiat,
1830 3728 1902 3767 ne
1950 3713 2071 3767 ani-

509 3821 658 3860 mum
691 3805 1151 3875 despondeamus,
1195 3808 1413 3876 quando
1455 3822 1563 3861 non
1596 3805 1982 3875 consequimur
2020 3804 2072 3859 id

503 3895 650 3964 quod
680 3897 947 3964 petimus;
995 3895 1092 3950 sed
1149 3911 1592 3966 perseveremus;
1657 3895 1880 3951 omnino
1927 3895 2072 3950 enim

505 3988 897 4043 obﬁnebhnus.

575 4101 738 4156 Vens.
775 4102 860 4156 l5.
900 4119 918 4152 ι
950 4101 1094 4157 Deus
1115 4102 1398 4169 virtutum,
1433 4114 1778 4161 convertere.
1826 4123 1845 4156 ι

576 4190 1029 4262 Quandoquidem
1055 4194 1201 4248 enim
1232 4210 1408 4264 neque
1441 4196 1525 4250 lex
1576 4212 1754 4266 neque
1797 4198 2076 4270 prophetae

503 4281 761 4336 Israelem
789 4285 1177 4353 converterint,
1219 4287 1527 4342 necessario
1569 4289 1866 4359 ipsummet
1916 4292 2072 4348 Chri-

504 4384 649 4430 stum
683 4385 838 4446 rogat
870 4384 928 4430 III
953 4386 1322 4432 convertatur.

580 4507 599 4538 ι
634 4487 803 4542 Visita
835 4490 1049 4543 vineam
1075 4491 1254 4545 istam.
1295 4511 1313 4543 ι

573 4577 1022 4647 Quandoquidem
1088 4579 1398 4637 Judaaorum
1477 4584 1814 4658 Synagogam
1894 4589 2068 4647 vineae

503 4681 940 4738 comparaverat,
974 4673 1284 4728 necessario
1299 4674 1462 4730 etiam
1485 4678 1718 4748 partitur
1742 4679 2068 4750 orationem,

502 4759 829 4831 quandoque
859 4761 1078 4831 quidem
1113 4763 1181 4817 ad
1203 4763 1488 4834 imaginem
1528 4763 1794 4832 r‘eferens,
1825 4771 2070 4839 quando-

501 4866 609 4921 que
637 4866 768 4906 vero
814 4851 878 4905 ad
912 4851 1030 4906 illos
1057 4863 1282 4924 propter
1338 4870 1473 4924 quos
1535 4856 1824 4929 imaginem
1857 4876 2068 4918 assum-

503 4941 634 5011 psit.
659 4940 970 4996 Judaeorum
1001 4942 1164 5014 igitur
1191 4945 1372 5010 vinea,
1419 4947 1472 5002 id
1499 4957 1581 5003 est
1612 4948 1910 5023 Synagoga,
1958 4953 2071 5024 igni

503 5047 766 5087 succensa
806 5033 931 5100 fuit,
981 5034 1071 5090 illo
1114 5051 1312 5107 nempe
1345 5037 1412 5093 de
1460 5057 1568 5110 quo
1606 5041 1857 5100 Christus
1905 5046 2066 5102 dixit:

511 5123 694 5194 Ignem
712 5129 825 5181 veni
855 5130 1060 5184 mittere
1096 5131 1152 5184 in
1181 5140 1379 5187 terram
1398 5150 1417 5186 :
1460 5145 1507 5188 et
1539 5138 1665 5207 quid
1693 5139 1827 5205 volo,
1888 5141 1989 5194 nisi
2014 5151 2071 5196 ut

503 5221 820 5274 accendatur
836 5223 909 5274 ’9?
926 5221 1134 5279 Idcirco
1156 5225 1294 5295 ignis
1317 5226 1572 5296 injectus,
1611 5240 1665 5285 et
1691 5231 1918 5288 sull‘ossa
1943 5242 2028 5289 est
2053 5249 2068 5299 ;

502 5317 562 5362 ut
586 5325 684 5378 per
713 5311 1098 5368 sull'ossionem
1128 5315 1474 5388 detegeretur
1502 5319 1556 5373 in
1599 5319 1687 5375 illa
1719 5321 1894 5377 latens
1945 5324 2073 5378 fun-

505 5399 845 5466 damentum,
876 5405 944 5458 de
973 5421 1083 5474 quo
1131 5406 1297 5462 Isaias
1337 5409 1441 5463 ait:
1481 5410 1614 5465 Ecce
1644 5429 1736 5480 ego
1781 5415 2069 5469 immittam

505 5484 560 5536 in
615 5485 959 5562 fundamenta
1016 5492 1145 5546 Sion
1191 5495 1421 5564 lapidem
1471 5501 1777 5567 pretiosum,
1824 5502 2066 5572 electum,

579 5674 624 5707 υτ
647 5674 787 5730 Psal.
819 5693 926 5743 LVI,
967 5685 1048 5737 l5.
1124 5688 1170 5719 ⁸⁸
1199 5688 1356 5744 Joan.
1395 5709 1446 5758 x,
1473 5691 1556 5751 Η.
1631 5697 1678 5728 ⁹⁹
1711 5694 1839 5752 Luc.
1869 5715 1964 5762 xu,
1994 5700 2080 5756 49.

2174 3237 2377 3305 θέντες,
2413 3240 2462 3292 εί
2507 3241 2582 3313 μή
2614 3258 2719 3314 περ
2739 3242 2896 3297 τοῦτο
2917 3246 3052 3316 ἡμῖν
3089 3245 3151 3299 τδ
3209 3248 3503 3320 πρόσωπον
3545 3251 3764 3322 ἐνεφα-

2172 3329 2366 3393 νίζετο.

2250 3460 2268 3493 ι
2308 3444 2469 3498 Ἔϐου
2493 3447 2640 3517 ἡμᾶς
2663 3449 2742 3510 είς
2768 3448 3076 3518 ἀντιλογίαν
3097 3453 3208 3515 τοῖς
3229 3452 3488 3522 γείτοσιν.
3521 3473 3544 3505 ι

2250 3633 2361 3703 Τῆς
2392 3637 2560 3707 αὐτῆς
2601 3637 2785 3709 ἔχεται
2819 3641 3135 3712 πρεσϐείας,
3168 3645 3254 3700 ἴνα
3281 3647 3446 3702 πόσον
3486 3649 3673 3721 αὐτῆς
3704 3653 3766 3707 τὺ

2172 3724 2466 3792 ἀναγκαῖον
2504 3727 2804 3800 ἐνδείξηται
2826 3747 2841 3764 ο
2873 3733 3008 3803 ὁμοῦ
3044 3734 3101 3787 δέ
3145 3738 3238 3790 καὶ
3260 3739 3410 3810 ἡμᾶς
3447 3742 3761 3810 παιδεύων,

2176 3816 2250 3887 μὴ
2293 3816 2574 3888 ὀλιγωρεῖν
2612 3821 2986 3893 άποτυχόντας
3018 3828 3182 3899 εὐχῆς
3209 3846 3222 3858 ·
3263 3830 3377 3883 ἀλλ’
3417 3831 3723 3902 ἐπιμένειν
3745 3851 3762 3866 ο

2173 3909 2390 3974 πάντως
2416 3910 2524 3984 γὰρ
2557 3913 2639 3966 ὅτι
2662 3915 2986 3986 τευξόμεθα.

2249 4129 2268 4164 ι
2309 4111 2366 4164 '0
2390 4111 2522 4176 Θεὸς
2550 4115 2660 4168 τῶν
2681 4114 2979 4187 δυνάμεων,
3009 4121 3355 4194 ἐπίστρεψον.
3382 4146 3402 4180 ι

2257 4201 2477 4297 ἐπειδὴ
2499 4204 2607 4275 γὰρ
2629 4205 2754 4260 οὕτε
2782 4209 2811 4260 6
2832 4209 2997 4278 νόμος
3019 4214 3114 4267 τὸν
3147 4213 3360 4289 Ἰσραὴλ
3380 4218 3509 4272 οὔτε
3539 4227 3765 4297 προφῆ-

2171 4309 2264 4389 ται
2291 4294 2662 4389 ἐπέστρεψαν,
2685 4301 3002 4370 ἀναγκαίως
3022 4305 3186 4361 αὑτὸν
3204 4311 3542 4382 ἐπιστρέψαι
3573 4294 3764 4389 παρα-

2176 4382 2333 4438 καλεί
2361 4381 2453 4438 τὸν
2479 4388 2735 4457 Χριστόν.

2253 4519 2272 4552 ι
2302 4502 2411 4555 Καὶ
2437 4503 2734 4575 ἐπίσκεψαι
2759 4508 2861 4579 τὴν
2889 4509 3137 4580 ἄμπελον
3165 4514 3391 4586 ταύτην.
3442 4537 3460 4570 ι

2257 4590 2476 4686 Ἐπειδὴ
2523 4597 2754 4668 ἀμπέλῳ
2794 4600 2893 4670 τὴν
2939 4603 3048 4657 τῶν
3094 4605 3364 4662 Ἰουδαίων
3417 4610 3765 4686 Συναγωγὴν

2177 4684 2512 4757 συνέκρινεν,
2546 4688 2864 4758 ἀναγκαίως
2894 4697 2990 4749 καὶ
3032 4700 3249 4770 μερίζει
3273 4703 3364 4757 τὸν
3404 4703 3590 4773 λόγον,

2179 4774 2282 4846 μὲν
2311 4777 2448 4847 πρὸς
2472 4779 2574 4849 τὴν
2605 4782 2809 4848 είκόνα,
2845 4786 2975 4839 ποτέ
3010 4788 3068 4841 δὲ
3107 4791 3246 4862 πρὸς
3271 4792 3499 4858 τούτους
3560 4800 3655 4868 ἐφ’
3682 4796 3762 4864 οἷς

2177 4869 2274 4967 τὴν
2298 4869 2506 4967 ξίκύνα
2535 4961 2552 4967 μ
2580 4874 2912 4967 παρέλαϐεν.
2981 4879 3340 4957 Ἐνεπυρίσθη
3393 4890 3579 4944 τοίνυν
3626 4898 3764 4967 πυρὶ

2179 4959 2214 5028 ἠ
2257 4958 2366 5013 τῶν
2421 4961 2696 5017 Ἰουδαίων
2735 4965 3012 5037 ἄμπελος,
3067 4976 3348 5029 τουτέστιν
3389 4980 3422 5048 ἡ
3474 4981 3589 5033 τῶν
3627 4958 3762 5039 Ἰου-

2178 5049 2343 5146 δαίων
2395 5053 2718 5146 Συνῗαγωγὴ,
2767 5060 2962 5127 ἐκείνῳ
3004 5065 3063 5117 δέ
3119 5069 3248 5138 περὶ
3300 5062 3362 5122 οὗ
3431 5073 3460 5124 6
3517 5076 3764 5146 Χριστὸς

2179 5141 2331 5211 ἔλεγε
2356 5158 2372 5176 ο
2432 5145 2558 5214 Πῦρ
2617 5144 2809 5218 ἦλθον
2842 5152 3063 5215 ,βαλεῖν
3102 5160 3191 5225 είς
3217 5159 3333 5228 τὴν
3374 5162 3530 5232 τήν·
3565 5141 3676 5222 καὶ
3710 5141 3764 5224 τί

2177 5232 2348 5332 θέλω,
2385 5238 2439 5332 εί
2469 5236 2589 5332 ἤδη
2631 5239 2910 5310 άνήφθη;
2950 5245 3153 5302 Τούτου
3181 5235 3418 5323 δὲ’χάριν
3455 5257 3672 5332 ἐϐλήθη
3707 5263 3765 5314 τὸ

2176 5323 2453 5421 πῦρ,καὶ
2489 5329 2772 5404 άνεσκάφη
2799 5373 2814 5397 ,
2864 5335 2950 5388 ἵνα
2991 5337 3406 5414 ἀνασκαφείσης
3445 5323 3626 5420 αὐτῆς

2180 5417 2365 5512 μνωθῇ
2411 5421 2439 5472 6
2471 5421 2532 5512 ἐν
2573 5421 2710 5494 αὐτῇ
2744 5429 3130 5498 κεκρυμμένος
3177 5433 3462 5505 Θεμέλιος,
3512 5417 3648 5512 περὶ
3675 5417 3766 5498 ὀὗ

2194 5509 2424 5576 Ἡσαΐας
2455 5511 2660 5582 ἐλεγενο
2694 5516 2840 5572 Ἰδοὺ
2865 5519 2980 5588 ἐγὼ
2997 5523 3272 5593 ἐμϐἀλλω
3299 5531 3388 5596 είς
3415 5531 3486 5586 τά
3515 5509 3767 5604 θεμέλιά
