4036 6200
395 286 531 351 M5

466 417 487 452 ε
516 398 709 468 Ὃπλῳ
748 395 1019 451 κυκλώσει
1052 412 1110 449 σε
1135 395 1171 466 ιι
1190 393 1416 464 ἀλήθεια
1446 393 1635 447 αὐτοῦς
1662 411 1691 444 ιι

471 491 531 544 '0
566 490 742 544 πάντα
770 487 1033 557 γενναίως
1064 486 1249 557 φέρων
1275 485 1437 548 αὐτὰ,
1470 484 1538 538 τὰ
1568 485 1712 540 αὐτὰ
1741 485 1819 555 τῷ
1846 484 1966 539 Ἰὼϐ

389 581 555 651 λέγει’
588 579 658 635 ιιι
688 580 763 636 τὰ
794 579 987 650 ἀγαθὰ
1018 576 1347 647 ἐδεξάμεθα
1386 577 1456 630 ἐκ
1495 577 1691 647 χειρὸς
1722 576 1965 646 Κυρίου,

323 701 330 708 -
386 674 459 728 τὰ
488 674 646 727 κακὰ
699 670 816 739 οὐχ
852 670 1223 738 ὑποίσομενς
1273 666 1372 732 Ὠς
1416 668 1499 732 τῷ
1536 667 1731 736 Κυρίῳ
1755 666 1969 731 ἔδοξεν

387 767 578 833 οὕτως
608 764 710 819 καί
748 763 1013 834 ἐγένετο.
1058 761 1118 815 '0
1144 758 1241 816 οὖν
1285 763 1345 814 ἓν
1374 760 1652 823 τοσούτοις
1683 756 1967 830 κατορθώ-

393 874 558 930 μασιν
608 856 872 929 εύρεθεὶς,
920 855 1043 909 οὐδὲ
1091 855 1182 907 τὸν
1219 849 1833 923 μετασχηματιζόμενοι)
1886 850 1969 912 είς

389 948 624 1019 ἄγγελον
675 947 854 1018 φωτὸς
899 945 1145 1000 διάϐολον
1189 943 1463 1012 φοϐεῖται,
1511 940 1642 995 ὂντα
1688 938 1968 1009 δαιμόνιον

393 1036 791 1110 μεσημϐρινὸν,
840 1037 937 1091 καὶ
985 1035 1223 1103 ἀκμαῖον
1268 1031 1386 1103 φῶς
1423 1028 1833 1099 ἐπαγγέλλεται
1878 1029 1969 1083 διὰ

389 1128 710 1197 φιλοσοφίας
735 1126 832 1181 καὶ
884 1124 1056 1196 κενῆς
1082 1123 1319 1191 ἀπάτης.
1353 1121 1495 1176 Αὐτὸ
1516 1121 1675 1174 τοῦτο
1702 1120 1823 1175 ὅλον
1853 1121 1970 1174 ἐστὶ

389 1219 665 1290 δαιμόνιον
715 1216 1115 1289 μεσημϐρινὸν.
1169 1214 1283 1268 Οὐκ
1312 1213 1475 1276 αὐτὸς
1514 1213 1575 1266 δὲ
1619 1213 1804 1282 μόνος,
1833 1211 1968 1265 ἀλλά

390 1312 486 1365 καὶ
523 1312 573 1363 οἱ
601 1296 841 1365 διάκὸνοι
882 1305 1070 1372 αὐτοῦ,
1105 1301 1712 1376 μετασχηματιζόμενοι
1740 1303 1823 1366 είς
1851 1301 1970 1354 δια-

393 1402 580 1465 κόνους
625 1398 997 1470 δικαιοσύνης,
1058 1397 1315 1467 δαιμόνια
1384 1392 1737 1466 μεσημϐρινά
1806 1392 1965 1445 είσιν.

402 1491 544 1545 Ἀλλ’
582 1494 632 1546 εί
675 1492 772 1546 καὶ
817 1491 1196 1560 προσποιεῖται
1234 1486 1442 1541 τούτων
1473 1486 1704 1548 ἕκαστος
1750 1500 1968 1555 μεσημ-

390 1583 574 1654 ϐρινὸς
607 1580 767 1650 εἶναι,
793 1583 855 1636 οὐ
881 1582 1199 1652 διαμένουσι
1227 1578 1463 1634 τοιοῦτοι
1488 1573 1594 1633 οίοι
1630 1574 1772 1632 εἶναι
1804 1594 1970 1649 προσ-

391 1677 694 1740 ποιοῦνται,
743 1673 1184 1744 σϐεσθησομένου
1232 1669 1328 1725 τοῦ
1367 1671 1547 1740 φωτὸς
1589 1669 1700 1723 τῶν
1725 1669 1963 1734 ἀσεϐῶν,

1500 277 1961 339 FRAGMENTA
2012 278 2094 339 IN
2137 281 2494 343 PSALMUS.

1997 396 2042 450 A
2134 395 2298 451 Vens.
2334 396 2387 452 5’.
2421 417 2438 449 ι
2469 396 2634 452 Scuto
2663 394 3022 452 circumdabit
3047 400 3100 448 te
3135 390 3501 463 veritas‘ejus.
3543 407 3581 441 ι.

3508 274 3642 338 1‘sz

2138 489 2243 555 Qui
2287 489 2373 543 illa
2416 488 2602 542 omnia
2648 501 2915 560 generose
2967 485 3224 551 sustinet,
3273 482 3466 540 eadem
3513 497 3641 537 cum

2067 582 2207 638 Jobo
2254 582 2421 637 dicit:
2455 582 2519 636 Si
2551 581 2684 634 bona
2719 578 3038 647 suscepimus
3076 577 3137 629 de
3186 591 3349 629 nianu
3408 572 3642 637 Domini,

2070 670 2216 725 mala
2261 687 2357 725 cur
2395 686 2497 724 nou
2535 667 2946 723 sustinebimus?
2973 664 3123 720 Sicut
3164 666 3386 719 Domino
3418 665 3644 733 placuit,

2067 764 2145 816 ita
2180 764 2373 832 factum
2409 771 2487 816 est
2510 761 2645 814 ¹⁸·¹⁶.
2670 758 2771 826 Qui
2796 759 2960 831 igitur
2988 759 3045 812 in
3076 758 3241 814 tantis
3271 759 3461 829 probis,
3486 759 3649 815 factis

2072 856 2327 909 inventus
2364 853 2551 919 fuerit,
2590 868 2770 922 neque
2816 850 3092 906 diabolum
3125 851 3179 904 in
3221 851 3477 922 angelum
3506 851 3648 907 lueis

2070 944 2517 1001 transformatum
2561 944 2774 1008 metuit,
2822 959 2945 999 cum
2990 941 3062 998 sit
3112 942 3442 998 daemonium
3483 942 3647 997 meri-

2068 1037 2316 1100 dianum,
2347 1044 2404 1091 et
2438 1035 2656 1090 fervens
2694 1035 2785 1089 lux
2827 1034 3183 1107 annuntietur
3209 1042 3433 1104 propter
3466 1034 3646 1105 philo-

2069 1127 2318 1198 sophiam
2366 1134 2426 1183 et
2494 1127 2711 1181 inanem
2771 1123 3063 1179 fallaciam.
3127 1122 3184 1179 Id
3239 1118 3419 1193 ipsum
3471 1131 3646 1178 totum

2070 1227 2155 1275 est
2181 1217 2512 1275 daemonium
2542 1215 2931 1271 meridianum.
2960 1210 3083 1270 Non
3108 1214 3260 1270 solus
3283 1223 3472 1270 autem
3506 1213 3646 1284 ipse,

2069 1323 2259 1364 verum
2287 1307 2454 1363 etiam
2481 1307 2716 1364 ministri
2748 1307 2889 1378 ejus,
2917 1306 3009 1377 qui
3041 1305 3409 1361 transformati
3438 1314 3567 1360 sunt
3593 1306 3647 1359 in

2070 1400 2353 1458 ministros
2384 1401 2633 1472 iustitiae,
2664 1400 2933 1457 daemonia
2966 1398 3267 1456 meridiana
3292 1407 3441 1453 sunt.
3471 1396 3647 1454 Caete-

2070 1506 2216 1559 rum,
2254 1493 2360 1549 etsi
2411 1494 2643 1563 quilibet
2689 1493 2888 1547 horum
2934 1491 3156 1548 simulet
3192 1506 3250 1546 se
3282 1490 3645 1546 meridianum

2069 1602 2211 1653 esse,
2237 1602 2349 1642 non
2383 1594 2609 1641 manent
2642 1593 2821 1640 tamen
2854 1585 2989 1640 tales
3020 1584 3210 1654 quales
3236 1599 3294 1638 se
3321 1598 3444 1637 esse
3473 1582 3646 1637 simu-

2071 1680 2201 1742 lant,
2234 1679 2439 1734 lumine
2483 1678 2774 1748 impiorum
2804 1676 3114 1742 exstincto;
3150 1675 3370 1745 quando
3391 1673 3647 1730 Christus

387 1771 518 1824 ὅταν
573 1769 602 1821 ὁ
656 1764 891 1837 Χριστὸς
928 1762 1100 1818 ἐλθὼν
1131 1804 1146 1828 ,
1199 1763 1437 1831 diuturn
1485 1761 1560 1815 τὰ
1587 1760 1825 1830 κρυπτὰ
1856 1760 1965 1817 τοῦ

2067 1769 2371 1834 advenerit,
2404 1760 2494 1839 qui
2526 1768 2845 1823 illuminabit
2869 1767 3176 1822 abscondita
3206 1766 3563 1831 tenebrarum,
3591 1776 3643 1820 et

388 1860 670 1926 σκότους,
712 1857 810 1913 καί
871 1857 978 1925 τὰς
1032 1855 1273 1922 ,ϐουλὰς
1319 1853 1440 1909 τῶν
1487 1852 1746 1924 καρδιῶν
1786 1871 1967 1924 φανε-

381 1952 573 2021 Non.

466 2062 485 2095 ι
517 2044 774 2098 Πεσεῖται
798 2043 863 2097 ὲκ
891 2039 985 2097 τοῦ
1011 2042 1227 2105 κλίτους
1254 2056 1349 2095 σου
1384 2040 1580 2112 χιλιὰς.
1621 2059 1640 2091 ι

462 2137 530 2188 Δί
565 2135 828 2205 μυριάδες
851 2133 925 2197 ὡς
953 2133 1021 2188 ἂν
1042 2132 1453 2205 κραταιοτέροις
1485 2133 1579 2185 καὶ
1599 2133 1967 2205 ἰσχυροτέροις

391 2230 505 2290 τοῖς
536 2224 732 2291 δεξιοῖς
769 2224 1154 2279 ἐπεϐούλευον.
1185 2223 1350 2277 Ἀλλὰ
1380 2225 1475 2279 καὶ¹
1496 2224 1714 2289 πλείους
1742 2225 1880 2279 είσὶν
1916 2227 1968 2279 οί

389 2319 480 2373 διά
514 2317 623 2372 τῶν
649 2316 956 2374 δοκούντων
983 2312 1124 2370 εἶναι
1153 2315 1347 2383 δεξιῶν
1375 2316 1693 2381 πίπτοντες,
1737 2316 1886 2387 ἥπερ
1919 2319 1967 2371 οἱ

392 2409 689 2483 προφανῶς
746 2409 1177 2482 ἁμαρτάνοντες.
1240 2406 1600 2479 Δικαιώματα
1676 2408 1785 2481 γάρ
1847 2427 1969 2463 τινα

392 2503 824 2575 προϐαλλόμενοι
872 2499 1287 2576 περιπείρονται
1359 2500 1666 2575 ἁμαρτίαις
1712 2500 1825 2555 τῶν
1871 2503 1969 2557 άν-

392 2594 628 2664 θρώπων
653 2597 701 2649 οί
736 2594 979 2659 πλείους.

953 2685 1243 2742 ΨΛΔΜΟΣ
1289 2689 1404 2754 ιιῑν.

463 2796 485 2831 ι
524 2780 768 2833 Ἔσωσεν
790 2776 938 2848 αὐτῷ
964 2780 997 2849 ἠ
1022 2776 1172 2843 δεξιὰ
1201 2777 1387 2833 αὐτοῦ.
1421 2796 1442 2830 s

459 2872 570 2926 Καὶ
604 2872 658 2925 τί
707 2870 865 2926 τοῦτο
890 2871 1205 2942 Θαυμαστὸν
1251 2870 1400 2943 ἔχεις
1449 2872 1575 2925 ἐπεὶ
1620 2871 1835 2937 πάντως
1879 2871 1969 2927 διὰ

389 2965 591 3027 κακίας
618 2961 929 3034 ὑπερϐολὴν
970 2961 1372 3033 ἁπαγορευθεὶς
1417 2962 1666 3032 ὑπῆρχεν
1700 2964 1727 3016 ὁ
1752 2961 1967 3032 ἄνθρω-

2070 1860 2424 1929 manifestabil
2444 1853 2675 1929 consilia
2704 1860 2944 1914 sordium
2975 1859 3040 1913 ".

2138 2040 2305 2096 Vsus.
2337 2043 2393 2095 7.
2430 2057 2450 2093 ι
2471 2040 2689 2097 Cadent
2717 2056 2746 2095 a
2775 2041 2943 2096 latere
2975 2049 3072 2096 tuo
3096 2037 3265 2095 mille.
3309 2058 3328 2091 ι

2136 2133 2333 2189 Decem
2377 2132 2544 2188 millia
2582 2132 2791 2188 dextris
2823 2140 3081 2202 tanquam
3130 2128 3535 2202 potentioribus
3578 2144 3643 2186 ac

2068 2224 2385 2281 fortioribus
2415 2223 2670 2281 insidiata
2699 2232 2848 2279 sunt.
2892 2221 3275 2279 Verumtamen
3303 2222 3488 2292 plures
3515 2228 3645 2278 sunt

2067 2319 2160 2390 qui
2186 2318 2386 2374 cadant
2413 2332 2480 2374 eo
2505 2317 2650 2387 quod
2678 2333 2708 2372 a
2738 2317 2945 2373 dextris
2975 2330 3097 2372 esse
3139 2315 3445 2380 videantur,
3479 2331 3644 2386 quam

2067 2410 2159 2480 qui
2188 2408 2479 2465 manifeste
2508 2416 2759 2480 peccant.
2803 2406 3024 2463 Plurimi
3054 2407 3204 2463 enim
3234 2407 3488 2462 homines
3513 2407 3644 2462 dum

2064 2502 2302 2573 justitias
2339 2502 2550 2572 aliquas
2609 2517 2719 2572 prae
2773 2515 2831 2556 se
2876 2500 3078 2567 ferunt,
3138 2497 3372 2570 peccatis
3426 2497 3644 2555 transti-

2067 2600 2291 2663 guntur.

2551 2678 2871 2738 PSALMUS
2923 2680 3126 2737 XCVII.

2139 2770 2302 2830 Vsus.
2341 2772 2388 2825 ι.
2429 2791 2448 2825 ι
2475 2771 2716 2828 Salvavit
2746 2773 2848 2828 sibi
2885 2775 3106 2830 dextera
3129 2775 3270 2845 ejus.
3314 2793 3333 2826 ι

2138 2866 2347 2937 Ecquid
2368 2867 2471 2922 hoc
2495 2863 2620 2922 miri
2651 2864 2898 2923 continet
2920 2867 2944 2919 ?
2965 2866 3401 2935 quandoquidem
3429 2874 3648 2937 propter

2067 2966 2354 3013 excessum
2396 2957 2616 3013 malitiae
2654 2956 2880 3027 omnino
2922 2956 3158 3026 rejectus
3211 2956 3376 3012 fuerit
3423 2958 3590 3013 homo
3624 2975 3643 3025 ς

389 3069 508 3117 ποςο
565 3053 650 3107 διδ
706 3054 805 3124 τῆς
852 3052 948 3107 τοῦ
1000 3051 1137 3107 Θεοῦ
1187 3051 1372 3116 δεξιᾶς
1426 3052 1521 3106 καὶ
1561 3050 1654 3105 τοῦ
1685 3052 1966 3125 βραχίονος

2067 3056 2402 3119 quapropter
2431 3047 2527 3104 Dei
2549 3049 2769 3104 dextera
2799 3047 3158 3119 ejusdemque
3188 3048 3413 3105 brachio
3452 3065 3647 3106 neces-

387 3144 701 3213 ἅναγκαίως
754 3143 963 3215 ἐδέησε,
1014 3142 1215 3214 δηλαδὴ
1268 3142 1364 3196 τοῦ
1406 3143 1742 3212 Μονογενοῦς
1775 3143 1963 3198 αὑτοῦ·

352 3243 360 3255 ⁸
388 3217 554 3289 αὐτὸν
582 3234 692 3305 γὰρ
747 3232 1148 3304 χαρακτηρίζει
1196 3231 1305 3285 τῶν
1345 3231 1653 3303 είρημένων
1680 3232 1963 3304 ἑκάτερον.

390 3326 529 3394 Περὶ
560 3320 622 3379 οὗ
651 3324 747 3378 καὶ
785 3323 1018 3385 Ἡσαΐας
1061 3320 1249 3392 φησίψ
1287 3320 1384 3387 Ὠς
1412 3321 1640 3391 ποιμὴν
1666 3323 1967 3392 ποιμαίνει

389 3418 456 3469 τὸ
487 3419 765 3487 ποίμνιον
796 3414 1006 3480 αὐτοῦ,
1039 3411 1137 3468 καὶ
1162 3411 1488 3482 ὀβραχίων
1501 3410 1691 3467 αὑτοῦ
1711 3410 1968 3476 συνάξει

391 3507 600 3573 ἄρνας.
651 3510 747 3561 Ὃν
775 3507 836 3559 οὐ
868 3507 1047 3576 μάτην
1073 3507 1102 3558 ὁ
1123 3503 1431 3574 1Ψαλμῳδὸς
1465 3503 1560 3557 νῦν
1586 3505 1969 3574 προσηγόρευ-

394 3614 484 3650 σεν
514 3597 689 3665 ἅγιον,
722 3595 838 3651 ἀλλ’
858 3592 917 3649 ἐν
955 3595 1061 3667 ίδίᾳ
1085 3594 1256 3659 δεῖξαι
1289 3594 1478 3647 τοῦτον
1509 3593 1809 3647 ὑποστάσει
1840 3593 1968 3664 βου-

392 3687 640 3757 λόμενος.
688 3688 860 3752 Αὐτὸς
932 3687 1115 3741 τοίνυν
1170 3687 1234 3739 τὸ
1297 3686 1523 3756 πλάσμα
1574 3685 1636 3740 τὸ
1688 3687 1969 3751 ἀπολωλὸς

393 3779 618 3834 ἔσωσεν.
663 3779 799 3833 Οὐδὲ
835 3778 944 3850 γὰρ
967 3774 1097 3850 ἦλθε
1143 3779 1327 3848 κρῖναι
1357 3777 1587 3849 κόσμον,
1617 3779 1756 3835 ἀλλὰ
1789 3778 1966 3834 σῶσαι

393 3872 484 3926 τὸν
513 3871 740 3942 κόσμον.

467 3981 486 4015 ι
537 3962 812 4034 Ἐμνήσθη
836 3962 929 4016 τοῦ
953 3962 1135 4026 ἐλέους
1156 3962 1322 4016 αὖτοῦ
1353 3961 1431 4034 τῷ
1470 3961 1686 4016 Ἰακώϐ.
1725 3983 1746 4017 ι

474 4136 615 4192 Ἀνθ’
642 4139 765 4193 ὅτου
808 4137 899 4192 τδν
943 4136 1147 4192 Ἰακὼϐ
1170 4139 1364 4204 είπὼν,
1396 4139 1496 4192 οὐκ
1525 4138 1795 4210 ἠρκέσθη,
1825 4140 1968 4196 ἀλλὰ
2014 4140 2021 4146 ’

390 4232 485 4285 καὶ
515 4232 614 4303 τὴν
644 4231 739 4287 τοῦ
777 4230 996 4301 Ἰσραὴλ
1027 4231 1205 4284 οίκίαν
1232 4231 1592 4303 προσέθηκεν,
1626 4230 1715 4284 ἵνα
1750 4232 1966 4295 πάντως

390 4325 603 4397 δηλώσῃ
629 4325 704 4387 ὡς
734 4321 946 4394 πράξας
978 4322 1048 4376 τὰ
1076 4322 1170 4376 νῦν
1200 4323 1672 4395 προφητευόμενα,
1706 4318 1864 4389 οὗτος
1893 4323 1962 4399 ἢν

2070 3142 2214 3197 sario
2242 3140 2492 3213 indiguit,
2520 3141 2727 3198 scilicet
2753 3141 3049 3214 Unigcnito
3099 3143 3220 3214 ejus
3245 3160 3258 3198 :
3294 3142 3472 3216 ipsum
3499 3143 3646 3198 enim

2069 3243 2299 3305 utraque
2347 3236 2712 3307 appellatione
2762 3235 3031 3311 designat,
3056 3238 3124 3294 de
3149 3253 3259 3308 quo
3290 3238 3454 3293 etiam
3482 3236 3651 3293 Isaias

2070 3326 2182 3380 ait:
2216 3325 2361 3381 Sicut
2402 3338 2583 3397 pastor
2613 3330 2781 3400 pascit
2817 3345 3023 3400 gregem
3068 3344 3245 3394 suum,
3286 3336 3335 3383 et
3374 3328 3648 3383 brachium

2069 3421 2183 3490 ejus
2214 3421 2543 3493 congregabit
2572 3438 2734 3493 agnos
2754 3422 2818 3474 ¹⁸.
2845 3419 3020 3487 Quem
3047 3435 3156 3476 non
3181 3420 3379 3476 frustra
3400 3420 3645 3476 Psalmo—

2070 3517 2172 3571 dus
2202 3518 2362 3572 modo
2379 3525 2627 3572 sanctum
2657 3516 2967 3587 appellavit,
2992 3515 3119 3584 quia
3142 3516 3199 3571 in
3229 3517 3448 3587 propria
3471 3516 3645 3587 ipsum

2072 3606 2347 3676 hypostasi
2375 3606 2637 3662 exhibere
2685 3605 2919 3660 volebat.
2970 3606 3091 3676 Ipse
3135 3606 3303 3676 ipitur
3326 3606 3646 3678 ﬁgmentum

2071 3697 2344 3766 perditum
2375 3697 2632 3752 servavit.
2663 3694 2783 3751 Non
2821 3697 2963 3751 enim
3006 3698 3156 3752 venit
3182 3704 3241 3751 ut
3257 3696 3465 3767 iudicet
3487 3712 3647 3751 mun-

2070 3789 2222 3853 dum,
2255 3788 2350 3843 sed
2379 3797 2435 3843 ut
2472 3788 2732 3844 salvilicet
2764 3788 3025 3843 mundum
3057 3789 3119 3840 ὀ.

2140 3948 2305 4019 Vens.
2356 3964 2409 4017 5.
2470 3980 2487 4015 ι
2522 3962 2726 4017 Memor
2772 3962 2872 4017 fuit
2932 3963 3318 4018 misericordiae
3378 3979 3491 4021 sum
3551 3964 3648 4022 Ja-

2070 4060 2190 4113 cob.
2223 4077 2243 4110 ι

2139 4149 2479 4221 Quapropter
2496 4166 2622 4206 cum
2651 4146 2816 4206 Jacob
2838 4150 3088 4217 dixisset,
3114 4166 3224 4207 non
3259 4153 3392 4209 satis
3423 4152 3499 4207 illi
3521 4152 3648 4220 fuit,

2071 4245 2164 4300 sed
2195 4246 2357 4299 etiam
2400 4245 2621 4300 domum
2671 4244 2836 4299 Israel
2862 4244 3134 4314 adjunxit,
3182 4253 3242 4299 ut
3293 4247 3520 4301 omnino
3552 4247 3649 4309 de-

2069 4337 2298 4392 clararet
2330 4337 2481 4391 illum
2508 4336 2600 4407 qui
2632 4352 2694 4391 ca
2725 4351 2845 4405 quae
2869 4337 3030 4393 modo
3062 4337 3319 4408 praedicta
3348 4346 3477 4393 sunt
3505 4337 3652 4393 fece-

392 4419 421 4468 ὁ
467 4416 556 4469 τὸν
598 4413 795 4468 Ἰακὼϐ
824 4414 919 4468 καὶ
966 4414 1057 4466 τὸν
1095 4412 1316 4483 Ἰσραὴλ
1359 4413 1743 4483 ἐπονομάσας
1773 4398 1966 4488 διόπερ

2074 4436 2174 4490 rat,
2203 4428 2456 4483 eumdem
2486 4443 2608 4483 esse
2639 4427 2732 4497 qui
2756 4426 2927 4483 Jacob
2960 4418 3372 4499 quoque'lsrael
3398 4430 3652 4485 nomina-

393 4507 487 4559 καὶ
519 4506 637 4575 μετ’
687 4503 850 4558 αὑτοῦ
892 4504 1142 4559 ὲπὰλαιε·
1168 4503 1527 4575 «po-cumbae:
1561 4505 1622 4558 τὸ
1662 4505 1971 4577 μυστήριον

396 4596 677 4666 βουληθεὶς
697 4597 797 4667 τῆς
826 4596 1176 4669 σαρκώσεως·
1223 4595 1424 4667 σαρκὸς
1458 4595 1566 4666 γὰρ
1613 4596 1676 4649 τὸ
1713 4597 1969 4652 παλαίειν

394 4687 488 4742 καὶ
517 4687 947 4758 περιπλέκεσθαι
977 4687 1128 4742 ἴδιον.
1174 4686 1451 4758 Ἐμνήσθη
1480 4687 1666 4742 τοίνυν
1688 4686 1796 4741 τῶν
1826 4686 1966 4760 πρὸς

393 4776 485 4831 τὸν
521 4775 714 4832 Ἰακὼϐ
735 4778 831 4832 καὶ
871 4779 964 4832 τὸν
1010 4776 1227 4849 Ἰσραὴλ
1254 4777 1708 4847 ὲπαγγελμάτων,
1738 4779 1837 4832 καὶ
1865 4780 1967 4849 χά-

396 4885 505 4940 ριτι
558 4869 853 4940 μυστήριον
888 4873 956 4941 τῇ
1013 4869 1150 4939 πρὸς
1205 4870 1414 4921 ἐκεῖνον
1463 4868 1804 4939 ἐπλήρωσεν.
1837 4870 1965 4935 Τοῖς

398 4962 498 5033 μὲν
530 4963 641 5032 γὰρ
675 4961 947 5026 Ἰουδαίοις
969 4961 1044 5024 ὡς
1087 4960 1336 5023 Ἰουδαῖος
1352 4959 1718 5031 ἐπεδήμησεν⁹
1740 4961 1966 5015 ἐκείνων

394 5056 451 5109 δὲ
479 5057 607 5121 τοὺς
641 5053 953 5125 ὀφθαλμοὺς
992 5053 1278 5123 μυσάντων
1306 5052 1660 5123 (ἐκάμμυσαν
1694 5050 1826 5122 γὰρ,
1862 5067 1971 5124 φη-

397 5149 484 5201 σὶν
518 5150 548 5201 ὁ
582 5147 831 5211 Ἡσαΐας,
863 5146 988 5208 τοὺς
1040 5143 1357 5214 ὀφθαλμοὺς
1386 5142 1571 5196 αὐτῶν
1602 5143 1689 5197 ἵνα
1719 5145 1795 5216 μὴ
1842 5146 1970 5200 tam-

397 5238 525 5308 σιν),
561 5238 678 5293 ἀντ’
715 5238 943 5293 ἐκείνων
970 5236 1044 5290 τὰ
1090 5235 1313 5303 πέρατα
1363 5233 1473 5303 τῆς
1513 5232 1629 5303 τῆς
1660 5233 1859 5305 (πάντα
1879 5238 1975 5309 δη-

397 5329 529 5403 λαδὴ
560 5329 629 5384 τὰ
684 5328 841 5399 ἔθνη)
868 5327 1199 5384 ἐθεάσαντο
1228 5327 1336 5382 τοῦ
1373 5326 1522 5381 Θεοῦ
1558 5329 1620 5381 τὸ
1650 5328 1966 5399 σωτήριον,

396 5420 582 5499 καίτοι
603 5420 678 5493 μὴ
699 5420 967 5492 βλέποντα
1004 5419 1064 5473 τὸ
1087 5418 1373 5491 πρότερον.
1392 5418 1395 5423 ’

477 5530 499 5565 ι
556 5511 883 5580 ’Δλαλάξατι
901 5512 981 5583 τῷ
997 5510 1139 5583 Θεῷ,
1163 5512 1311 5566 πᾶσα
1334 5512 1369 5582 ἡ
1389 5514 1479 5584 γῆ.
1513 5530 1535 5563 ι

456 5714 571 5751 ⁸⁵⁸⁸⁸
607 5714 711 5776 Job
750 5732 789 5782 ι,
822 5716 927 5784 εις
967 5732 1029 5785 ιι,
1058 5717 1143 5773 lt).
1224 5716 1266 5748 υ
1306 5713 1519 5770 Coloss.
1548 5729 1613 5780 ιι,
1653 5711 1716 5778 8;
1773 5710 1948 5769 ICor.

2097 5714 2148 5769 5.
2230 5713 2273 5747 ⁸³
2298 5708 2408 5770 15a.
2436 5731 2527 5803 XL,
2553 5712 2636 5769 Il.

2071 4529 2225 4577 verat
2257 4538 2272 4586 ;
2309 4535 2375 4576 eo
2399 4520 2544 4591 quod
2566 4535 2692 4576 cum
2727 4519 2844 4590 ipso
2883 4520 3121 4576 luctatus
3149 4521 3342 4578 fuisset
3370 4541 3391 4591 ;
3419 4537 3515 4592 per
3544 4523 3652 4580 hoc

2069 4613 2259 4668 volens
2285 4610 2633 4685 praefigurare
2664 4613 2983 4686 mysterium
3006 4614 3399 4679 incarnationis
3424 4632 3440 4680 ;
3477 4615 3652 4684 siqui-

2070 4705 2193 4760 dem
2238 4706 2419 4760 carnis
2465 4705 2746 4776 proprium
2794 4714 2880 4762 est
2925 4706 3120 4763 luctari
3150 4716 3206 4762 et
3250 4705 3663 4778 circumplecti.

2072 4797 2278 4852 Memor
2307 4796 2469 4869 igitur
2498 4797 2598 4853 fuit
2637 4798 3063 4869 promissionum
3094 4799 3160 4852 ad
3188 4797 3358 4854 Iacob
3388 4805 3441 4852 et
3485 4798 3652 4855 Israel

2069 4890 2360 4954 factarum,
2385 4896 2441 4944 et
2469 4889 2523 4944 in
2549 4890 2669 4959 ejus
2708 4890 2934 4962 gratiam
2995 4888 3314 4960 mysterium
3379 4887 3651 4954 implevit.

2069 4977 2150 5032 Ad
2199 4976 2417 5032 Iudaeos
2452 4979 2719 5048 siquidem
2762 4988 3021 5046 tanquam
3091 4977 3313 5033 Iudaeus
3388 4976 3650 5040 advenit;

2073 5067 2207 5137 ipsis
2233 5074 2414 5122 autem
2436 5069 2623 5123 oculos
2652 5068 3064 5125 occludeutibus
3096 5068 3451 5138 (clauseth
3487 5070 3655 5132 enim,

2076 5157 2252 5243 inquit
2270 5157 2459 5223 Isaias,
2483 5160 2672 5215 oculos
2696 5177 2826 5217 suos
2849 5175 2918 5215 ne
2952 5160 3218 5228 viderent)
3240 5176 3339 5233 pro
3370 5159 3499 5230 ipsis
3527 5162 3656 5230 ﬁnes

2077 5254 2231 5302 term
2253 5248 2489 5316 (scilicet
2503 5264 2701 5307 omnes
2746 5251 2957 5319 gentes)
2989 5247 3230 5307 viderunt
3262 5248 3504 5308 salutau
3535 5247 3656 5317 Dei,

2078 5338 2205 5393 licet
2232 5345 2393 5393 antea
2425 5353 2532 5397 non
2560 5338 2826 5393 viderent.

2150 5514 2316 5571 Vens.
2348 5516 2399 5571 ι.
2433 5536 2451 5568 ι
2479 5514 2716 5572 Jubilate
2754 5517 2898 5584 Deo,
2932 5518 3110 5574 omnis
3139 5526 3304 5575 terra.
3332 5537 3355 5574 ι

2737 5715 2780 5748 ⁸³
2804 5711 2960 5769 Joan.
2997 5728 3080 5779 ιιι,
3110 5712 3199 5769 l7.
