4036 6200
306 287 438 356 12ἳ3

1433 290 1898 351 FRAGMENTA
1941 293 2024 355 IN
2064 295 2425 363 PSALMOS.

3427 297 3566 368 1276

377 427 398 461 ι
454 405 565 463 Καὶ
608 404 679 463 τὰ
721 402 856 466 ὀστᾶ
909 422 1012 479 μου
1060 405 1200 460 ὡσεὶ
1259 405 1490 477 φρύγιον
1538 407 1878 480 συνεφρύγη-

2052 413 2215 470 Vens.
2258 416 2313 472 4.
2380 434 2398 469 ι
2443 416 2512 472 Et
2558 430 2686 473 ossa
2737 429 2860 473 mea
2906 413 3053 472 sicut
3096 413 3358 470 eremium
3402 396 3565 474 arue-

305 517 425 556 σαν.
471 520 491 554 1

371 593 436 648 Τί
460 594 577 647 ἐστι
600 592 874 663 φρύγιον,
895 593 924 646 6
952 591 1250 664 Σύμμαχος
1284 591 1575 663 ἐδήλωσεν*
1607 591 1875 645 ἐκδέδωκε

305 686 432 758 γὰρ,
469 685 813 757 ἀπόκαυμα.
837 685 1048 755 ’Ὠσπερ
1080 685 1260 738 τοίνυν
1304 685 1365 738 τὸ
1408 683 1742 746 ἁποκαυθὲν,
1775 684 1872 736 ἐὰν

1982 515 2129 561 runt.
2163 525 2181 558 ι

2052 597 2196 663 Quid
2225 600 2297 654 sit
2329 601 2579 655 cremium
2611 598 2974 671 Symmachus
3017 596 3314 653 declaravit
3348 615 3364 652 :
3393 612 3564 669 expo-

1980 690 2093 746 suit
2119 691 2266 745 enim
2296 693 2616 748 incendium.
2647 689 3119 758 Quemadmodum
3147 690 3313 761 igitur
3340 691 3392 746 id
3419 691 3563 761 quod

307 776 379 852 μὴ
408 778 551 850 τύχῃ
584 778 677 831 τοῦ
701 776 910 846 ταχέως
934 776 1272 851 σϐεννύντος,
1295 775 1531 840 εὐκόλως
1552 775 1876 846 θρύπτεταιο

1987 796 2270 838 acccnsum
2304 791 2409 849 est,
2432 783 2535 839 nisi
2561 783 2704 839 illico
2731 783 3128 854 exstinguatur,
3149 781 3566 838 iacileabsumi—

303 867 475 932 οὕτως
528 868 676 939 ψυχὴ
723 871 838 932 τοῖς
891 868 1167 938 βιωτικοῖς
1217 865 1587 936 συγκαιομὲνη
1623 864 1876 930 πάθεσιν,

305 960 398 1012 ἐὰν
431 960 506 1030 μὴ
536 958 628 1010 τὸν
653 957 786 1011 Θεὸν
819 957 1204 1030 φιλανθρωπίᾳ
1237 956 1532 1009 σϐεννύντα
1559 955 1658 1025 τὴν
1687 954 1881 1008 ἔκκαυο

307 1066 388 1102 σιν
414 1049 709 1118 κτήσηται,
752 1047 992 1110 εὐκόλως
1018 1046 1393 1116 διαφθείρεται
1417 1061 1432 1076 ο
1484 1044 1578 1098 καὶ
1610 1044 1696 1098 διὰ
1722 1045 1880 1098 τοῦτο

304 1140 437 1210 ταχὺ
481 1139 899 1208 είσακουσθῆναι
945 1137 1310 1208 προσηύξατο.
1365 1137 1565 1207 Ἀρτος
1611 1135 1666 1188 δὲ
1719 1134 1880 1205 ἡμῶν

302 1226 402 1295 τῆς
442 1226 644 1297 ψυχῆς,
685 1229 713 1280 6
751 1226 845 1280 τοῦ
887 1226 1024 1280 Θεοῦ
1057 1226 1236 1295 λόγος.
1292 1225 1505 1295 Ὥσπερ
1549 1225 1658 1295 γὰρ
1707 1226 1735 1278 6
1773 1223 1881 1276 ἀπὸ

303 1319 406 1388 γῆς
438 1319 601 1390 ἄρτος
625 1319 686 1373 τὺ
714 1319 875 1390 σῶμα
897 1320 1111 1391 τρέφει,
1150 1317 1323 1382 οὕτως
1354 1320 1382 1373 6
1422 1317 1481 1384 ἐξ
1511 1317 1743 1389 οὐρανοῦ
1788 1316 1878 1370 λό-

303 1424 401 1476 γος
446 1409 546 1478 τὴν
597 1408 786 1462 οὐσίαν
843 1409 942 1480 τῆς
995 1408 1194 1479 ψυχῆς.
1245 1409 1356 1461 Καὶ
1398 1407 1607 1462 τούτων
1641 1406 1803 1478 χάριν
1850 1405 1880 1457 6

304 1499 542 1569 Χριστὸς
580 1500 682 1566 τὴν
715 1500 1024 1571 προσευχὴν
1067 1500 1398 1570 παραδιδοὺς
1424 1499 1580 1568 ἔλεγε
1610 1501 1723 1562 τοῖς
1754 1499 1883 1552 ἀπο·

307 1592 536 1655 στόλοιςο
598 1590 710 1644 Τὸν
768 1591 952 1658 ἄρτον
1006 1591 1179 1660 ἡμῶν
1244 1590 1355 1644 τὸν
1409 1590 1727 1645 ἐπιούσιον
1775 1589 1882 1655 δὸς

304 1681 449 1750 ἡμῖν
475 1680 764 1750 σήμερον.
792 1683 888 1744 Ὃς
921 1681 988 1735 ἂν
1013 1681 1194 1734 τοίνυν
1233 1681 1421 1734 τοῦτον
1462 1682 1658 1751 φαγεῖν
1685 1678 1880 1732 ἐπιλά-

1983 883 2108 940 tur;
2140 874 2213 928 ita
2245 875 2409 929 etiam
2441 876 2622 930 anima
2657 875 3014 932 smcularibus
3059 874 3444 933 adiectionibus
3471 891 3565 932 ac-

1980 981 2166 1033 censa,
2201 967 2304 1022 nisi
2354 967 2526 1027 Deum
2572 967 2809 1022 incendii
2843 967 2928 1022 sui
2956 968 3445 1025 clementissimum
3480 985 3568 1026 re-

1981 1056 2302 1112 stinctorem
2330 1068 2489 1112 nacta
2519 1058 2710 1123 fuerit,
2741 1058 2998 1114 facillime
3043 1062 3414 1131 corrumpitur
3440 1078 3455 1116 :
3482 1070 3567 1116 at-

1981 1162 2086 1216 que
2108 1145 2310 1202 idcirco
2329 1147 2588 1203 velociter
2604 1149 2852 1204 exaudiri
2875 1149 3190 1219 postulavit.
3213 1149 3380 1206 Panis
3403 1165 3567 1220 porro

1981 1239 2176 1293 animae
2199 1248 2398 1295 nostrae
2421 1251 2506 1295 est
2525 1241 2750 1296 verbum
2779 1241 2892 1296 Dei.
2926 1240 3393 1307 Quemadmodum
3417 1244 3564 1299 enim

1980 1339 2234 1385 terrenus
2260 1331 2420 1401 panis
2452 1347 2651 1404 corpus
2677 1333 2792 1399 alit,
2817 1334 2889 1388 ita
2914 1334 3148 1388 Verbum
3179 1335 3402 1390 caeleste
3434 1336 3567 1390 sub—

1981 1422 2237 1477 stantiam
2267 1424 2484 1478 animm.
2510 1427 2688 1494 Atque
2719 1426 2817 1480 has
2843 1426 2912 1480 ob
2942 1441 3135 1481 causas
3166 1425 3418 1482 Christus
3435 1443 3569 1497 apo-

1981 1511 2138 1566 stolis
2166 1511 2385 1566 tradens
2419 1511 2608 1566 orandi
2642 1512 2874 1567 formam
2903 1512 3072 1567 dixit:
3100 1511 3300 1566 Panem
3330 1521 3568 1567 nostrum

1984 1603 2349 1674 quotidianum
2387 1603 2456 1655 da
2489 1602 2633 1656 nobis
2662 1603 2814 1656 hodie
2833 1603 2901 1654 '°.
2932 1603 3190 1672 Quisquis
3225 1603 3387 1674 igitur
3421 1603 3569 1657 hunc

1983 1689 2331 1755 manducare,
2368 1691 2422 1746 id
2455 1700 2536 1746 est
2569 1690 2809 1760 operari,
2842 1690 3044 1746 oblitus
3068 1690 3236 1745 fuerit
3265 1690 3568 1761 (spiritalis

305 1772 488 1842 θηται,
521 1774 796 1826 τουτέστιν
825 1772 1168 1844 ἐργάσασθαι
1209 1772 1322 1842 (τοῦ
1348 1773 1458 1846 γὰρ
1485 1772 1679 1842 νοητοῦ
1707 1771 1876 1841 ἄρτου

1987 1780 2140 1850 panis
2175 1778 2524 1836 manducatio
2572 1790 2656 1835 est
2703 1780 2971 1851 Operatio,
3003 1780 3083 1835 uti
3133 1781 3396 1852 apostolis
3448 1781 3569 1852 ipse

303 1871 336 1940 ἡ
366 1869 569 1939 βρῶσις
597 1868 835 1937 ἐργασία
871 1866 1214 1935 καθέστηκεο
1247 1865 1397 1936 δηλοῖ
1424 1865 1480 1919 δὲ
1502 1864 1675 1928 οὕτως
1704 1862 1878 1917 είπὼν

301 1963 413 2022 τοῖς
441 1960 761 2023 ἀποστόλοις
784 1961 810 2012 ὁ
830 1957 1037 2028 Κύριος
1052 1973 1067 1987 ’
1113 1955 1464 2026 Ἐργάζεσθε
1487 1955 1571 2026 μὴ
1590 1955 1704 2024 τὴν
1721 1952 1878 2023 βρῶο

303 2065 409 2105 σιν
453 2051 569 2116 τὴν
597 2048 1052 2118 ἀπολλυμένην,
1101 2047 1265 2102 ἀλλὰ
1300 2048 1418 2115 τὴν
1448 2049 1764 2117 μένουσαν
1789 2048 1879 2112 είς

305 2141 458 2210 ζωὴν
483 2140 766 2210 αἰώνιον),
797 2138 994 2192 τούτου
1028 2141 1061 2209 ἡ
1102 2138 1300 2210 καρδία
1325 2139 1482 2209 δίκην
1513 2138 1706 2209 χόρτου
1738 2137 1880 2208 πλη-

305 2235 464 2299 γεῖσα
517 2231 855 2302 ξηραίνεται.
895 2229 982 2293 Ὧς
1037 2229 1094 2283 δὲ
1145 2231 1173 2284 6
1207 2229 1402 2300 χόρτος
1445 2228 1744 2298 πληττεται
1784 2227 1880 2282 καὶ

307 2323 640 2395 ξηραίνεται,
670 2324 796 2377 ὅταν
826 2322 980 2386 ὑετὸς
1006 2322 1094 2376 ἐπ’
1122 2321 1284 2376 αὑτὸν
1314 2321 1551 2393 σπανίσῃ
1571 2337 1586 2352 ·
1611 2319 1754 2374 οὕτω
1787 2319 1882 2374 καὶ

304 2418 338 2486 ἠ
364 2417 583 2487 καρδία,
617 2418 746 2470 ὅταν
776 2414 982 2469 ἔνδειαν
1005 2415 1210 2485 νοσήσῃ
1237 2411 1330 2466 τοῦ
1372 2412 1515 2466 θείου
1545 2411 1728 2480 λόγου,
1759 2411 1880 2465 τότε

306 2507 601 2578 πλήττεται
649 2507 745 2563 καὶ
778 2505 1132 2578 ξηραίνεται,
1165 2504 1328 2568 ἄνθος
1354 2503 1554 2575 ἀρετῆς
1583 2503 1883 2577 βλαστῆσαι

307 2599 408 2652 οὐκ
441 2599 725 2670 ἰσχύουσα.

313 2736 316 2737 ν
381 2709 402 2742 ι
456 2689 590 2743 Ἀπὸ
620 2688 808 2759 φωνῆς
835 2688 928 2741 τοῦ
960 2687 1268 2758 στεναγμοῦ
1303 2704 1406 2758 μου
1429 2686 1718 2757 ἐκολλήθη.
1753 2705 1772 2738 ι

375 2782 685 2849 Ἔουτέστιν,
738 2781 906 2851 ἐτάκη
955 2781 1104 2833 πᾶσα
1146 2779 1351 2851 πιμελὴ
1391 2779 1484 2832 καὶ
1527 2777 1751 2850 εὐθηνία
1783 2779 1880 2832 τοῦ

305 2872 578 2943 σώματος.
625 2874 694 2922 '0
739 2872 854 2942 γὰρ
883 2869 1088 2942 ἀληθὴς
1136 2871 1458 2941 στεναγμὸς,
1489 2870 1548 2935 ὃς
1574 2870 1672 2926 καὶ
1697 2872 1882 2941 φωνὴν

304 2965 416 3036 ἔχει
454 2963 820 3033 ἀκουομένην,
869 2964 1028 3034 τήκει
1068 2962 1130 3016 τὸ
1168 2961 1350 3032 σῶμα,
1390 2963 1486 3016 καὶ
1532 2964 1631 3034 τῆς
1677 2964 1884 3035 σαρκὸς

1982 1871 2244 1926 Dominus
2274 1871 2516 1926 declarat
2545 1873 2734 1928 dicens
2764 1890 2777 1926 :
2808 1871 3118 1941 Operamini
3155 1889 3256 1927 non
3282 1873 3452 1926 cibum
3477 1874 3568 1944 qui

1981 1966 2135 2035 perit,
2167 1966 2262 2019 sed
2299 1965 2387 2036 qui
2409 1974 2677 2034 permanet
2715 1965 2769 2018 in
2812 1965 2976 2018 vitam
3008 1964 3369 2034 cateruam"),
3401 1965 3568 2036 hujus

1981 2071 2076 2112 cor
2119 2057 2294 2112 instar
2341 2055 2451 2111 feni
2501 2071 2823 2127 percussum
2872 2056 3161 2112 exarescit.
3185 2054 3339 2112 Sicut
3381 2065 3571 2136 autem

1938 2164 1942 2168 '
1981 2147 2170 2203 fenum
2191 2148 2494 2218 percutitur
2525 2157 2580 2204 et
2609 2147 2830 2213 arescit,
2863 2147 3084 2218 quando
3113 2162 3236 2210 raro
3269 2147 3454 2218 pluvia
3487 2149 3569 2202 ir-

1980 2240 2220 2312 rigatur;
2270 2241 2344 2295 ita
2371 2241 2538 2295 etiam
2570 2240 2773 2302 anima,
2803 2240 3024 2310 quando
3061 2240 3232 2295 divini
3270 2240 3432 2296 Verbi
3464 2256 3566 2311 pe-

1982 2331 2140 2385 nuria
2163 2331 2513 2396 laboraverit,
2541 2329 2688 2385 illico
2715 2338 2846 2386 tunc
2875 2328 3180 2400 percutitur
3199 2339 3255 2385 et
3275 2329 3570 2396 exarescit,

1982 2437 2106 2478 eum
2143 2422 2242 2479 llos
2280 2423 2500 2479 virtutis
2529 2422 2838 2495 germinare
2863 2419 3094 2478 minime
3119 2421 3314 2476 valeat.

2053 2681 2215 2738 Vsus.
2244 2683 2297 2739 6.
2344 2705 2362 2736 ι
2390 2683 2434 2738 Α
2465 2699 2598 2739 voce
2626 2683 2862 2756 gemitus
2888 2684 3000 2742 mei
3031 2683 3283 2740 adhaesit.
3312 2703 3332 2737 ι

2054 2775 2110 2828 ld
2131 2785 2236 2838 est,
2261 2775 2440 2830 omnis
2460 2775 2628 2845 adeps
2655 2786 2712 2829 et
2737 2775 2968 2831 felicitas
2991 2777 3239 2848 corporis
3261 2775 3566 2832 contabuit.

1984 2870 2160 2928 Verus
2209 2871 2356 2927 enim
2405 2869 2659 2943 gemitus,
2691 2870 2784 2942 qui
2813 2880 2869 2926 et
2897 2883 3114 2927 acutam
3145 2887 3334 2926 vocem
3379 2871 3567 2936 habet,

1983 2977 2186 3034 corpus
2235 2971 2518 3028 extenuat,
2549 2970 2605 3017 et
2644 2962 2828 3018 carnis
2869 2960 3347 3028 mortiﬁcationem
3378 2975 3571 3031 opera-

303 3053 594 3123 ὲργάζεται
634 3053 938 3121 νέκρωσιν*
983 3052 1171 3123 ἐπειδὴ
1210 3052 1334 3106 ὅσον
1374 3054 1402 3106 6
1445 3051 1550 3117 ἔξω
1592 3051 1877 3125 ἄνθρωπος

1989 3065 2112 3122 tur;
2148 3054 2406 3124 quoniam
2428 3063 2692 3123 quantum
2721 3053 2960 3108 exterior
2986 3053 3150 3108 homo
3174 3051 3569 3122 corrumpitur,

301 3144 694 3216 διαφθείρεται,
721 3142 978 3197 τοσοῦτον
1004 3143 1032 3195 6
1058 3142 1166 3197 ἔσω
1193 3141 1623 3208 ἀνακαινίζεται.

378 3256 406 3296 ι,
451 3235 752 3308 Ὠμοιώθην
787 3236 1050 3290 πελεκᾶνι
1081 3235 1357 3308 ἑρημικῷ.
1397 3254 1418 3287 ι

373 3419 696 3488 Θαυμαστὸν
743 3421 872 3490 ἡμῖν
902 3420 1119 3491 καρπὸν
1153 3419 1254 3489 τῆς
1297 3420 1606 3489 ἀγρυπνίας
1640 3419 1843 3485 ἔδειξεν
1863 3437 1879 3452 ⁸

303 3513 451 3563 ποιεῖ
487 3511 596 3583 γὰρ
625 3512 775 3581 ἡμᾶς
805 3511 880 3574 ὼς
928 3510 1212 3582 στρουθίον
1257 3511 1494 3580 μονάζον
1521 3511 1614 3564 ἐπὶ
1638 3511 1882 3582 δώματιο

304 3604 443 3673 ὅπερ
483 3600 622 3656 εἶναι
671 3602 769 3673 μὲν
811 3603 960 3656 δοκεῖ
997 3619 1140 3657 τισιν
1177 3602 1679 3673 εὐκαταφρόνητον,
1729 3603 1882 3656 πολι-

304 3694 456 3747 τείαν
479 3694 532 3747 δὲ
555 3694 703 3762 ὅμως
731 3692 996 3764 ὲκλεκτὴν
1025 3693 1122 3746 καὶ
1174 3693 1452 3764 μακαρίαν
1470 3692 1758 3764 κέκτηται.
1805 3695 1881 3747 06

302 3784 512 3854 τροφῆς
543 3783 672 3854 γὰρ,
703 3784 804 3858 οὐκ
831 3783 1159 3854 ἐσθημάτων
1180 3783 1453 3855 φροντίζει
1473 3784 1501 3837 6
1525 3785 1782 3854 μονάζων
1807 3785 1883 3850 ὼς

306 3878 586 3946 στρουθίον
611 3918 624 3938 ,
660 3878 759 3931 οὐκ
794 3877 1089 3950 ὲπιόουλὴν
1127 3878 1360 3932 δείδοικε⁹
1408 3880 1660 3932 κατοικεῖ
1686 3878 1795 3951 γὰρ
1825 3880 1882 3931 ἐν

301 3970 534 4038 δώματι,
565 3969 661 4023 καὶ
693 3969 802 4022 τῶν
835 3969 1297 4024 ἐπιϐουλευόντων
1334 3969 1482 4025 ἐστὶν
1528 3969 1877 4041 ὑψηλότερος.

301 4060 540 4131 Νοὴσεις
568 4060 623 4113 δὲ
647 4061 866 4124 πάντως
891 4063 1067 4114 ἐκεῖνο
1097 4060 1159 4114 τὸ
1188 4060 1344 4130 δῶμα
1368 4060 1465 4115 καὶ
1491 4060 1570 4132 τῷ
1589 4059 1880 4131 Ψαλμῳὸᾦ

301 4151 556 4221 λέγεσθαι
577 4192 594 4219 ,
627 4153 761 4225 ὅπερ
800 4156 829 4207 6
861 4153 1061 4224 Κύριος
1087 4153 1216 4222 περὶ
1241 4153 1550 4217 συντελείας
1588 4153 1881 4224 διηγούμε-
1923 4199 1926 4202 .

300 4262 392 4309 νος
432 4244 642 4320 ἔφρασε
666 4262 681 4277 ·
709 4247 841 4320 φησὶ
870 4246 981 4318 γάρ
1013 4263 1026 4277 ·
1081 4245 1144 4299 '0
1179 4245 1277 4299 ἐπὶ
1315 4244 1422 4300 τοῦ
1474 4244 1763 4314 δώματος,
1793 4244 1879 4314 μὴ

303 4337 702 4400 καταϐαινέτω
725 4332 858 4409 ἆραι
890 4338 959 4392 τὸ
997 4337 1231 4408 ἱμάτιον
1257 4336 1465 4392 αὐτοῦ.

383 4515 586 4586 (Ὅλην
609 4516 710 4586 τὴν
739 4515 950 4587 ἡμέραν
989 4513 1264 4577 ὠνείδιζόν
1301 4529 1391 4584 με.
1425 4530 1444 4565 ι

374 4606 688 4674 Τουτέστιν,
717 4610 765 4661 oi
791 4607 1076 4670 δοκοῦντες
1111 4605 1258 4673 φίλοι
1285 4603 1509 4676 χείρονα
1529 4603 1640 4657 τῶν
1666 4603 1878 4682 ἐχθρῶν

299 4696 622 4766 διέπραττον
641 4715 655 4730 ·
688 4700 814 4762 τοὺς
837 4700 946 4771 γὰρ
979 4699 1235 4761 ἐπαίνους
1273 4697 1352 4760 είς
1373 4697 1570 4766 ὅρκους
1600 4695 1727 4757 τοὺς
1758 4693 1879 4746 κατ’

299 4788 436 4859 tuo-3
453 4790 871 4860 μετεϐάλλοντο·
890 4792 926 4860 ἢ
954 4790 1228 4862 συνθήκας
1241 4789 1396 4851 τινὰς
1421 4790 1502 4851 εἰς
1525 4786 1663 4857 ἐμὴν
1675 4785 1879 4850 ταύτας

254 4899 260 4905 ’
298 4879 594 4950 ἐπιϐουλὴν
625 4880 918 4951 τιθέμενοι,
960 4881 1056 4936 καὶ
1087 4879 1344 4934 τοσοῦτον
1373 4879 1474 4948 τὴν
1513 4877 1654 4947 ἐμὴν
1682 4875 1880 4929 ταπεί-

297 4989 464 5026 νωσιν
489 4971 1054 5044 ἑκτρεπόμενοι,ὦστε
1080 4973 1155 5043 μὴ
1182 4971 1425 5041 κατ’,ὲμὲ
1447 4969 1723 5038 γενέσθαι,
1745 4969 1880 5040 μηδὲ

297 5062 578 5134 συμβῆναι
613 5064 818 5127 αὐτοῖς,
845 5059 932 5123 οἷα
972 5061 1124 5132 ἐμοὶ,
1146 5063 1522 5133 ἀπόμνυσθαι.

383 5261 406 5298 t.
441 5242 615 5312 Κάγὼ
646 5240 780 5296 ὡσεὶ
807 5241 1001 5318 χόρτος
1025 5241 1346 5312 ὲξηράνθην.
1389 5259 1412 5292 ι

374 5334 468 5406 Μὴ
489 5333 676 5389 τοίνυν
700 5337 813 5398 τοῖς
847 5335 1122 5405 βιωτικοῖς
1150 5331 1510 5404 ὲπαιρὼμεθα
1545 5333 1848 5405 πράγμασι,
1865 5351 1880 5364 ·

1989 3145 2326 3202 tantumdem
2363 3144 2591 3199 interior
2622 3143 2937 3199 innovatur.

2056 3237 2217 3294 Vens.
2252 3239 2304 3292 7.
2351 3254 2370 3288 ι
2395 3236 2602 3294 Similis
2642 3237 2818 3293 factus
2860 3251 2981 3292 sum
3020 3235 3289 3309 pellicano
3318 3234 3570 3295 solitudi-

1984 3331 2091 3384 nis.
2125 3349 2146 3382 ι

2053 3422 2441 3477 Admirabilem
2474 3421 2633 3477 nobis
2660 3422 2968 3493 vigiliarum
3010 3421 3249 3477 fructum
3283 3419 3564 3476 ostendit:

1985 3516 2194 3571 faciunt
2233 3516 2380 3571 enim
2426 3531 2528 3571 nos
2556 3517 2733 3570 instar
2762 3514 3000 3586 passeris
3029 3513 3254 3569 solitarii
3284 3512 3337 3566 in
3370 3520 3516 3567 tecto
3549 3529 3564 3564 :

1984 3608 2128 3679 quod
2162 3608 2488 3680 quibusdam
2523 3607 2742 3678 quidem
2775 3606 2992 3662 videtur
3022 3604 3454 3674 contemptibile,
3481 3613 3569 3658 aa-

1983 3709 2164 3754 tamen
2215 3701 2442 3754 electam
2484 3699 2646 3754 simul
2678 3707 2733 3753 et
2764 3698 2978 3752 beatam
3025 3695 3241 3751 vivendi
3295 3695 3566 3750 rationem

1983 3789 2246 3844 continet.
2278 3787 2558 3857 Siquidem
2609 3803 2716 3842 non
2768 3787 2950 3842 cibum
2995 3801 3173 3857 neque
3203 3793 3384 3842 vestes
3411 3791 3569 3840 curat

1984 3882 2029 3937 is
2064 3882 2159 3952 qui
2212 3889 2465 3950 tanquam
2517 3896 2706 3952 passer
2748 3881 3026 3936 solitarius
3075 3879 3307 3942 exsistit,
3341 3879 3569 3936 insidias

1983 3971 2208 4026 minime
2238 3976 2496 4035 veretur;
2529 3970 2790 4039 quoniam
2820 3970 2872 4023 in
2908 3977 3054 4024 tecto
3085 3968 3316 4032 habitat,
3345 3977 3403 4022 et
3431 3967 3568 4022 insi-

1983 4061 2259 4116 diantibus
2292 4058 2579 4115 sublimior
2599 4061 2792 4115 evasit.
2811 4060 3080 4114 Caeterum
3109 4057 3381 4128 intelliges
3401 4058 3566 4114 etiam

1981 4167 2012 4207 a
2041 4152 2326 4212 Psalmista
2361 4161 2563 4207 tectum
2591 4152 2722 4206 illud
2742 4151 2870 4217 dici,
2892 4151 2959 4206 de
2985 4166 3095 4220 quo
3123 4149 3384 4204 Dominus
3401 4149 3568 4204 verba

1981 4244 2131 4310 fecit,
2184 4258 2309 4298 cum
2362 4243 2510 4297 orbis
2560 4243 2826 4298 describit
2869 4239 3431 4304 consummationem;
3491 4239 3568 4293 ait

1981 4337 2126 4391 enim
2171 4353 2183 4389 :
2225 4334 2326 4407 Qui
2365 4337 2420 4389 in
2459 4345 2612 4401 tecto,
2654 4351 2756 4388 non
2795 4335 3072 4388 descendat
3113 4331 3295 4386 tollere
3333 4331 3569 4386 tunicam

1912 4445 1957 4501 ι)
1983 4423 2214 4476 suam“.

2056 4513 2220 4571 Vens.
2242 4515 2295 4572 9.
2343 4535 2362 4568 ι
2392 4515 2534 4572 Tota
2558 4516 2646 4571 die
2672 4517 3073 4588 exprobrabant
3101 4531 3210 4572 me.
3242 4534 3262 4568 ι

2055 4606 2112 4663 ια
2141 4616 2244 4674 est,
2277 4607 2332 4662 hi
2378 4608 2468 4679 qui
2499 4607 2828 4664 videbantur
2861 4608 3054 4671 amici,
3095 4605 3364 4663 deteriora
3394 4601 3569 4659 hosti-

1979 4695 2085 4750 bus
2126 4696 2439 4768 irrogabant
2471 4719 2486 4754 :
2521 4699 2710 4755 laudes
2755 4700 2900 4755 enim
2938 4701 2994 4755 in
3026 4699 3431 4755 detestationes
3467 4696 3567 4749 ad-

1980 4803 2202 4848 versum
2224 4795 2314 4842 me
2344 4791 2626 4845 mutabant
2656 4809 2670 4844 :
2703 4791 2790 4844 vel
2817 4791 2883 4845 ad
2915 4805 3004 4845 me
3025 4788 3410 4859 decipiendum
3433 4799 3569 4838 con—

1981 4879 2282 4948 spirabant,
2311 4891 2366 4934 et
2397 4882 2454 4935 in
2485 4892 2694 4937 tantum
2729 4883 3096 4936 humilitatem
3143 4881 3264 4934 sive
3307 4875 3568 4945 abiectio-

1991 4985 2116 5024 nem
2145 4985 2326 5023 meam
2361 4973 2774 5036 aversabantur,
2803 4981 2861 5026 ut
2889 4972 3316 5032 obtestarentur,
3342 4980 3414 5020 ne
3436 4965 3566 5022 mihi

1990 5062 2196 5122 similes
2240 5063 2554 5132 evaderent,
2587 5077 2767 5135 neque
2817 5061 2952 5133 ipsis
3002 5055 3342 5122 istiusmodi,
3388 5055 3572 5128 qualia

1987 5154 2144 5220 mihi,
2175 5154 2480 5210 evenirent.

2061 5244 2220 5301 Vsus.
2252 5244 2339 5298 12.
2385 5264 2404 5296 ‹
2432 5245 2499 5300 Et
2522 5260 2622 5318 ego
2654 5244 2797 5300 sicut
2825 5242 3008 5298 fenum
3038 5239 3176 5295 arui.
3205 5257 3226 5293 ι

2055 5336 2136 5391 Ne
2175 5335 2343 5407 igitur
2383 5336 2548 5391 rebus
2577 5335 2930 5398 saecularibus
2963 5334 3292 5389 extollantur
3321 5349 3334 5386 :
3364 5330 3587 5387 idcirco

295 5426 492 5487 τούτου
521 5427 633 5499 γὰρ
655 5429 802 5499 ἡμᾶς
826 5428 990 5482 ἕνεκα
1021 5428 1178 5480 σκιὰν
1202 5425 1307 5488 καὶ,
1319 5427 1512 5498 χόρτον
1535 5427 1565 5480 6
1588 5427 1881 5497 Προφήτης

1987 5427 2134 5482 enim
2163 5425 2435 5496 Propheta
2470 5440 2571 5480 nos
2595 5423 2841 5478 umbram
2869 5431 2923 5478 et
2951 5423 3134 5478 fenum
3168 5419 3476 5492 appellavit,
3495 5434 3568 5476 ne

297 5519 602 5585 ἒκάλεσεν,
641 5520 737 5581 ἵνα,
781 5520 972 5592 μηδενὶ
1019 5519 1129 5573 τῶν
1179 5519 1469 5589 παρόντων
1515 5518 1883 5590 θαρσήσωμεν

1990 5518 2045 5572 in
2088 5517 2196 5580 ulla
2239 5532 2418 5572 rerum
2449 5513 2800 5589 praesentium
2832 5515 3254 5580 conﬁdercmus,
3287 5511 3485 5567 ﬂuxam
3513 5519 3568 5566 et

367 5698 411 5737 ³-⁸
444 5696 638 5762 Matth.
679 5698 870 5767 vt,_'ll.
936 5700 975 5728 ³¹
1018 5697 1174 5752 Joan.
1211 5711 1288 5762 vt,
1328 5696 1417 5749 9.7.
1493 5697 1534 5727 ³²
1576 5694 1766 5750 Matth.
1800 5708 1954 5758 xxtv,
1988 5692 2073 5751 l7.
