4036 6200
569 251 708 319 1279

1754 259 2118 321 ΗΕδΥριιιι
2168 232 2645 322 PRESBYTER!

642 362 881 419 Pulchre
911 362 1003 419 Dei
1030 378 1321 435 personam
1351 365 1604 422 attribuit
1626 367 1917 433 cr'eationi,
1950 384 2020 424 ne
2052 364 2149 439 pe-

2323 369 2521 433 Καλῶς
2549 371 2617 441 τῇ
2647 365 2980 440 δημιουργίᾳ
3020 363 3112 417 τοῦ
3136 360 3275 417 Θεοῦ
3305 360 3363 415 τὸ
3405 363 3720 435 πρόσωπον
3750 366 3860 419 ἀπ-

567 460 718 516 nitus
750 460 1012 524 intereat;
1043 459 1483 530 quandoquidem
1514 469 1643 515 sunt
1672 460 1895 517 factura:
1918 460 2034 527 Dei,
2057 461 2152 518 sed

466 568 473 574 '
574 559 912 609 veterascant
957 549 1178 620 quidem
1233 559 1491 622 tanquam
1536 553 1762 609 omnino
1785 563 2006 617 creatae,
2034 568 2154 609 mn-

571 651 756 699 tentur
792 659 924 699 vero
969 652 1224 714 tanquam
1250 660 1281 699 a
1315 646 1423 700 Deo
1460 646 1713 702 conditae.
1740 645 2026 712 Quomodo
2056 662 2153 701 au-

573 747 683 792 tem
710 746 1056 795 veterascunt
1081 737 1225 794 sicut
1256 740 1645 796 vestimentum
1677 749 1736 795 et
1766 740 1908 797 sicut
1934 750 2154 813 operto-

572 829 750 885 rium?
773 845 972 900 nempe
998 830 1069 885 ob
1091 831 1372 887 assiduum
1403 848 1586 887 usum.

1130 920 1453 979 PSALMUS
1489 924 1603 980 Cll.

645 1033 665 1067 ι
698 1015 806 1087 lpsi
835 1016 1028 1073 David.
1060 1036 1080 1071 ι

644 1108 833 1179 Neque
862 1108 1153 1179 psalmum,
1183 1125 1364 1180 neque
1392 1111 1686 1176 canticum,
1715 1127 1894 1181 neque
1925 1115 2054 1185 quid
2085 1116 2152 1169 si-

571 1196 699 1251 mile
730 1200 983 1267 przesenti
1014 1198 1277 1254 vaticinio
1300 1200 1550 1269 praeﬁxit,
1581 1201 1706 1270 quia
1734 1203 1990 1258 nimirum
2021 1204 2152 1259 satis

571 1301 701 1363 esse
728 1288 1079 1356 existimavit,
1114 1291 1258 1360 quod
1309 1293 1635 1360 prooemium
1684 1295 2019 1349 mentionem
2068 1295 2152 1349 fa-

571 1379 680 1433 ciat
720 1380 1117 1437 benedictionis
1163 1394 1177 1436 :
1221 1391 1555 1453 quapropter
1596 1384 1761 1438 etiam
1811 1386 2149 1442 tricesimum

573 1471 793 1528 tertium
838 1474 1102 1543 psalmum
1160 1489 1337 1544 neque
1388 1476 1660 1533 canticum
1708 1491 1886 1547 neque
1937 1478 2151 1535 laudem

571 1560 869 1632 inscripsit,
902 1580 1025 1619 cum
1061 1565 1213 1621 illum
1241 1565 1405 1620 etiam
1431 1582 1461 1619 a
1497 1567 1878 1624 benedictione
1908 1570 2148 1629 inchoet.

644 1654 807 1710 Vens.
837 1657 890 1712 5.
939 1676 958 1709 ‹
987 1657 1090 1724 Qui
1140 1658 1467 1729 propitiatur
1512 1661 1785 1715 omnibus
1850 1661 2153 1733 iniquitati-

572 1744 698 1801 bus.
726 1764 745 1797 ι

645 1838 778 1893 Tam
806 1854 836 1893 a
864 1839 1118 1909 praesenti
1145 1857 1307 1910 quam
1334 1856 1365 1897 a
1392 1841 1574 1897 futura
1606 1843 1802 1899 liberat
1847 1845 2154 1916 corruptio-

573 1945 644 1985 ne
674 1947 687 1984 :
721 1930 882 1985 modo
923 1931 1070 1984 enim
1105 1931 1271 1986 instat
1298 1934 1576 2003 corruptio
1610 1935 1979 2005 voluptatum,
2013 1945 2155 2006 post-

574 2021 798 2076 modum
831 2036 959 2076 vero
990 2022 1226 2090 reposita
1271 2030 1356 2077 est
1405 2023 1496 2078 illa
1542 2025 1958 2095 suppliciorum,
1982 2042 2016 2082 e
2038 2027 2157 2097 quio

572 2110 677 2169 ltus
705 2111 771 2165 ad
808 2127 869 2166 se
903 2113 1230 2167 accedentes
1260 2112 1533 2168 liberabit.

654 2201 813 2259 Vens.
837 2205 891 2258 4.
939 2222 956 2254 ι
988 2203 1088 2271 Qui
1118 2214 1346 2260 coronat
1366 2216 1419 2260 te
1447 2206 1502 2260 in
1528 2206 1922 2264 misericordia.
1952 2226 1973 2261 ι

645 2295 700 2349 Si
735 2295 881 2351 enim
923 2296 1179 2352 misertus
1218 2296 1389 2352 fueris
1416 2297 1655 2368 proximi
1689 2300 1789 2365 tui,
1817 2316 1915 2370 pro
1955 2316 2155 2359 corona

573 2389 670 2444 tibi
700 2404 925 2460 regnum
954 2391 1214 2446 caelorum
1236 2391 1492 2463 largietur
1522 2393 1713 2448 dicens
1741 2411 1754 2447 :
1783 2393 1981 2459 Venite,
2002 2394 2157 2451 bene-

572 2480 700 2534 dicti
728 2479 906 2533 Patris
946 2482 1065 2546 mei,
1102 2483 1359 2550 possidete
1395 2494 1645 2553 paratum
1688 2485 1827 2539 vobis
1870 2503 2087 2557 regnum
2122 2505 2156 2542 a

575 2571 943 2625 constitutione
990 2573 1191 2626 mundi.
1227 2571 1436 2627 Εκαήυὶ
1473 2575 1632 2637 enim,
1668 2582 1718 2627 et
1762 2576 1979 2632 dedistis
2027 2579 2159 2633 mihi

577 2662 928 2727 manducare;
960 2662 1101 2717 sitivi
1119 2705 1135 2727 ,
1165 2672 1213 2717 et
1243 2663 1458 2721 dedistis
1486 2664 1612 2717 mihi
1641 2663 1815 2720 bibere
1830 2664 1899 2731 “,
1945 2676 1999 2724 et
2036 2685 2158 2739 quae

578 2761 900 2823 sequuntur.
930 2753 1043 2809 lloc
1068 2763 1250 2809 autem
1270 2755 1403 2812 dicit
1429 2756 1740 2813 miserendo
1767 2775 1780 2812 :
1813 2757 1969 2814 Beati
2003 2761 2160 2815 mise-

579 2845 824 2912 ricordes,
853 2846 1103 2917 quoniam
1131 2845 1231 2914 ipsi
1257 2848 1673 2904 misericordiam
1691 2864 2072 2925 consequentur
2088 2855 2156 2908 δ’.

1322 2942 1341 2965 1

654 3022 814 3080 Vens.
837 3025 892 3081 5.
942 3044 961 3076 ι
989 3024 1091 3092 Qui
1122 3027 1297 3097 replet
1326 3027 1381 3082 in
1419 3028 1596 3108 bonis.
1626 3047 1646 3080 ι

652 3117 719 3172 Et
746 3118 890 3188 quod
913 3127 999 3173 est
1018 3118 1348 3175 desiderium
1375 3124 1657 3177 nostrum?
1685 3132 1742 3178 ut
1761 3139 2021 3180 vocemur
2041 3126 2117 3183 dii
2145 3144 2161 3182 :

581 3223 707 3263 cum
729 3209 875 3262 enim
903 3209 1071 3263 Adam
1094 3210 1200 3266 hoc
1222 3211 1583 3280 desideraret,
1609 3213 1836 3270 vetitum
1866 3215 2049 3272 cibum
2070 3233 2167 3288 gu-

583 3299 769 3354 stavit.
794 3300 905 3356 lloc
935 3301 1100 3374 igitur
1131 3302 1465 3360 desiderium
1501 3313 1753 3362 nostrum
1774 3306 2040 3365 Dominus
2073 3313 2169 3365 im-

2253 463 2473 526 έδωκεν,
2502 461 2645 515 ὥστε
2680 461 2756 532 μὴ
2794 456 3079 521 παντελῶς
3103 455 3405 512 ἀπολέσθαι
3428 466 3445 485 ⁸
3474 455 3682 526 ἐπειδὴ
3714 454 3858 512 Θεοῦ

2250 555 2511 625 τυγχάνει
2557 555 2858 623 ποιήματα,
2898 549 3038 606 ἀλλὰ
3069 547 3436 603 παλαιοῦσθαι
3467 547 3573 619 μὲν
3594 547 3686 615 ὡς
3717 549 3862 613 ὅλως

2252 646 2562 709 κτισθέντα.
2592 641 2960 698 ἀλλάσσεσθαι
2992 640 3050 695 δὲ
3072 640 3149 705 ὡς
3175 640 3329 712 παρὰ
3346 639 3485 693 Θεοῦ
3516 641 3855 697 κτισθέντα.

2252 737 2378 801 Πῶς
2404 736 2464 792 δὲ
2505 735 2864 791 παλαιοῦνται
2913 732 2990 797 ὡς
3035 732 3253 803 ίμάτισν
3299 731 3400 786 καῖ
3440 731 3580 786 ὡσεὶ
3625 734 3857 804 περισό-

2251 830 2400 887 λαιον
2422 847 2439 899 ;
2465 830 2716 886 τουτέστι
2738 827 2829 882 διὰ
2854 826 2955 896 τῆς
2990 826 3388 898 συνεχεστὲρας
3415 827 3715 899 χρήσεως.

2789 915 3084 971 ΨΑΔΜΟΣ
3137 913 3261 972 PB'.

2329 1034 2347 1067 ι
2387 1015 2479 1085 Τῷ
2509 1015 2692 1070 Δαυῖδ.
2725 1031 2745 1067 t

2322 1108 2475 1178 Μήτε
2523 1108 2758 1180 ψαλμὸν,
2795 1109 2933 1180 μήτε
2979 1106 3144 1180 ᾠδὴν,
3194 1104 3331 1176 μήτε
3376 1119 3432 1156 τι
3466 1099 3734 1156 τοιοῦτον
3757 1098 3851 1170 up

2253 1200 2536 1272 παροῦσαν
2565 1200 2906 1272 προφητείαν
2955 1197 3291 1271 ἐπέγραψεν,
3321 1196 3636 1266 ἐπειδήπερ
3660 1193 3850 1264 ἀρκῶ

2251 1291 2429 1364 ᾠήθη,
2463 1292 2546 1347 ὅτι
2576 1293 2636 1347 τδ
2676 1295 2967 1365 προοίμιον
2995 1291 3250 1361 εὐλογίας
3288 1288 3569 1360 μέμνηται
3596 1303 3615 1318 ⁶
3661 1285 3850 1354 διόπερ

2251 1383 2374 1459 οὐτε
2417 1385 2510 1439 τὸν
2550 1387 2876 1458 τριακοστὸν
2918 1386 3102 1457 τρίτον
3153 1382 3369 1454 ψαλμὸν
3404 1381 3440 1452 η
3488 1378 3651 1451 ᾠδὴν
3701 1379 3737 1447 ἢ
3772 1373 3850 1430 al-

2251 1494 2342 1531 νον
2373 1478 2708 1549 ἐπέγραψεν,
2744 1479 2803 1546 ἐξ
2824 1478 3078 1547 εὐλογίας
3099 1476 3352 1531 κάκεῖνον
3378 1471 3727 1545 ἀρχόμενος.

2328 1671 2349 1707 r
2383 1654 2488 1707 Τὸν
2521 1651 2906 1710 εὐῖλατεῦοντα
2932 1652 3135 1717 πάσαις
3166 1653 3290 1716 ταῖς
3312 1648 3599 1719 ἀνομίαις.
3646 1666 3670 1700 s

2327 1831 2439 1885 Kal.
2466 1833 2566 1904 τῆς
2608 1832 2705 1888 νῦν
2735 1832 2834 1888 καὶ
2865 1832 2972 1903 ,τῆς
3000 1830 3306 1902 μελλούσης
3332 1828 3694 1884 ἀπαλλάττει
3724 1828 3845 1896 φοο-

2258 1924 2391 1992 ρᾶςο
2416 1922 2513 1977 νῦν
2557 1924 2658 1994 μὲν
2698 1924 2810 1994 γὰρ
2856 1927 2890 1994 ἡ
2920 1923 3032 1978 τῶν
3059 1921 3265 1994 ἡδονῶν
3303 1920 3584 1974 iniustus
3634 1917 3851 1987 φθαρᾶι

2255 2002 2484 2083 ὕστερον
2519 2014 2578 2068 δι
2625 2017 2660 2085 η
2707 2016 2820 2070 τῶν
2840 2014 3134 2086 τιμωριῶν
3156 2013 3467 2079 ἀπόκειται,
3516 2011 3582 2077 ἑξ
3608 2005 3699 2066 ὧν
3727 2013 3855 2074 ab:

2254 2102 2407 2173 αὐτῷ
2439 2103 2913 2177 προσερχομένους
2945 2104 3192 2174 ῥύσεται.

2333 2212 2355 2246 ι
2398 2193 2504 2250 Τὸν
2541 2194 2915 2266 στεφανοῦντά
2934 2195 3082 2249 στὶν
3106 2194 3273 2248 ὲλέει.
3315 2209 3334 2245 s

2340 2287 2469 2341 ’Βάν
2494 2287 2604 2359 γὰρ
2631 2283 2697 2359 ᾗς
2732 2287 2872 2359 πρὸς
2899 2287 2994 2342 τὸν
3018 2286 3248 2358 πλησίον
3279 2282 3615 2355 συμπαθὴς,
3646 2281 3849 2350 στέμ-

2255 2375 2348 2431 νόν
2368 2393 2451 2432 σοι
2481 2376 2581 2448 τὴν
2599 2377 2710 2431 τῶν
2727 2377 2981 2450 οὐρανῶν
3007 2375 3288 2448 βασιλείαν
3305 2372 3614 2445 χαρίσεται
3633 2371 3820 2439 λέγων
3834 2387 3850 2400 ο

2256 2469 2435 2524 Δεῦτε
2472 2472 2527 2524 oi
2555 2471 2957 2540 εὐλογημένοι
2981 2468 3087 2524 τοῦ
3122 2466 3358 2536 Πατρός
3370 2482 3519 2536 μου.
3548 2467 3855 2533 μαίνονθ-

2251 2560 2489 2629 μήσατε
2534 2562 2651 2630 τὴν
2679 2561 3133 2632 ἡτοιμασμένην
3171 2559 3315 2629 ὑμῖν
3349 2558 3715 2623 ,βασιλειαν
3742 2555 3854 2611 ἀπὸ

2257 2652 2598 2722 καταϐολῆς
2625 2655 2883 2723 κόσμου.
2927 2652 3254 2708 Ἐπείνασα
3277 2649 3390 2720 τὰρ
3406 2688 3422 2714 ,
3446 2647 3556 2704 καὶ
3592 2647 3856 2704 ἐδώκατέ

2252 2765 2356 2818 μοι
2394 2745 2631 2817 φαγεῖν·
2670 2745 2958 2814 ἐδίψησα,
3001 2744 3099 2798 καί
3132 2741 3457 2799 ἐποτίσατέ
3491 2756 3579 2811 με
3596 2782 3617 2807 ,
3662 2741 3761 2796 καὶ
3794 2739 3859 2792 ea

2255 2838 2468 2901 τούτοις
2495 2835 2758 2907 ἑπόμενω
2780 2834 2950 2889 ἐλεῶν
2972 2835 3032 2889 δὲ
3057 2836 3218 2889 τοῦτο
3240 2833 3393 2901 λέγει
3414 2850 3429 2864 τ
3466 2831 3786 2901 Μακάριοι
3808 2833 3860 2885 οι

2184 2967 2230 3027 c
2259 2929 2608 2999 ἐλεήμονες.
2650 2927 2740 2983 ὅτι
2769 2927 2940 2983 αὐτοὶ
2959 2926 3415 2995 ἐλεηθήσονται.

2340 3040 2361 3075 ι
2394 3023 2498 3077 Τὸν
2523 3021 2885 3094 ὲμπιπλῶντα
2908 3024 2969 3075 ὲν
2985 3021 3235 3089 ἀγαθοῖς.
3276 3038 3296 3072 s

2335 3114 2448 3169 Καὶ
2478 3114 2561 3179 τίς
2591 3113 2747 3186 ἡμῶν
2770 3115 2805 3186 ἡ
2833 3112 3140 3184 ἐπιθυμίας
3182 3111 3470 3181 κληθῆναι
3507 3110 3714 3175 θεούςο
3742 3110 3859 3166 τούς

2265 3224 2357 3261 του
2381 3206 2486 3279 γὰρ
2512 3205 2865 3276 ἐπιθυμήσας
2888 3204 3125 3274 όἋδάμ,
3155 3204 3253 3274 τῆς
3278 3202 3689 3274 ἀπειρημένης
3716 3202 3866 3271 ίτΐά-

2269 3316 2401 3356 σατο
2451 3297 2725 3371 βρώσεως.
2779 3296 2999 3366 Ταύτην
3043 3296 3226 3349 τοίνυν
3249 3293 3407 3365 ἡμῶν
3438 3294 3472 3346 ὁ
3514 3292 3744 3363 Κύριος
3774 3292 3863 3361 τὴν

583 3392 751 3464 pluvit
783 3393 962 3457 bonis,
987 3395 1088 3450 sibi
1113 3411 1212 3449 nos
1235 3396 1546 3454 conformes
1569 3399 1805 3456 reddens
1833 3417 1932 3471 per
1962 3402 2162 3458 donum

2272 3390 2567 3461 ἐπιθυμίαν
2622 3388 2848 3459 ἀγαθοῖς
2908 3387 3216 3458 ἐπλήρωσε,
3286 3385 3669 3457 συμμόρφους
3724 3385 3863 3455 ἡμᾶς

584 3482 945 3552 baptismatis,
972 3486 1046 3540 ita
1078 3495 1139 3541 ut
1168 3488 1333 3543 etiam
1359 3497 1649 3560 propterea
1671 3491 1742 3546 dii
1771 3492 1941 3564 gratia
1963 3508 2170 3550 nuncu-

584 3588 800 3643 pcmur.

660 3686 678 3718 ι
713 3668 1086 3727 chovabitur
1110 3681 1169 3727 ut
1189 3674 1407 3744 aquilae.
1432 3693 1451 3723 ι

655 3758 792 3813 Nam
816 3776 939 3815 cum
960 3762 1075 3819 haec
1106 3764 1221 3819 avis
1240 3765 1402 3836 longo
1427 3754 1672 3839 tempore
1693 3769 1956 3837 senuerit,
1981 3784 2172 3826 rursus

588 3847 654 3903 ad
680 3851 917 3918 vigorem
955 3854 1130 3909 redit:
1157 3856 1358 3911 dicitur
1394 3870 1575 3913 autem
1602 3859 1756 3916 fortis
1789 3878 1910 3918 esse
1945 3873 2069 3933 post
2094 3881 2174 3920 se-

588 3941 760 3998 nium.
787 3944 1055 4000 Cteterum
1094 3955 1224 4003 tunc
1258 3950 1421 4004 etiam
1459 3950 1719 4021 juventus
1739 3964 1923 4010 nostra
1947 3972 2177 4012 renova—

2271 3483 2467 3540 ἑαυτοῦ
2494 3480 2844 3551 καταστήσας
2862 3480 2931 3550 τῇ
2952 3478 3130 3549 δωρεᾷ
3155 3476 3251 3531 τοῦ
3277 3476 3707 3547 βαπτίσματος,
3730 3477 3861 3530 ὥστε

2272 3577 2367 3629 καὶ
2393 3573 2549 3641 θεούς
2573 3572 2661 3627 διὰ
2689 3569 2848 3625 τοῦτο
2874 3569 3383 3642 προσαγορεύεσθαι
3406 3569 3637 3640 χάριτι.

2349 3683 2369 3718 ι
2427 3661 2972 3732 Ἀνακαινισθήσεται
3000 3660 3074 3724 ὡς
3107 3658 3291 3714 ἀετοῦ.
3330 3677 3352 3712 s

2346 3753 2538 3825 Χρόνῳ
2567 3750 2675 3824 γάρ
2722 3750 2902 3821 πολλῷ
2930 3750 3092 3803 τοῦτο
3124 3748 3375 3821 γηράσαν
3408 3748 3474 3803 τὸ
3502 3749 3687 3815 ζῶον,
3710 3754 3863 3805 ἐπν-

2276 3850 2498 3917 ἐρχεται
2541 3845 2621 3907 είς
2658 3843 2877 3913 ἀκμήν
2926 3837 3069 3894 εἷναι
3117 3839 3174 3894 δὲ
3207 3842 3300 3895 καὶ
3328 3840 3560 3912 ίσχυρὺν
3600 3842 3752 3913 μετά
3778 3841 3857 3908 γῆ-

2276 3954 2374 4008 ρας
2422 3933 2657 4004 λέγεται.
2713 3930 2859 4001 Πλὴν
2897 3932 3019 3985 τότε
3047 3933 3080 4002 ὴ
3108 3930 3297 4002 νεότης
3322 3930 3484 4001 ἡμῶν
3517 3931 3615 3995 εἰς
3646 3933 3859 3985 ἀνακαι-

593 4046 698 4099 tur,
728 4038 946 4105 quando
979 4039 1150 4094 instar
1187 4042 1379 4111 aquila:
1418 4042 1474 4096 in
1517 4044 1683 4098 altum
1733 4046 2036 4113 evolamus,
2067 4065 2162 4104 non

2275 4038 2468 4105 νισμδν
2490 4034 2726 4105 ἔρχεται,
2763 4033 2892 4086 ὅταν
2918 4027 3217 4099 ὐψιπετοῦς
3246 4022 3406 4080 ἀετοῦ
3436 4024 3613 4093 δίκην
3637 4022 3858 4093 γενύμε·

592 4129 824 4197 amplius
842 4146 961 4199 qua:
983 4147 1146 4199 super
1171 4140 1388 4196 terram,
1415 4135 1508 4188 sed
1544 4151 1665 4205 quae
1699 4154 1916 4199 sursum
1946 4148 2074 4193 sunt
2097 4156 2178 4194 sa-

591 4222 836 4293 pientes;
880 4224 1337 4294 quemadmodum
1365 4226 1520 4281 nobis
1541 4244 1756 4298 quoque
1780 4227 1978 4286 Paulus
2001 4230 2176 4286 incul-

2277 4129 2369 4193 θα,
2398 4128 2594 4199 μηκέτι
2640 4127 2709 4180 τὰ
2750 4125 2850 4194 τῆς
2892 4124 3016 4193 γῆς,
3058 4119 3196 4175 ἀλλά
3238 4118 3306 4173 τά
3336 4118 3452 4172 ἀνω
3486 4117 3855 4187 φρονοῦντες·

2277 4219 2468 4288 ὥσπερ
2493 4220 2626 4289 ἡμῖν
2659 4217 2753 4271 καὶ
2783 4214 2995 4279 Παῦλος
3027 4212 3281 4267 ὑπέθετο.
3327 4209 3521 4265 Ἀετοῦ
3571 4209 3638 4262 δὲ
3689 4208 3855 4263 πάσα.

590 4314 752 4367 cavit.
778 4314 963 4380 Qualis
986 4326 1167 4371 autem
1193 4317 1424 4388 aquilae?
1471 4296 1916 4387 utique—Christi;
1958 4322 2026 4378 de
2062 4339 2162 4392 quo

2275 4312 2392 4367 ἀλλ’
2420 4312 2454 4382 ἢ
2492 4311 2711 4375 πάντως
2752 4308 2844 4362 τοῦ
2881 4305 3117 4377 Χριστοῦ
3137 4346 3152 4371 ,
3185 4302 3315 4373 περὶ
3344 4296 3407 4356 οῦ
3441 4302 3665 4371 Μωσῆς
3696 4301 3857 4358 οὕτως

593 4406 804 4475 Moyses
840 4407 912 4461 ita
939 4424 1142 4464 canens
1180 4411 1510 4465 insinuavit:
1539 4410 1685 4465 Sicut
1715 4413 1896 4483 aquila
1929 4417 2053 4484 tegit
2087 4417 2169 4469 ni-

2274 4405 2414 4476 ᾄδων
2442 4403 2709 4473 ἠνίττετο,
2753 4398 2849 4466 Ὠς
2883 4398 3058 4464 ἀετὸς
3086 4395 3364 4456 σκεπάζει
3405 4394 3686 4448 νοσσιὰν
3733 4394 3854 4448 ἐστι·

592 4500 717 4552 dum
744 4516 915 4563 suum,
942 4509 989 4554 et
1032 4516 1188 4567 super
1225 4502 1397 4570 pullos
1422 4519 1543 4557 suos
1570 4503 1888 4558 desideravit
1919 4503 2162 4576 [Vulgata

2274 4496 2401 4556 τοῦ,
2431 4494 2528 4550 καί
2555 4492 2654 4548 ἐπὶ
2673 4492 2797 4558 τοῖς
2816 4489 3103 4555 νεοσσοῖς
3123 4487 3309 4545 αὐτοῦ
3339 4487 3731 4553 ἐκεκόθησε;
3766 4485 3855 4540 Καὶ

593 4587 895 4661 volavit“.]
942 4589 1006 4644 Et
1039 4590 1162 4660 quis
1193 4591 1282 4645 hic
1320 4592 1486 4646 fuerit
1529 4593 1814 4660 subiunxit
1854 4610 1866 4646 :
1920 4572 2162 4652 Dominus

2273 4587 2357 4649 τίς
2395 4578 2548 4649 οὗτος
2586 4585 2833 4653 ἐπήγαγε
2860 4599 2874 4613 ·
2933 4581 3147 4649 Κύριος
3170 4579 3360 4649 μόνος
3389 4572 3543 4647 ἦγεν
3588 4578 3816 4643 αὐτούς
3838 4588 3851 4601 ⁸

591 4678 734 4733 solus
765 4681 915 4734 duxit
941 4698 1025 4735 eos
1048 4696 1067 4734 :
1092 4691 1142 4735 et
1170 4699 1271 4736 non
1301 4692 1415 4738 erat
1441 4701 1556 4737 cum
1581 4686 1655 4739 eis
1685 4684 1818 4740 Deus
1848 4686 2132 4743 alienus“.

667 4770 828 4828 Vens.
854 4772 907 4828 7.
952 4793 971 4825 ι
1001 4773 1169 4830 Notas
1191 4775 1321 4830 fecit
1346 4776 1466 4832 vias
1488 4793 1616 4832 suas
1638 4777 1825 4850 Moysi.
1861 4798 1880 4831 ι

628 4862 826 4932 ‘Olim,
853 4865 1049 4936 inquit,
1069 4865 1334 4937 judicium
1360 4866 1521 4923 faciet
1558 4867 1812 4938 injuriam
1853 4869 2048 4941 passis.
2072 4870 2173 4924 Dc-

593 4944 836 5029 signatur
871 4967 1055 5014 autem
1094 4958 1198 5022 lex,
1222 4958 1278 5014 in
1319 4974 1427 5030 qua
1466 4960 1582 5015 vias
1621 4975 1768 5025 suas,
1794 4961 2003 5018 scilicet
2025 4978 2176 5016 man-

2277 4675 2373 4730 καί
2403 4677 2515 4729 οὐκ
2550 4668 2630 4744 ἦν
2655 4672 2783 4742 μετ’
2805 4669 3005 4725 αὐτῶν
3026 4669 3173 4735 Θεὸς
3196 4668 3544 4735 ἀλλότριος.

2351 4788 2369 4819 ι
2429 4766 2727 4839 Ἐγνὼρισε
2759 4764 2858 4829 τὰς
2881 4764 3033 4826 ὁδοὺς
3064 4760 3230 4816 αὐτοῦ
3256 4760 3335 4831 τῷ
3365 4760 3570 4830 Minui].
3611 4780 3633 4812 s

2348 4861 2544 4927 Πάλαι,
2570 4860 2725 4932 φησὶ,
2754 4860 2930 4930 κρῖμα
2960 4859 3105 4912 ποιεῖ
3124 4858 3233 4919 τοῖς
3264 4852 3683 4924 ἀδικουμένοις.
3709 4848 3853 4922 Δηλδ

2277 4954 2439 5008 τάσδε
2475 4957 2503 5007 ὁ
2533 4952 2696 5023 νόμος
2721 4992 2735 5018 ,
2771 4953 2828 5003 ὲν
2863 4944 2906 5018 ᾧ
2933 4949 3033 5011 τὰς
3086 4948 3240 5011 ὁδοὺς
3270 4945 3438 4999 αὐτοῦ
3467 4984 3484 5009 ,
3512 4945 3731 5016 δηλαδὴ
3770 4944 3851 4999 τάξ

592 5050 738 5113 data,
769 5048 936 5122 Moysi
972 5049 1295 5114 notilicavit,
1319 5058 1375 5105 et
1410 5065 1505 5119 per
1543 5051 1723 5121 ipsum
1744 5052 1867 5107 filiis
1899 5053 2063 5108 Israel
2087 5069 2162 5107 vo

2279 5045 2522 5110 ἐντολὰς,
2552 5043 2632 5114 τῷ
2660 5044 2831 5113 Μωσῇ
2854 5040 3144 5109 ἐγνώρισε,
3174 5037 3270 5091 καὶ
3288 5037 3359 5089 δι’
3384 5035 3561 5090 αὐτοῦ
3588 5040 3707 5101 τοῖς
3734 5032 3849 5093 tibi:

594 5141 830 5198 ltmtates
869 5158 1015 5197 suas.
1040 5140 1303 5197 Voluntas
1344 5141 1491 5197 enim
1534 5143 1629 5198 Dei
1673 5153 1779 5208 est,
1822 5154 1882 5197 ut
1930 5159 2038 5198 non
2086 5145 2178 5200 tiat

594 5232 944 5299 adulterium,
967 5247 1146 5304 neque
1189 5232 1568 5296 homicidium,
1603 5249 1782 5305 neque
1828 5235 2054 5299 furtum,
2080 5251 2180 5290 ne-

596 5338 703 5393 que
733 5323 924 5378 falsum
948 5322 1353 5391 testimonium;
1376 5325 1634 5395 quoniam
1667 5326 1769 5381 hoc
1799 5326 1963 5382 mo‘do
2000 5326 2175 5381 salva-

599 5431 651 5471 ΙΠ
660 5433 691 5471 ll
699 5434 742 5470 l’.

674 5508 835 5565 Vens.
862 5510 917 5564 8.
956 5510 1236 5567 Miscrator
1257 5518 1310 5567 et
1336 5511 1647 5567 misericors
1667 5511 1949 5566 Dominus.
1977 5529 2007 5567 ι,

2294 5135 2516 5207 Ἰσραὴλ
2546 5135 2615 5189 τὰ
2645 5134 2931 5204 θελήματα
2956 5131 3146 5185 αὐτοῦ.
3177 5129 3400 5201 Θὲλημα
3432 5129 3550 5199 γὰρ
3584 5129 3686 5183 τοῦ
3708 5125 3848 5188 0e55,

2281 5230 2343 5283 τὸ
2366 5230 2441 5300 μὴ
2474 5228 2772 5299 μοιχεύειν,
2805 5224 2882 5297 μὴ
2914 5225 3186 5293 φονεύειν,
3220 5223 3294 5294 μὴ
3322 5221 3610 5288 κλέπτειν,
3640 5221 3850 5295 ad»

2281 5324 2644 5396 δομαρτυρείν
2673 5337 2685 5350 ’
2725 5318 2911 5389 ἐπειδὴ
2934 5317 3025 5371 διὰ
3048 5316 3254 5370 τούτων
3276 5314 3597 5386 σωζόμεθα.

3702 5467 3736 5495 ,ι

2362 5528 2380 5562 ι
2415 5507 2727 5579 Οἰκτίρμων
2754 5505 2849 5560 καὶ
2880 5505 3127 5578 ἐλεήμων
3161 5505 3190 5557 ὁ
3215 5500 3440 5573 Κύριος.
3479 5518 3500 5553 ι

677 5677 725 5712 ⁸⁸
757 5678 950 5736 Matth.
986 5698 1113 5749 xxv,
1154 5668 1243 5740 διζ
1307 5685 1351 5717 ³³
1387 5684 1581 5741 Matth.
1614 5702 1668 5754 v,
1700 5687 1751 5741 7.
1824 5686 1868 5719 ”
1906 5685 2066 5741 Deut.
2096 5699 2162 5739 xx

2303 5682 2386 5738 ll.
2463 5682 2506 5715 “
2538 5680 2669 5738 ibid.
2713 5679 2798 5735 12.

3714 254 3939 321 1283'
