4036 6200
321 295 426 360 1289

311 502 469 564 οἵτινες
484 502 542 552 έν
563 499 639 570 τῷ
660 499 838 570 καιρῷ
862 499 953 554 τοῦ
972 498 1306 564 Δεσποτικοῦ
1323 498 1528 562 πάθους
1546 499 1861 567 ἀναγκαίως

310 593 534 662 ὠρύοντο,
553 593 871 664 νομίζοντες
900 592 1024 644 τότε
1057 589 1232 663 θήρας
1264 591 1408 662 ἔχειν
1436 591 1648 661 καιρόν.
1672 589 1863 643 "E615-

312 701 392 737 πον
413 683 510 754 γὰρ
535 682 738 735 Ἰούδαν
780 681 1182 753 προδεδωκότα,
1212 681 1304 734 τὸν
1352 683 1560 753 Πέτρον
1593 680 1863 751 ἀρνούμε-

309 793 400 843 νον,
424 776 540 838 τοὺς
555 774 784 838 λοιποὺς
809 774 1144 839 ἀποστόλους
1169 774 1617 843 σκορπισθέντας.
1640 772 1862 844 Ὠρύον-

307 884 358 920 το
390 867 562 919 τοίιυν
599 907 614 931 ,
682 867 931 937 ἁρπάσαι
973 866 1071 919 καὶ
1121 866 1362 935 ζητῆσαι
1400 864 1553 935 παρὰ
1596 863 1691 917 τοῦ
1724 861 1860 916 Θεοῦ

307 959 414 1021 τοὺς
437 957 674 1020 δικαίους
702 956 942 1022 ’ἐξαιτεῖν
989 959 1070 1019 εἰς
1113 957 1476 1028 πειρατήρια.
1512 957 1582 1008 Ἢ
1609 955 1732 1026 οὐχὶ
1770 954 1863 1008 τὸν

291 1035 412 1103 ⁴Ἰὼό
447 1049 710 1120 ἐξῄτησεν
758 1051 788 1102 ὁ
828 1047 1115 1114 διάϐολος;
1186 1047 1452 1119 Ἐξῄτησε
1505 1048 1563 1102 δὲ
1596 1049 1690 1100 καὶ
1737 1037 1864 1128 τοὺς

305 1141 608 1204 ἀποστόλους
660 1140 813 1211 παρὰ
857 1139 952 1193 τοῦ
995 1139 1272 1210 Χριστοῦ,
1313 1139 1456 1193 ὥστε
1509 1141 1604 1194 τὸν
1645 1138 1860 1219 ’Κύριον

306 1235 491 1303 λέγειν’
516 1233 732 1302 Σίμων,
771 1233 966 1302 Σίμων
989 1274 1005 1299 ,
1037 1231 1298 1298 ποσάκις
1348 1221 1652 1302 ἐξῄτησεν
1692 1233 1726 1284 o'
1752 1233 1865 1283 Σα-

308 1325 464 1393 τανᾶς
483 1325 754 1379 σινιᾶσαι
775 1324 931 1394 ὑμᾶς
949 1327 1030 1390 ὡς
1055 1325 1161 1379 τὸν
1175 1325 1365 1379 σῖτον
1389 1324 1505 1393 ἐγὼ
1526 1323 1594 1376 δὲ
1611 1322 1865 1388 ἐδεήθην

304 1412 418 1481 περὶ
442 1411 554 1465 σοῦ
586 1412 686 1465 ἵνα
712 1411 797 1480 μὴ
824 1411 1041 1479 ἐκλίπῃ
1070 1413 1106 1479 ἡ
1138 1411 1342 1476 πίστις
1360 1424 1499 1466 σου.

367 1524 384 1556 ι
407 1503 696 1556 Ἀνέτειλεν
729 1503 758 1554 ὁ
795 1503 968 1574 ἥλιος,
999 1504 1093 1556 καὶ
1122 1503 1494 1573 συνήχθησαν.
1546 1523 1564 1553 ι

364 1595 707 1657 Ἀναστάντος
734 1596 840 1665 γὰρ
869 1594 1107 1664 Χριστοῦ
1147 1593 1532 1664 ὑπεχώρησαν.
1579 1594 1672 1646 Διὸ
1716 1593 1855 1661 Σύμ-

302 1703 456 1756 μαχος
508 1687 626 1740 ἀντὶ
679 1685 772 1737 τοῦ
835 1685 1243 1752 συνήχθησαν
1270 1725 1284 1748 ,
1343 1683 1862 1752 ὑποχωρήσουσιν

299 1777 506 1846 ἔγραψε.
545 1775 655 1828 Ποῦ
691 1776 752 1828 δὲ
807 1774 1205 1846 ὑπεχώρησαν;
1244 1776 1322 1839 εἰς
1356 1775 1456 1837 τὰς
1486 1774 1696 1827 ἑαυτῶν
1725 1774 1860 1843 μάν-

295 1867 434 1938 δραςο
457 1865 586 1918 ένοα
619 1865 1108 1929 κατακοιτάζονται
1133 1866 1382 1932 ἑρπετῶν
1406 1865 1562 1935 δίκην
1583 1864 1856 1932 φωλεύον-

295 1974 394 2020 τες.
434 1957 539 2009 Καὶ
572 1956 716 2026 μάλα
752 1955 1000 2019 εἰκότως,
1030 1955 1220 2023 ἐπειδὴ
1266 1955 1327 2008 τὸ
1376 1953 1600 2025 Θαρρεῖν
1631 1955 1743 2016 τοῖς
1774 1952 1859 2004 ὃν·

295 2066 394 2110 τως
408 2048 710 2117 ἀνθρώποις
733 2046 962 2099 δέδωκεν
984 2047 1016 2115 ἠ
1043 2045 1138 2099 τοῦ
1158 2044 1394 2114 Χριστοῦ
1417 2047 1736 2109 ἀνάστασις,
1764 2044 1858 2096 καὶ

296 2138 604 2210 προέτρεψε,
615 2136 808 2206 μέχρις
824 2135 1080 2206 ἑσπέρας,
1098 2134 1299 2206 δηλαδὴ
1318 2134 1414 2204 τῆς
1429 2133 1522 2186 τοῦ
1543 2133 1658 2202 βίου
1674 2149 1858 2185 συντε-

295 2229 452 2291 λείας,
508 2227 569 2280 τδ
625 2225 785 2296 ἔργον
839 2225 900 2277 τὸ
952 2225 1152 2277 οἰκεῖον
1201 2222 1553 2294 ἐργάζεσθαι,
1611 2222 1859 2274 τουτέστι

292 2318 386 2388 τὴν
407 2317 603 2388 ἀρετήν
626 2331 640 2345 ·
689 2312 894 2367 ταύτην
933 2315 1042 2383 γὰρ
1076 2314 1209 2383 ἡμῖν
1257 2314 1285 2364 ὁ
1322 2311 1454 2374 Θεὸς
1483 2313 1562 2374 εἰς
1588 2309 1859 2379 ἐργασίαν

297 2408 512 2462 ἔδωκεν.

362 2517 380 2549 ι
426 2498 508 2562 Ὡς
539 2496 881 2568 έμεγαλύνθη
916 2498 986 2551 τὰ
1015 2496 1154 2567 ἔργα
1186 2514 1302 2562 σου,
1344 2497 1538 2568 Κύριε.
1577 2516 1594 2548 ι

368 2671 758 2742 Ἐκπλήττεται
787 2669 878 2724 τοῦ
913 2669 1050 2723 Θεοῦ
1081 2670 1149 2724 τὰ
1198 2671 1462 2742 εἰρημένα
1501 2672 1777 2742 μυστήρια
1804 2672 1861 2724 ὲν

290 2765 446 2836 σοφίᾳ.
474 2763 640 2833 πολλῇ
672 2764 765 2816 καὶ
803 2762 1016 2832 μεγάλῃ
1047 2764 1316 2833 γενόμενα
1345 2779 1358 2792 ⁸
1392 2763 1458 2834 ἣν
1479 2763 1554 2827 ὡς
1583 2762 1860 2834 ὑπερϐάλ-

283 2857 476 2910 λουσαν
506 2856 598 2907 καὶ
639 2854 761 2906 λίαν
794 2839 1113 2924 ἀπόκρυφον
1163 2853 1364 2920 οὐδεὶς
1397 2853 1514 2907 τῶν
1547 2856 1861 2923 ἀρχόντων

284 2948 386 3002 τοῦ
415 2947 626 3012 αἰῶνος
652 2947 866 3000 τούτου
885 2945 1251 3016 ἕγνωκεν.Εὶ
1276 2945 1386 3014 γὰρ
1415 2945 1716 3016 ἔγνωσαν,
1749 2949 1859 3002 οὐκ

1403 293 1861 352 FRAGMENTA
1929 293 2005 352 IN
2067 293 2421 353 PSAIMOS.

361 409 509 481 Θηρξα
527 407 618 462 τοῦ
633 408 840 478 δρυμοῦ
857 409 950 462 καὶ
971 406 1246 478 σκύμνους
1264 410 1350 462 τοὶ
1363 427 1386 471 ς
1399 409 1657 478 δαίμονάς
1673 424 1856 477 φησιν,

2038 407 2244 463 Bestias
2266 408 2416 463 silva:
2436 417 2489 462 et
2511 405 2719 462 catulos
2741 407 2956 460 leonum
2981 405 3216 475 appellat
3232 405 3534 470 daemones.

3401 293 3536 357 1290

1963 498 2055 568 qui
2096 509 2340 568 tempore
2375 499 2666 554 Dominica:
2708 497 2978 568 passionis
3018 499 3330 556 necessario
3365 502 3538 573 rugie-

1965 591 2116 654 bant,
2168 591 2546 649 existimantes
2606 599 2736 644 tunc
2787 590 2994 645 bestias
3041 591 3244 648 habere
3300 604 3534 664 tempus.

1967 679 2238 736 Videbam
2279 681 2424 736 enim
2465 681 2659 736 Judam
2686 680 3031 750 prodentem,
3064 679 3288 736 Petrum
3334 700 3540 754 negan-

1964 781 2098 836 tem,
2119 775 2357 843 reliquos
2375 773 2650 843 apostolos
2676 773 2990 842 dissipatos.
3018 772 3330 844 Rugiebant
3354 776 3540 845 igitur,

1965 873 2027 918 ut
2055 874 2386 934 raperentct
2414 873 2768 935 quarerenta
2791 863 2901 920 Deo
2915 864 3094 934 justos
3120 865 3187 920 ad
3220 867 3540 921 tentandum

1965 956 2342 1025 expostulare.
2375 956 2632 1026 Nunquid
2660 957 2823 1011 etiam
2850 956 3044 1012 Jobum
3075 958 3326 1013 diabolus
3354 960 3542 1029 exqui-

1965 1045 2146 1101 sivit?
2183 1045 2423 1118 Expetiit
2465 1057 2647 1103 autem
2689 1049 2966 1118 apostolos
3007 1065 3036 1103 a
3065 1049 3304 1117 Christo,
3358 1051 3431 1106 ita
3481 1061 3542 1105 ut

1965 1136 2131 1190 etiam
2181 1136 2446 1193 Dominus
2505 1138 2715 1192 diceret
2757 1156 2770 1191 :
2825 1137 3028 1204 Simon,
3077 1139 3282 1205 Simon,
3336 1144 3540 1210 quoties

1965 1226 2197 1281 Satanas
2217 1229 2462 1297 expetivit
2494 1245 2582 1285 vos
2603 1239 2659 1283 ut
2691 1231 2951 1284 cribraret
2980 1232 3114 1284 sicut
3144 1234 3423 1287 triticum?
3451 1251 3543 1304 ego

1966 1327 2144 1370 autem
2178 1320 2358 1386 rogavi
2395 1335 2490 1388 pro
2521 1329 2587 1385 te,
2621 1330 2677 1373 ut
2711 1337 2812 1374 non
2848 1322 3059 1388 deficiat
3095 1322 3224 1390 ﬁdes
3255 1332 3346 1376 tua
3370 1325 3435 1377 ⁶¹.

2040 1497 2201 1553 Vens.
2235 1499 2326 1552 22.
2363 1517 2380 1548 ι
2414 1499 2579 1552 Ortus
2601 1506 2686 1554 est
2714 1500 2816 1563 sol,
2852 1509 2909 1554 et
2933 1502 3240 1572 congregati
3271 1513 3419 1556 sunt.

2041 1590 2263 1644 Christo
2290 1589 2434 1644 enim
2468 1599 2786 1660 resurgente
2808 1601 3175 1645 recesserunt.
3203 1592 3543 1662 Quapropter

1969 1681 2327 1752 Symmachus
2343 1696 2442 1751 pro
2460 1683 2763 1752 congregati
2774 1693 2892 1736 sunt
2912 1683 3018 1738 scri
3025 1683 3131 1752 psit
3147 1687 3404 1738 recedent.
3425 1685 3543 1750 Quo

1965 1784 2146 1826 autem
2173 1772 2560 1828 recesserunt?
2578 1774 2632 1827 in
2653 1773 2821 1829 lustra
2847 1789 2943 1828 sua
2965 1791 2978 1826 :
3000 1774 3073 1829 ibi
3093 1774 3294 1829 cubant
3316 1791 3542 1844 serpen-

1965 1864 2100 1916 tium
2139 1863 2310 1917 instar
2347 1864 2647 1920 latitantes.
2688 1864 2755 1919 Et
2788 1865 2913 1935 jure
2952 1866 3324 1931 meritissimo,
3367 1883 3542 1937 quan-

1963 1953 2257 2022 doquidem
2317 1954 2383 2008 iis
2435 1955 2527 2024 qui
2591 1970 2778 2010 revera
2841 1956 3094 2011 homines
3157 1968 3285 2013 sunt
3337 1958 3542 2015 Christi

1965 2045 2296 2100 resurrectio
2316 2045 2568 2100 ﬁduciam
2597 2047 2768 2111 dedit,
2792 2057 2848 2102 et
2867 2049 3156 2104 adltortata
3177 2060 3260 2105 est
3281 2061 3340 2106 ut
3370 2067 3543 2122 usque

1963 2140 2031 2194 ad
2060 2155 2368 2210 vesperam,
2401 2142 2609 2197 scilicet
2636 2143 2761 2197 vita:
2800 2143 2965 2214 hujus
2989 2147 3540 2216 c'onsummationem,

1965 2231 2248 2302 proprium
2294 2248 2433 2304 opus
2485 2243 2734 2304 agerent,
2801 2251 3001 2307 nempe
3049 2237 3353 2295 virtutem:
3402 2241 3543 2298 hanc

1963 2325 2110 2380 enim
2138 2326 2298 2382 nobis
2330 2326 2474 2382 Deus
2503 2328 2574 2383 ad
2603 2331 2944 2398 operandum
2975 2331 3146 2387 dedit.

2017 2503 2180 2558 Vens.
2217 2505 2308 2559 24.
2334 2524 2351 2556 ι
2373 2504 2542 2571 Quam
2563 2505 2904 2578 magniﬁcam
2933 2515 3061 2564 sunt
3090 2518 3255 2581 opera
3289 2521 3404 2578 tua,
3439 2511 3543 2568 Do-

1964 2595 2131 2650 mine.
2165 2616 2183 2646 ι

2038 2687 2394 2760 Obstupescit
2424 2691 2571 2746 dicta
2608 2692 2702 2747 Dei
2736 2696 2992 2766 mysteria
3027 2697 3082 2751 in
3113 2699 3282 2752 multa
3317 2715 3541 2771 magna-

1971 2790 2076 2843 que
2104 2776 2372 2846 sapientia
2412 2777 2553 2833 facta
2579 2797 2592 2832 :
2622 2796 2784 2849 quam
2817 2793 3005 2854 utpote
3031 2787 3284 2840 eximiam
3311 2798 3365 2842 et
3386 2790 3540 2846 valde

1964 2881 2214 2920 arcanam
2258 2884 2408 2922 nemo
2445 2870 2740 2939 principum
2763 2874 2920 2942 hujus
2959 2875 3138 2928 satculi
3181 2881 3434 2948 cognouit.
3477 2882 3539 2936 Si

1965 2960 2101 3013 enim
2129 2961 2507 3029 cognovissent,
2538 2978 2807 3032 nunquam
2841 2965 3126 3021 Dominum
3157 2969 3340 3040 gloria:
3367 2977 3536 3028 cruci-

280 3040 357 3094 ἂν
383 3040 488 3092 τὸν
530 3037 750 3106 Κύριον
786 3035 894 3105 τῆς
921 3035 1105 3104 δόξης
1127 3037 1540 3106 ἐσταύρωσαν,
1578 3039 1720 3094 καθά
1753 3055 1858 3109 φη-

1964 3049 2194 3117 ﬁxissent
2225 3053 2291 3117 ⁸⁸,
2326 3052 2402 3106 uti
2439 3051 2638 3107 Paulus
2665 3055 2759 3108 ait.

279 3145 363 3182 σιν
389 3129 417 3182 ὁ
446 3126 680 3190 Παῦλος.

352 3236 371 3268 ι
419 3214 740 3288 Ἐπληρὼθη
766 3216 800 3286 ἡ
831 3215 902 3286 γῆ
931 3215 1030 3286 τῆς
1049 3214 1282 3278 κτίσεῶς
1307 3232 1426 3272 σου.
1464 3236 1482 3266 ι

345 3308 604 3360 Τουτέστι
650 3306 745 3360 τοῦ
791 3306 1150 3376 ὲγκαινισμοῦ
1190 3307 1286 3359 καὶ
1329 3307 1429 3374 τῆς
1466 3307 1855 3375 ξὰνανεὼσεως.

270 3398 344 3450 Εἴ
365 3416 454 3464 τις
481 3399 594 3468 γὰρ
639 3400 709 3452 ὲν
748 3396 1000 3466 Χριστῷ.
1039 3396 1216 3464 καινὴ
1257 3397 1455 3462 κτίσις
1482 3414 1496 3430 ο
1527 3397 1600 3452 τὰ
1642 3397 1860 3466 ἀρχαῖα

271 3487 606 3558 παρῆλθεν,
643 3487 774 3541 ἰδοὺ
803 3489 1010 3558 γέγονε
1039 3489 1112 3540 τὰ
1145 3487 1342 3540 πάντα
1371 3487 1567 3542 καινά.
1595 3487 1695 3542 Διά
1723 3489 1773 3541 τί
1803 3488 1858 3540 δὲ

272 3555 432 3652 ὴίγῆς
475 3580 663 3651 ἐπειδὴ
689 3579 770 3642 είς
810 3555 980 3652 αὐτὴν
1009 3582 1036 3633 ὀ
1077 3579 1267 3642 κλίνας
1315 3580 1578 3650 οὐρανοὺς
1619 3581 1857 3635 καταϐέ-

270 3675 435 3744 ϐηκε.
464 3672 589 3737 Πῶς
641 3672 698 3725 δὲ
765 3671 933 3742 αὐτὴν
984 3671 1222 3737 ἔκτισεν,
1273 3671 1391 3724 ἀλλ’
1438 3673 1471 3743 ἣ
1510 3671 1578 3724 δι’
1625 3672 1854 3738 ὑδάτων,

266 3765 466 3837 ῶσπερ
498 3763 669 3835 αὐτὴν
698 3763 790 3817 καὶ
833 3765 926 3817 ἀπ’
957 3763 1135 3834 ἀρχῆς
1175 3763 1504 3833 παρήγαγε;
1549 3763 1616 3816 δι’
1650 3763 1858 3816 ὑδάτων

263 3857 324 3912 δὲ
374 3857 472 3910 τοῦ
507 3856 902 3928 βαπτίσματος,
932 3853 1156 3924 εὔδηλον
1187 3871 1198 3886 ·
1235 3855 1430 3926 μηνύει
1475 3855 1582 3926 γὰρ
1616 3855 1676 3909 τὸ
1726 3854 1855 3909 ἑπό-

265 3966 462 4020 μενον.

342 4061 362 4094 ι
395 4040 547 4111 Αὕτη
588 4042 620 4112 ἡ
654 4039 901 4095 θάλασσα
932 4041 965 4112 ἠ
1001 4041 1238 4111 μεγάλη.
1289 4059 1306 4091 ι

333 4129 571 4200 Μεγάλη
622 4131 654 4201 ἡ
710 4131 867 4201 χάρις
916 4129 1010 4182 τοῦ
1064 4129 1462 4198 βαπτίσματος,
1513 4127 1588 4192 ῶς
1627 4128 1845 4201 μεγάλα

257 4223 604 4292 περιέχουσα
653 4222 950 4291 μυστήρια.
989 4219 1314 4291 Εὐρύχωρος
1343 4219 1423 4284 δὲ,
1449 4220 1524 4284 ὡς
1554 4220 1683 4290 ὃλην
1741 4238 1850 4290 χω-

2043 3253 2059 3284 ι
2093 3234 2319 3302 impleta
2347 3245 2429 3289 est
2462 3244 2605 3290 terra
2639 3245 2889 3292 creatura
2921 3247 3032 3294 tua.
3075 3258 3096 3291 ι

2034 3325 2090 3380 Id
2117 3335 2201 3380 est
2241 3325 2635 3383 inStauratione
2669 3339 2724 3384 et
2765 3329 3140 3388 innovatione.
3187 3334 3248 3389 Si
3282 3352 3384 3405 qua
3417 3353 3537 3408 ergo

1961 3417 2017 3469 in
2059 3415 2265 3471 Christo
2312 3435 2444 3472 nova
2502 3429 2746 3473 creatura
2776 3438 2794 3486 ;
2822 3433 2995 3476 vetera
3040 3426 3382 3493 transierunt,
3427 3445 3539 3483 ecce

1961 3507 2103 3575 facta
2159 3519 2279 3562 sunt
2335 3511 2516 3564 omnia
2557 3522 2691 3564 nova
2715 3512 2780 3566 ⁸³.
2811 3513 2893 3567 Ad
2933 3513 3064 3584 quid
3114 3523 3296 3570 autem
3349 3528 3490 3572 terra
3515 3522 3540 3572 ?

1960 3599 2402 3670 quandoquidem
2435 3602 2501 3658 ad
2532 3603 2676 3657 illam
2722 3603 2892 3659 caelos
2939 3605 3212 3661 inclinans
3235 3607 3534 3665 descendit.

1961 3690 2245 3755 Quomodo
2295 3703 2475 3748 autem
2517 3695 2662 3749 illam
2712 3696 2936 3762 creavit,
2966 3698 3072 3752 nisi
3133 3713 3298 3769 super
3348 3716 3533 3770 aquas,

1959 3782 2417 3850 quemadmodum
2451 3783 2520 3839 ab
2563 3784 2717 3840 initio
2750 3799 2869 3840 eam
2917 3787 3294 3856 produxerat?
3318 3789 3535 3844 Clarum

1959 3881 2142 3927 autem
2195 3873 2337 3943 quod
2380 3888 2475 3943 per
2517 3882 2687 3944 aquas
2731 3877 3101 3946 baptismatis.
3151 3877 3264 3934 lloc
3310 3879 3456 3935 enim
3483 3881 3534 3935 id

1958 3961 2103 4030 quod
2131 3963 2378 4032 sequitur
2407 3963 2668 4019 insinuat.

2033 4051 2192 4108 Vens.
2223 4053 2313 4108 9.5.
2351 4073 2369 4106 ι
2417 4053 2531 4110 llou
2560 4072 2708 4112 mare
2731 4073 3010 4129 magnum.
3050 4079 3068 4112 ι

2027 4145 2212 4217 Magna
2243 4157 2325 4202 est
2363 4148 2704 4218 baptismatis
2739 4151 2932 4221 gratia,
2963 4161 3152 4220 utpote
3185 4167 3377 4223 magna
3399 4168 3534 4208 con;

1957 4239 2136 4292 tinens
2187 4239 2462 4308 mysteria.
2503 4239 2635 4294 Lata
2677 4249 2880 4305 autem,
2913 4241 3040 4310 quia
3095 4250 3262 4296 totam
3308 4243 3534 4313 spiritus

256 4311 440 4382 ροῦσα
489 4312 590 4384 τὴν
645 4313 930 4384 ἐνέργειαν
979 4308 1072 4363 τοῦ
1133 4310 1463 4381 πνεύματος.
1527 4311 1768 4387 Ἐρπετά
1792 4328 1849 4363 τε

1964 4330 2336 4399 complectitur
2403 4330 2858 4400 inoperationem.
2921 4308 3153 4402 Reptilia
3209 4308 3390 4390 autem
3452 4336 3536 4389 in-

251 4404 392 4465 τοὺς
417 4403 798 4474 ἁμαρτωλοὺς,
822 4403 909 4456 διὰ
929 4402 989 4455 τὺ
1019 4401 1213 4472 ἕρπειν
1241 4402 1438 4464 αὐτοὺς
1467 4403 1559 4455 ἐπὶ
1588 4402 1657 4454 τὰ
1683 4403 1848 4471 γήϊνα

1964 4398 2134 4493 ιθιιίέε
2169 4398 2512 4492 peccatores,
2534 4439 2602 4477 eo
2635 4425 2780 4493 quod
2820 4424 2886 4479 ad
2917 4398 3132 4480 terrena
3168 4436 3358 4496 repant
3393 4446 3406 4483 :
3443 4430 3533 4497 qui

250 4492 484 4564 νόησονο
507 4495 666 4565 οἵπερ
699 4493 787 4546 διὰ
833 4494 893 4546 τὸ
937 4493 1144 4562 πλῆθος
1189 4493 1414 4556 εἰκότως
1449 4493 1588 4562 ὑπὲρ
1618 4491 1851 4563 ἀριθμὸν

213 4551 541 4691 ὶλέγονται,
603 4551 646 4653 ἢ,
692 4583 774 4635 ὅτι
828 4584 1010 4654 μόνοις
1038 4551 1165 4646 ’τοις
1211 4551 1440 4647 δικαίοις
1499 4551 1851 4654 ἀριθμεῖσθαι

223 4672 492 4762 ςπρέπει.
533 4674 670 4744 Φησὶ
700 4674 829 4744 γάρ’
880 4673 1041 4744 Ἐμοὶ
1089 4674 1157 4727 δὲ
1202 4675 1348 4728 λίαν
1388 4675 1767 4744 ἐτιμήθησαν
1795 4677 1849 4728 οἱ

240 4766 432 4833 φίλοι
466 4779 604 4830 σου,
641 4769 672 4818 ὀ
721 4768 886 4834 Θεός.
926 4766 1423 4836 Ἑξαριθιιήσομιιι
1474 4768 1713 4833 αὐτοὺς,
1751 4765 1845 4821 καί

238 4857 420 4924 ὑπὲρ
449 4855 648 4926 ἅμμον
691 4859 1244 4925 πληθυνθῆσονται.

330 4965 351 4998 ι
401 4946 529 4998 Ζῶα
561 4947 730 5017 μικρὰ
762 4948 899 5016 μετὰ
934 4949 1203 5017 μεγάλων.
1246 4970 1262 5001 ι

1955 4515 2026 4569 ob
2076 4513 2482 4569 multitudinem
2541 4516 2738 4570 merito
2777 4517 3039 4572 dicuntur
3079 4533 3199 4573 esse
3231 4535 3393 4590 supra
3427 4537 3532 4575 nu-

1955 4619 2187 4671 merum,
2229 4605 2314 4660 τοι
2336 4601 2461 4675 quia
2497 4605 2626 4660 solis
2651 4607 2816 4676 justis
2841 4609 3116 4673 convenit,
3148 4619 3206 4664 ut
3238 4625 3531 4665 numeren-

1956 4703 2062 4749 tur.
2100 4695 2188 4750 Ait
2223 4697 2402 4751 enim:
2450 4695 2584 4751 Mihi
2615 4711 2792 4752 autem
2851 4700 3004 4754 ualde
3033 4701 3364 4770 honori/irati
3413 4714 3532 4755 sunt

1955 4785 2112 4836 amici
2141 4786 2238 4847 tui,
2280 4786 2438 4839 Deus.
2477 4788 2833 4842 Dinumerabo
2888 4807 2992 4856 eos,
3033 4801 3078 4844 ct
3119 4807 3275 4858 super
3311 4808 3530 4844 arenam

1961 4869 2450 4936 multiplicabuutm'
2475 4875 2539 4926 ⁸⁸.

2036 4977 2053 5007 ι
2093 4958 2357 5014 Animalia
2395 4964 2586 5030 pusilla
2629 4982 2751 5020 cum
2786 4967 3014 5037 magnis.
3049 4985 3068 5017 ι

321 5039 398 5091 Οἱ
432 5041 669 5109 μετρίως
699 5040 897 5093 δίκαιοι
926 5042 1016 5093 καὶ
1045 5042 1206 5110 ἄγαν.
1244 5044 1457 5108 Πάντας
1489 5043 1598 5113 γὰρ
1622 5041 1847 5105 τούτους

2027 5046 2369 5104 Mediocriter
2413 5062 2466 5107 et
2505 5055 2659 5111 valde
2708 5057 2862 5126 justi.
2897 5057 3005 5111 llos
3027 5057 3174 5110 enim
3211 5051 3407 5111 omnes
3436 5056 3530 5110 ba-

230 5126 306 5178 τὺ
355 5126 654 5198 βάπτισμα
697 5129 933 5200 δέχεται,
966 5133 1058 5184 καὶ
1100 5132 1161 5184 οὑ
1189 5134 1348 5202 μόνον
1383 5131 1698 5204 ἁμαρτωλοὶ
1750 5131 1843 5185 τοῦ

1964 5137 2152 5207 ptisma
2183 5140 2429 5210 suscipit,
2464 5155 2519 5198 et
2543 5161 2650 5201 non
2674 5149 2848 5203 solum
2878 5159 3213 5217 peccatores,
3249 5148 3343 5202 sed
3367 5149 3530 5203 etiam

228 5216 495 5288 λουτροῦ
527 5222 622 5292 τῆς
654 5221 1094 5290 παλιγγενεσίας,
1125 5224 1262 5278 ἀλλὰ
1287 5225 1380 5278 καὶ
1409 5228 1459 5278 oi
1484 5226 1684 5279 δίκαιοι
1705 5227 1844 5297 χρῄ-

1964 5229 2083 5297 iusti
2111 5230 2326 5286 lavacro
2357 5239 2784 5305 regenerationis
2813 5253 2953 5308 opus
3001 5239 3222 5294 habent.
3257 5238 3389 5293 Nam
3428 5241 3528 5294 nisi

227 5302 473 5366 ζουσιν.
512 5307 732 5380 Ἐπειδὴ
753 5311 862 5363 ἐὰν
887 5311 974 5380 μή
1001 5329 1089 5378 τις
1115 5313 1498 5383 ἀναγεννηθῇ
1529 5317 1598 5380 ἐξ
1627 5316 1848 5382 ὕδατος

1964 5324 2067 5394 puis
2126 5334 2339 5379 renatus
2371 5302 2526 5397 fuerit
2577 5345 2642 5382 ea:
2691 5335 2832 5399 aqua
2877 5339 2926 5383 et
2960 5330 3171 5398 spiritu,
3221 5349 3321 5387 non
3360 5341 3528 5403 potest

220 5396 344 5448 καὶ
372 5400 744 5466 πνεύματος,
778 5404 849 5456 οὺ
882 5403 970 5472 μὴ
995 5405 1238 5474 εἰσέλθῃ
1269 5408 1354 5474 εἰς
1391 5408 1848 5475 τὴν-βασιλείαν

1964 5419 2169 5470 I'ntroire
2186 5418 2238 5470 in
2270 5435 2478 5489 regnum
2514 5419 2612 5474 Dei
2643 5421 2708 5475 ".

218 5485 356 5541 τοῦ
391 5489 568 5542 Θεοῦ.

293 5643 345 5678 ⁸⁸
405 5645 541 5701 Luc.
579 5663 711 5712 xm,
753 5649 841 5703 5|.
919 5650 961 5682 ⁶⁹
998 5651 1016 5702 Ι
1057 5649 1182 5706 Cor.
1217 5669 1274 5718 ll,
1317 5654 1368 5709 8.
1447 5656 1556 5712 "ll
1584 5660 1710 5715 Cor.
1745 5677 1797 5726 v,
1833 5660 1851 5713 ι

1993 5663 2037 5694 ⁵⁵
2067 5662 2208 5716 Psal.
2243 5679 2480 5729 cxxxvu,
2521 5666 2601 5721 18.
2681 5670 2722 5700 ⁸⁸
2754 5667 2909 5724 Joan.
2946 5687 3025 5735 ιιι,
3052 5671 3104 5726 5.

641 5765 909 5827 annos.
956 5767 1070 5830 Cn.
1119 5769 1343 5832 xcm.
3080 5783 3147 5846 41
