4036 6200
517 313 682 369 Vens.
721 315 802 370 l9.
846 331 864 364 ι
909 314 1092 368 Donec
1133 312 1344 367 veniret
1380 311 1608 366 verbum
1642 309 1784 380 ejus.
1825 327 1845 362 ι

518 408 577 464 ld
606 417 712 475 est,
737 407 967 463 verbum
995 407 1140 476 quod
1174 405 1318 461 circa
1354 406 1528 476 ipsius
1556 404 2024 477 dispensationem

446 502 590 557 Deus
631 503 1011 556 constituerat.
1040 497 1175 554 Cum
1213 498 1358 552 enim
1400 499 1569 554 verbo
1595 499 1776 553 omnia
1805 497 2027 570 dispen-

445 605 548 660 set,
601 593 770 648 verbo
821 605 1038 662 quoque
1081 589 1266 660 aliquo
1301 589 1664 645 tentationum
1713 600 2024 645 nostrarum

443 688 611 742 ﬁnem
655 700 721 740 ac
776 682 1152 738 liberationem
1208 682 1489 738 deﬁnivit:
1547 682 1692 753 quod
1745 697 1871 738 cum
1924 697 2025 738 nos

443 777 596 846 prius
645 777 984 853 ignoremus,
1033 774 1383 844 postmodum
1431 785 1635 828 eventu
1689 773 1812 844 ipso
1855 773 2024 828 disci-

443 883 586 923 mus.
623 865 836 923 Etenim
876 866 989 920 lex.
1027 866 1156 920 data
1215 867 1459 921 nondum
1512 872 1630 921 erat
1687 864 2019 934 conscripta,

421 960 538 1016 sed
595 959 891 1028 unicuique
946 958 1155 1014 ratione
1209 959 1386 1014 utenti
1448 959 1536 1014 lex
1577 959 1842 1014 naturalis
1897 973 2022 1013 ora-

388 1048 413 1067 "
442 1053 626 1108 culum
662 1059 840 1108 erata
869 1049 1004 1114 Deo,
1056 1066 1155 1121 per
1205 1051 1352 1121 quod
1386 1053 1550 1108 etiam
1604 1051 1898 1108 rationales
1928 1065 2023 1105 ex-

444 1145 707 1200 sistimus.
1149 1152 1157 1160 '

514 1236 678 1291 Vens.
708 1236 799 1291 25.
840 1254 860 1288 ι
890 1234 1174 1291 Convertit
1199 1249 1293 1290 cor
1323 1251 1533 1291 eorum.
1575 1255 1594 1288 ι

401 1330 414 1350 ⁹
510 1325 801 1391 Convertit,
869 1325 921 1381 id
970 1335 1074 1391 est,
1136 1329 1367 1382 converti
1425 1328 1682 1396 permisit.
1735 1327 1825 1384 Sic
1874 1329 2020 1384 enim

441 1417 725 1489 Scriptura
750 1419 900 1489 loqui
940 1419 1097 1485 solet,
1136 1434 1261 1474 cum
1306 1408 1576 1490 permittit
1610 1420 1699 1474 illa
1725 1436 1846 1490 quae
1868 1432 2020 1492 pote-

441 1520 527 1564 rat
561 1510 848 1580 impedire,
881 1525 992 1564 non
1020 1511 1139 1565 sine
1167 1511 1378 1567 ratione
1414 1520 1617 1577 tamen,
1648 1512 1744 1567 sed
1770 1514 2016 1582 quaedam

441 1601 544 1656 alia
569 1600 957 1669 dispensando.

509 1690 671 1745 Vens.
721 1689 812 1745 28.
868 1708 886 1742 ι
925 1687 989 1745 Ει
1046 1707 1157 1746 non
1212 1693 1680 1748 exacerbaverunt
1737 1707 2019 1752 sermones

440 1790 611 1858 ejus.»

510 1881 568 1936 Id
631 1889 748 1947 est,
803 1877 1197 1951 promissiones
1249 1892 1376 1932 suas
1434 1879 1662 1936 minime
1723 1884 2014 1949 violarunt,

439 1989 617 2044 neque
648 1971 792 2028 dicta
852 1971 1005 2040 signa
1062 1969 1397 2028 fefellerunt.
1440 1969 1581 2036 Quid
1613 1972 1758 2028 enim
1787 1974 2018 2030 falsitate

406 2060 410 2064 ’
441 2061 726 2118 acerbius?
751 2059 1016 2126 Quocirca
1038 2073 1152 2113 non
1180 2056 1385 2125 fallere,
1421 2059 1515 2114 sed
1538 2062 1718 2116 omnia
1747 2074 2017 2134 przecepta

440 2153 712 2209 mirabilia
745 2151 995 2222 implere,
1039 2165 1150 2205 non
1183 2151 1511 2206 exacerbare
1541 2153 1739 2208 merito
1777 2155 2017 2225 appella-

444 2262 555 2304 tum
581 2259 683 2307 est.
716 2246 859 2304 Dicit
887 2254 1072 2308 autem
1101 2245 1169 2301 de
1218 2244 1400 2318 Moyse
1437 2256 1492 2302 et
1521 2247 1754 2314 Aarone,
1787 2250 1864 2303 uti
1896 2264 2015 2304 ma-

439 2343 699 2398 nifestum
731 2352 836 2398 est.

506 2435 670 2492 Vens;
697 2436 788 2492 29.
819 2453 838 2488 ι
873 2433 1158 2490 Convertit
1187 2447 1354 2502 aquas
1433 2448 1640 2489 eorum.
1681 2451 1700 2486 ι

507 2527 628 2583 Non
691 2527 832 2582 dixit
882 2540 1099 2596 aquam,
1150 2525 1246 2578 sed
1301 2541 1512 2594 aquas;
1567 2526 2007 2594 quandoquidem

435 2636 654 2676 omnem
731 2633 887 2688 aqua:
961 2616 1445 2688 congregationem
1522 2631 1630 2669 non
1713 2618 1889 2672 solum
1957 2618 2012 2671 in

436 2711 755 2768 ﬂuminibus
809 2717 866 2764 et
932 2706 1176 2778 stagnis,
1241 2720 1431 2760 verum
1493 2706 1659 2760 etiam
1724 2707 1778 2760 in
1850 2708 2012 2778 lignis

433 2815 490 2859 et
568 2800 842 2874 lapidibus
926 2797 983 2854 in
1056 2796 1389 2868 sanguinem
1443 2797 1715 2852 convertit
1783 2815 1795 2850 :
1864 2800 2012 2855 unde

433 2897 599 2951 etiam
651 2893 833 2964 pisces
882 2904 1152 2962 aquarum
1206 2899 1401 2943 natura
1472 2887 1752 2943 immutata
1806 2890 2011 2945 morie-

433 2988 654 3044 bantur.

501 3077 668 3135 Vsns.
705 3077 794 3134 30.
829 3097 848 3131 ι
890 3077 1076 3133 Edidit
1111 3085 1258 3131 terra
1290 3090 1478 3130 eorum
1515 3090 1693 3129 ranas.
1737 3096 1755 3128 ι

501 3170 718 3225 Etenim
769 3182 916 3222 ranae
980 3166 1185 3236 ubique
1245 3164 1575 3234 adrepentes
1626 3159 2007 3220 decurrebant.

432 3258 822 3312 Verumtamen
867 3243 1141 3326 regiorum
1191 3253 1556 3324 penetralium
1615 3254 1886 3320 meminit,
1951 3264 2012 3310 ut

433 3347 678 3404 miraculi
733 3344 1164 3418 magnitudinem
1226 3344 1560 3411 declararet;
1631 3345 1773 3415 quod
1837 3361 2012 3416 neque

432 3441 758 3496 famulorum
838 3438 1140 3494 militumve
1236 3437 1434 3503 turba,
1508 3453 1629 3507 quae
1709 3438 1764 3494 in
1847 3440 2011 3510 regiis

432 3531 630 3600 degere
669 3529 827 3595 solet,
883 3544 1043 3583 ranas
1086 3544 1276 3583 arcere
1327 3527 1556 3583 minime
1593 3528 1846 3584 valuerit.
1891 3529 2008 3584 Non

433 3623 629 3687 solum,
662 3623 858 3694 inquit,
895 3637 1092 3692 aquam
1140 3621 1196 3675 in
1247 3621 1568 3691 grandinem
1626 3626 2011 3680 commutando

430 3715 805 3780 condensavit,
837 3728 1027 3769 verum
1059 3713 1225 3768 etiam
1263 3729 1330 3767 ex
1369 3730 1434 3768 ea
1467 3715 1650 3785 ignem
1686 3715 1894 3780 eduxit,
1925 3717 2008 3771 vel

431 3824 554 3863 cum
613 3824 676 3863 ea
741 3807 1059 3863 connexuit.
1113 3805 1415 3876 Utrumque
1472 3807 1617 3862 enim
1673 3808 2012 3865 demonstrat

432 3916 682 3973 magnam
743 3899 1129 3955 miraculorum
1202 3899 1414 3970 opiﬁcis
1473 3900 1528 3955 in
1593 3902 1864 3958 elementa
1913 3920 2009 3974 po-

434 4001 705 4048 testatcm.

501 4083 656 4138 Vens.
683 4084 772 4138 56.
810 4101 827 4135 ι
880 4084 944 4137 Et
994 4085 1266 4153 percussit
1297 4100 1461 4141 omne
1502 4087 1942 4160 primogenitum.
1984 4108 2001 4141 ι

479 4174 616 4230 Cum
629 4175 922 4234 dixitomue
933 4175 1502 4246 primogenitum,duas
1514 4178 1701 4248 plagas
1719 4179 2008 4248 pecoribus

424 4273 481 4318 et
502 4263 812 4328 hominibus
842 4263 1104 4335 irrogatas
1126 4265 1542 4322 demonstravit.
1564 4267 1793 4324 Pulchre
1824 4279 2004 4326 autem

1637 197 1998 258 HESYCHII
2054 197 2526 262 PRESBYTERI

3522 229 3625 296 1296

2056 313 2103 370 Α
2207 333 2226 366 ι
2257 314 2439 386 Μέχρι
2469 316 2562 370 τοῦ
2595 319 2770 373 ἐλθεῖν
2800 319 2890 374 τὸν
2922 320 3092 388 λόγον
3113 324 3284 383 αὑτοῦ.
3319 347 3337 380 ι

2202 409 2484 476 Τουτέστι,
2514 411 2607 465 τὸν
2639 412 2766 484 περὶ
2803 413 2970 466 αὑτοῦ
3002 413 3163 484 λόγον
3195 419 3346 492 ὅνπερ
3375 426 3400 478 ὁ
3423 426 3530 495 ea;
3554 435 3624 489 {at

2126 501 2224 572 τῆς
2258 503 2381 556 κατ’
2411 505 2575 559 αὑτὸν
2607 507 2922 576 οἰκονομίας
2959 507 3129 566 ἔθετο.
3182 512 3329 584 Λόγῳ
3354 517 3448 590 γὰρ
3488 525 3625 582 πάντα

2126 594 2450 664 οίκονομῶν,
2497 597 2643 668 λόγῳ
2691 598 2801 651 τινὶ
2827 599 2921 652 καὶ
2965 600 3076 654 τῶν
3106 604 3188 672 ἐφ’
3211 605 3333 675 ἡμῖν
3361 621 3623 686 πειρασμῶν

2124 684 2224 756 τὴν
2247 687 2570 760 ἀπαλλαγὴν
2616 690 2711 743 καὶ
2766 690 2829 742 τὸ
2873 691 3026 755 τέλος
3077 694 3349 766 ἀπένειμε·
3386 705 3469 755 καὶ
3500 684 3624 776 ἡμεῖς

2125 777 2450 845 ἀγνοοῦντες
2480 782 2771 854 πρότερον,
2800 782 3031 856 ὕστερον
3077 792 3140 859 τῇ
3168 791 3376 847 ἐκϐάσει
3406 800 3624 865 μανθάνο.

2129 886 2248 938 μεν.
2281 870 2394 924 Καὶ
2427 873 2535 942 μὴν
2558 874 2711 929 οῦπω
2733 876 2898 947 νόμος
2932 879 3107 943 δοθεὶς
3127 883 3358 956 ὑπῆρχεν
3383 887 3625 961 ἔγγραφος,

2123 961 2242 1014 ἀλλ’
2265 962 2483 1035 ἑκάστῳ
2503 965 2706 1037 λογικῷ
2731 968 2914 1036 λόγιον
2953 971 3102 1042 παρὰ
3133 973 3262 1028 Θεοῦ
3293 979 3320 1031 ὁ
3341 981 3536 1048 φυσικὸς
3561 986 3628 1039 νό-

2125 1067 2246 1122 μος,
2278 1052 2346 1108 δι’
2378 1054 2438 1109 δν
2459 1056 2554 1110 καὶ
2583 1057 2792 1126 λογικοὶ
2819 1061 3106 1132 γινόμεθα.

2199 1253 2217 1287 ι
2246 1235 2601 1308 Μετέστρεψε
2634 1237 2734 1309 τὴν
2755 1241 2986 1311 καρδίαν
3013 1242 3214 1297 αὐτῶν.
3253 1263 3270 1296 ι

2189 1325 2590 1397 Μετέστρεψε,
2619 1330 2891 1398 τουτέστι,
2917 1336 3397 1404 μεταστραφῆναι
3416 1343 3631 1412 συνεχώε
3745 1371 3750 1378 ι

2114 1431 2328 1482 ρησεν.
2365 1415 2523 1470 Οὕτω
2553 1418 2662 1489 γὰρ
2694 1418 2815 1483 ἔθος
2867 1424 2936 1492 τῇ
2963 1421 3088 1494 θεία
3139 1425 3322 1496 Γραφῇ
3361 1428 3536 1496 λέγειν,
3559 1434 3636 1486 ὅσα

2119 1508 2241 1575 ἐξὸν
2306 1508 2551 1565 κωλῦσαι
2607 1515 2906 1582 συγχωρεῖ,
2956 1513 3019 1565 ού
3053 1514 3177 1585 δίχα
3215 1516 3272 1569 δὲ
3312 1518 3456 1586 λόγου
3501 1525 3630 1587 τινος,

2119 1600 2235 1653 ἀλλ’
2265 1602 2569 1673 οἰκονομῶν
2595 1603 2778 1674 ἔτερα.

2202 1709 2220 1743 ι
2250 1690 2363 1744 Καὶ
2390 1691 2452 1745 ού
2488 1694 2910 1766 παρεπίκραναν
2929 1698 3058 1761 τοὺς
3084 1697 3272 1767 λόγους
3304 1699 3473 1756 αὑτοῦ.
3512 1721 3528 1754 ι

2195 1871 2507 1937 Τουτέστιν,
2543 1873 2604 1925 ού
2656 1873 2936 1945 παρῆλθον
2979 1876 3083 1939 τὰς
3119 1877 3325 1931 ἑαυτῶν
3354 1880 3639 1951 ὑποσχέσεις,

2123 1961 2242 2013 ούδέ
2283 1961 2350 2014 τὰ
2393 1962 2806 2031 ἐπαγγελθέντα
2862 1968 3070 2036 σημεῖα
3116 1967 3425 2037 ἐψεύσαντο.
3467 1973 3523 2025 Τί
3561 1977 3644 2044 γὰρ

2120 2053 2217 2106 τοῦ
2253 2053 2483 2122 ψεύδους
2515 2055 2878 2127 πικρότερονς
2926 2059 3066 2112 διότι
3105 2060 3183 2131 μὴ
3213 2061 3521 2131 ψεύσασθαι,
3542 2066 3644 2118 ἀλλὰ

2123 2145 2304 2198 πάντα
2363 2147 2679 2202 ἐπιτελέσαι
2727 2149 2796 2202 τὰ
2847 2153 3273 2223 προσταχθέντα
3302 2155 3551 2228 θαύματα,
3594 2159 3649 2228 μὴ

2124 2241 2547 2310 παραπικρᾶναι
2568 2240 2794 2306 δικαίως
2821 2245 3295 2318 προσηγόρευται.
3317 2249 3470 2318 Λέγει
3491 2251 3538 2303 δὲ
3554 2252 3648 2322 περὶ

2121 2328 2368 2393 Μωσέως
2393 2331 2489 2384 καὶ
2537 2331 2770 2400 Ἀαρὼν,
2813 2333 3061 2403 εὔδηλον.

2202 2442 2219 2474 ι
2260 2423 2615 2496 Μετέστρεψε
2646 2426 2714 2479 τὰ
2745 2425 2913 2481 ὕδατα
2937 2428 3148 2484 αὐτῶν.
3190 2451 3209 2484 ι

2213 2515 2328 2568 Ούκ
2359 2509 2481 2568 εἷπε
2511 2516 2571 2569 τὸ
2612 2516 2778 2588 ὕδωρ,
2813 2517 2952 2572 ἀλλὰ
2977 2521 3048 2573 τὰ
3072 2521 3273 2575 ὓδαταο
3303 2523 3480 2593 ἐπειδὴ
3509 2525 3650 2577 πᾶσαν

2120 2605 2311 2671 ὓδατος
2361 2609 2689 2680 συναγωγὴν
2719 2611 2779 2663 ού
2825 2611 2986 2683 μόνον
3041 2613 3152 2685 τὴν
3198 2616 3256 2667 ἐν
3305 2620 3546 2685 ποταμοῖς
3579 2617 3650 2668 καὶ

2117 2697 2357 2768 λίμναις,
2387 2699 2522 2752 ἀλλὰ
2550 2701 2645 2754 καὶ
2668 2701 2768 2773 τὴν
2823 2704 2880 2755 ἐν
2910 2703 3096 2769 ξύλοις
3143 2706 3241 2760 καὶ
3269 2706 3428 2770 λίθοις
3456 2709 3523 2770 είς
3545 2701 3652 2776 αἷμα

2119 2791 2547 2860 μετασέῦληκεν·
2575 2793 2668 2861 ἀφ’
2687 2787 2762 2848 ῶν
2802 2795 2895 2848 καὶ
2913 2796 2965 2848 oi
2998 2796 3192 2865 ἰχθύες
3222 2800 3325 2870 τῆς
3357 2799 3552 2869 φύσεως
3570 2799 3652 2852 τῶν

2117 2881 2324 2936 ὑδάτων
2357 2882 2746 2956 ἀλλοιωθείσης
2773 2885 3144 2960 ἀπέθνησκον.

2189 3079 2209 3114 ι
2256 3061 2535 3135 Ἐξεῐρψεν
2563 3067 2595 3136 ἡ
2629 3065 2705 3136 γῆ
2735 3065 2913 3120 αὐτῶν
2941 3067 3279 3140 βατράχους.
3328 3091 3346 3123 ι

2187 3155 2298 3208 Καὶ
2331 3155 2440 3227 μὴν
2469 3157 2748 3228 πανταχοῦ
2789 3159 3069 3230 διέτρεχον
3101 3163 3154 3214 oi
3200 3162 3463 3234 βάτραχοι
3497 3163 3658 3232 ἕρπον·

2113 3263 2225 3308 τες.
2277 3247 2437 3301 Ἀλλὰ
2485 3248 2594 3302 τῶν
2647 3249 2941 3320 βασιλικῶν
2969 3255 3226 3322 ταμείων
3275 3255 3659 3327 ἐμνημόνευσεν,

2113 3335 2254 3391 ὥστε
2291 3339 2530 3410 δηλῶσαι
2583 3340 2643 3394 τὸ
2695 3341 2791 3394 τοῦ
2830 3341 3117 3413 θαύματος
3167 3346 3424 3414 μέγεθοςο
3457 3349 3530 3401 ὅτι
3556 3346 3664 3416 μηδέ

2113 3428 2317 3497 πλῆθος
2345 3431 2573 3485 οἰκετῶν
2599 3432 2632 3504 ἧ
2678 3435 3044 3505 στρατιωτῶν,
3087 3435 3308 3507 οὕσπερ
3331 3438 3474 3500 εἰκὸς
3505 3439 3556 3489 ἐν
3577 3437 3664 3497 τοῖς

2115 3520 2409 3590 βασιλείοις
2436 3523 2662 3592 διάγειν,
2712 3525 3054 3596 ἀποσοϐῆσαι
3094 3528 3233 3592 τοὺς
3261 3529 3556 3599 βατράχους
3577 3525 3671 3578 ἐδύ-

2113 3629 2261 3665 νατο.
2291 3614 2367 3665 Οὐ
2405 3614 2589 3684 μόνον,
2619 3615 2774 3683 φησὶ,
2799 3614 2860 3668 τὸ
2889 3615 3034 3688 ὕδωρ
3063 3619 3152 3681 είς
3188 3617 3440 3688 χάλαζαν
3469 3614 3672 3687 μεταδαο

2113 3702 2222 3757 λὼν
2255 3703 2578 3776 συνέπηξεν,
2613 3705 2748 3760 ἀλλὰ
2773 3708 2865 3760 καὶ
2915 3707 3026 3778 πῦρ
3077 3711 3368 3782 ἐξήγαγεν
3405 3711 3462 3775 ἐξ
3518 3707 3672 3769 αὑτοῦ,

2112 3798 2144 3867 ἢ
2179 3797 2512 3866 συνέπληεεν
2538 3797 2690 3852 αύτό.
2736 3798 3031 3870 Ἑκάτερον
3062 3802 3180 3872 γὰρ
3208 3802 3416 3873 πολλὴν
3443 3801 3534 3871 τὴν
3556 3797 3673 3852 κατὰ

2111 3888 2220 3942 τῶν
2252 3889 2530 3959 στοιχείων
2555 3890 2804 3954 ἐξουσίαν
2832 3893 2927 3945 τοῦ
2965 3892 3536 3966 θαυματουργοῦντος
3569 3908 3674 3946 συν-

2114 3982 2343 4053 ίστησιν.

2186 4095 2202 4126 ι
2246 4077 2355 4129 Καὶ
2378 4075 2617 4141 ἐπάταξε
2651 4078 2760 4130 πᾶν
2807 4078 3176 4148 πρωτότοκον.
3219 4100 3240 4131 ι

2180 4170 2296 4222 Πᾶν
2335 4171 2714 4238 πρωτότοκον
2744 4170 2936 4237 εἰπὼν,
2969 4173 3070 4236 τὰς
3104 4174 3207 4228 δύο
3248 4175 3470 4246 πληγὰς
3491 4175 3580 4238 τὰς
3607 4172 3682 4226 ἐπὶ

2109 4260 2216 4315 τῶν
2265 4262 2478 4332 κτηνῶν
2539 4263 2633 4316 καὶ
2684 4263 2792 4317 τῶν
2836 4265 3146 4336 ἀνθρώπων
3202 4269 3536 4339 γενομέναςΔ
3568 4283 3687 4332 παρ-

425 4355 785 4425 primogenita
811 4355 990 4411 omnis
1021 4356 1224 4413 laboris
1254 4358 1524 4429 primitias
1544 4360 1857 4430 appellavit.
1885 4361 1998 4417 Etsi

2118 4355 2329 4425 ἔστησε.
2372 4355 2570 4419 Καλῶς
2612 4355 2669 4409 δέ
2716 4357 2879 4410 πόνου
2914 4358 3114 4422 παντὸς
3147 4361 3425 4414 ἐκάλεσεν
3456 4359 3686 4428 ἀπαρχὴν

423 4445 570 4500 enim
603 4447 718 4500 haec
743 4447 896 4516 plaga
920 4445 1084 4502 fuerit
1109 4451 1400 4518 posterior,
1435 4452 1526 4506 illa
1559 4461 1738 4507 tamen
1770 4455 2002 4509 maxime

423 4536 659 4607 perculsi
711 4535 964 4602 fuerunt;
1015 4549 1072 4592 et
1099 4541 1254 4608 quasi
1301 4553 1626 4598 caeterorum
1669 4545 2002 4616 ﬂagellorum

421 4628 808 4697 compendium
835 4629 1107 4698 quoddam
1131 4630 1200 4684 iis
1223 4632 1456 4687 exstitit.
1491 4633 1638 4702 Quin
1659 4635 1820 4690 simul
1840 4637 2002 4692 etiam

422 4721 752 4786 insinuatur,
803 4721 1076 4791 quomodo
1147 4723 1265 4778 lucc
1320 4724 1474 4795 plaga
1524 4725 1690 4781 fuerit
1753 4728 1999 4797 quazdam

421 4809 709 4866 retributio
755 4810 908 4866 necis
961 4810 1327 4868 lsraelitarum
1379 4816 1564 4884 pueris
1603 4816 1783 4882 illatas,
1837 4835 1999 4888 quam

419 4901 632 4958 Pharao
677 4903 846 4959 veluti
892 4903 1162 4973 primitias
1201 4905 1524 4962 insidiarum
1564 4919 1752 4964 contra
1785 4909 2001 4967 .ludacos

417 4995 683 5052 exhibuit.

487 5085 652 5141 Vens.
683 5088 770 5142 37.
809 5107 824 5140 ι
854 5087 921 5143 Ει
947 5089 1134 5145 eduxit
1163 5106 1258 5146 eos
1286 5092 1341 5146 in
1367 5103 1615 5165 argento.
1658 5113 1676 5146 ι

487 5172 603 5229 Non
632 5173 873 5230 inferens
895 5176 1145 5246 injuriam
1175 5177 1440 5250 Egyptiis
1507 5180 1809 5254 (indignum
1852 5185 1996 5240 enim

415 5262 528 5320 Deo
563 5281 686 5320 eum
716 5266 916 5337 injuria
947 5269 1181 5324 aliorum
1219 5271 1342 5326 aliis
1373 5270 1641 5328 beneﬁcia
1677 5275 1952 5348 conferre)
1980 5296 1994 5334 :

415 5357 509 5413 sed
551 5358 679 5412 dum
730 5360 851 5415 illos
901 5377 931 5414 ιι
993 5360 1199 5418 Iudaeis
1259 5363 1479 5434 spoliari
1531 5367 1800 5438 precipit,
1853 5385 1998 5424 mer-

411 5449 600 5504 cedem
629 5450 764 5521 ipsis
815 5467 913 5522 pro
934 5454 1166 5508 laterum
1204 5454 1564 5512 fabricatione
1616 5459 1861 5516 debitum
1901 5477 1991 5515 rc-

417 5539 628 5594 tribuit.

493 5645 512 5678 ι
547 5628 606 5684 Et
639 5643 753 5705 non.
771 5639 889 5682 erat
915 5631 968 5683 in
1003 5632 1252 5690 tribubus
1281 5651 1470 5692 eorum
1504 5637 1772 5696 infirmus.
1819 5661 1839 5694 ι

2107 4447 2172 4499 τὰ
2223 4449 2567 4518 πρωτότοκα.
2608 4448 2670 4502 Et
2699 4449 2806 4520 γὰρ
2832 4450 2927 4503 καὶ
2968 4450 3180 4519 ὑστέρα
3239 4452 3435 4523 πληγὴ
3479 4451 3688 4519 ἐγένετο.

2106 4539 2220 4592 ἀλλ’
2263 4540 2412 4610 ὅμως
2459 4540 2546 4592 ἐπ’
2590 4541 2726 4613 αὐτῇ
2781 4542 2944 4596 πλέον
2982 4543 3343 4614 ἐπλήγησανο
3378 4545 3473 4598 καὶ
3522 4543 3688 4608 ῶσπερ

2105 4626 2582 4695 ἀνακεφαλαίωσις
2622 4629 2804 4692 αὐτοῖς
2829 4630 2937 4682 τῶν
2971 4630 3150 4683 ἄλλων
3189 4633 3492 4702 μαστίγων
3522 4631 3686 4699 ἐγένε-

2103 4735 2184 4772 το.
2224 4719 2394 4787 Ὁμοῦ
2435 4719 2613 4773 δὲκαὶ
2651 4721 2967 4785 αἰνίττεται,
3008 4721 3083 4785 ὡς
3110 4725 3143 4793 ἡ
3183 4724 3385 4794 πληγὴ
3419 4723 3554 4792 αῦτη
3581 4723 3686 4773 ἀντ-

2103 4811 2358 4876 απόδοσις
2390 4807 2458 4883 ἦν
2503 4814 2600 4884 τῆς
2631 4812 2739 4866 τῶν
2789 4813 3214 4886 Ἱσραηλιτικῶν
3271 4815 3504 4889 βρεφῶν
3559 4816 3694 4868 ἀναι-

2105 4906 2330 4977 ρέσεως,
2371 4907 2564 4976 ἧντινα
2594 4907 2854 4978 ἀπαρχὴν
2889 4908 3195 4978 ἐπιϐουλῆς·
3243 4910 3400 4964 κατὰ
3433 4908 3545 4962 τῶν
3582 4907 3694 4958 ’lou-

2100 4997 2266 5051 δαίων
2291 5001 2319 5051 ό
2349 4997 2551 5068 Φαραὼ
2579 4999 2903 5066 ἐνεδείξατο.
2971 5026 2976 5030 -

2180 5108 2199 5141 ι
2238 5088 2350 5143 Καὶ
2380 5089 2655 5160 ἐξήγαγεν
2687 5090 2888 5153 αὐτοὺς
2913 5092 2970 5144 ἐν
2995 5091 3285 5162 ἁργυρῖῳ.
3326 5111 3346 5145 ›
3728 5165 3733 5170 _

2173 5183 2287 5234 Ούκ
2333 5181 2535 5236 ἀδικῶν
2565 5183 2692 5248 τοὺς
2732 5183 3069 5252 Αἰγυπτίους
3125 5184 3306 5254 (Θεοῦ
3344 5185 3460 5258 γὰρ
3502 5183 3702 5255 ἐτέρους

2101 5275 2414 5346 εὐεργετεῖν
2445 5275 2652 5347 ἐτέρων
2691 5277 3069 5348 ἀδικουμένων
3113 5277 3407 5347 ἁνάξιον)’
3439 5281 3555 5334 ἀλλ’
3589 5278 3700 5331 ὅταν

2101 5367 2400 5420 σκυλεῦσαι
2445 5368 2645 5432 αύτούς
2706 5371 2819 5433 τοῖς
2881 5369 3158 5431 Ἰουδαίοις
3223 5370 3568 5437 ἐντέλλεται,
3623 5367 3702 5421 τὸν

2102 5459 2297 5532 μισθὸν
2349 5463 2519 5532 ὅνπερ
2563 5464 2752 5527 αὐτοῖς
2804 5465 2906 5534 τῆς
2958 5465 3360 5530 πλινθοποιίας
3410 5462 3698 5532 ἐπώφειλον

2097 5553 2508 5626 εἰσεπράττετο.

2100 5629 2112 5641 ’
2175 5636 2197 5698 i
2219 5635 2328 5702 Καὶ
2357 5647 2458 5700 οὐκ
2482 5643 2552 5719 ἦν
2574 5648 2633 5702 ἐν
2667 5651 2789 5714 ταῖς
2816 5650 3009 5719 φυλαῖς
3033 5649 3227 5707 αὐτῶν
3260 5655 3292 5706 ό
3318 5652 3589 5708 ἀσθενῶν.
3611 5667 3631 5701 ι
