4036 6200
386 353 516 417 1297

1519 363 1985 425 FRAGMENTA
2024 365 2104 428 IN
2147 322 2505 425 PSALMOS.

3493 366 3631 430 1298

462 461 764 530 Ἀπόδειξις
820 468 996 541 σαφὴς
1036 469 1118 524 ὅτι
1152 471 1275 541 χείρ
1332 470 1469 524 Θεοῦ
1511 467 1747 544 ὑπῆρχεν
1774 476 1832 542 ἐξ
1858 477 1950 530 Ai-

2130 475 2245 529 Hoc
2296 475 2484 544 utique
2531 472 2880 528 manilestum
2934 483 3016 528 cst
3069 483 3474 544 argumentum.
3519 476 3632 529 .Dei

382 555 586 624 γύπτου
639 558 732 612 τὸν
786 560 1004 631 Ἰσραὴλ
1034 563 1328 633 ἐξάγουσα.
1377 564 1503 630 Πῶς
1533 567 1641 638 γὰρ
1673 569 1732 620 ἐν
1758 569 1952 624 τοσαύ-

381 665 500 712 ταις
539 651 800 720 μυριάσιν
854 654 1033 719 οὐδεὶς
1085 658 1333 712 ἀσθενεῖν
1363 659 1579 730 ἔμελλε,
1631 663 1737 716 καὶ⁴
1777 663 1952 717 ταῦτα

381 741 567 805 κακῶς
629 744 810 799 αὐτῶν
865 750 1202 820 πασχόντων,
1268 753 1360 805 καὶ
1414 753 1951 826 ταλαιπωρουμένων

380 839 490 898 τοῖς
514 836 697 907 ἔργοις
727 842 995 913 ὁσημέραι
1010 862 1026 911 ;

459 942 476 974 ι
513 926 804 1000 Εὐφράνθη
832 931 1104 999 Αἴγυπτος
1139 935 1195 987 ἐν
1228 937 1293 1007 τῇ
1326 935 1512 1006 ἐξόδῳ.
1553 956 1571 988 ι

452 1102 734 1176 Τοσαύτην
796 1108 892 1162 τοῦ
945 1111 1080 1166 Θεοῦ
1130 1116 1438 1185 μεταϐολὴν
1491 1120 1786 1185 δεδωκότος
1837 1124 1950 1185 τοῖς

383 1193 722 1262 πράγμασιν,
754 1197 895 1252 ὥστε
925 1204 1051 1268 τούς
1083 1206 1347 1278 πρότερον
1376 1210 1510 1280 πρὸς
1537 1211 1658 1280 βίαν
1693 1214 1952 1284 κατέχον-

379 1302 476 1376 τας
527 1290 746 1357 αὐτοὺς,
798 1299 1136 1366 παρακαλεῖν
1171 1303 1384 1373 ἀπᾶραι
1431 1306 1522 1358 καὶ
1577 1308 1946 1376 κατεπείγειν.

380 1375 576 1450 Διόπερ
619 1382 773 1438 οὐδὲν
817 1385 916 1455 τῆς
963 1387 1242 1460 δυνάμεως
1269 1393 1376 1446 τῶν
1407 1395 1620 1465 ἐχθρῶν
1647 1396 1776 1450 ὅταν
1809 1375 1949 1467 ἐχω-

383 1494 484 1545 μεν
551 1480 1002 1554 ὑπερμαχοῦντα,
1064 1487 1160 1542 τὸν
1212 1489 1346 1544 Θεὸν
1413 1491 1720 1562 φροντίζειν
1793 1493 1948 1564 ὀφεί-

379 1568 564 1640 λομεν.

453 1681 472 1713 ι
510 1664 778 1734 ’ῌτησαν,
819 1670 912 1720 καὶ
943 1665 1112 1740 ἦλθεν
1136 1673 1534 1745 ὀρτυγομήτρα.
1570 1696 1588 1727 ο

448 1753 521 1806 Τὸ
547 1756 724 1824 μάννα
757 1758 905 1828 λέγει
951 1763 1050 1832 οὐχ
1097 1763 1173 1827 ὡς
1211 1765 1270 1829 ἐξ
1326 1767 1494 1820 αὐτοῦ
1542 1767 1638 1821 τοῦ
1688 1768 1944 1838 οὐρανοῦ,

2061 579 2285 618 manum
2339 564 2508 619 fuisse
2554 580 2674 634 qua:
2732 563 2986 617 lsraelem
3028 579 3094 616 ex
3129 562 3358 634 Egypto
3418 565 3628 639 eduxit.

2060 654 2343 720 Quomodo
2382 655 2529 710 enim
2559 655 2703 708 inter
2735 662 2815 708 tot
2846 653 3012 706 millia
3066 668 3228 706 nemo
3275 661 3631 723 aagrotasset;

2061 745 2223 815 idque
2252 762 2374 801 cum
2426 747 2663 816 pessime
2701 746 3059 807 haberentur,
3113 750 3170 797 et
3197 743 3531 812 quotidianis
3561 744 3638 816 lay.
3702 747 3708 758 '

2059 837 2283 893 boribus
2311 838 2699 908 aﬂligerentur.
3618 864 3644 882 -ς

2127 929 2287 984 Vens.
2345 931 2434 984 58.
2499 948 2518 979 ι
2579 928 2783 984 Laetata
2838 937 2922 983 est
2985 925 3253 997 [Egyptus
3323 928 3380 980 in
3448 925 3633 995 prole.

2059 1025 2257 1081 ctione.
2292 1045 2310 1077 ι

2128 1117 2239 1172 Deo
2259 1117 2517 1172 nimirum
2536 1125 2739 1172 tantam
2757 1132 2940 1174 rerum
2967 1113 3327 1170 mulationem
3350 1115 3628 1186 largiente,

2059 1219 2120 1265 ut
2151 1211 2244 1280 qui
2297 1211 2448 1280 prius
2495 1211 2644 1281 ipsos
2689 1211 2742 1264 vi
2789 1209 3130 1271 detinebant,
3182 1207 3532 1261 hortarentur
3579 1217 3634 1261 et

2059 1311 2320 1372 urgerent
2345 1302 2668 1358 discessum.
2696 1301 3038 1371 Quapropter
3073 1299 3418 1354 inimicorum
3447 1298 3528 1353 vis
3556 1299 3631 1353 nil

2057 1392 2217 1447 nobis
2236 1394 2474 1449 curanda
2504 1402 2610 1462 est,
2642 1395 2862 1464 quando
2902 1392 3074 1448 Deum
3126 1394 3392 1448 habemus
3437 1390 3631 1445 delen-

2057 1496 2236 1537 sorcm
2245 1520 2260 1535 .

2129 1660 2293 1715 Vens.
2328 1659 2418 1714 40.
2460 1678 2478 1712 ι
2512 1660 2822 1727 Petierunt,
2849 1669 2901 1714 et
2931 1659 3085 1714 venit
3113 1656 3390 1713 coturnix.
3423 1675 3443 1708 ι

2126 1752 2332 1818 Manna,
2363 1753 2494 1808 dicit
2524 1753 2673 1822 quod
2703 1767 2812 1811 non
2851 1766 2916 1805 ex
2963 1751 3199 1820 ipsomet
3239 1748 3398 1812 coelo,
3430 1748 3525 1802 sed
3563 1763 3630 1802 ex

381 1846 498 1901 ἀλλ’
531 1849 596 1902 ἐκ
634 1851 730 1904 τοῦ
760 1852 902 1924 ὑπὲρ
949 1856 1193 1925 κεφαλῆς
1231 1857 1394 1928 ἀέρος
1429 1858 1624 1931 (ὅνπερ
1649 1832 1948 1933 οὐρανὸνή

2056 1857 2178 1897 aere
2222 1858 2387 1912 supra
2426 1851 2590 1912 caput
2629 1851 2878 1898 nostrum
2921 1841 3217 1896 exsistente
3258 1839 3439 1908 (quem
3480 1837 3628 1891 Scri-

376 1939 496 1993 θεία
519 1942 712 2014 Γραφὴ
731 1944 999 2011 πολλάκις
1031 1951 1453 2021 προσαγορεύει)
1482 1954 1804 2024 φερόμενον,
1833 1953 1950 2025 ἅμα

379 2029 439 2082 δὲ
462 2032 557 2085 καὶ
584 2033 660 2096 ὡς
683 2036 869 2090 εἰκόνα
890 2037 986 2091 τοῦ
1015 2041 1272 2109 οὐρανίου
1296 2043 1464 2112 ἄρτου
1499 2043 1594 2096 τοῦ
1628 2044 1872 2110 δοθέντος
1892 2045 1950 2100 ἐν

382 2121 666 2192 μυστηρίῳ
695 2127 760 2193 τῇ
779 2124 1078 2199 Ἐκκλησία
1104 2128 1362 2200 φέροντα.

455 2227 474 2261 ι
509 2211 774 2284 Διέῥρηξε
802 2216 1044 2288 πέτραν,
1077 2220 1171 2272 καὶ
1193 2220 1468 2292 ἐρρύησαν
1496 2223 1684 2278 ὕδατα.
1731 2243 1750 2277 ι

455 2391 567 2443 Οὐκ
592 2391 702 2462 ἄρα
730 2393 790 2446 τὸ
819 2395 1065 2466 ὑπάρχον
1111 2397 1256 2468 ὕδωρ
1300 2399 1360 2451 ἐν
1391 2401 1460 2472 τῇ
1495 2401 1669 2472 πέτρᾳ
1698 2402 1732 2469 ἡ
1766 2402 1949 2472 πληγὴ

380 2476 482 2546 τῆς
503 2478 700 2548 ῥάϐδου
730 2483 825 2534 καὶ
853 2485 885 2552 ή
914 2483 1069 2552 ῥῆξις
1092 2485 1376 2555 ἐπήγαγεν
1399 2501 1413 2516 ·
1443 2487 1580 2541 ἀλλὰ
1604 2491 1676 2542 τά
1697 2489 1791 2541 τοῦ
1813 2489 1949 2543 Θεοῦ

381 2568 817 2639 προστάγματα,
861 2575 958 2626 καὶ
1007 2576 1242 2645 ῥαγῆναι
1293 2577 1394 2648 τήν
1444 2576 1654 2648 πέτραν
1703 2579 1809 2632 ὐπὸ
1854 2583 1951 2652 τῆς

382 2659 578 2728 ῥάϐδου
594 2701 610 2726 ,
631 2661 727 2716 καὶ
748 2662 892 2734 ὕδωρ
915 2664 1102 2734 ῥεῦσαι
1131 2666 1160 2719 ὃ
1184 2667 1449 2738 πρότερον
1479 2671 1580 2722 οὐκ
1607 2666 1677 2741 ἦν
1701 2671 1760 2725 ἐν
1787 2671 1948 2743 αὐτῇ,

379 2752 785 2821 παρεσκεύασε.
809 2755 978 2810 Τοῦτο
993 2757 1100 2829 γὰρ
1118 2760 1146 2811 ὁ
1166 2759 1459 2832 Προφήτης
1483 2761 1950 2832 μαρτυρούμενος,

393 2840 844 2910 Ἐπορεύθησαν
887 2846 958 2899 ἐν
1005 2848 1292 2918 ἀνύδροις
1342 2851 1616 2921 ποταμοί,
1664 2851 1952 2923 ἐξεϐόησεν

378 2931 558 3003 χάριν·
574 2934 662 2988 ῖνα
676 2935 775 3004 τῆς
799 2938 903 3006 γῆς
916 2938 1129 3007 ἐκείνης
1149 2942 1210 2992 τὸ
1228 2938 1388 3010 ξηρὸν
1406 2942 1529 2995 ᾶνικ
1537 2960 1635 3012 μον
1651 2944 1747 2996 καὶ
1761 2944 1952 3012 ἄγονον

375 3024 484 3078 τῶν
497 3025 706 3081 ὑδάτων
719 3028 1202 3100 αίνίξηται.Ταῦτα
1217 3032 1275 3085 δέ
1291 3033 1437 3097 τίνος
1452 3034 1951 3107 ἐθαυματουργεῖτο

377 3116 570 3219 χάριν;
614 3117 1046 3219 Ὅτιᾼέμνήσθη
1065 3123 1170 3179 τοῦ
1194 3125 1382 3194 λόγου
1411 3125 1517 3180 τοῦ
1538 3124 1712 3196 ἁγίου
1739 3127 1946 3183 αὐτοῦ.
1976 3158 2018 3219 c

454 3227 474 3261 ι
511 3210 709 3276 Ὅπως
740 3212 806 3267 ἂν
835 3213 1113 3283 φυλάξουσι
1142 3215 1211 3270 τὰ
1230 3215 1614 3286 δικαιώματα.
1638 3235 1658 3269 ι

453 3302 562 3355 Καὶ
595 3304 699 3358 τὸν
727 3304 917 3374 νόμον
948 3304 1138 3360 αὐτοῦ
1178 3305 1572 3374 ἐκζητήσωσι,
1603 3309 1851 3380 δηλονότι
1891 3311 1952 3365 τὸ

379 3391 734 3462 Εὐαγγέλιον.
798 3395 864 3447 Τί
921 3395 1030 3466 γάρ
1086 3397 1319 3467 ἔμελλον
1371 3400 1555 3469 ζητεῖν
1606 3401 1743 3472 ὅπερ
1799 3403 1950 3467 ἅπαξ

378 3479 559 3553 εἷχον;
607 3484 819 3540 Οὐκοῦν
855 3485 953 3558 τὴν
990 3486 1256 3559 διαθήκην
1282 3489 1500 3553 πάντως
1550 3493 1649 3563 τὴν
1689 3493 1948 3565 δευτέραν

378 3576 697 3631 αἰνίττεται.

946 3671 1237 3725 ΨΛΛΜΟΣ
1262 3672 1383 3726 PE'.

455 3777 475 3811 ι
513 3759 624 3812 Καὶ
646 3760 930 3832 ὡδήγησεν
960 3764 1162 3826 αὐτοὺς
1189 3765 1247 3816 ἐν
1269 3763 1512 3834 ἀϐύσσφ.
1547 3783 1564 3814 ι

447 3847 584 3900 Οὐδὲ
620 3848 729 3919 γὰρ
777 3849 889 3921 ἁφὴ
927 3851 1028 3921 τῆς
1061 3851 1261 3922 ῥάϐδου
1283 3892 1300 3916 ,
1344 3853 1482 3907 ἀλλὰ
1509 3853 1570 3907 τὸ
1618 3855 1945 3928 πρόσταγμα

377 3937 472 3990 τοῦ
506 3937 640 3990 Θεοῦ
663 3941 857 4009 χέρσον
881 3942 1056 3995 ἐποίει
1086 3944 1147 3996 τὸ
1168 3942 1426 4012 πέλαγος.

454 4048 474 4080 ι
501 4030 612 4084 Καὶ
641 4029 846 4087 ἔσωσεν
873 4032 1074 4098 αὐτοὺς
1104 4033 1168 4087 ἐκ
1201 4035 1386 4106 χειρὸς
1413 4036 1735 4107 μισούντων.
1777 4057 1796 4090 ι

446 4208 521 4261 Οὐ
567 4209 745 4279 μάτην
798 4211 972 4264 ταῦτα
1010 4211 1181 4282 λέγει,
1235 4212 1336 4284 τὴν
1379 4213 1438 4266 δὲ
1484 4215 1593 4268 τῶν
1673 4216 1946 4272 Ἰουδαίων

374 4300 699 4371 ἀχαριστίαν
744 4304 1494 4377 τραγῳδῆσαιβουλόμενος,
1551 4309 1633 4361 ὅτι
1683 4311 1942 4383 τοιαύτης

373 4392 694 4462 εὐεργεσίας
730 4394 1118 4460 ἀπολαύοντες,
1155 4396 1470 4468 ἀγνώμονες
1512 4400 1664 4469 ὅμως
1695 4404 1822 4473 «περὶ
1848 4405 1942 4458 τὸν

2052 1942 2212 2003 ptura
2241 1934 2422 1988 divina
2462 1949 2608 2004 saepe
2641 1935 2840 1989 caelum
2875 1929 3132 2003 appellat)
3170 1929 3546 1994 deferebatur,
3573 1936 3630 1981 et

2053 2024 2214 2081 simul
2250 2028 2416 2082 etiam
2466 2026 2760 2098 imaginem
2808 2024 3080 2080 referebat
3118 2023 3277 2093 panis
3325 2023 3472 2078 illius
3512 2037 3627 2079 cm-

2053 2117 2205 2171 lestis
2232 2117 2325 2187 qui
2359 2116 2616 2172 Ecclesia:
2654 2116 2814 2170 datus
2843 2121 2929 2169 est
2960 2113 3014 2167 in
3051 2119 3414 2166 sacramento.

2125 2208 2288 2263 Vens.
2362 2209 2453 2262 41.
2531 2227 2550 2260 ι
2610 2206 2824 2276 Dirupit
2899 2212 3148 2274 petram,
3220 2210 3276 2257 et
3350 2200 3628 2256 ﬂuxerunt

2054 2315 2226 2372 aquae.
2277 2320 2296 2352 ι
2358 2331 2364 2336 -

2125 2391 2279 2445 Haud
2325 2390 2514 2460 utique
2555 2404 2748 2459 aquam
2794 2388 2847 2443 in
2893 2397 3047 2458 petra
3081 2386 3432 2442 exsistentem
3463 2387 3627 2457 virgae

2053 2481 2336 2551 percussio
2373 2491 2426 2536 et
2458 2488 2626 2550 petrae
2671 2478 2864 2534 scissio
2912 2475 3193 2547 produxit;
3230 2476 3326 2530 sed
3369 2478 3626 2531 mandata

2055 2573 2147 2628 Dei
2196 2582 2302 2627 tam
2343 2582 2550 2642 petram
2590 2572 2762 2640 ipsam
2793 2585 2822 2624 a
2857 2569 3003 2640 virga
3048 2567 3203 2634 findi,
3233 2582 3395 2636 quam
3431 2582 3626 2636 aquam

2053 2664 2108 2718 in
2161 2664 2279 2734 ipsa
2331 2663 2481 2732 prius
2538 2663 2762 2717 minime
2812 2662 3164 2716 exsistentem
3212 2659 3435 2715 ellluere
3475 2660 3624 2715 fecit.

2053 2754 2167 2810 Hoc
2193 2755 2338 2809 enim
2365 2755 2639 2826 Propheta
2664 2763 2896 2810 testatus
2919 2752 3262 2816 exclamavit,
3283 2753 3627 2807 Transierunt

2053 2850 2108 2901 in
2134 2849 2282 2902 siccis
2316 2848 2539 2916 ﬂumina
2573 2864 2590 2901 :
2620 2857 2681 2902 ut
2709 2857 2864 2902 terra:
2899 2845 3044 2900 illius
3083 2844 3310 2900 ariditas
3331 2853 3387 2899 et
3411 2844 3628 2899 siccitas

2054 2939 2420 3007 sterilitasque
2463 2954 2724 3007 aquarum
2759 2938 3100 2992 innueretur.
3138 2934 3264 2990 Haec
3297 2944 3477 2991 autem
3523 2937 3625 2989 mi-

2053 3032 2233 3086 racula
2266 3046 2364 3087 cur
2397 3032 2782 3104 contigerunt?
2819 3030 3079 3097 Quoniam
3121 3046 3317 3084 memor
3352 3029 3450 3101 fuit
3485 3027 3624 3081 verbi

2051 3122 2220 3175 sancti
2251 3122 2353 3177 sui.

2130 3211 2289 3267 Vens.
2322 3213 2412 3269 45.
2455 3233 2475 3267 ι
2519 3214 2592 3269 Ut
2619 3216 2932 3272 custodiant
2959 3216 3397 3288 iustiﬁcationes.
3431 3230 3452 3265 ι

2125 3304 2192 3357 Ει
2237 3305 2401 3375 legem
2450 3307 2564 3376 ejus
2613 3309 2924 3375 exquirant,
2985 3309 3195 3364 scilicet
3247 3304 3617 3376 Evangelium.

2049 3394 2320 3459 Quorsum
2361 3397 2505 3451 enim
2545 3409 2855 3468 quaererent
2890 3401 2942 3455 id
2972 3401 3116 3470 quod
3160 3400 3405 3454 absolute
3454 3397 3624 3451 habe-

2048 3484 2218 3540 bant?
2268 3486 2456 3557 ltaque
2499 3489 2727 3543 alterum
2775 3491 3001 3546 omnino
3048 3497 3433 3545 testamentum
3484 3485 3620 3541 insi-

2048 3584 2200 3629 nuat.

2597 3670 2913 3726 PSALMUS
2950 3670 3058 3724 CV.

2119 3757 2284 3815 Vens.
2327 3761 2381 3814 9.
2427 3781 2445 3813 ι
2487 3763 2555 3815 Ει
2583 3762 2807 3816 deduxit
2833 3778 2929 3817 eos
2959 3762 3014 3816 in
3043 3763 3258 3833 abysso.
3297 3779 3314 3812 ι

2117 3849 2237 3905 Non
2295 3853 2442 3905 enim
2495 3861 2732 3907 attactus
2783 3853 2970 3923 virgae,
3012 3853 3106 3906 sed
3160 3851 3474 3906 mandatum
3526 3850 3620 3905 Dei

2048 3941 2272 4012 pelagus
2300 3941 2503 3996 fecerat
2530 3954 2728 3997 terram
2763 3944 3042 3998 incultam.

2120 4033 2281 4089 Vens.
2337 4035 2422 4089 10.
2482 4053 2500 4086 ι
2557 4035 2620 4089 Et
2669 4035 2897 4090 salvavit
2952 4051 3044 4091 eos
3098 4037 3170 4091 de
3207 4051 3374 4090 manu
3429 4036 3620 4091 odien-

2047 4125 2203 4179 tium.
2246 4145 2264 4179 ι

2119 4215 2237 4269 Non
2280 4228 2487 4273 temere
2527 4219 2643 4272 haec
2686 4219 2838 4284 dicit,
2872 4220 2967 4274 sed
3003 4228 3058 4273 ut
3096 4219 3406 4274 Judazorum
3441 4218 3624 4288 ingra-

2050 4307 2335 4363 titudinem
2387 4321 2760 4382 exaggeraret,
2792 4313 2937 4381 quod
2990 4321 3136 4366 tanta
3183 4311 3445 4366 beneﬁcia
3488 4326 3622 4366 con-

2048 4400 2254 4466 secuti,
2311 4410 2490 4456 tamen
2551 4417 2679 4473 erga
2739 4403 3144 4458 henel'aetorem
3207 4418 3366 4458 suum
3425 4402 3621 4472 ingrati

373 4481 670 4553 εὐεργέτην
700 4484 792 4538 τὸν
819 4485 1022 4541 οἰκεῖον
1046 4489 1324 4556 γεγόνασι,
1358 4489 1452 4543 τὸν
1482 4488 1633 4545 ὕδατι
1665 4495 1795 4558 τοὺς
1828 4495 1935 4549 θλί-

2056 4489 2387 4557 exstiterint,
2441 4491 2534 4562 qui
2594 4493 2752 4563 aquis
2803 4495 3131 4565 sepeliverat
3179 4510 3274 4550 eos
3322 4494 3412 4564 qui
3474 4495 3623 4564 ipsos

372 4571 568 4636 σοντας
614 4575 813 4640 αὐτοὺς
854 4578 950 4631 καὶ
1003 4579 1131 4642 τοὺς
1194 4578 1602 4652 ἐπηρεάζοντας
1647 4584 1944 4641 θάπτοντα.

375 4664 586 4732 Ὥσπερ
619 4668 870 4740 ἐπιφέρει
895 4686 910 4702 ⁸

448 4769 474 4804 α
523 4753 840 4824 Ἐτάχυναν,
873 4759 1227 4818 ἐπελάθοντο.
1263 4780 1284 4813 ι

458 4841 727 4899 ’Δπίστων
753 4847 912 4902 τοῦτο
954 4850 1049 4903 καὶ
1086 4850 1367 4921 όλιγώρων
1410 4852 1575 4919 ῖδιον,
1612 4855 1688 4925 μὴ
1735 4856 1944 4928 ἀναμέ-

371 4948 487 4986 νειν
523 4931 621 5003 τὴν
649 4933 743 4987 τοῦ
783 4936 918 4989 Θεοῦ
950 4936 1145 5006 βουλὴν
1169 4976 1184 5001 ,
1218 4939 1347 4992 ὅταν
1383 4940 1522 5010 μετὰ
1559 4943 1945 5014 μακροθυμίας

370 5022 726 5093 οἰκονομῆσαι
767 5025 974 5088 ἐκεῖνος
1007 5027 1262 5099 βούληται
1295 5029 1534 5098 ἅπαντα,
1582 5033 1712 5086 ἀλλ’
1749 5037 1946 5105 ἀπογι-

371 5109 624 5178 νώσκειν,
655 5112 827 5184 λήθην
874 5115 1146 5181 παθόντας
1190 5119 1298 5174 τῶν
1345 5121 1642 5191 θαυμάτων
1687 5123 1798 5180 τῶν
1843 5126 1943 5198 ἔμ-

369 5205 631 5273 προσθεν.

447 5312 469 5348 ι
502 5297 616 5350 Καὶ
641 5298 996 5370 ἐπεθύμησαν
1015 5299 1306 5371 ἐπιθυμίαν
1328 5303 1388 5359 ἐν
1409 5306 1475 5377 τῇ
1507 5306 1719 5379 ἐρήμῳ.
1753 5327 1772 5361 ι

443 5468 547 5522 Δύο
572 5470 680 5523 τῶν
721 5471 989 5527 Ἰουδαίων
1021 5473 1257 5544 συνῆψεν
1278 5477 1656 5550 ἁμαρτήματα
1681 5499 1693 5513 ·
1721 5482 1781 5537 ἓν
1818 5488 1940 5553 μὲν,

365 5559 757 5648 ὃτιῌσαρκικὴν
801 5563 1094 5634 ἐπιθυμίαν
1139 5566 1452 5637 ἐπεθύμουν
1496 5572 1555 5623 ἐν
1587 5575 1654 5643 τῇ
1706 5575 1898 5648 ἐρήμῳ
1925 5619 1938 5642 ,

295 5697 298 5701 .
367 5651 430 5704 ἐν
514 5652 822 5722 φιλοσοφεῖν
856 5654 986 5721 ἔδει,
1011 5657 1106 5710 καλ⁵
1134 5656 1242 5710 ἀπὸ
1265 5657 1445 5728 πάσης
1480 5644 1942 5731 τοιαύτηςέπιθυ-

372 5745 506 5813 μίας
551 5747 1011 5819 ἐγκρατεύεσθαι·
1057 5749 1302 5821 δεύτερον
1350 5753 1406 5806 δὲ
1435 5794 1450 5820 ,
1515 5754 1594 5808 ὅτι
1661 5756 1941 5817 δεηθέντες

2048 4580 2358 4652 aﬂligebant
2411 4597 2476 4638 ac
2527 4583 2875 4641 divexabant.
2925 4586 3079 4642 Unde
3126 4585 3362 4641 subdit:
3401 4585 3620 4656 Operuit

2047 4688 2187 4741 aqua
2211 4671 2521 4728 tribulantes
2545 4690 2656 4737 eos.

2115 4775 2279 4831 Vens.
2313 4778 2401 4833 l5.
2439 4797 2459 4832 ι
2497 4777 2938 4846 Festinaverunt,
2981 4780 3132 4837 obliti
3171 4787 3317 4834 sunt.
3357 4795 3376 4828 ι
3643 4795 3650 4858 ς

2113 4867 2528 4923 lucredulorum
2559 4879 2615 4926 et
2641 4872 3033 4943 negligentium
3068 4873 3170 4925 hoc
3199 4878 3281 4923 est
3317 4867 3618 4938 proprium,
3643 4859 3649 4872 ⁵

2045 4965 2105 5011 ut
2132 4958 2356 5014 minime
2389 4971 2706 5031 exspectent
2743 4962 2839 5016 Dei
2869 4962 3218 5020 sententiam.
3249 4958 3468 5028 quando
3497 4973 3622 5011 cum

2045 5048 2459 5118 longanimitate
2516 5060 2716 5108 cuncta
2764 5053 3084 5122 dispensare
3133 5049 3471 5112 decreverit,
3527 5048 3621 5104 sed

2047 5140 2358 5210 desperent,
2391 5144 2671 5212 prmterita
2713 5145 2974 5200 miracula
3020 5141 3281 5198 oblivioni
3323 5139 3617 5196 tradentes.

2118 5310 2278 5367 Vens.
2312 5313 2398 5368 M.
2435 5332 2454 5366 ι
2497 5315 2564 5369 Et
2602 5313 2998 5384 concupierunt
3029 5314 3526 5386 concupiscentiam
3558 5316 3614 5370 in

2046 5402 2283 5457 deserto.
2319 5421 2338 5453 ι
3234 5424 3237 5426 ·

2116 5495 2232 5549 Duo
2257 5493 2574 5550 Iudaeorum
2602 5505 2822 5565 peccata
2849 5498 3132 5568 conjunxit
3159 5517 3172 5553 :
3200 5515 3368 5554 unum
3397 5499 3616 5568 quidem

2045 5587 2186 5655 quod
2227 5588 2500 5642 carnalem
2549 5588 3047 5658 concupiscentiam
3091 5592 3507 5661 concupiverint
3555 5589 3616 5645 in

2046 5680 2280 5741 deserto,
2325 5679 2416 5733 ubi
2458 5678 2829 5750 philosophari
2875 5691 3227 5752 oportuerat,
3272 5693 3328 5739 et
3362 5684 3430 5738 ab
3465 5680 3612 5737 omni

2046 5767 2204 5822 simili
2231 5769 2671 5839 conetu‘iisccntia
2704 5771 2805 5828 sibi
2836 5783 3139 5829 lcmm'rare
3169 5793 3181 5831 :
3207 5775 3435 5834 alterum
3459 5787 3613 5842 vero,
