  <div class='ocr_page' id='page_1' title='image "/cluster/home/n/w/nwhite01/storage/ocr_20150623/93/hvd.32044054128533/664.png"; bbox 0 0 4036 6200; ppageno 0'>
   <div class='ocr_carea' id='block_1_1' title="bbox 257 259 381 324">
    <p class='ocr_par' dir='ltr' id='par_1_1' title="bbox 257 259 381 324">
     <span class='ocr_line' id='line_1_1' title="bbox 257 259 381 324; baseline 0.008 -2"><span class='ocrx_word' id='word_1_1' title='bbox 257 259 381 324; x_wconf 75' lang='lat'><strong>1301</strong></span> 
     </span>
    </p>
   </div>
   <div class='ocr_carea' id='block_1_2' title="bbox 325 371 1468 444">
    <p class='ocr_par' dir='ltr' id='par_1_2' title="bbox 325 371 1468 444">
     <span class='ocr_line' id='line_1_2' title="bbox 325 371 1468 444; baseline 0.001 -20"><span class='ocrx_word' id='word_1_2' title='bbox 325 392 344 424; x_wconf 77' lang='grc' dir='ltr'><strong>ι</strong></span> <span class='ocrx_word' id='word_1_3' title='bbox 382 373 690 444; x_wconf 71' lang='grc' dir='ltr'><strong>Εὐλογητὸς</strong></span> <span class='ocrx_word' id='word_1_4' title='bbox 725 372 928 444; x_wconf 82' lang='grc' dir='ltr'>Κύριος</span> <span class='ocrx_word' id='word_1_5' title='bbox 951 375 980 428; x_wconf 77' lang='grc' dir='ltr'><strong><em>ὁ</em></strong></span> <span class='ocrx_word' id='word_1_6' title='bbox 1002 372 1137 437; x_wconf 76' lang='grc' dir='ltr'>Θεὸς</span> <span class='ocrx_word' id='word_1_7' title='bbox 1173 371 1411 444; x_wconf 83' lang='grc' dir='ltr'>Ἰσραήλ.</span> <span class='ocrx_word' id='word_1_8' title='bbox 1449 393 1468 425; x_wconf 77' lang='grc' dir='ltr'><strong>ι</strong></span> 
     </span>
    </p>
   </div>
   <div class='ocr_carea' id='block_1_3' title="bbox 324 461 1832 534">
    <p class='ocr_par' dir='ltr' id='par_1_3' title="bbox 324 461 1832 534">
     <span class='ocr_line' id='line_1_3' title="bbox 324 461 1832 534; baseline 0.001 -20"><span class='ocrx_word' id='word_1_9' title='bbox 324 462 505 532; x_wconf 78' lang='grc' dir='ltr'>Μέχρι</span> <span class='ocrx_word' id='word_1_10' title='bbox 531 463 638 516; x_wconf 86' lang='grc' dir='ltr'><strong>τῶν</strong></span> <span class='ocrx_word' id='word_1_11' title='bbox 661 463 902 518; x_wconf 74' lang='grc' dir='ltr'>ἐνταῦθα</span> <span class='ocrx_word' id='word_1_12' title='bbox 924 463 1026 533; x_wconf 75' lang='grc' dir='ltr'><strong>τὴν</strong></span> <span class='ocrx_word' id='word_1_13' title='bbox 1051 461 1322 534; x_wconf 76' lang='grc' dir='ltr'><strong>τετάρτην</strong></span> <span class='ocrx_word' id='word_1_14' title='bbox 1356 461 1536 533; x_wconf 77' lang='grc' dir='ltr'>βίϐλον</span> <span class='ocrx_word' id='word_1_15' title='bbox 1557 461 1664 515; x_wconf 91' lang='grc' dir='ltr'><strong>τῶν</strong></span> <span class='ocrx_word' id='word_1_16' title='bbox 1686 462 1832 516; x_wconf 77' lang='grc' dir='ltr'>Ψαλ-</span> 
     </span>
    </p>
   </div>
   <div class='ocr_carea' id='block_1_4' title="bbox 1398 262 2375 325">
    <p class='ocr_par' dir='ltr' id='par_1_4' title="bbox 1398 262 2375 325">
     <span class='ocr_line' id='line_1_4' title="bbox 1398 262 2375 325; baseline 0.004 -4"><span class='ocrx_word' id='word_1_17' title='bbox 1398 262 1858 324; x_wconf 74' lang='lat' dir='ltr'><strong>FRAGMENTA</strong></span> <span class='ocrx_word' id='word_1_18' title='bbox 1894 263 1977 325; x_wconf 84' lang='lat' dir='ltr'><strong>IN</strong></span> <span class='ocrx_word' id='word_1_19' title='bbox 2017 265 2375 325; x_wconf 83' lang='lat' dir='ltr'><strong>PSALMOS.</strong></span> 
     </span>
    </p>
   </div>
   <div class='ocr_carea' id='block_1_5' title="bbox 3375 258 3511 326">
    <p class='ocr_par' dir='ltr' id='par_1_5' title="bbox 3375 258 3511 326">
     <span class='ocr_line' id='line_1_5' title="bbox 3375 258 3511 326; baseline 0.044 -6"><span class='ocrx_word' id='word_1_20' title='bbox 3375 258 3511 326; x_wconf 75' lang='lat'><strong>1302</strong></span> 
     </span>
    </p>
   </div>
   <div class='ocr_carea' id='block_1_6' title="bbox 1859 371 3508 438">
    <p class='ocr_par' dir='ltr' id='par_1_6' title="bbox 1859 371 3508 438">
     <span class='ocr_line' id='line_1_6' title="bbox 1859 371 3508 438; baseline -0.005 -6"><span class='ocrx_word' id='word_1_21' title='bbox 1859 381 1906 438; x_wconf 81' lang='grc' dir='ltr'><strong>Α</strong></span> <span class='ocrx_word' id='word_1_22' title='bbox 2002 377 2163 432; x_wconf 73' lang='lat' dir='ltr'><strong>Vens.</strong></span> <span class='ocrx_word' id='word_1_23' title='bbox 2206 376 2296 430; x_wconf 74' lang='grc'><strong>48.</strong></span> <span class='ocrx_word' id='word_1_24' title='bbox 2337 395 2355 427; x_wconf 79' lang='grc' dir='ltr'><strong>ι</strong></span> <span class='ocrx_word' id='word_1_25' title='bbox 2392 375 2724 431; x_wconf 89' lang='lat' dir='ltr'><strong>Benedictus</strong></span> <span class='ocrx_word' id='word_1_26' title='bbox 2765 374 3028 429; x_wconf 84' lang='lat' dir='ltr'><strong>Dominus</strong></span> <span class='ocrx_word' id='word_1_27' title='bbox 3070 371 3213 426; x_wconf 83' lang='lat' dir='ltr'><strong>Deus</strong></span> <span class='ocrx_word' id='word_1_28' title='bbox 3257 371 3444 426; x_wconf 86' lang='lat' dir='ltr'><strong>lsrael.</strong></span> <span class='ocrx_word' id='word_1_29' title='bbox 3485 392 3508 424; x_wconf 84' lang='grc'><strong>›</strong></span> 
     </span>
    </p>
   </div>
   <div class='ocr_carea' id='block_1_7' title="bbox 2004 463 3515 536">
    <p class='ocr_par' dir='ltr' id='par_1_7' title="bbox 2004 463 3515 536">
     <span class='ocr_line' id='line_1_7' title="bbox 2004 463 3515 536; baseline -0.001 -16"><span class='ocrx_word' id='word_1_30' title='bbox 2004 468 2123 521; x_wconf 79' lang='lat' dir='ltr'><strong>Huc</strong></span> <span class='ocrx_word' id='word_1_31' title='bbox 2161 481 2334 536; x_wconf 88' lang='lat' dir='ltr'><strong>usque</strong></span> <span class='ocrx_word' id='word_1_32' title='bbox 2365 478 2619 536; x_wconf 86' lang='lat' dir='ltr'><strong>quartum</strong></span> <span class='ocrx_word' id='word_1_33' title='bbox 2653 466 2990 520; x_wconf 84' lang='lat' dir='ltr'><strong>Psalmorum</strong></span> <span class='ocrx_word' id='word_1_34' title='bbox 3019 465 3219 518; x_wconf 88' lang='lat' dir='ltr'><strong>librum</strong></span> <span class='ocrx_word' id='word_1_35' title='bbox 3246 463 3515 519; x_wconf 84' lang='lat' dir='ltr'><strong>deﬁniunt</strong></span> 
     </span>
    </p>
   </div>
   <div class='ocr_carea' id='block_1_8' title="bbox 260 550 1870 631">
    <p class='ocr_par' dir='ltr' id='par_1_8' title="bbox 260 550 1832 624">
     <span class='ocr_line' id='line_1_8' title="bbox 260 550 1832 624; baseline 0.001 -20"><span class='ocrx_word' id='word_1_36' title='bbox 260 550 374 622; x_wconf 86' lang='grc' dir='ltr'><strong>μῶν</strong></span> <span class='ocrx_word' id='word_1_37' title='bbox 419 551 690 622; x_wconf 79' lang='grc' dir='ltr'>Ἐϐραίων</span> <span class='ocrx_word' id='word_1_38' title='bbox 717 553 909 617; x_wconf 78' lang='grc' dir='ltr'>παῖδες</span> <span class='ocrx_word' id='word_1_39' title='bbox 940 553 1214 622; x_wconf 78' lang='grc' dir='ltr'><strong>ὁρίζονται</strong></span> <span class='ocrx_word' id='word_1_40' title='bbox 1236 569 1249 582; x_wconf 89' lang='grc'><strong>·</strong></span> <span class='ocrx_word' id='word_1_41' title='bbox 1287 553 1366 616; x_wconf 80' lang='grc' dir='ltr'><strong>εἰς</strong></span> <span class='ocrx_word' id='word_1_42' title='bbox 1405 553 1567 608; x_wconf 81' lang='grc' dir='ltr'>πέντε</span> <span class='ocrx_word' id='word_1_43' title='bbox 1604 553 1709 624; x_wconf 82' lang='grc' dir='ltr'>γὰρ</span> <span class='ocrx_word' id='word_1_44' title='bbox 1735 553 1832 624; x_wconf 82' lang='grc' dir='ltr'><strong>τὴν</strong></span> 
     </span>
    </p>
   </div>
   <div class='ocr_carea' id='block_1_9' title="bbox 1963 550 3514 631">
    <p class='ocr_par' dir='ltr' id='par_1_9' title="bbox 1963 556 3514 631">
     <span class='ocr_line' id='line_1_9' title="bbox 1963 556 3514 631; baseline -0.002 -18"><span class='ocrx_word' id='word_1_45' title='bbox 1963 559 2148 616; x_wconf 82' lang='lat' dir='ltr'><strong>lebraei</strong></span> <span class='ocrx_word' id='word_1_46' title='bbox 2185 579 2197 614; x_wconf 88' lang='lat'>:</span> <span class='ocrx_word' id='word_1_47' title='bbox 2233 561 2286 614; x_wconf 93' lang='lat' dir='ltr'><strong>in</strong></span> <span class='ocrx_word' id='word_1_48' title='bbox 2314 561 2558 631; x_wconf 89' lang='lat' dir='ltr'><strong>quinque</strong></span> <span class='ocrx_word' id='word_1_49' title='bbox 2602 559 2749 614; x_wconf 88' lang='lat' dir='ltr'><strong>enim</strong></span> <span class='ocrx_word' id='word_1_50' title='bbox 2795 557 2963 613; x_wconf 89' lang='lat' dir='ltr'><strong>libros</strong></span> <span class='ocrx_word' id='word_1_51' title='bbox 3000 558 3310 612; x_wconf 77' lang='lat' dir='ltr'><strong>universam</strong></span> <span class='ocrx_word' id='word_1_52' title='bbox 3354 556 3514 612; x_wconf 81' lang='lat' dir='ltr'><strong>Davi-</strong></span> 
     </span>
    </p>
   </div>
   <div class='ocr_carea' id='block_1_10' title="bbox 262 645 1870 721">
    <p class='ocr_par' dir='ltr' id='par_1_10' title="bbox 262 645 1836 718">
     <span class='ocr_line' id='line_1_10' title="bbox 262 645 1836 718; baseline 0.001 -20"><span class='ocrx_word' id='word_1_53' title='bbox 262 645 349 698; x_wconf 84' lang='grc' dir='ltr'><strong>τοῦ</strong></span> <span class='ocrx_word' id='word_1_54' title='bbox 381 645 546 700; x_wconf 70' lang='grc' dir='ltr'>Δαϐιδ</span> <span class='ocrx_word' id='word_1_55' title='bbox 576 647 922 718; x_wconf 78' lang='grc' dir='ltr'>προφητείαν</span> <span class='ocrx_word' id='word_1_56' title='bbox 947 647 1215 710; x_wconf 77' lang='grc' dir='ltr'><strong>διελόντες</strong></span> <span class='ocrx_word' id='word_1_57' title='bbox 1250 646 1414 717; x_wconf 84' lang='grc' dir='ltr'>(καθά</span> <span class='ocrx_word' id='word_1_58' title='bbox 1448 647 1836 717; x_wconf 69' lang='grc' dir='ltr'>καὶπρότερον</span> 
     </span>
    </p>
   </div>
   <div class='ocr_carea' id='block_1_11' title="bbox 1963 645 3512 721">
    <p class='ocr_par' dir='ltr' id='par_1_11' title="bbox 1963 647 3512 721">
     <span class='ocr_line' id='line_1_11' title="bbox 1963 647 3512 721; baseline 0 -17"><span class='ocrx_word' id='word_1_59' title='bbox 1963 650 2022 705; x_wconf 87' lang='lat' dir='ltr'><strong>lis</strong></span> <span class='ocrx_word' id='word_1_60' title='bbox 2068 651 2413 721; x_wconf 73' lang='lat' dir='ltr'><strong>prophetiam</strong></span> <span class='ocrx_word' id='word_1_61' title='bbox 2465 651 2770 705; x_wconf 86' lang='lat' dir='ltr'><strong>dividentes</strong></span> <span class='ocrx_word' id='word_1_62' title='bbox 2819 647 2920 718; x_wconf 90' lang='lat' dir='ltr'><strong>(uti</strong></span> <span class='ocrx_word' id='word_1_63' title='bbox 2975 647 3129 717; x_wconf 89' lang='lat' dir='ltr'><strong>prius</strong></span> <span class='ocrx_word' id='word_1_64' title='bbox 3176 647 3512 718; x_wconf 82' lang='lat' dir='ltr'><strong>dicebamus)</strong></span> 
     </span>
    </p>
   </div>
   <div class='ocr_carea' id='block_1_12' title="bbox 262 731 1838 809">
    <p class='ocr_par' dir='ltr' id='par_1_12' title="bbox 262 731 1838 809">
     <span class='ocr_line' id='line_1_12' title="bbox 262 731 1838 809; baseline 0.002 -21"><span class='ocrx_word' id='word_1_65' title='bbox 262 735 513 808; x_wconf 71' lang='grc' dir='ltr'>ἔφαμεν),</span> <span class='ocrx_word' id='word_1_66' title='bbox 565 738 798 791; x_wconf 70' lang='grc' dir='ltr'>ἕκαστον</span> <span class='ocrx_word' id='word_1_67' title='bbox 828 736 1064 806; x_wconf 77' lang='grc' dir='ltr'>ψαλμὸν,</span> <span class='ocrx_word' id='word_1_68' title='bbox 1111 731 1155 804; x_wconf 79' lang='grc' dir='ltr'><strong>ᾧ</strong></span> <span class='ocrx_word' id='word_1_69' title='bbox 1181 738 1342 791; x_wconf 88' lang='grc' dir='ltr'>τοῦτο</span> <span class='ocrx_word' id='word_1_70' title='bbox 1387 739 1539 801; x_wconf 89' lang='grc' dir='ltr'>τέλος</span> <span class='ocrx_word' id='word_1_71' title='bbox 1573 738 1838 809; x_wconf 84' lang='grc' dir='ltr'>πρόσκει-</span> 
     </span>
    </p>
   </div>
   <div class='ocr_carea' id='block_1_13' title="bbox 1938 739 3514 813">
    <p class='ocr_par' dir='ltr' id='par_1_13' title="bbox 1938 739 3514 813">
     <span class='ocr_line' id='line_1_13' title="bbox 1938 739 3514 813; baseline 0 -17"><span class='ocrx_word' id='word_1_72' title='bbox 1938 742 2234 813; x_wconf 79' lang='lat' dir='ltr'><strong>quemlibet</strong></span> <span class='ocrx_word' id='word_1_73' title='bbox 2277 743 2587 812; x_wconf 84' lang='lat' dir='ltr'><strong>psalmum,</strong></span> <span class='ocrx_word' id='word_1_74' title='bbox 2638 741 2728 797; x_wconf 90' lang='lat' dir='ltr'><strong>cui</strong></span> <span class='ocrx_word' id='word_1_75' title='bbox 2775 740 2900 795; x_wconf 82' lang='lat' dir='ltr'><strong>finis</strong></span> <span class='ocrx_word' id='word_1_76' title='bbox 2949 749 3052 806; x_wconf 82' lang='lat' dir='ltr'><strong>est,</strong></span> <span class='ocrx_word' id='word_1_77' title='bbox 3103 739 3293 810; x_wconf 80' lang='lat' dir='ltr'><strong>Amen,</strong></span> <span class='ocrx_word' id='word_1_78' title='bbox 3340 758 3514 806; x_wconf 81' lang='lat' dir='ltr'><strong>amen.</strong></span> 
     </span>
    </p>
   </div>
   <div class='ocr_carea' id='block_1_14' title="bbox 263 825 1870 904">
    <p class='ocr_par' dir='ltr' id='par_1_14' title="bbox 263 825 1828 900">
     <span class='ocr_line' id='line_1_14' title="bbox 263 825 1828 900; baseline 0.002 -22"><span class='ocrx_word' id='word_1_79' title='bbox 263 843 348 878; x_wconf 83' lang='grc' dir='ltr'><strong>ται</strong></span> <span class='ocrx_word' id='word_1_80' title='bbox 397 828 605 895; x_wconf 73' lang='grc' dir='ltr'>Ἀμὴν,</span> <span class='ocrx_word' id='word_1_81' title='bbox 657 827 841 896; x_wconf 77' lang='grc' dir='ltr'>ἀμὴν,</span> <span class='ocrx_word' id='word_1_82' title='bbox 872 829 1265 899; x_wconf 81' lang='grc' dir='ltr'><strong>συμπλήρωσιν</strong></span> <span class='ocrx_word' id='word_1_83' title='bbox 1299 825 1439 884; x_wconf 74' lang='grc' dir='ltr'>εἶναι</span> <span class='ocrx_word' id='word_1_84' title='bbox 1480 831 1607 900; x_wconf 79' lang='grc' dir='ltr'>μιᾶς</span> <span class='ocrx_word' id='word_1_85' title='bbox 1639 829 1828 898; x_wconf 75' lang='grc' dir='ltr'>βίϐλου</span> 
     </span>
    </p>
   </div>
   <div class='ocr_carea' id='block_1_15' title="bbox 1963 825 3287 904">
    <p class='ocr_par' dir='ltr' id='par_1_15' title="bbox 1963 831 3287 904">
     <span class='ocr_line' id='line_1_15' title="bbox 1963 831 3287 904; baseline 0 -18"><span class='ocrx_word' id='word_1_86' title='bbox 1963 835 2104 890; x_wconf 89' lang='lat' dir='ltr'><strong>mius</strong></span> <span class='ocrx_word' id='word_1_87' title='bbox 2128 834 2252 890; x_wconf 88' lang='lat' dir='ltr'><strong>libri</strong></span> <span class='ocrx_word' id='word_1_88' title='bbox 2283 834 2747 904; x_wconf 86' lang='lat' dir='ltr'><strong>complementum</strong></span> <span class='ocrx_word' id='word_1_89' title='bbox 2775 846 2898 888; x_wconf 89' lang='lat' dir='ltr'><strong>esse</strong></span> <span class='ocrx_word' id='word_1_90' title='bbox 2930 831 3287 886; x_wconf 81' lang='lat' dir='ltr'><strong>arbitrantur.</strong></span> 
     </span>
    </p>
   </div>
   <div class='ocr_carea' id='block_1_16' title="bbox 266 916 592 985">
    <p class='ocr_par' dir='ltr' id='par_1_16' title="bbox 266 916 592 985">
     <span class='ocr_line' id='line_1_16' title="bbox 266 916 592 985; baseline 0.009 -18"><span class='ocrx_word' id='word_1_91' title='bbox 266 916 592 985; x_wconf 76' lang='grc' dir='ltr'>νομίζουσιν.</span> 
     </span>
    </p>
   </div>
   <div class='ocr_carea' id='block_1_17' title="bbox 809 1011 1287 1078">
    <p class='ocr_par' dir='ltr' id='par_1_17' title="bbox 809 1011 1287 1078">
     <span class='ocr_line' id='line_1_17' title="bbox 809 1011 1287 1078; baseline 0.008 -14"><span class='ocrx_word' id='word_1_92' title='bbox 809 1011 1106 1065; x_wconf 64' lang='lat' dir='ltr'><strong>mmo}:</strong></span> <span class='ocrx_word' id='word_1_93' title='bbox 1148 1012 1287 1078; x_wconf 71' lang='lat' dir='ltr'><strong>Pq&#39;.</strong></span> 
     </span>
    </p>
   </div>
   <div class='ocr_carea' id='block_1_18' title="bbox 345 1099 811 1169">
    <p class='ocr_par' dir='ltr' id='par_1_18' title="bbox 345 1099 811 1169">
     <span class='ocr_line' id='line_1_18' title="bbox 345 1099 811 1169; baseline 0.011 -20"><span class='ocrx_word' id='word_1_94' title='bbox 345 1118 364 1149; x_wconf 76' lang='grc' dir='ltr'><strong>ι</strong></span> <span class='ocrx_word' id='word_1_95' title='bbox 410 1099 750 1169; x_wconf 77' lang='grc' dir='ltr'>Ἀλλη).ούῖα.</span> <span class='ocrx_word' id='word_1_96' title='bbox 793 1121 811 1153; x_wconf 72' lang='grc' dir='ltr'><strong>ι</strong></span> 
     </span>
    </p>
   </div>
   <div class='ocr_carea' id='block_1_19' title="bbox 339 1187 1845 1265">
    <p class='ocr_par' dir='ltr' id='par_1_19' title="bbox 339 1187 1845 1265">
     <span class='ocr_line' id='line_1_19' title="bbox 339 1187 1845 1265; baseline 0.004 -24"><span class='ocrx_word' id='word_1_97' title='bbox 339 1189 751 1260; x_wconf 87' lang='grc' dir='ltr'>Παραπλησίως</span> <span class='ocrx_word' id='word_1_98' title='bbox 769 1194 883 1256; x_wconf 84' lang='grc' dir='ltr'>τοῖς</span> <span class='ocrx_word' id='word_1_99' title='bbox 911 1195 1196 1264; x_wconf 79' lang='grc' dir='ltr'>προτέροις</span> <span class='ocrx_word' id='word_1_100' title='bbox 1243 1194 1334 1245; x_wconf 73' lang='grc' dir='ltr'><strong>καὶ</strong></span> <span class='ocrx_word' id='word_1_101' title='bbox 1363 1187 1518 1255; x_wconf 72' lang='grc' dir='ltr'>οὗτος</span> <span class='ocrx_word' id='word_1_102' title='bbox 1547 1193 1845 1265; x_wconf 84' lang='grc' dir='ltr'>ἐπιγέγρα-</span> 
     </span>
    </p>
   </div>
   <div class='ocr_carea' id='block_1_20' title="bbox 2473 1008 3051 1081">
    <p class='ocr_par' dir='ltr' id='par_1_20' title="bbox 2473 1008 3051 1081">
     <span class='ocr_line' id='line_1_20' title="bbox 2473 1008 3051 1081; baseline 0.002 -18"><span class='ocrx_word' id='word_1_103' title='bbox 2473 1008 2790 1081; x_wconf 69' lang='lat' dir='ltr'><strong>PSALMUS</strong></span> <span class='ocrx_word' id='word_1_104' title='bbox 2829 1008 2963 1064; x_wconf 84' lang='lat' dir='ltr'><strong>CVI.</strong></span> <span class='ocrx_word' id='word_1_105' title='bbox 3022 1048 3051 1064; x_wconf 68' lang='grc' dir='ltr'><strong>ρ</strong></span> 
     </span>
    </p>
   </div>
   <div class='ocr_carea' id='block_1_21' title="bbox 2022 1099 2392 1154">
    <p class='ocr_par' dir='ltr' id='par_1_21' title="bbox 2022 1099 2392 1154">
     <span class='ocr_line' id='line_1_21' title="bbox 2022 1099 2392 1154; baseline 0 -4"><span class='ocrx_word' id='word_1_106' title='bbox 2022 1118 2040 1150; x_wconf 81' lang='grc' dir='ltr'><strong>ι</strong></span> <span class='ocrx_word' id='word_1_107' title='bbox 2081 1099 2329 1154; x_wconf 86' lang='lat' dir='ltr'><strong>Alleluia.</strong></span> <span class='ocrx_word' id='word_1_108' title='bbox 2373 1117 2392 1150; x_wconf 79' lang='grc' dir='ltr'><strong>ι</strong></span> 
     </span>
    </p>
   </div>
   <div class='ocr_carea' id='block_1_22' title="bbox 2019 1189 3523 1261">
    <p class='ocr_par' dir='ltr' id='par_1_22' title="bbox 2019 1189 3523 1261">
     <span class='ocr_line' id='line_1_22' title="bbox 2019 1189 3523 1261; baseline 0 -17"><span class='ocrx_word' id='word_1_109' title='bbox 2019 1191 2226 1245; x_wconf 87' lang='lat' dir='ltr'><strong>Eodem</strong></span> <span class='ocrx_word' id='word_1_110' title='bbox 2267 1191 2427 1245; x_wconf 90' lang='lat' dir='ltr'><strong>modo</strong></span> <span class='ocrx_word' id='word_1_111' title='bbox 2453 1206 2562 1261; x_wconf 92' lang='lat' dir='ltr'><strong>quo</strong></span> <span class='ocrx_word' id='word_1_112' title='bbox 2595 1191 2970 1260; x_wconf 60' lang='lat' dir='ltr'><strong>praecedentes</strong></span> <span class='ocrx_word' id='word_1_113' title='bbox 3002 1190 3093 1245; x_wconf 84' lang='lat' dir='ltr'><strong>hic</strong></span> <span class='ocrx_word' id='word_1_114' title='bbox 3130 1189 3296 1244; x_wconf 88' lang='lat' dir='ltr'><strong>etiam</strong></span> <span class='ocrx_word' id='word_1_115' title='bbox 3329 1189 3523 1244; x_wconf 85' lang='lat' dir='ltr'><strong>inscri-</strong></span> 
     </span>
    </p>
   </div>
   <div class='ocr_carea' id='block_1_23' title="bbox 271 1280 1870 1354">
    <p class='ocr_par' dir='ltr' id='par_1_23' title="bbox 271 1280 1845 1354">
     <span class='ocr_line' id='line_1_23' title="bbox 271 1280 1845 1354; baseline 0.006 -25"><span class='ocrx_word' id='word_1_116' title='bbox 271 1295 435 1331; x_wconf 87' lang='grc' dir='ltr'>πται·</span> <span class='ocrx_word' id='word_1_117' title='bbox 495 1280 592 1350; x_wconf 83' lang='grc' dir='ltr'>τῆς</span> <span class='ocrx_word' id='word_1_118' title='bbox 640 1281 748 1353; x_wconf 78' lang='grc' dir='ltr'><strong>γὰρ</strong></span> <span class='ocrx_word' id='word_1_119' title='bbox 782 1283 954 1352; x_wconf 68' lang='grc' dir='ltr'>αὐτῆς</span> <span class='ocrx_word' id='word_1_120' title='bbox 1005 1283 1315 1346; x_wconf 77' lang='grc' dir='ltr'>ὑποθέσεως</span> <span class='ocrx_word' id='word_1_121' title='bbox 1357 1283 1561 1353; x_wconf 79' lang='grc' dir='ltr'>ἔχεται,</span> <span class='ocrx_word' id='word_1_122' title='bbox 1615 1285 1845 1354; x_wconf 80' lang='grc' dir='ltr'>ἱστορῶν</span> 
     </span>
    </p>
   </div>
   <div class='ocr_carea' id='block_1_24' title="bbox 1963 1280 3528 1354">
    <p class='ocr_par' dir='ltr' id='par_1_24' title="bbox 1963 1281 3528 1352">
     <span class='ocr_line' id='line_1_24' title="bbox 1963 1281 3528 1352; baseline -0.001 -17"><span class='ocrx_word' id='word_1_123' title='bbox 1963 1291 2073 1336; x_wconf 60' lang='lat' dir='ltr'><strong>atus</strong></span> <span class='ocrx_word' id='word_1_124' title='bbox 2103 1290 2184 1336; x_wconf 89' lang='lat' dir='ltr'><strong>est</strong></span> <span class='ocrx_word' id='word_1_125' title='bbox 2219 1300 2233 1336; x_wconf 88' lang='lat'><strong>:</strong></span> <span class='ocrx_word' id='word_1_126' title='bbox 2262 1281 2507 1352; x_wconf 87' lang='lat' dir='ltr'><strong>ejusdem</strong></span> <span class='ocrx_word' id='word_1_127' title='bbox 2541 1281 2688 1336; x_wconf 91' lang='lat' dir='ltr'><strong>enim</strong></span> <span class='ocrx_word' id='word_1_128' title='bbox 2729 1289 2813 1336; x_wconf 89' lang='lat' dir='ltr'><strong>est</strong></span> <span class='ocrx_word' id='word_1_129' title='bbox 2841 1281 3173 1352; x_wconf 81' lang='lat' dir='ltr'><strong>argumenti,</strong></span> <span class='ocrx_word' id='word_1_130' title='bbox 3208 1296 3332 1337; x_wconf 89' lang='lat' dir='ltr'><strong>cum</strong></span> <span class='ocrx_word' id='word_1_131' title='bbox 3367 1294 3528 1334; x_wconf 85' lang='lat' dir='ltr'><strong>enar-</strong></span> 
     </span>
    </p>
   </div>
   <div class='ocr_carea' id='block_1_25' title="bbox 272 1371 1695 1446">
    <p class='ocr_par' dir='ltr' id='par_1_25' title="bbox 272 1371 1695 1446">
     <span class='ocr_line' id='line_1_25' title="bbox 272 1371 1695 1446; baseline 0.006 -25"><span class='ocrx_word' id='word_1_132' title='bbox 272 1372 327 1422; x_wconf 80' lang='grc' dir='ltr'><strong>ἐν</strong></span> <span class='ocrx_word' id='word_1_133' title='bbox 375 1371 537 1442; x_wconf 86' lang='grc' dir='ltr'>μέρει</span> <span class='ocrx_word' id='word_1_134' title='bbox 568 1373 637 1425; x_wconf 74' lang='grc' dir='ltr'>τὰ</span> <span class='ocrx_word' id='word_1_135' title='bbox 675 1375 941 1444; x_wconf 83' lang='grc' dir='ltr'>γενόμενα</span> <span class='ocrx_word' id='word_1_136' title='bbox 970 1377 1084 1439; x_wconf 86' lang='grc' dir='ltr'>τοῖς</span> <span class='ocrx_word' id='word_1_137' title='bbox 1114 1375 1394 1438; x_wconf 80' lang='grc' dir='ltr'>Ἰουδαίοις</span> <span class='ocrx_word' id='word_1_138' title='bbox 1417 1375 1695 1446; x_wconf 86' lang='grc' dir='ltr'>θαύματα.</span> 
     </span>
    </p>
   </div>
   <div class='ocr_carea' id='block_1_26' title="bbox 345 1461 1196 1534">
    <p class='ocr_par' dir='ltr' id='par_1_26' title="bbox 345 1461 1196 1534">
     <span class='ocr_line' id='line_1_26' title="bbox 345 1461 1196 1534; baseline 0.005 -23"><span class='ocrx_word' id='word_1_139' title='bbox 345 1478 363 1509; x_wconf 79' lang='grc' dir='ltr'><strong>ι</strong></span> <span class='ocrx_word' id='word_1_140' title='bbox 397 1461 703 1526; x_wconf 84' lang='grc' dir='ltr'>Πεινῶντες</span> <span class='ocrx_word' id='word_1_141' title='bbox 733 1465 827 1516; x_wconf 70' lang='grc' dir='ltr'><strong>καὶ</strong></span> <span class='ocrx_word' id='word_1_142' title='bbox 855 1463 1138 1534; x_wconf 68' lang='grc' dir='ltr'>διψῶντες.</span> <span class='ocrx_word' id='word_1_143' title='bbox 1177 1484 1196 1515; x_wconf 71' lang='grc' dir='ltr'><strong>ι</strong></span> 
     </span>
    </p>
   </div>
   <div class='ocr_carea' id='block_1_27' title="bbox 343 1551 1849 1629">
    <p class='ocr_par' dir='ltr' id='par_1_27' title="bbox 343 1551 1849 1629">
     <span class='ocr_line' id='line_1_27' title="bbox 343 1551 1849 1629; baseline 0.003 -26"><span class='ocrx_word' id='word_1_144' title='bbox 343 1551 518 1605; x_wconf 85' lang='grc' dir='ltr'>Ὅταν</span> <span class='ocrx_word' id='word_1_145' title='bbox 553 1555 662 1624; x_wconf 83' lang='grc' dir='ltr'>γὰρ</span> <span class='ocrx_word' id='word_1_146' title='bbox 691 1554 838 1624; x_wconf 76' lang='grc' dir='ltr'><strong>ψυχὴ</strong></span> <span class='ocrx_word' id='word_1_147' title='bbox 877 1554 1091 1628; x_wconf 79' lang='grc' dir='ltr'>λιμώξῃ</span> <span class='ocrx_word' id='word_1_148' title='bbox 1123 1556 1218 1608; x_wconf 69' lang='grc' dir='ltr'><strong>καὶ</strong></span> <span class='ocrx_word' id='word_1_149' title='bbox 1250 1555 1454 1629; x_wconf 70' lang='grc' dir='ltr'>διψήσῃ</span> <span class='ocrx_word' id='word_1_150' title='bbox 1497 1555 1665 1626; x_wconf 78' lang='grc' dir='ltr'>ἀκοὴν</span> <span class='ocrx_word' id='word_1_151' title='bbox 1691 1556 1849 1624; x_wconf 84' lang='grc' dir='ltr'>λόγου</span> 
     </span>
    </p>
   </div>
   <div class='ocr_carea' id='block_1_28' title="bbox 274 1642 1853 1717">
    <p class='ocr_par' dir='ltr' id='par_1_28' title="bbox 274 1642 1853 1717">
     <span class='ocr_line' id='line_1_28' title="bbox 274 1642 1853 1717; baseline 0.003 -23"><span class='ocrx_word' id='word_1_152' title='bbox 274 1642 365 1695; x_wconf 87' lang='grc' dir='ltr'><strong>τοῦ</strong></span> <span class='ocrx_word' id='word_1_153' title='bbox 393 1643 552 1710; x_wconf 84' lang='grc' dir='ltr'>Θεοῦ,</span> <span class='ocrx_word' id='word_1_154' title='bbox 573 1645 921 1710; x_wconf 81' lang='grc' dir='ltr'>διδασκαλίας</span> <span class='ocrx_word' id='word_1_155' title='bbox 944 1649 1044 1700; x_wconf 83' lang='grc' dir='ltr'><strong>οὐκ</strong></span> <span class='ocrx_word' id='word_1_156' title='bbox 1077 1647 1297 1717; x_wconf 84' lang='grc' dir='ltr'>ἔχουσα,</span> <span class='ocrx_word' id='word_1_157' title='bbox 1333 1648 1651 1716; x_wconf 78' lang='grc' dir='ltr'>ἀναγκαίως</span> <span class='ocrx_word' id='word_1_158' title='bbox 1679 1647 1853 1700; x_wconf 81' lang='grc' dir='ltr'>ἐκλεί-</span> 
     </span>
    </p>
   </div>
   <div class='ocr_carea' id='block_1_29' title="bbox 1950 1373 3330 1444">
    <p class='ocr_par' dir='ltr' id='par_1_29' title="bbox 1950 1373 3330 1444">
     <span class='ocr_line' id='line_1_29' title="bbox 1950 1373 3330 1444; baseline 0.001 -18"><span class='ocrx_word' id='word_1_159' title='bbox 1950 1384 2032 1427; x_wconf 88' lang='lat' dir='ltr'><strong>ret</strong></span> <span class='ocrx_word' id='word_1_160' title='bbox 2058 1373 2320 1428; x_wconf 87' lang='lat' dir='ltr'><strong>miracula</strong></span> <span class='ocrx_word' id='word_1_161' title='bbox 2352 1389 2472 1443; x_wconf 68' lang='lat' dir='ltr'><strong>qua:</strong></span> <span class='ocrx_word' id='word_1_162' title='bbox 2499 1374 2552 1428; x_wconf 90' lang='lat' dir='ltr'><strong>in</strong></span> <span class='ocrx_word' id='word_1_163' title='bbox 2581 1381 2737 1444; x_wconf 86' lang='lat' dir='ltr'><strong>parte</strong></span> <span class='ocrx_word' id='word_1_164' title='bbox 2761 1373 2964 1429; x_wconf 72' lang='lat' dir='ltr'><strong>Judazis</strong></span> <span class='ocrx_word' id='word_1_165' title='bbox 2990 1374 3330 1430; x_wconf 86' lang='lat' dir='ltr'><strong>acciderunt.</strong></span> 
     </span>
    </p>
   </div>
   <div class='ocr_carea' id='block_1_30' title="bbox 2014 1464 3112 1524">
    <p class='ocr_par' dir='ltr' id='par_1_30' title="bbox 2014 1464 3112 1524">
     <span class='ocr_line' id='line_1_30' title="bbox 2014 1464 3112 1524; baseline 0.001 -5"><span class='ocrx_word' id='word_1_166' title='bbox 2014 1464 2179 1520; x_wconf 78' lang='lat' dir='ltr'><strong>Vens.</strong></span> <span class='ocrx_word' id='word_1_167' title='bbox 2222 1467 2276 1521; x_wconf 84' lang='lat'><strong>5.</strong></span> <span class='ocrx_word' id='word_1_168' title='bbox 2313 1485 2330 1517; x_wconf 82' lang='grc' dir='ltr'><strong>ι</strong></span> <span class='ocrx_word' id='word_1_169' title='bbox 2368 1467 2684 1522; x_wconf 85' lang='lat' dir='ltr'><strong>Esurieutcs</strong></span> <span class='ocrx_word' id='word_1_170' title='bbox 2709 1477 2765 1524; x_wconf 84' lang='lat' dir='ltr'><strong>ct</strong></span> <span class='ocrx_word' id='word_1_171' title='bbox 2787 1468 3056 1524; x_wconf 87' lang='lat' dir='ltr'><strong>sitientes.</strong></span> <span class='ocrx_word' id='word_1_172' title='bbox 3093 1487 3112 1520; x_wconf 74' lang='grc' dir='ltr'><strong>ι</strong></span> 
     </span>
    </p>
   </div>
   <div class='ocr_carea' id='block_1_31' title="bbox 2025 1555 3529 1629">
    <p class='ocr_par' dir='ltr' id='par_1_31' title="bbox 2025 1555 3529 1629">
     <span class='ocr_line' id='line_1_31' title="bbox 2025 1555 3529 1629; baseline 0.001 -18"><span class='ocrx_word' id='word_1_173' title='bbox 2025 1555 2254 1622; x_wconf 83' lang='lat' dir='ltr'><strong>Quando</strong></span> <span class='ocrx_word' id='word_1_174' title='bbox 2292 1557 2440 1613; x_wconf 90' lang='lat' dir='ltr'><strong>enim</strong></span> <span class='ocrx_word' id='word_1_175' title='bbox 2481 1558 2658 1612; x_wconf 88' lang='lat' dir='ltr'><strong>anima</strong></span> <span class='ocrx_word' id='word_1_176' title='bbox 2704 1573 2964 1629; x_wconf 82' lang='lat' dir='ltr'><strong>perpessa</strong></span> <span class='ocrx_word' id='word_1_177' title='bbox 3011 1560 3178 1615; x_wconf 86' lang='lat' dir='ltr'><strong>fuerit</strong></span> <span class='ocrx_word' id='word_1_178' title='bbox 3216 1559 3415 1614; x_wconf 81' lang='lat' dir='ltr'><strong>famem</strong></span> <span class='ocrx_word' id='word_1_179' title='bbox 3456 1558 3529 1613; x_wconf 84' lang='lat' dir='ltr'><strong>si-</strong></span> 
     </span>
    </p>
   </div>
   <div class='ocr_carea' id='block_1_32' title="bbox 1956 1648 3526 1717">
    <p class='ocr_par' dir='ltr' id='par_1_32' title="bbox 1956 1648 3526 1717">
     <span class='ocr_line' id='line_1_32' title="bbox 1956 1648 3526 1717; baseline 0.001 -15"><span class='ocrx_word' id='word_1_180' title='bbox 1956 1648 2160 1717; x_wconf 88' lang='lat' dir='ltr'><strong>timque</strong></span> <span class='ocrx_word' id='word_1_181' title='bbox 2197 1648 2454 1704; x_wconf 87' lang='lat' dir='ltr'><strong>audiendi</strong></span> <span class='ocrx_word' id='word_1_182' title='bbox 2501 1651 2726 1705; x_wconf 83' lang='lat' dir='ltr'><strong>verbum</strong></span> <span class='ocrx_word' id='word_1_183' title='bbox 2765 1652 2884 1716; x_wconf 87' lang='lat' dir='ltr'><strong>Dei,</strong></span> <span class='ocrx_word' id='word_1_184' title='bbox 2916 1667 3041 1707; x_wconf 90' lang='lat' dir='ltr'><strong>cum</strong></span> <span class='ocrx_word' id='word_1_185' title='bbox 3077 1651 3380 1707; x_wconf 85' lang='lat' dir='ltr'><strong>doctrinam</strong></span> <span class='ocrx_word' id='word_1_186' title='bbox 3416 1663 3526 1704; x_wconf 86' lang='lat' dir='ltr'><strong>non</strong></span> 
     </span>
    </p>
   </div>
   <div class='ocr_carea' id='block_1_33' title="bbox 274 1732 1870 1814">
    <p class='ocr_par' dir='ltr' id='par_1_33' title="bbox 274 1736 1852 1814">
     <span class='ocr_line' id='line_1_33' title="bbox 274 1736 1852 1814; baseline 0.005 -28"><span class='ocrx_word' id='word_1_187' title='bbox 274 1752 364 1787; x_wconf 86' lang='grc' dir='ltr'><strong>πει</strong></span> <span class='ocrx_word' id='word_1_188' title='bbox 387 1736 479 1789; x_wconf 78' lang='grc' dir='ltr'>καὶ</span> <span class='ocrx_word' id='word_1_189' title='bbox 501 1737 819 1792; x_wconf 77' lang='grc' dir='ltr'>ἐλαττοῦται</span> <span class='ocrx_word' id='word_1_190' title='bbox 846 1755 858 1768; x_wconf 70' lang='grc'><strong><em>⁸</em></strong></span> <span class='ocrx_word' id='word_1_191' title='bbox 883 1740 1074 1810; x_wconf 85' lang='grc' dir='ltr'>ἐπειδὴ</span> <span class='ocrx_word' id='word_1_192' title='bbox 1106 1742 1281 1813; x_wconf 81' lang='grc' dir='ltr'>τροφὴ</span> <span class='ocrx_word' id='word_1_193' title='bbox 1324 1741 1502 1814; x_wconf 74' lang='grc' dir='ltr'>ψυχῆς</span> <span class='ocrx_word' id='word_1_194' title='bbox 1541 1744 1570 1796; x_wconf 85' lang='grc' dir='ltr'><strong>ό</strong></span> <span class='ocrx_word' id='word_1_195' title='bbox 1603 1741 1703 1812; x_wconf 81' lang='grc' dir='ltr'><strong>τῆς</strong></span> <span class='ocrx_word' id='word_1_196' title='bbox 1732 1742 1852 1796; x_wconf 86' lang='grc' dir='ltr'>θεο-</span> 
     </span>
    </p>
   </div>
   <div class='ocr_carea' id='block_1_34' title="bbox 1963 1732 3528 1814">
    <p class='ocr_par' dir='ltr' id='par_1_34' title="bbox 1963 1739 3528 1810">
     <span class='ocr_line' id='line_1_34' title="bbox 1963 1739 3528 1810; baseline 0.002 -18"><span class='ocrx_word' id='word_1_197' title='bbox 1963 1740 2175 1806; x_wconf 87' lang='lat' dir='ltr'><strong>habeat,</strong></span> <span class='ocrx_word' id='word_1_198' title='bbox 2213 1741 2522 1796; x_wconf 85' lang='lat' dir='ltr'><strong>necessario</strong></span> <span class='ocrx_word' id='word_1_199' title='bbox 2561 1741 2742 1798; x_wconf 80' lang='lat' dir='ltr'><strong>deficit</strong></span> <span class='ocrx_word' id='word_1_200' title='bbox 2785 1753 2840 1797; x_wconf 88' lang='lat' dir='ltr'><strong>et</strong></span> <span class='ocrx_word' id='word_1_201' title='bbox 2877 1751 3240 1807; x_wconf 78' lang='lat' dir='ltr'><strong>extenuatur;</strong></span> <span class='ocrx_word' id='word_1_202' title='bbox 3268 1739 3528 1810; x_wconf 82' lang='lat' dir='ltr'><strong>quando-</strong></span> 
     </span>
    </p>
   </div>
   <div class='ocr_carea' id='block_1_35' title="bbox 279 1827 780 1898">
    <p class='ocr_par' dir='ltr' id='par_1_35' title="bbox 279 1827 780 1898">
     <span class='ocr_line' id='line_1_35' title="bbox 279 1827 780 1898; baseline 0.012 -22"><span class='ocrx_word' id='word_1_203' title='bbox 279 1827 514 1892; x_wconf 85' lang='grc' dir='ltr'>γνωσίας</span> <span class='ocrx_word' id='word_1_204' title='bbox 543 1829 728 1898; x_wconf 78' lang='grc' dir='ltr'>ἄρτος.</span> <span class='ocrx_word' id='word_1_205' title='bbox 771 1853 780 1862; x_wconf 75' lang='grc' dir='ltr'><strong>ι</strong></span> 
     </span>
    </p>
   </div>
   <div class='ocr_carea' id='block_1_36' title="bbox 355 2005 1446 2084">
    <p class='ocr_par' dir='ltr' id='par_1_36' title="bbox 355 2005 1446 2084">
     <span class='ocr_line' id='line_1_36' title="bbox 355 2005 1446 2084; baseline 0.009 -29"><span class='ocrx_word' id='word_1_206' title='bbox 355 2022 373 2054; x_wconf 82' lang='grc' dir='ltr'><strong>ι</strong></span> <span class='ocrx_word' id='word_1_207' title='bbox 419 2005 1044 2077; x_wconf 78' lang='grc' dir='ltr'>Ἐξομολογησάσθωσαν</span> <span class='ocrx_word' id='word_1_208' title='bbox 1078 2011 1154 2083; x_wconf 80' lang='grc' dir='ltr'>τῷ</span> <span class='ocrx_word' id='word_1_209' title='bbox 1179 2012 1386 2084; x_wconf 79' lang='grc' dir='ltr'>Κυρίῳ.</span> <span class='ocrx_word' id='word_1_210' title='bbox 1427 2033 1446 2065; x_wconf 85' lang='grc'><strong>›</strong></span> 
     </span>
    </p>
   </div>
   <div class='ocr_carea' id='block_1_37' title="bbox 362 2096 1858 2177">
    <p class='ocr_par' dir='ltr' id='par_1_37' title="bbox 362 2096 1858 2177">
     <span class='ocr_line' id='line_1_37' title="bbox 362 2096 1858 2177; baseline 0.009 -30"><span class='ocrx_word' id='word_1_211' title='bbox 362 2096 520 2167; x_wconf 80' lang='grc' dir='ltr'>Ἑλέη</span> <span class='ocrx_word' id='word_1_212' title='bbox 556 2100 651 2152; x_wconf 73' lang='grc' dir='ltr'><strong>καὶ</strong></span> <span class='ocrx_word' id='word_1_213' title='bbox 676 2099 957 2171; x_wconf 84' lang='grc' dir='ltr'>θαυμάσια</span> <span class='ocrx_word' id='word_1_214' title='bbox 1003 2102 1097 2156; x_wconf 89' lang='grc' dir='ltr'><strong>τοῦ</strong></span> <span class='ocrx_word' id='word_1_215' title='bbox 1121 2105 1254 2158; x_wconf 88' lang='grc' dir='ltr'>Θεοῦ</span> <span class='ocrx_word' id='word_1_216' title='bbox 1285 2105 1352 2159; x_wconf 75' lang='grc' dir='ltr'><strong>τὰ</strong></span> <span class='ocrx_word' id='word_1_217' title='bbox 1385 2106 1552 2159; x_wconf 85' lang='grc' dir='ltr'>αὑτοῦ</span> <span class='ocrx_word' id='word_1_218' title='bbox 1585 2108 1858 2177; x_wconf 78' lang='grc' dir='ltr'>προσηγό-</span> 
     </span>
    </p>
   </div>
   <div class='ocr_carea' id='block_1_38' title="bbox 286 2191 1858 2267">
    <p class='ocr_par' dir='ltr' id='par_1_38' title="bbox 286 2191 1858 2267">
     <span class='ocr_line' id='line_1_38' title="bbox 286 2191 1858 2267; baseline 0.008 -29"><span class='ocrx_word' id='word_1_219' title='bbox 286 2191 660 2255; x_wconf 76' lang='grc' dir='ltr'>ρευσεν.”οσα</span> <span class='ocrx_word' id='word_1_220' title='bbox 705 2192 814 2263; x_wconf 83' lang='grc' dir='ltr'><strong>γὰρ</strong></span> <span class='ocrx_word' id='word_1_221' title='bbox 844 2195 1390 2267; x_wconf 87' lang='grc' dir='ltr'>ἐθαυματούργησεν,</span> <span class='ocrx_word' id='word_1_222' title='bbox 1438 2198 1538 2250; x_wconf 80' lang='grc' dir='ltr'><strong>οὐκ</strong></span> <span class='ocrx_word' id='word_1_223' title='bbox 1580 2197 1858 2262; x_wconf 76' lang='grc' dir='ltr'>ἐνδείξεώς</span> 
     </span>
    </p>
   </div>
   <div class='ocr_carea' id='block_1_39' title="bbox 281 2280 1861 2359">
    <p class='ocr_par' dir='ltr' id='par_1_39' title="bbox 281 2280 1861 2359">
     <span class='ocr_line' id='line_1_39' title="bbox 281 2280 1861 2359; baseline 0.008 -28"><span class='ocrx_word' id='word_1_224' title='bbox 281 2280 482 2351; x_wconf 82' lang='grc' dir='ltr'>τινοςῆ</span> <span class='ocrx_word' id='word_1_225' title='bbox 515 2283 824 2355; x_wconf 79' lang='grc' dir='ltr'>φιλοτιμίας</span> <span class='ocrx_word' id='word_1_226' title='bbox 852 2288 1173 2359; x_wconf 81' lang='grc' dir='ltr'>παρήγαγεν</span> <span class='ocrx_word' id='word_1_227' title='bbox 1219 2289 1401 2354; x_wconf 74' lang='grc' dir='ltr'>ἕνεκα,</span> <span class='ocrx_word' id='word_1_228' title='bbox 1435 2289 1616 2353; x_wconf 86' lang='grc' dir='ltr'>ἐλέους</span> <span class='ocrx_word' id='word_1_229' title='bbox 1652 2290 1708 2342; x_wconf 87' lang='grc' dir='ltr'><strong>δὲ</strong></span> <span class='ocrx_word' id='word_1_230' title='bbox 1726 2290 1861 2343; x_wconf 81' lang='grc' dir='ltr'>πάν-</span> 
     </span>
    </p>
   </div>
   <div class='ocr_carea' id='block_1_40' title="bbox 282 2373 1860 2451">
    <p class='ocr_par' dir='ltr' id='par_1_40' title="bbox 282 2373 1860 2451">
     <span class='ocr_line' id='line_1_40' title="bbox 282 2373 1860 2451; baseline 0.008 -28"><span class='ocrx_word' id='word_1_231' title='bbox 282 2389 390 2435; x_wconf 85' lang='grc' dir='ltr'><strong>τως</strong></span> <span class='ocrx_word' id='word_1_232' title='bbox 413 2373 509 2426; x_wconf 75' lang='grc' dir='ltr'><strong>καὶ</strong></span> <span class='ocrx_word' id='word_1_233' title='bbox 533 2373 943 2446; x_wconf 76' lang='grc' dir='ltr'>φιλανθρωπίας</span> <span class='ocrx_word' id='word_1_234' title='bbox 979 2378 1142 2449; x_wconf 82' lang='grc' dir='ltr'>χάριν</span> <span class='ocrx_word' id='word_1_235' title='bbox 1171 2379 1267 2448; x_wconf 80' lang='grc' dir='ltr'>τὴν</span> <span class='ocrx_word' id='word_1_236' title='bbox 1290 2380 1426 2449; x_wconf 82' lang='grc' dir='ltr'>πρὸς</span> <span class='ocrx_word' id='word_1_237' title='bbox 1445 2381 1687 2444; x_wconf 82' lang='grc' dir='ltr'>ἐκείνους</span> <span class='ocrx_word' id='word_1_238' title='bbox 1722 2381 1860 2451; x_wconf 83' lang='grc' dir='ltr'>ὑπὲρ</span> 
     </span>
    </p>
   </div>
   <div class='ocr_carea' id='block_1_41' title="bbox 284 2459 1178 2544">
    <p class='ocr_par' dir='ltr' id='par_1_41' title="bbox 284 2459 1178 2544">
     <span class='ocr_line' id='line_1_41' title="bbox 284 2459 1178 2544; baseline 0.011 -31"><span class='ocrx_word' id='word_1_239' title='bbox 284 2459 359 2514; x_wconf 76' lang='grc' dir='ltr'>ὧν</span> <span class='ocrx_word' id='word_1_240' title='bbox 391 2464 644 2536; x_wconf 74' lang='grc' dir='ltr'>ἐπράχθη</span> <span class='ocrx_word' id='word_1_241' title='bbox 683 2469 778 2522; x_wconf 72' lang='grc' dir='ltr'><strong>καὶ</strong></span> <span class='ocrx_word' id='word_1_242' title='bbox 807 2468 877 2522; x_wconf 82' lang='grc' dir='ltr'>τὰ</span> <span class='ocrx_word' id='word_1_243' title='bbox 902 2469 1178 2544; x_wconf 87' lang='grc' dir='ltr'>θαύματα.</span> 
     </span>
    </p>
   </div>
   <div class='ocr_carea' id='block_1_42' title="bbox 360 2557 1288 2633">
    <p class='ocr_par' dir='ltr' id='par_1_42' title="bbox 360 2557 1288 2633">
     <span class='ocr_line' id='line_1_42' title="bbox 360 2557 1288 2633; baseline 0.008 -26"><span class='ocrx_word' id='word_1_244' title='bbox 360 2573 378 2606; x_wconf 80' lang='grc' dir='ltr'><strong>ι</strong></span> <span class='ocrx_word' id='word_1_245' title='bbox 411 2557 532 2610; x_wconf 87' lang='grc' dir='ltr'>Ὅτι</span> <span class='ocrx_word' id='word_1_246' title='bbox 559 2558 820 2630; x_wconf 87' lang='grc' dir='ltr'>ἐχόρτασε</span> <span class='ocrx_word' id='word_1_247' title='bbox 849 2560 1026 2633; x_wconf 82' lang='grc' dir='ltr'>ψυχὴν</span> <span class='ocrx_word' id='word_1_248' title='bbox 1053 2561 1238 2633; x_wconf 85' lang='grc' dir='ltr'>κενήν.</span> <span class='ocrx_word' id='word_1_249' title='bbox 1270 2581 1288 2614; x_wconf 73' lang='grc' dir='ltr'><strong>ι</strong></span> 
     </span>
    </p>
   </div>
   <div class='ocr_carea' id='block_1_43' title="bbox 354 2645 1862 2720">
    <p class='ocr_par' dir='ltr' id='par_1_43' title="bbox 354 2645 1862 2720">
     <span class='ocr_line' id='line_1_43' title="bbox 354 2645 1862 2720; baseline 0.005 -25"><span class='ocrx_word' id='word_1_250' title='bbox 354 2645 463 2696; x_wconf 71' lang='grc' dir='ltr'><strong>Καὶ</strong></span> <span class='ocrx_word' id='word_1_251' title='bbox 495 2646 604 2717; x_wconf 81' lang='grc' dir='ltr'><strong>μὴν</strong></span> <span class='ocrx_word' id='word_1_252' title='bbox 647 2647 745 2718; x_wconf 76' lang='grc' dir='ltr'>τὴν</span> <span class='ocrx_word' id='word_1_253' title='bbox 774 2651 943 2720; x_wconf 79' lang='grc' dir='ltr'>αὐτὴν</span> <span class='ocrx_word' id='word_1_254' title='bbox 976 2652 1072 2704; x_wconf 73' lang='grc' dir='ltr'><strong>καὶ</strong></span> <span class='ocrx_word' id='word_1_255' title='bbox 1110 2653 1385 2707; x_wconf 83' lang='grc' dir='ltr'>πεινῶσαν</span> <span class='ocrx_word' id='word_1_256' title='bbox 1428 2653 1620 2716; x_wconf 77' lang='grc' dir='ltr'>εἰπὼν,</span> <span class='ocrx_word' id='word_1_257' title='bbox 1664 2651 1862 2716; x_wconf 76' lang='grc' dir='ltr'>ἔδειξεν</span> 
     </span>
    </p>
   </div>
   <div class='ocr_carea' id='block_1_44' title="bbox 285 2734 1862 2815">
    <p class='ocr_par' dir='ltr' id='par_1_44' title="bbox 285 2734 1862 2815">
     <span class='ocr_line' id='line_1_44' title="bbox 285 2734 1862 2815; baseline 0.01 -30"><span class='ocrx_word' id='word_1_258' title='bbox 285 2734 360 2797; x_wconf 81' lang='grc' dir='ltr'><strong>ὡς</strong></span> <span class='ocrx_word' id='word_1_259' title='bbox 401 2736 716 2808; x_wconf 88' lang='grc' dir='ltr'>ἁμαρτωλοί</span> <span class='ocrx_word' id='word_1_260' title='bbox 757 2758 901 2804; x_wconf 86' lang='grc' dir='ltr'>τινες</span> <span class='ocrx_word' id='word_1_261' title='bbox 932 2737 1076 2812; x_wconf 78' lang='grc' dir='ltr'>ἦσαν</span> <span class='ocrx_word' id='word_1_262' title='bbox 1140 2745 1188 2796; x_wconf 80' lang='grc' dir='ltr'>οἱ</span> <span class='ocrx_word' id='word_1_263' title='bbox 1229 2743 1606 2815; x_wconf 84' lang='grc' dir='ltr'>λιμώττοντες.</span> <span class='ocrx_word' id='word_1_264' title='bbox 1639 2743 1712 2796; x_wconf 83' lang='grc' dir='ltr'><strong>Τὸ</strong></span> <span class='ocrx_word' id='word_1_265' title='bbox 1752 2743 1862 2813; x_wconf 76' lang='grc' dir='ltr'><strong>γὰρ</strong></span> 
     </span>
    </p>
   </div>
   <div class='ocr_carea' id='block_1_45' title="bbox 286 2826 1412 2903">
    <p class='ocr_par' dir='ltr' id='par_1_45' title="bbox 286 2826 1412 2903">
     <span class='ocr_line' id='line_1_45' title="bbox 286 2826 1412 2903; baseline 0.01 -26"><span class='ocrx_word' id='word_1_266' title='bbox 286 2826 439 2879; x_wconf 68' lang='grc' dir='ltr'>κενὸν</span> <span class='ocrx_word' id='word_1_267' title='bbox 471 2828 592 2881; x_wconf 75' lang='grc' dir='ltr'>ἀντὶ</span> <span class='ocrx_word' id='word_1_268' title='bbox 620 2828 714 2882; x_wconf 88' lang='grc' dir='ltr'><strong>τοῦ</strong></span> <span class='ocrx_word' id='word_1_269' title='bbox 751 2831 982 2900; x_wconf 85' lang='grc' dir='ltr'>ματαίου</span> <span class='ocrx_word' id='word_1_270' title='bbox 1015 2832 1412 2903; x_wconf 78' lang='grc' dir='ltr'>παρείληπται.</span> 
     </span>
    </p>
   </div>
   <div class='ocr_carea' id='block_1_46' title="bbox 363 2919 1573 2995">
    <p class='ocr_par' dir='ltr' id='par_1_46' title="bbox 363 2919 1573 2995">
     <span class='ocr_line' id='line_1_46' title="bbox 363 2919 1573 2995; baseline 0.006 -25"><span class='ocrx_word' id='word_1_271' title='bbox 363 2937 382 2970; x_wconf 78' lang='grc' dir='ltr'><strong>ι</strong></span> <span class='ocrx_word' id='word_1_272' title='bbox 427 2919 778 2974; x_wconf 78' lang='grc' dir='ltr'>Ἀντελάϐετο</span> <span class='ocrx_word' id='word_1_273' title='bbox 811 2922 993 2976; x_wconf 77' lang='grc' dir='ltr'>αὐτῶν</span> <span class='ocrx_word' id='word_1_274' title='bbox 1015 2921 1077 2987; x_wconf 79' lang='grc' dir='ltr'>ἐξ</span> <span class='ocrx_word' id='word_1_275' title='bbox 1099 2923 1221 2977; x_wconf 81' lang='grc' dir='ltr'>ὀδοῦ</span> <span class='ocrx_word' id='word_1_276' title='bbox 1261 2926 1511 2995; x_wconf 80' lang='grc' dir='ltr'>ἀνομίας.</span> <span class='ocrx_word' id='word_1_277' title='bbox 1555 2945 1573 2977; x_wconf 74' lang='grc' dir='ltr'><strong>ι</strong></span> 
     </span>
    </p>
   </div>
   <div class='ocr_carea' id='block_1_47' title="bbox 366 3011 1859 3087">
    <p class='ocr_par' dir='ltr' id='par_1_47' title="bbox 366 3011 1859 3087">
     <span class='ocr_line' id='line_1_47' title="bbox 366 3011 1859 3087; baseline 0.008 -23"><span class='ocrx_word' id='word_1_278' title='bbox 366 3011 520 3065; x_wconf 79' lang='grc' dir='ltr'>ὐδὺν</span> <span class='ocrx_word' id='word_1_279' title='bbox 539 3012 767 3083; x_wconf 85' lang='grc' dir='ltr'>ἀνομίας</span> <span class='ocrx_word' id='word_1_280' title='bbox 796 3013 1113 3085; x_wconf 82' lang='grc' dir='ltr'>ἀναγκαίως</span> <span class='ocrx_word' id='word_1_281' title='bbox 1147 3017 1546 3087; x_wconf 77' lang='grc' dir='ltr'>προσαγορεύει</span> <span class='ocrx_word' id='word_1_282' title='bbox 1575 3018 1667 3071; x_wconf 85' lang='grc' dir='ltr'><strong>τδν</strong></span> <span class='ocrx_word' id='word_1_283' title='bbox 1691 3018 1859 3075; x_wconf 80' lang='grc' dir='ltr'>θάνα-</span> 
     </span>
    </p>
   </div>
   <div class='ocr_carea' id='block_1_48' title="bbox 286 3073 1936 3184">
    <p class='ocr_par' dir='ltr' id='par_1_48' title="bbox 286 3073 1936 3184">
     <span class='ocr_line' id='line_1_48' title="bbox 286 3073 1936 3184; baseline 0.004 -25"><span class='ocrx_word' id='word_1_284' title='bbox 286 3120 397 3159; x_wconf 88' lang='grc' dir='ltr'>τον.</span> <span class='ocrx_word' id='word_1_285' title='bbox 459 3073 766 3184; x_wconf 45' lang='grc' dir='ltr'>Νῆα-γὰρ</span> <span class='ocrx_word' id='word_1_286' title='bbox 815 3104 892 3175; x_wconf 85' lang='grc' dir='ltr'><strong>τῷ</strong></span> <span class='ocrx_word' id='word_1_287' title='bbox 913 3073 1204 3177; x_wconf 54' lang='grc' dir='ltr'>’θανάτωη</span> <span class='ocrx_word' id='word_1_288' title='bbox 1249 3073 1505 3179; x_wconf 58' lang='grc' dir='ltr'>παρακοὴ</span> <span class='ocrx_word' id='word_1_289' title='bbox 1556 3109 1652 3164; x_wconf 87' lang='grc' dir='ltr'><strong>τοῦ</strong></span> <span class='ocrx_word' id='word_1_290' title='bbox 1699 3073 1864 3183; x_wconf 80' lang='grc' dir='ltr'>νόμου</span> <span class='ocrx_word' id='word_1_291' title='bbox 1892 3073 1936 3132; x_wconf 73' lang='lat' dir='ltr'>c</span> 
     </span>
    </p>
   </div>
   <div class='ocr_carea' id='block_1_49' title="bbox 287 3195 1868 3274">
    <p class='ocr_par' dir='ltr' id='par_1_49' title="bbox 287 3195 1868 3274">
     <span class='ocr_line' id='line_1_49' title="bbox 287 3195 1868 3274; baseline 0.005 -24"><span class='ocrx_word' id='word_1_292' title='bbox 287 3196 379 3250; x_wconf 86' lang='grc' dir='ltr'><strong>τοῦ</strong></span> <span class='ocrx_word' id='word_1_293' title='bbox 420 3195 661 3261; x_wconf 80' lang='grc' dir='ltr'>δοθέντος</span> <span class='ocrx_word' id='word_1_294' title='bbox 700 3198 759 3249; x_wconf 84' lang='grc' dir='ltr'><strong>ἐν</strong></span> <span class='ocrx_word' id='word_1_295' title='bbox 794 3197 1109 3268; x_wconf 79' lang='grc' dir='ltr'>παραδείσῳ</span> <span class='ocrx_word' id='word_1_296' title='bbox 1149 3199 1463 3270; x_wconf 87' lang='grc' dir='ltr'>γεγένηται.</span> <span class='ocrx_word' id='word_1_297' title='bbox 1516 3199 1658 3254; x_wconf 82' lang='grc' dir='ltr'>Ἀλλ’</span> <span class='ocrx_word' id='word_1_298' title='bbox 1716 3203 1868 3274; x_wconf 82' lang='grc' dir='ltr'>ὅμως</span> 
     </span>
    </p>
   </div>
   <div class='ocr_carea' id='block_1_50' title="bbox 289 3286 1867 3360">
    <p class='ocr_par' dir='ltr' id='par_1_50' title="bbox 289 3286 1867 3360">
     <span class='ocr_line' id='line_1_50' title="bbox 289 3286 1867 3360; baseline 0.006 -22"><span class='ocrx_word' id='word_1_299' title='bbox 289 3286 522 3356; x_wconf 81' lang='grc' dir='ltr'>Χριστὸς</span> <span class='ocrx_word' id='word_1_300' title='bbox 543 3289 690 3358; x_wconf 78' lang='grc' dir='ltr'>ἡμᾶς</span> <span class='ocrx_word' id='word_1_301' title='bbox 723 3289 789 3341; x_wconf 86' lang='grc' dir='ltr'><strong>ἐκ</strong></span> <span class='ocrx_word' id='word_1_302' title='bbox 815 3287 912 3342; x_wconf 90' lang='grc' dir='ltr'><strong>τοῦ</strong></span> <span class='ocrx_word' id='word_1_303' title='bbox 938 3288 1168 3343; x_wconf 86' lang='grc' dir='ltr'>θανάτου</span> <span class='ocrx_word' id='word_1_304' title='bbox 1201 3290 1550 3355; x_wconf 76' lang='grc' dir='ltr'>ἀντελάϐετο,</span> <span class='ocrx_word' id='word_1_305' title='bbox 1575 3291 1741 3360; x_wconf 90' lang='grc' dir='ltr'>μέσον</span> <span class='ocrx_word' id='word_1_306' title='bbox 1758 3295 1867 3347; x_wconf 89' lang='grc' dir='ltr'><strong>τῶν</strong></span> 
     </span>
    </p>
   </div>
   <div class='ocr_carea' id='block_1_51' title="bbox 291 3377 1868 3455">
    <p class='ocr_par' dir='ltr' id='par_1_51' title="bbox 291 3377 1868 3455">
     <span class='ocr_line' id='line_1_51' title="bbox 291 3377 1868 3455; baseline 0.008 -27"><span class='ocrx_word' id='word_1_307' title='bbox 291 3377 501 3447; x_wconf 82' lang='grc' dir='ltr'>νεκρῶν</span> <span class='ocrx_word' id='word_1_308' title='bbox 539 3381 574 3447; x_wconf 77' lang='grc' dir='ltr'><strong>ἡ</strong></span> <span class='ocrx_word' id='word_1_309' title='bbox 608 3379 747 3449; x_wconf 81' lang='grc' dir='ltr'><strong>ζωὴ,</strong></span> <span class='ocrx_word' id='word_1_310' title='bbox 771 3379 862 3433; x_wconf 82' lang='grc' dir='ltr'>ἵνα</span> <span class='ocrx_word' id='word_1_311' title='bbox 885 3378 1021 3450; x_wconf 80' lang='grc' dir='ltr'>λύσῃ</span> <span class='ocrx_word' id='word_1_312' title='bbox 1053 3379 1147 3434; x_wconf 90' lang='grc' dir='ltr'><strong>τοῦ</strong></span> <span class='ocrx_word' id='word_1_313' title='bbox 1186 3379 1416 3436; x_wconf 82' lang='grc' dir='ltr'>θανάτου</span> <span class='ocrx_word' id='word_1_314' title='bbox 1448 3381 1548 3452; x_wconf 82' lang='grc' dir='ltr'>τὴν</span> <span class='ocrx_word' id='word_1_315' title='bbox 1576 3386 1868 3455; x_wconf 77' lang='grc' dir='ltr'>τυραννίδα</span> 
     </span>
    </p>
   </div>
   <div class='ocr_carea' id='block_1_52' title="bbox 293 3468 598 3537">
    <p class='ocr_par' dir='ltr' id='par_1_52' title="bbox 293 3468 598 3537">
     <span class='ocr_line' id='line_1_52' title="bbox 293 3468 598 3537; baseline 0.016 -19"><span class='ocrx_word' id='word_1_316' title='bbox 293 3468 598 3537; x_wconf 80' lang='grc' dir='ltr'>γενομένος.</span> 
     </span>
    </p>
   </div>
   <div class='ocr_carea' id='block_1_53' title="bbox 372 3555 1417 3630">
    <p class='ocr_par' dir='ltr' id='par_1_53' title="bbox 372 3555 1417 3630">
     <span class='ocr_line' id='line_1_53' title="bbox 372 3555 1417 3630; baseline 0.003 -21"><span class='ocrx_word' id='word_1_317' title='bbox 372 3575 391 3609; x_wconf 76' lang='grc' dir='ltr'><strong>ι</strong></span> <span class='ocrx_word' id='word_1_318' title='bbox 423 3556 540 3610; x_wconf 80' lang='grc' dir='ltr'><strong>Πᾶν</strong></span> <span class='ocrx_word' id='word_1_319' title='bbox 563 3556 761 3629; x_wconf 85' lang='grc' dir='ltr'>βρῶμα</span> <span class='ocrx_word' id='word_1_320' title='bbox 783 3555 1104 3623; x_wconf 77' lang='grc' dir='ltr'>ἐσδελύξατο</span> <span class='ocrx_word' id='word_1_321' title='bbox 1128 3559 1163 3628; x_wconf 78' lang='grc' dir='ltr'>ἡ</span> <span class='ocrx_word' id='word_1_322' title='bbox 1196 3557 1366 3630; x_wconf 76' lang='grc' dir='ltr'>ψυχή.</span> <span class='ocrx_word' id='word_1_323' title='bbox 1398 3578 1417 3611; x_wconf 72' lang='grc' dir='ltr'><strong>ι</strong></span> 
     </span>
    </p>
   </div>
   <div class='ocr_carea' id='block_1_54' title="bbox 365 3732 1869 3809">
    <p class='ocr_par' dir='ltr' id='par_1_54' title="bbox 365 3732 1869 3809">
     <span class='ocr_line' id='line_1_54' title="bbox 365 3732 1869 3809; baseline 0.005 -23"><span class='ocrx_word' id='word_1_324' title='bbox 365 3732 572 3804; x_wconf 85' lang='grc' dir='ltr'>Βρῶμα</span> <span class='ocrx_word' id='word_1_325' title='bbox 607 3735 707 3806; x_wconf 83' lang='grc' dir='ltr'>τὴν</span> <span class='ocrx_word' id='word_1_326' title='bbox 736 3736 943 3806; x_wconf 76' lang='grc' dir='ltr'>τροφὴν</span> <span class='ocrx_word' id='word_1_327' title='bbox 981 3734 1217 3789; x_wconf 84' lang='grc' dir='ltr'>ἐνταῦθα</span> <span class='ocrx_word' id='word_1_328' title='bbox 1271 3735 1371 3805; x_wconf 77' lang='grc' dir='ltr'><strong>τὴν</strong></span> <span class='ocrx_word' id='word_1_329' title='bbox 1407 3735 1633 3808; x_wconf 79' lang='grc' dir='ltr'>λογικὴν</span> <span class='ocrx_word' id='word_1_330' title='bbox 1676 3739 1869 3809; x_wconf 84' lang='grc' dir='ltr'>νοήσο-</span> 
     </span>
    </p>
   </div>
   <div class='ocr_carea' id='block_1_55' title="bbox 299 3821 1874 3900">
    <p class='ocr_par' dir='ltr' id='par_1_55' title="bbox 299 3821 1874 3900">
     <span class='ocr_line' id='line_1_55' title="bbox 299 3821 1874 3900; baseline 0.006 -24"><span class='ocrx_word' id='word_1_331' title='bbox 299 3840 417 3894; x_wconf 78' lang='grc' dir='ltr'>μεψ</span> <span class='ocrx_word' id='word_1_332' title='bbox 449 3826 581 3896; x_wconf 78' lang='grc' dir='ltr'>περὶ</span> <span class='ocrx_word' id='word_1_333' title='bbox 612 3821 679 3898; x_wconf 85' lang='grc' dir='ltr'>ἦς</span> <span class='ocrx_word' id='word_1_334' title='bbox 708 3827 736 3877; x_wconf 85' lang='grc' dir='ltr'>ὁ</span> <span class='ocrx_word' id='word_1_335' title='bbox 762 3826 968 3899; x_wconf 83' lang='grc' dir='ltr'>Κύριος</span> <span class='ocrx_word' id='word_1_336' title='bbox 992 3831 1105 3892; x_wconf 87' lang='grc' dir='ltr'>τοῖς</span> <span class='ocrx_word' id='word_1_337' title='bbox 1133 3827 1458 3892; x_wconf 86' lang='grc' dir='ltr'>ἀποστόλοις</span> <span class='ocrx_word' id='word_1_338' title='bbox 1480 3827 1667 3895; x_wconf 77' lang='grc' dir='ltr'>ἔλεγεν</span> <span class='ocrx_word' id='word_1_339' title='bbox 1689 3846 1702 3859; x_wconf 85' lang='lat'><strong><em>°</em></strong></span> <span class='ocrx_word' id='word_1_340' title='bbox 1748 3832 1874 3900; x_wconf 84' lang='lat' dir='ltr'><strong>‘Ep-</strong></span> 
     </span>
    </p>
   </div>
   <div class='ocr_carea' id='block_1_56' title="bbox 294 3915 1875 3990">
    <p class='ocr_par' dir='ltr' id='par_1_56' title="bbox 294 3915 1875 3990">
     <span class='ocr_line' id='line_1_56' title="bbox 294 3915 1875 3990; baseline 0.003 -20"><span class='ocrx_word' id='word_1_341' title='bbox 294 3915 541 3986; x_wconf 76' lang='grc' dir='ltr'>τὰζεσθε</span> <span class='ocrx_word' id='word_1_342' title='bbox 563 3917 650 3988; x_wconf 75' lang='grc' dir='ltr'>μὴ</span> <span class='ocrx_word' id='word_1_343' title='bbox 687 3918 803 3987; x_wconf 79' lang='grc' dir='ltr'>τὴν</span> <span class='ocrx_word' id='word_1_344' title='bbox 821 3919 1058 3989; x_wconf 80' lang='grc' dir='ltr'>,βρῶσιν</span> <span class='ocrx_word' id='word_1_345' title='bbox 1083 3918 1196 3988; x_wconf 75' lang='grc' dir='ltr'>τὴν·</span> <span class='ocrx_word' id='word_1_346' title='bbox 1223 3918 1684 3990; x_wconf 76' lang='grc' dir='ltr'>ἀπολλυμένην,</span> <span class='ocrx_word' id='word_1_347' title='bbox 1712 3921 1875 3975; x_wconf 67' lang='grc' dir='ltr'>ἀλλὰ</span> 
     </span>
    </p>
   </div>
   <div class='ocr_carea' id='block_1_57' title="bbox 297 4008 1874 4082">
    <p class='ocr_par' dir='ltr' id='par_1_57' title="bbox 297 4008 1874 4082">
     <span class='ocr_line' id='line_1_57' title="bbox 297 4008 1874 4082; baseline 0.004 -22"><span class='ocrx_word' id='word_1_348' title='bbox 297 4008 410 4076; x_wconf 76' lang='grc' dir='ltr'><strong>τὴν</strong></span> <span class='ocrx_word' id='word_1_349' title='bbox 425 4008 740 4078; x_wconf 75' lang='grc' dir='ltr'>μένουσαν</span> <span class='ocrx_word' id='word_1_350' title='bbox 760 4013 848 4077; x_wconf 81' lang='grc' dir='ltr'>εὶς</span> <span class='ocrx_word' id='word_1_351' title='bbox 880 4009 1033 4079; x_wconf 80' lang='grc' dir='ltr'><strong>ζωὴν</strong></span> <span class='ocrx_word' id='word_1_352' title='bbox 1053 4012 1317 4066; x_wconf 83' lang='grc' dir='ltr'>αἰώνιον.</span> <span class='ocrx_word' id='word_1_353' title='bbox 1348 4009 1566 4082; x_wconf 83' lang='grc' dir='ltr'>Ταύτης</span> <span class='ocrx_word' id='word_1_354' title='bbox 1599 4014 1708 4066; x_wconf 78' lang='grc' dir='ltr'>πᾶν</span> <span class='ocrx_word' id='word_1_355' title='bbox 1736 4008 1874 4077; x_wconf 76' lang='grc' dir='ltr'>εἶδος</span> 
     </span>
    </p>
   </div>
   <div class='ocr_carea' id='block_1_58' title="bbox 296 4099 1874 4176">
    <p class='ocr_par' dir='ltr' id='par_1_58' title="bbox 296 4099 1874 4176">
     <span class='ocr_line' id='line_1_58' title="bbox 296 4099 1874 4176; baseline 0.005 -25"><span class='ocrx_word' id='word_1_356' title='bbox 296 4100 325 4151; x_wconf 85' lang='grc' dir='ltr'><strong>ό</strong></span> <span class='ocrx_word' id='word_1_357' title='bbox 376 4099 664 4169; x_wconf 76' lang='grc' dir='ltr'>ἄνθρωπος</span> <span class='ocrx_word' id='word_1_358' title='bbox 709 4099 1046 4165; x_wconf 79' lang='grc' dir='ltr'>ἐϐδελύξατο.</span> <span class='ocrx_word' id='word_1_359' title='bbox 1101 4101 1237 4155; x_wconf 78' lang='grc' dir='ltr'>Οὔτε</span> <span class='ocrx_word' id='word_1_360' title='bbox 1286 4101 1397 4174; x_wconf 86' lang='grc' dir='ltr'>γὰρ</span> <span class='ocrx_word' id='word_1_361' title='bbox 1438 4107 1667 4172; x_wconf 79' lang='grc' dir='ltr'>φυσικὸν</span> <span class='ocrx_word' id='word_1_362' title='bbox 1710 4105 1874 4176; x_wconf 87' lang='grc' dir='ltr'>νόμον</span> 
     </span>
    </p>
   </div>
   <div class='ocr_carea' id='block_1_59' title="bbox 295 4187 1875 4264">
    <p class='ocr_par' dir='ltr' id='par_1_59' title="bbox 295 4187 1875 4264">
     <span class='ocr_line' id='line_1_59' title="bbox 295 4187 1875 4264; baseline 0.006 -23"><span class='ocrx_word' id='word_1_363' title='bbox 295 4187 420 4243; x_wconf 72' lang='grc' dir='ltr'>οὔτε</span> <span class='ocrx_word' id='word_1_364' title='bbox 449 4191 698 4260; x_wconf 77' lang='grc' dir='ltr'>γραπτὸν</span> <span class='ocrx_word' id='word_1_365' title='bbox 743 4191 1040 4261; x_wconf 81' lang='grc' dir='ltr'>ἐφύλαξαν,</span> <span class='ocrx_word' id='word_1_366' title='bbox 1071 4193 1164 4246; x_wconf 74' lang='grc' dir='ltr'><strong>καὶ</strong></span> <span class='ocrx_word' id='word_1_367' title='bbox 1185 4193 1275 4246; x_wconf 83' lang='grc' dir='ltr'>διὰ</span> <span class='ocrx_word' id='word_1_368' title='bbox 1313 4191 1474 4246; x_wconf 88' lang='grc' dir='ltr'>τοῦτο</span> <span class='ocrx_word' id='word_1_369' title='bbox 1499 4194 1739 4264; x_wconf 70' lang='grc' dir='ltr'>ἤγγισαν</span> <span class='ocrx_word' id='word_1_370' title='bbox 1768 4197 1875 4262; x_wconf 73' lang='grc' dir='ltr'><strong>ἕως</strong></span> 
     </span>
    </p>
   </div>
   <div class='ocr_carea' id='block_1_60' title="bbox 295 4281 1877 4364">
    <p class='ocr_par' dir='ltr' id='par_1_60' title="bbox 295 4281 1877 4364">
     <span class='ocr_line' id='line_1_60' title="bbox 295 4281 1877 4364; baseline 0.009 -30"><span class='ocrx_word' id='word_1_371' title='bbox 295 4281 405 4336; x_wconf 88' lang='grc' dir='ltr'><strong>τῶν</strong></span> <span class='ocrx_word' id='word_1_372' title='bbox 434 4284 620 4338; x_wconf 85' lang='grc' dir='ltr'>πυλῶν</span> <span class='ocrx_word' id='word_1_373' title='bbox 645 4285 736 4338; x_wconf 91' lang='grc' dir='ltr'><strong>τοῦ</strong></span> <span class='ocrx_word' id='word_1_374' title='bbox 761 4285 1014 4340; x_wconf 85' lang='grc' dir='ltr'>θανάτου.</span> <span class='ocrx_word' id='word_1_375' title='bbox 1046 4285 1222 4339; x_wconf 89' lang='grc' dir='ltr'>Πύλαι</span> <span class='ocrx_word' id='word_1_376' title='bbox 1257 4285 1312 4338; x_wconf 87' lang='grc' dir='ltr'><strong>δέ</strong></span> <span class='ocrx_word' id='word_1_377' title='bbox 1338 4284 1571 4342; x_wconf 91' lang='grc' dir='ltr'>θανάτου</span> <span class='ocrx_word' id='word_1_378' title='bbox 1602 4291 1671 4345; x_wconf 82' lang='grc' dir='ltr'>τὰ</span> <span class='ocrx_word' id='word_1_379' title='bbox 1698 4289 1877 4364; x_wconf 84' lang='grc' dir='ltr'>ἁμαρ-</span> 
     </span>
    </p>
   </div>
   <div class='ocr_carea' id='block_1_61' title="bbox 1953 1831 3531 1912">
    <p class='ocr_par' dir='ltr' id='par_1_61' title="bbox 1953 1831 3531 1912">
     <span class='ocr_line' id='line_1_61' title="bbox 1953 1831 3531 1912; baseline -0.001 -26"><span class='ocrx_word' id='word_1_380' title='bbox 1953 1833 2175 1902; x_wconf 87' lang='lat' dir='ltr'><strong>quidem</strong></span> <span class='ocrx_word' id='word_1_381' title='bbox 2241 1832 2394 1888; x_wconf 89' lang='lat' dir='ltr'><strong>cibus</strong></span> <span class='ocrx_word' id='word_1_382' title='bbox 2464 1833 2660 1889; x_wconf 83' lang='lat' dir='ltr'><strong>animae</strong></span> <span class='ocrx_word' id='word_1_383' title='bbox 2719 1836 2791 1889; x_wconf 87' lang='lat' dir='ltr'><strong>sit</strong></span> <span class='ocrx_word' id='word_1_384' title='bbox 2854 1835 3011 1906; x_wconf 87' lang='lat' dir='ltr'><strong>panis</strong></span> <span class='ocrx_word' id='word_1_385' title='bbox 3075 1834 3274 1912; x_wconf 71' lang='lat' dir='ltr'><strong>divinae</strong></span> <span class='ocrx_word' id='word_1_386' title='bbox 3341 1831 3531 1903; x_wconf 77' lang='lat' dir='ltr'><strong>cogni-</strong></span> 
     </span>
    </p>
   </div>
   <div class='ocr_carea' id='block_1_62' title="bbox 1955 1921 2143 1978">
    <p class='ocr_par' dir='ltr' id='par_1_62' title="bbox 1955 1921 2143 1978">
     <span class='ocr_line' id='line_1_62' title="bbox 1955 1921 2143 1978; baseline -0.005 -1"><span class='ocrx_word' id='word_1_387' title='bbox 1955 1921 2143 1978; x_wconf 84' lang='lat' dir='ltr'><strong>tionis.</strong></span> 
     </span>
    </p>
   </div>
   <div class='ocr_carea' id='block_1_63' title="bbox 2028 2012 3099 2069">
    <p class='ocr_par' dir='ltr' id='par_1_63' title="bbox 2028 2012 3099 2069">
     <span class='ocr_line' id='line_1_63' title="bbox 2028 2012 3099 2069; baseline 0.001 -3"><span class='ocrx_word' id='word_1_388' title='bbox 2028 2013 2186 2067; x_wconf 75' lang='lat' dir='ltr'><strong>Vens.</strong></span> <span class='ocrx_word' id='word_1_389' title='bbox 2223 2012 2277 2067; x_wconf 90' lang='lat'><strong>8.</strong></span> <span class='ocrx_word' id='word_1_390' title='bbox 2323 2033 2341 2065; x_wconf 82' lang='grc' dir='ltr'><strong>ι</strong></span> <span class='ocrx_word' id='word_1_391' title='bbox 2381 2012 2762 2069; x_wconf 77' lang='lat' dir='ltr'><strong>Confitcantur</strong></span> <span class='ocrx_word' id='word_1_392' title='bbox 2795 2014 3042 2069; x_wconf 90' lang='lat' dir='ltr'><strong>Domino.</strong></span> <span class='ocrx_word' id='word_1_393' title='bbox 3080 2033 3099 2067; x_wconf 74' lang='grc' dir='ltr'><strong>ι</strong></span> 
     </span>
    </p>
   </div>
   <div class='ocr_carea' id='block_1_64' title="bbox 2031 2100 3530 2178">
    <p class='ocr_par' dir='ltr' id='par_1_64' title="bbox 2031 2100 3530 2178">
     <span class='ocr_line' id='line_1_64' title="bbox 2031 2100 3530 2178; baseline -0.003 -20"><span class='ocrx_word' id='word_1_394' title='bbox 2031 2104 2427 2162; x_wconf 83' lang='lat' dir='ltr'><strong>Misericordias</strong></span> <span class='ocrx_word' id='word_1_395' title='bbox 2469 2115 2526 2162; x_wconf 87' lang='lat' dir='ltr'><strong>et</strong></span> <span class='ocrx_word' id='word_1_396' title='bbox 2554 2107 2822 2162; x_wconf 85' lang='lat' dir='ltr'><strong>mirabilia</strong></span> <span class='ocrx_word' id='word_1_397' title='bbox 2867 2106 3246 2178; x_wconf 86' lang='lat' dir='ltr'><strong>appellavitea</strong></span> <span class='ocrx_word' id='word_1_398' title='bbox 3275 2119 3396 2175; x_wconf 70' lang='lat' dir='ltr'><strong>qua:</strong></span> <span class='ocrx_word' id='word_1_399' title='bbox 3437 2100 3530 2156; x_wconf 91' lang='lat' dir='ltr'><strong>Dei</strong></span> 
     </span>
    </p>
   </div>
   <div class='ocr_carea' id='block_1_65' title="bbox 1958 2191 3533 2268">
    <p class='ocr_par' dir='ltr' id='par_1_65' title="bbox 1958 2191 3533 2268">
     <span class='ocr_line' id='line_1_65' title="bbox 1958 2191 3533 2268; baseline -0.006 -13"><span class='ocrx_word' id='word_1_400' title='bbox 1958 2206 2105 2255; x_wconf 90' lang='lat' dir='ltr'><strong>sunt.</strong></span> <span class='ocrx_word' id='word_1_401' title='bbox 2149 2198 2502 2268; x_wconf 60' lang='lat' dir='ltr'><strong>Quaecunque</strong></span> <span class='ocrx_word' id='word_1_402' title='bbox 2544 2198 2690 2253; x_wconf 89' lang='lat' dir='ltr'><strong>enim</strong></span> <span class='ocrx_word' id='word_1_403' title='bbox 2725 2197 2989 2251; x_wconf 88' lang='lat' dir='ltr'><strong>miracula</strong></span> <span class='ocrx_word' id='word_1_404' title='bbox 3031 2195 3286 2266; x_wconf 85' lang='lat' dir='ltr'><strong>patravit,</strong></span> <span class='ocrx_word' id='word_1_405' title='bbox 3321 2207 3429 2248; x_wconf 90' lang='lat' dir='ltr'><strong>non</strong></span> <span class='ocrx_word' id='word_1_406' title='bbox 3464 2191 3533 2246; x_wconf 87' lang='lat' dir='ltr'><strong>ad</strong></span> 
     </span>
    </p>
   </div>
   <div class='ocr_carea' id='block_1_66' title="bbox 1960 2283 3534 2361">
    <p class='ocr_par' dir='ltr' id='par_1_66' title="bbox 1960 2283 3534 2361">
     <span class='ocr_line' id='line_1_66' title="bbox 1960 2283 3534 2361; baseline -0.006 -14"><span class='ocrx_word' id='word_1_407' title='bbox 1960 2290 2382 2347; x_wconf 85' lang='lat' dir='ltr'><strong>ostentationem</strong></span> <span class='ocrx_word' id='word_1_408' title='bbox 2406 2298 2502 2344; x_wconf 88' lang='lat' dir='ltr'><strong>aut</strong></span> <span class='ocrx_word' id='word_1_409' title='bbox 2523 2289 2705 2361; x_wconf 73' lang='lat' dir='ltr'><strong>gloria:</strong></span> <span class='ocrx_word' id='word_1_410' title='bbox 2729 2288 2910 2344; x_wconf 88' lang='lat' dir='ltr'><strong>studio</strong></span> <span class='ocrx_word' id='word_1_411' title='bbox 2938 2287 3167 2358; x_wconf 81' lang='lat' dir='ltr'><strong>peregit,</strong></span> <span class='ocrx_word' id='word_1_412' title='bbox 3189 2285 3285 2340; x_wconf 89' lang='lat' dir='ltr'><strong>sed</strong></span> <span class='ocrx_word' id='word_1_413' title='bbox 3311 2283 3534 2339; x_wconf 88' lang='lat' dir='ltr'><strong>omnino</strong></span> 
     </span>
    </p>
   </div>
   <div class='ocr_carea' id='block_1_67' title="bbox 1961 2376 3534 2453">
    <p class='ocr_par' dir='ltr' id='par_1_67' title="bbox 1961 2376 3534 2453">
     <span class='ocr_line' id='line_1_67' title="bbox 1961 2376 3534 2453; baseline -0.006 -15"><span class='ocrx_word' id='word_1_414' title='bbox 1961 2391 2183 2453; x_wconf 82' lang='lat' dir='ltr'><strong>propter</strong></span> <span class='ocrx_word' id='word_1_415' title='bbox 2235 2381 2669 2438; x_wconf 85' lang='lat' dir='ltr'><strong>misericordiam</strong></span> <span class='ocrx_word' id='word_1_416' title='bbox 2723 2389 2777 2436; x_wconf 88' lang='lat' dir='ltr'><strong>et</strong></span> <span class='ocrx_word' id='word_1_417' title='bbox 2830 2379 3224 2450; x_wconf 78' lang='lat' dir='ltr'><strong>benignitatem</strong></span> <span class='ocrx_word' id='word_1_418' title='bbox 3273 2393 3428 2433; x_wconf 89' lang='lat' dir='ltr'><strong>suam</strong></span> <span class='ocrx_word' id='word_1_419' title='bbox 3478 2376 3534 2429; x_wconf 90' lang='lat' dir='ltr'><strong>in</strong></span> 
     </span>
    </p>
   </div>
   <div class='ocr_carea' id='block_1_68' title="bbox 1962 2475 3266 2548">
    <p class='ocr_par' dir='ltr' id='par_1_68' title="bbox 1962 2475 3266 2548">
     <span class='ocr_line' id='line_1_68' title="bbox 1962 2475 3266 2548; baseline -0.007 -15"><span class='ocrx_word' id='word_1_420' title='bbox 1962 2493 2058 2533; x_wconf 88' lang='lat' dir='ltr'><strong>eos</strong></span> <span class='ocrx_word' id='word_1_421' title='bbox 2087 2493 2186 2548; x_wconf 91' lang='lat' dir='ltr'><strong>pro</strong></span> <span class='ocrx_word' id='word_1_422' title='bbox 2215 2477 2413 2546; x_wconf 89' lang='lat' dir='ltr'><strong>quibus</strong></span> <span class='ocrx_word' id='word_1_423' title='bbox 2444 2476 2562 2531; x_wconf 77' lang='lat' dir='ltr'><strong>haec</strong></span> <span class='ocrx_word' id='word_1_424' title='bbox 2585 2475 2848 2530; x_wconf 90' lang='lat' dir='ltr'><strong>miracula</strong></span> <span class='ocrx_word' id='word_1_425' title='bbox 2879 2480 3088 2544; x_wconf 83' lang='lat' dir='ltr'><strong>patrata</strong></span> <span class='ocrx_word' id='word_1_426' title='bbox 3119 2479 3266 2527; x_wconf 86' lang='lat' dir='ltr'><strong>sunt.</strong></span> 
     </span>
    </p>
   </div>
   <div class='ocr_carea' id='block_1_69' title="bbox 2032 2561 3354 2628">
    <p class='ocr_par' dir='ltr' id='par_1_69' title="bbox 2032 2561 3354 2628">
     <span class='ocr_line' id='line_1_69' title="bbox 2032 2561 3354 2628; baseline -0.008 -9"><span class='ocrx_word' id='word_1_427' title='bbox 2032 2564 2196 2619; x_wconf 73' lang='lat' dir='ltr'><strong>Vens.</strong></span> <span class='ocrx_word' id='word_1_428' title='bbox 2231 2565 2284 2619; x_wconf 86' lang='lat'><strong>9.</strong></span> <span class='ocrx_word' id='word_1_429' title='bbox 2323 2582 2341 2614; x_wconf 79' lang='grc' dir='ltr'><strong>ι</strong></span> <span class='ocrx_word' id='word_1_430' title='bbox 2375 2562 2514 2628; x_wconf 84' lang='lat' dir='ltr'><strong>Quia</strong></span> <span class='ocrx_word' id='word_1_431' title='bbox 2541 2562 2759 2618; x_wconf 85' lang='lat' dir='ltr'><strong>satiavit</strong></span> <span class='ocrx_word' id='word_1_432' title='bbox 2789 2561 3025 2615; x_wconf 88' lang='lat' dir='ltr'><strong>animam</strong></span> <span class='ocrx_word' id='word_1_433' title='bbox 3061 2561 3302 2613; x_wconf 85' lang='lat' dir='ltr'><strong>inanem.</strong></span> <span class='ocrx_word' id='word_1_434' title='bbox 3335 2575 3354 2608; x_wconf 85' lang='grc'><strong>›</strong></span> 
     </span>
    </p>
   </div>
   <div class='ocr_carea' id='block_1_70' title="bbox 2032 2644 3535 2720">
    <p class='ocr_par' dir='ltr' id='par_1_70' title="bbox 2032 2644 3535 2720">
     <span class='ocr_line' id='line_1_70' title="bbox 2032 2644 3535 2720; baseline -0.004 -16"><span class='ocrx_word' id='word_1_435' title='bbox 2032 2651 2246 2706; x_wconf 89' lang='lat' dir='ltr'><strong>Etenim</strong></span> <span class='ocrx_word' id='word_1_436' title='bbox 2281 2665 2407 2708; x_wconf 90' lang='lat' dir='ltr'><strong>cum</strong></span> <span class='ocrx_word' id='word_1_437' title='bbox 2427 2650 2676 2705; x_wconf 90' lang='lat' dir='ltr'><strong>eamdem</strong></span> <span class='ocrx_word' id='word_1_438' title='bbox 2709 2664 2926 2720; x_wconf 91' lang='lat' dir='ltr'><strong>quoque</strong></span> <span class='ocrx_word' id='word_1_439' title='bbox 2956 2648 3287 2704; x_wconf 87' lang='lat' dir='ltr'><strong>esurientem</strong></span> <span class='ocrx_word' id='word_1_440' title='bbox 3316 2644 3535 2710; x_wconf 81' lang='lat' dir='ltr'><strong>dixerit,</strong></span> 
     </span>
    </p>
   </div>
   <div class='ocr_carea' id='block_1_71' title="bbox 1965 2737 3537 2814">
    <p class='ocr_par' dir='ltr' id='par_1_71' title="bbox 1965 2737 3537 2814">
     <span class='ocr_line' id='line_1_71' title="bbox 1965 2737 3537 2814; baseline -0.005 -15"><span class='ocrx_word' id='word_1_441' title='bbox 1965 2743 2204 2799; x_wconf 89' lang='lat' dir='ltr'><strong>ostendit</strong></span> <span class='ocrx_word' id='word_1_442' title='bbox 2250 2744 2526 2813; x_wconf 88' lang='lat' dir='ltr'><strong>quomodo</strong></span> <span class='ocrx_word' id='word_1_443' title='bbox 2564 2752 2880 2814; x_wconf 87' lang='lat' dir='ltr'><strong>peccatores</strong></span> <span class='ocrx_word' id='word_1_444' title='bbox 2919 2739 3086 2810; x_wconf 88' lang='lat' dir='ltr'><strong>aliqui</strong></span> <span class='ocrx_word' id='word_1_445' title='bbox 3135 2739 3245 2794; x_wconf 85' lang='lat' dir='ltr'><strong>sint</strong></span> <span class='ocrx_word' id='word_1_446' title='bbox 3283 2737 3537 2792; x_wconf 81' lang='lat' dir='ltr'><strong>famelici.</strong></span> 
     </span>
    </p>
   </div>
   <div class='ocr_carea' id='block_1_72' title="bbox 1964 2829 2915 2902">
    <p class='ocr_par' dir='ltr' id='par_1_72' title="bbox 1964 2829 2915 2902">
     <span class='ocr_line' id='line_1_72' title="bbox 1964 2829 2915 2902; baseline -0.001 -17"><span class='ocrx_word' id='word_1_447' title='bbox 1964 2829 2186 2887; x_wconf 90' lang='lat' dir='ltr'><strong>lnanem</strong></span> <span class='ocrx_word' id='word_1_448' title='bbox 2216 2832 2362 2886; x_wconf 89' lang='lat' dir='ltr'><strong>enim</strong></span> <span class='ocrx_word' id='word_1_449' title='bbox 2392 2847 2492 2902; x_wconf 89' lang='lat' dir='ltr'><strong>pro</strong></span> <span class='ocrx_word' id='word_1_450' title='bbox 2519 2847 2659 2886; x_wconf 87' lang='lat' dir='ltr'><strong>vano</strong></span> <span class='ocrx_word' id='word_1_451' title='bbox 2685 2829 2915 2900; x_wconf 87' lang='lat' dir='ltr'><strong>accepit.</strong></span> 
     </span>
    </p>
   </div>
   <div class='ocr_carea' id='block_1_73' title="bbox 1972 2920 3414 2994">
    <p class='ocr_par' dir='ltr' id='par_1_73' title="bbox 1972 2920 3414 2994">
     <span class='ocr_line' id='line_1_73' title="bbox 1972 2920 3414 2994; baseline -0.005 -15"><span class='ocrx_word' id='word_1_452' title='bbox 1972 2986 1978 2991; x_wconf 48' lang='grc'><strong><em>,</em></strong></span> <span class='ocrx_word' id='word_1_453' title='bbox 2036 2925 2197 2979; x_wconf 79' lang='lat' dir='ltr'><strong>Vens.</strong></span> <span class='ocrx_word' id='word_1_454' title='bbox 2237 2925 2325 2978; x_wconf 82' lang='grc'><strong>17.</strong></span> <span class='ocrx_word' id='word_1_455' title='bbox 2366 2942 2384 2975; x_wconf 79' lang='grc' dir='ltr'><strong>ι</strong></span> <span class='ocrx_word' id='word_1_456' title='bbox 2417 2923 2670 2994; x_wconf 87' lang='lat' dir='ltr'><strong>Suscepit</strong></span> <span class='ocrx_word' id='word_1_457' title='bbox 2699 2939 2794 2978; x_wconf 93' lang='lat' dir='ltr'><strong>cos</strong></span> <span class='ocrx_word' id='word_1_458' title='bbox 2823 2922 2890 2978; x_wconf 91' lang='lat' dir='ltr'><strong>de</strong></span> <span class='ocrx_word' id='word_1_459' title='bbox 2919 2922 3006 2976; x_wconf 81' lang='lat' dir='ltr'><strong>via</strong></span> <span class='ocrx_word' id='word_1_460' title='bbox 3040 2920 3359 2990; x_wconf 90' lang='lat' dir='ltr'><strong>iniquitatis.</strong></span> <span class='ocrx_word' id='word_1_461' title='bbox 3395 2939 3414 2972; x_wconf 76' lang='grc' dir='ltr'><strong>ι</strong></span> 
     </span>
    </p>
   </div>
   <div class='ocr_carea' id='block_1_74' title="bbox 2037 3013 3537 3087">
    <p class='ocr_par' dir='ltr' id='par_1_74' title="bbox 2037 3013 3537 3087">
     <span class='ocr_line' id='line_1_74' title="bbox 2037 3013 3537 3087; baseline -0.003 -17"><span class='ocrx_word' id='word_1_462' title='bbox 2037 3015 2195 3072; x_wconf 90' lang='lat' dir='ltr'><strong>Viam</strong></span> <span class='ocrx_word' id='word_1_463' title='bbox 2251 3016 2556 3087; x_wconf 89' lang='lat' dir='ltr'><strong>iniquitatis</strong></span> <span class='ocrx_word' id='word_1_464' title='bbox 2621 3013 2932 3070; x_wconf 89' lang='lat' dir='ltr'><strong>necessario</strong></span> <span class='ocrx_word' id='word_1_465' title='bbox 2989 3013 3222 3084; x_wconf 85' lang='lat' dir='ltr'><strong>appellat</strong></span> <span class='ocrx_word' id='word_1_466' title='bbox 3285 3017 3537 3066; x_wconf 87' lang='lat' dir='ltr'><strong>mortem.</strong></span> 
     </span>
    </p>
   </div>
   <div class='ocr_carea' id='block_1_75' title="bbox 1968 3101 3541 3178">
    <p class='ocr_par' dir='ltr' id='par_1_75' title="bbox 1968 3101 3541 3178">
     <span class='ocr_line' id='line_1_75' title="bbox 1968 3101 3541 3178; baseline -0.006 -13"><span class='ocrx_word' id='word_1_467' title='bbox 1968 3101 2144 3166; x_wconf 84' lang='lat' dir='ltr'><strong>Causa</strong></span> <span class='ocrx_word' id='word_1_468' title='bbox 2179 3109 2324 3165; x_wconf 88' lang='lat' dir='ltr'><strong>enim</strong></span> <span class='ocrx_word' id='word_1_469' title='bbox 2363 3109 2554 3164; x_wconf 90' lang='lat' dir='ltr'><strong>mortis</strong></span> <span class='ocrx_word' id='word_1_470' title='bbox 2595 3107 2699 3162; x_wconf 90' lang='lat' dir='ltr'><strong>fuit</strong></span> <span class='ocrx_word' id='word_1_471' title='bbox 2736 3104 3112 3178; x_wconf 81' lang='lat' dir='ltr'><strong>praevaricatio</strong></span> <span class='ocrx_word' id='word_1_472' title='bbox 3143 3105 3276 3175; x_wconf 80' lang='lat' dir='ltr'><strong>legis</strong></span> <span class='ocrx_word' id='word_1_473' title='bbox 3310 3103 3451 3158; x_wconf 80' lang='lat' dir='ltr'><strong>data:</strong></span> <span class='ocrx_word' id='word_1_474' title='bbox 3486 3102 3541 3156; x_wconf 93' lang='lat' dir='ltr'><strong>iu</strong></span> 
     </span>
    </p>
   </div>
   <div class='ocr_carea' id='block_1_76' title="bbox 1970 3198 3544 3272">
    <p class='ocr_par' dir='ltr' id='par_1_76' title="bbox 1970 3198 3544 3272">
     <span class='ocr_line' id='line_1_76' title="bbox 1970 3198 3544 3272; baseline -0.005 -16"><span class='ocrx_word' id='word_1_475' title='bbox 1970 3202 2241 3272; x_wconf 86' lang='lat' dir='ltr'><strong>paradiso.</strong></span> <span class='ocrx_word' id='word_1_476' title='bbox 2265 3200 2650 3256; x_wconf 87' lang='lat' dir='ltr'><strong>Verumtamen</strong></span> <span class='ocrx_word' id='word_1_477' title='bbox 2672 3199 2926 3254; x_wconf 82' lang='lat' dir='ltr'><strong>Christus</strong></span> <span class='ocrx_word' id='word_1_478' title='bbox 2946 3213 3047 3253; x_wconf 91' lang='lat' dir='ltr'><strong>nos</strong></span> <span class='ocrx_word' id='word_1_479' title='bbox 3069 3198 3136 3252; x_wconf 86' lang='lat' dir='ltr'><strong>de</strong></span> <span class='ocrx_word' id='word_1_480' title='bbox 3162 3205 3336 3251; x_wconf 86' lang='lat' dir='ltr'><strong>morte</strong></span> <span class='ocrx_word' id='word_1_481' title='bbox 3359 3209 3544 3249; x_wconf 88' lang='lat' dir='ltr'><strong>susce-</strong></span> 
     </span>
    </p>
   </div>
   <div class='ocr_carea' id='block_1_77' title="bbox 1969 3289 3544 3365">
    <p class='ocr_par' dir='ltr' id='par_1_77' title="bbox 1969 3289 3544 3365">
     <span class='ocr_line' id='line_1_77' title="bbox 1969 3289 3544 3365; baseline -0.004 -18"><span class='ocrx_word' id='word_1_482' title='bbox 1969 3294 2070 3365; x_wconf 90' lang='lat' dir='ltr'><strong>pit,</strong></span> <span class='ocrx_word' id='word_1_483' title='bbox 2106 3295 2280 3349; x_wconf 85' lang='lat' dir='ltr'><strong>factus</strong></span> <span class='ocrx_word' id='word_1_484' title='bbox 2307 3294 2415 3348; x_wconf 88' lang='lat' dir='ltr'><strong>vita</strong></span> <span class='ocrx_word' id='word_1_485' title='bbox 2450 3294 2504 3346; x_wconf 89' lang='lat' dir='ltr'><strong>in</strong></span> <span class='ocrx_word' id='word_1_486' title='bbox 2537 3292 2718 3347; x_wconf 83' lang='lat' dir='ltr'><strong>medio</strong></span> <span class='ocrx_word' id='word_1_487' title='bbox 2755 3301 3119 3358; x_wconf 89' lang='lat' dir='ltr'><strong>mortuorum,</strong></span> <span class='ocrx_word' id='word_1_488' title='bbox 3149 3298 3209 3345; x_wconf 89' lang='lat' dir='ltr'><strong>ut</strong></span> <span class='ocrx_word' id='word_1_489' title='bbox 3235 3289 3428 3345; x_wconf 90' lang='lat' dir='ltr'><strong>mortis</strong></span> <span class='ocrx_word' id='word_1_490' title='bbox 3463 3296 3544 3360; x_wconf 83' lang='lat' dir='ltr'><strong>ty-</strong></span> 
     </span>
    </p>
   </div>
   <div class='ocr_carea' id='block_1_78' title="bbox 1973 3384 2629 3440">
    <p class='ocr_par' dir='ltr' id='par_1_78' title="bbox 1973 3384 2629 3440">
     <span class='ocr_line' id='line_1_78' title="bbox 1973 3384 2629 3440; baseline -0.005 -1"><span class='ocrx_word' id='word_1_491' title='bbox 1973 3385 2257 3440; x_wconf 90' lang='lat' dir='ltr'><strong>rannidem</strong></span> <span class='ocrx_word' id='word_1_492' title='bbox 2290 3384 2629 3439; x_wconf 85' lang='lat' dir='ltr'><strong>dissolveret.</strong></span> 
     </span>
    </p>
   </div>
   <div class='ocr_carea' id='block_1_79' title="bbox 2044 3556 3548 3619">
    <p class='ocr_par' dir='ltr' id='par_1_79' title="bbox 2044 3556 3548 3619">
     <span class='ocr_line' id='line_1_79' title="bbox 2044 3556 3548 3619; baseline -0.007 0"><span class='ocrx_word' id='word_1_493' title='bbox 2044 3564 2207 3619; x_wconf 73' lang='lat' dir='ltr'><strong>Vens.</strong></span> <span class='ocrx_word' id='word_1_494' title='bbox 2278 3563 2360 3618; x_wconf 79' lang='grc'><strong>18.</strong></span> <span class='ocrx_word' id='word_1_495' title='bbox 2446 3581 2462 3613; x_wconf 81' lang='grc' dir='ltr'><strong>ι</strong></span> <span class='ocrx_word' id='word_1_496' title='bbox 2525 3559 2754 3615; x_wconf 90' lang='lat' dir='ltr'><strong>Omnem</strong></span> <span class='ocrx_word' id='word_1_497' title='bbox 2829 3573 3010 3614; x_wconf 91' lang='lat' dir='ltr'><strong>escam</strong></span> <span class='ocrx_word' id='word_1_498' title='bbox 3078 3556 3389 3612; x_wconf 84' lang='lat' dir='ltr'><strong>abominata</strong></span> <span class='ocrx_word' id='word_1_499' title='bbox 3461 3562 3548 3609; x_wconf 90' lang='lat' dir='ltr'><strong>est</strong></span> 
     </span>
    </p>
   </div>
   <div class='ocr_carea' id='block_1_80' title="bbox 1973 3655 2229 3710">
    <p class='ocr_par' dir='ltr' id='par_1_80' title="bbox 1973 3655 2229 3710">
     <span class='ocr_line' id='line_1_80' title="bbox 1973 3655 2229 3710; baseline -0.02 0"><span class='ocrx_word' id='word_1_500' title='bbox 1973 3655 2173 3710; x_wconf 87' lang='lat' dir='ltr'><strong>anima.</strong></span> <span class='ocrx_word' id='word_1_501' title='bbox 2211 3673 2229 3705; x_wconf 71' lang='grc' dir='ltr'><strong>ι</strong></span> 
     </span>
    </p>
   </div>
   <div class='ocr_carea' id='block_1_81' title="bbox 2048 3736 3543 3810">
    <p class='ocr_par' dir='ltr' id='par_1_81' title="bbox 2048 3736 3543 3810">
     <span class='ocr_line' id='line_1_81' title="bbox 2048 3736 3543 3810; baseline -0.007 -10"><span class='ocrx_word' id='word_1_502' title='bbox 2048 3746 2240 3802; x_wconf 87' lang='lat' dir='ltr'><strong>Eseam</strong></span> <span class='ocrx_word' id='word_1_503' title='bbox 2277 3745 2381 3799; x_wconf 89' lang='lat' dir='ltr'><strong>hoc</strong></span> <span class='ocrx_word' id='word_1_504' title='bbox 2416 3742 2540 3797; x_wconf 91' lang='lat' dir='ltr'><strong>loco</strong></span> <span class='ocrx_word' id='word_1_505' title='bbox 2577 3739 2930 3810; x_wconf 79' lang='lat' dir='ltr'><strong>intelligimus</strong></span> <span class='ocrx_word' id='word_1_506' title='bbox 2967 3738 3146 3794; x_wconf 89' lang='lat' dir='ltr'><strong>cibum</strong></span> <span class='ocrx_word' id='word_1_507' title='bbox 3193 3736 3543 3802; x_wconf 89' lang='lat' dir='ltr'><strong>rationalem;</strong></span> 
     </span>
    </p>
   </div>
   <div class='ocr_carea' id='block_1_82' title="bbox 1975 3827 3547 3909">
    <p class='ocr_par' dir='ltr' id='par_1_82' title="bbox 1975 3827 3547 3909">
     <span class='ocr_line' id='line_1_82' title="bbox 1975 3827 3547 3909; baseline -0.01 -15"><span class='ocrx_word' id='word_1_508' title='bbox 1975 3839 2042 3894; x_wconf 91' lang='lat' dir='ltr'><strong>de</strong></span> <span class='ocrx_word' id='word_1_509' title='bbox 2087 3852 2193 3909; x_wconf 88' lang='lat' dir='ltr'><strong>qua</strong></span> <span class='ocrx_word' id='word_1_510' title='bbox 2235 3834 2500 3890; x_wconf 90' lang='lat' dir='ltr'><strong>Dominus</strong></span> <span class='ocrx_word' id='word_1_511' title='bbox 2553 3831 2812 3902; x_wconf 88' lang='lat' dir='ltr'><strong>apostolis</strong></span> <span class='ocrx_word' id='word_1_512' title='bbox 2857 3829 2994 3885; x_wconf 86' lang='lat' dir='ltr'><strong>dixit</strong></span> <span class='ocrx_word' id='word_1_513' title='bbox 3035 3847 3048 3884; x_wconf 91' lang='lat'><strong>:</strong></span> <span class='ocrx_word' id='word_1_514' title='bbox 3086 3827 3393 3898; x_wconf 85' lang='lat' dir='ltr'><strong>Operamim&#39;</strong></span> <span class='ocrx_word' id='word_1_515' title='bbox 3446 3841 3547 3879; x_wconf 82' lang='lat' dir='ltr'><strong>non</strong></span> 
     </span>
    </p>
   </div>
   <div class='ocr_carea' id='block_1_83' title="bbox 1975 3920 3550 3998">
    <p class='ocr_par' dir='ltr' id='par_1_83' title="bbox 1975 3920 3550 3998">
     <span class='ocr_line' id='line_1_83' title="bbox 1975 3920 3550 3998; baseline -0.008 -15"><span class='ocrx_word' id='word_1_516' title='bbox 1975 3931 2147 3984; x_wconf 84' lang='lat' dir='ltr'><strong>cibum</strong></span> <span class='ocrx_word' id='word_1_517' title='bbox 2191 3928 2280 3998; x_wconf 88' lang='lat' dir='ltr'><strong>qui</strong></span> <span class='ocrx_word' id='word_1_518' title='bbox 2323 3925 2489 3995; x_wconf 83' lang='lat' dir='ltr'><strong>perit,</strong></span> <span class='ocrx_word' id='word_1_519' title='bbox 2539 3925 2627 3978; x_wconf 82' lang='lat' dir='ltr'><strong>sed</strong></span> <span class='ocrx_word' id='word_1_520' title='bbox 2665 3924 2754 3993; x_wconf 87' lang='lat' dir='ltr'><strong>qui</strong></span> <span class='ocrx_word' id='word_1_521' title='bbox 2800 3930 3070 3992; x_wconf 84' lang='lat' dir='ltr'><strong>permanet</strong></span> <span class='ocrx_word' id='word_1_522' title='bbox 3113 3921 3166 3974; x_wconf 88' lang='lat' dir='ltr'><strong>in</strong></span> <span class='ocrx_word' id='word_1_523' title='bbox 3196 3920 3360 3973; x_wconf 82' lang='lat' dir='ltr'><strong>vitam</strong></span> <span class='ocrx_word' id='word_1_524' title='bbox 3390 3928 3550 3972; x_wconf 72' lang='lat' dir='ltr'><strong>ceter-</strong></span> 
     </span>
    </p>
   </div>
   <div class='ocr_carea' id='block_1_84' title="bbox 1977 4008 3549 4085">
    <p class='ocr_par' dir='ltr' id='par_1_84' title="bbox 1977 4008 3549 4085">
     <span class='ocr_line' id='line_1_84' title="bbox 1977 4008 3549 4085; baseline -0.008 -11"><span class='ocrx_word' id='word_1_525' title='bbox 1977 4035 2100 4074; x_wconf 85' lang='lat' dir='ltr'><strong>nam</strong></span> <span class='ocrx_word' id='word_1_526' title='bbox 2133 4020 2204 4071; x_wconf 76' lang='grc'><strong>⁷³.</strong></span> <span class='ocrx_word' id='word_1_527' title='bbox 2241 4019 2470 4071; x_wconf 82' lang='lat' dir='ltr'><strong>Omnem</strong></span> <span class='ocrx_word' id='word_1_528' title='bbox 2512 4015 2677 4084; x_wconf 82' lang='lat' dir='ltr'><strong>bujus</strong></span> <span class='ocrx_word' id='word_1_529' title='bbox 2717 4015 2954 4085; x_wconf 88' lang='lat' dir='ltr'><strong>speciem</strong></span> <span class='ocrx_word' id='word_1_530' title='bbox 2991 4013 3154 4067; x_wconf 86' lang='lat' dir='ltr'><strong>homo</strong></span> <span class='ocrx_word' id='word_1_531' title='bbox 3193 4008 3549 4065; x_wconf 88' lang='lat' dir='ltr'><strong>abominaba-</strong></span> 
     </span>
    </p>
   </div>
   <div class='ocr_carea' id='block_1_85' title="bbox 1977 4101 3546 4179">
    <p class='ocr_par' dir='ltr' id='par_1_85' title="bbox 1977 4101 3546 4179">
     <span class='ocr_line' id='line_1_85' title="bbox 1977 4101 3546 4179; baseline -0.007 -14"><span class='ocrx_word' id='word_1_532' title='bbox 1977 4120 2088 4167; x_wconf 89' lang='lat' dir='ltr'><strong>tur.</strong></span> <span class='ocrx_word' id='word_1_533' title='bbox 2128 4109 2262 4164; x_wconf 86' lang='lat' dir='ltr'><strong>Nam</strong></span> <span class='ocrx_word' id='word_1_534' title='bbox 2304 4123 2480 4178; x_wconf 88' lang='lat' dir='ltr'><strong>neque</strong></span> <span class='ocrx_word' id='word_1_535' title='bbox 2518 4107 2691 4179; x_wconf 84' lang='lat' dir='ltr'><strong>legem</strong></span> <span class='ocrx_word' id='word_1_536' title='bbox 2729 4105 3034 4160; x_wconf 89' lang='lat' dir='ltr'><strong>naturalem</strong></span> <span class='ocrx_word' id='word_1_537' title='bbox 3075 4117 3252 4173; x_wconf 89' lang='lat' dir='ltr'><strong>neque</strong></span> <span class='ocrx_word' id='word_1_538' title='bbox 3289 4101 3546 4170; x_wconf 88' lang='lat' dir='ltr'><strong>scriptam</strong></span> 
     </span>
    </p>
   </div>
   <div class='ocr_carea' id='block_1_86' title="bbox 1978 4196 3547 4267">
    <p class='ocr_par' dir='ltr' id='par_1_86' title="bbox 1978 4196 3547 4267">
     <span class='ocr_line' id='line_1_86' title="bbox 1978 4196 3547 4267; baseline -0.007 -9"><span class='ocrx_word' id='word_1_539' title='bbox 1978 4202 2424 4265; x_wconf 86' lang='lat' dir='ltr'><strong>observaverant,</strong></span> <span class='ocrx_word' id='word_1_540' title='bbox 2454 4208 2510 4254; x_wconf 89' lang='lat' dir='ltr'><strong>et</strong></span> <span class='ocrx_word' id='word_1_541' title='bbox 2538 4197 2742 4254; x_wconf 91' lang='lat' dir='ltr'><strong>idcirco</strong></span> <span class='ocrx_word' id='word_1_542' title='bbox 2780 4196 3349 4267; x_wconf 89' lang='lat' dir='ltr'><strong>appropinquaverant</strong></span> <span class='ocrx_word' id='word_1_543' title='bbox 3379 4206 3547 4264; x_wconf 80' lang='lat' dir='ltr'><strong>usque</strong></span> 
     </span>
    </p>
   </div>
   <div class='ocr_carea' id='block_1_87' title="bbox 1978 4289 3546 4364">
    <p class='ocr_par' dir='ltr' id='par_1_87' title="bbox 1978 4289 3546 4364">
     <span class='ocr_line' id='line_1_87' title="bbox 1978 4289 3546 4364; baseline -0.006 -15"><span class='ocrx_word' id='word_1_544' title='bbox 1978 4295 2045 4350; x_wconf 89' lang='lat' dir='ltr'><strong>ad</strong></span> <span class='ocrx_word' id='word_1_545' title='bbox 2074 4302 2261 4364; x_wconf 85' lang='lat' dir='ltr'><strong>portas</strong></span> <span class='ocrx_word' id='word_1_546' title='bbox 2289 4291 2501 4348; x_wconf 91' lang='lat' dir='ltr'><strong>mortis.</strong></span> <span class='ocrx_word' id='word_1_547' title='bbox 2535 4291 2709 4347; x_wconf 71' lang='lat' dir='ltr'><strong>Portze</strong></span> <span class='ocrx_word' id='word_1_548' title='bbox 2740 4300 2923 4346; x_wconf 87' lang='lat' dir='ltr'><strong>autem</strong></span> <span class='ocrx_word' id='word_1_549' title='bbox 2954 4289 3145 4344; x_wconf 86' lang='lat' dir='ltr'><strong>mortis</strong></span> <span class='ocrx_word' id='word_1_550' title='bbox 3172 4296 3300 4343; x_wconf 91' lang='lat' dir='ltr'><strong>sunt</strong></span> <span class='ocrx_word' id='word_1_551' title='bbox 3329 4295 3546 4356; x_wconf 84' lang='lat' dir='ltr'><strong>peccata</strong></span> 
     </span>
    </p>
   </div>
   <div class='ocr_carea' id='block_1_88' title="bbox 296 4373 1870 4458">
    <p class='ocr_par' dir='ltr' id='par_1_88' title="bbox 296 4373 1870 4454">
     <span class='ocr_line' id='line_1_88' title="bbox 296 4373 1870 4454; baseline 0.008 -28"><span class='ocrx_word' id='word_1_552' title='bbox 296 4376 362 4444; x_wconf 81' lang='grc' dir='ltr'><strong>τή</strong></span> <span class='ocrx_word' id='word_1_553' title='bbox 372 4393 517 4446; x_wconf 87' lang='grc' dir='ltr'>ματα</span> <span class='ocrx_word' id='word_1_554' title='bbox 538 4373 619 4442; x_wconf 72' lang='grc' dir='ltr'>οἷς</span> <span class='ocrx_word' id='word_1_555' title='bbox 640 4378 758 4432; x_wconf 89' lang='grc' dir='ltr'>δέον</span> <span class='ocrx_word' id='word_1_556' title='bbox 780 4379 975 4443; x_wconf 77' lang='grc' dir='ltr'>αὐτοὺς</span> <span class='ocrx_word' id='word_1_557' title='bbox 999 4377 1393 4449; x_wconf 84' lang='grc' dir='ltr'>μακρύνεσθαι.</span> <span class='ocrx_word' id='word_1_558' title='bbox 1416 4380 1582 4434; x_wconf 89' lang='grc' dir='ltr'>Ὅσον</span> <span class='ocrx_word' id='word_1_559' title='bbox 1611 4382 1721 4454; x_wconf 84' lang='grc' dir='ltr'>γὰρ</span> <span class='ocrx_word' id='word_1_560' title='bbox 1741 4383 1870 4439; x_wconf 90' lang='grc' dir='ltr'>ταύ-</span> 
     </span>
    </p>
   </div>
   <div class='ocr_carea' id='block_1_89' title="bbox 1963 4373 3548 4458">
    <p class='ocr_par' dir='ltr' id='par_1_89' title="bbox 1981 4375 3548 4455">
     <span class='ocr_line' id='line_1_89' title="bbox 1981 4375 3548 4455; baseline -0.007 -16"><span class='ocrx_word' id='word_1_561' title='bbox 1981 4401 2011 4440; x_wconf 91' lang='lat' dir='ltr'><strong>a</strong></span> <span class='ocrx_word' id='word_1_562' title='bbox 2049 4383 2248 4455; x_wconf 89' lang='lat' dir='ltr'><strong>quibus</strong></span> <span class='ocrx_word' id='word_1_563' title='bbox 2289 4387 2608 4452; x_wconf 87' lang='lat' dir='ltr'><strong>oportuerat</strong></span> <span class='ocrx_word' id='word_1_564' title='bbox 2653 4395 2746 4435; x_wconf 93' lang='lat' dir='ltr'><strong>eos</strong></span> <span class='ocrx_word' id='word_1_565' title='bbox 2785 4378 3045 4450; x_wconf 81' lang='lat' dir='ltr'><strong>elongari.</strong></span> <span class='ocrx_word' id='word_1_566' title='bbox 3081 4376 3357 4444; x_wconf 88' lang='lat' dir='ltr'><strong>Quantum</strong></span> <span class='ocrx_word' id='word_1_567' title='bbox 3402 4375 3548 4430; x_wconf 86' lang='lat' dir='ltr'><strong>enim</strong></span> 
     </span>
    </p>
   </div>
   <div class='ocr_carea' id='block_1_90' title="bbox 297 4464 1870 4546">
    <p class='ocr_par' dir='ltr' id='par_1_90' title="bbox 297 4464 1870 4545">
     <span class='ocr_line' id='line_1_90' title="bbox 297 4464 1870 4545; baseline 0.008 -31"><span class='ocrx_word' id='word_1_568' title='bbox 297 4479 419 4527; x_wconf 83' lang='grc' dir='ltr'>ταις</span> <span class='ocrx_word' id='word_1_569' title='bbox 449 4464 703 4535; x_wconf 73' lang='grc' dir='ltr'>ἤγγισαν,</span> <span class='ocrx_word' id='word_1_570' title='bbox 735 4467 989 4520; x_wconf 87' lang='grc' dir='ltr'>τοσοῦτον</span> <span class='ocrx_word' id='word_1_571' title='bbox 1035 4467 1226 4538; x_wconf 72' lang='grc' dir='ltr'>πόρρω</span> <span class='ocrx_word' id='word_1_572' title='bbox 1257 4467 1366 4522; x_wconf 87' lang='grc' dir='ltr'><strong>τῶν</strong></span> <span class='ocrx_word' id='word_1_573' title='bbox 1399 4469 1580 4524; x_wconf 89' lang='grc' dir='ltr'>πυλῶν</span> <span class='ocrx_word' id='word_1_574' title='bbox 1605 4471 1703 4542; x_wconf 86' lang='grc' dir='ltr'>τῆς</span> <span class='ocrx_word' id='word_1_575' title='bbox 1729 4471 1870 4545; x_wconf 81' lang='grc' dir='ltr'>ζωῆς</span> 
     </span>
    </p>
   </div>
   <div class='ocr_carea' id='block_1_91' title="bbox 1963 4464 3548 4546">
    <p class='ocr_par' dir='ltr' id='par_1_91' title="bbox 1982 4470 3548 4546">
     <span class='ocr_line' id='line_1_91' title="bbox 1982 4470 3548 4546; baseline -0.007 -13"><span class='ocrx_word' id='word_1_576' title='bbox 1982 4477 2069 4533; x_wconf 87' lang='lat' dir='ltr'><strong>bis</strong></span> <span class='ocrx_word' id='word_1_577' title='bbox 2126 4474 2726 4546; x_wconf 85' lang='lat' dir='ltr'><strong>appropinquaverunt,</strong></span> <span class='ocrx_word' id='word_1_578' title='bbox 2765 4471 3102 4526; x_wconf 87' lang='lat' dir='ltr'><strong>tantumdem</strong></span> <span class='ocrx_word' id='word_1_579' title='bbox 3152 4470 3466 4525; x_wconf 89' lang='lat' dir='ltr'><strong>necessario</strong></span> <span class='ocrx_word' id='word_1_580' title='bbox 3522 4485 3548 4522; x_wconf 82' lang='lat' dir='ltr'><strong>a</strong></span> 
     </span>
    </p>
   </div>
   <div class='ocr_carea' id='block_1_92' title="bbox 297 4554 1870 4642">
    <p class='ocr_par' dir='ltr' id='par_1_92' title="bbox 297 4554 1870 4630">
     <span class='ocr_line' id='line_1_92' title="bbox 297 4554 1870 4630; baseline 0.008 -25"><span class='ocrx_word' id='word_1_581' title='bbox 297 4554 612 4621; x_wconf 84' lang='grc' dir='ltr'>ἀναγκαίως</span> <span class='ocrx_word' id='word_1_582' title='bbox 658 4558 929 4626; x_wconf 84' lang='grc' dir='ltr'>ἐγένοντο.</span> <span class='ocrx_word' id='word_1_583' title='bbox 966 4557 1104 4610; x_wconf 80' lang='grc' dir='ltr'>Ἀλλ’</span> <span class='ocrx_word' id='word_1_584' title='bbox 1152 4560 1180 4611; x_wconf 84' lang='grc' dir='ltr'>ὁ</span> <span class='ocrx_word' id='word_1_585' title='bbox 1229 4558 1470 4630; x_wconf 81' lang='grc' dir='ltr'>Χριστὸς</span> <span class='ocrx_word' id='word_1_586' title='bbox 1526 4561 1722 4627; x_wconf 79' lang='grc' dir='ltr'>αὐτοὺς</span> <span class='ocrx_word' id='word_1_587' title='bbox 1781 4565 1870 4618; x_wconf 72' lang='grc' dir='ltr'><strong>καὶ</strong></span> 
     </span>
    </p>
   </div>
   <div class='ocr_carea' id='block_1_93' title="bbox 1963 4554 3554 4642">
    <p class='ocr_par' dir='ltr' id='par_1_93' title="bbox 1981 4563 3554 4642">
     <span class='ocr_line' id='line_1_93' title="bbox 1981 4563 3554 4642; baseline -0.006 -17"><span class='ocrx_word' id='word_1_588' title='bbox 1981 4570 2154 4642; x_wconf 88' lang='lat' dir='ltr'><strong>portis</strong></span> <span class='ocrx_word' id='word_1_589' title='bbox 2186 4570 2310 4625; x_wconf 55' lang='lat' dir='ltr'><strong>vita</strong></span> <span class='ocrx_word' id='word_1_590' title='bbox 2338 4563 2498 4638; x_wconf 78' lang='lat' dir='ltr'><strong>longe</strong></span> <span class='ocrx_word' id='word_1_591' title='bbox 2530 4565 2660 4622; x_wconf 88' lang='lat' dir='ltr'><strong>facti</strong></span> <span class='ocrx_word' id='word_1_592' title='bbox 2693 4575 2856 4621; x_wconf 78' lang='lat' dir='ltr'><strong>sunt-</strong></span> <span class='ocrx_word' id='word_1_593' title='bbox 2883 4563 3084 4620; x_wconf 91' lang='lat' dir='ltr'><strong>Verum</strong></span> <span class='ocrx_word' id='word_1_594' title='bbox 3117 4563 3366 4620; x_wconf 84' lang='lat' dir='ltr'><strong>Christus</strong></span> <span class='ocrx_word' id='word_1_595' title='bbox 3406 4563 3554 4634; x_wconf 70' lang='lat' dir='ltr'><strong>ipsos</strong></span> 
     </span>
    </p>
   </div>
   <div class='ocr_carea' id='block_1_94' title="bbox 302 4645 1871 4720">
    <p class='ocr_par' dir='ltr' id='par_1_94' title="bbox 302 4645 1871 4720">
     <span class='ocr_line' id='line_1_94' title="bbox 302 4645 1871 4720; baseline 0.008 -24"><span class='ocrx_word' id='word_1_596' title='bbox 302 4645 522 4714; x_wconf 81' lang='grc' dir='ltr'>μακρὰν</span> <span class='ocrx_word' id='word_1_597' title='bbox 565 4645 724 4711; x_wconf 75' lang='grc' dir='ltr'>ὄντας</span> <span class='ocrx_word' id='word_1_598' title='bbox 784 4648 954 4718; x_wconf 78' lang='grc' dir='ltr'>ἐγγὺς</span> <span class='ocrx_word' id='word_1_599' title='bbox 994 4647 1083 4703; x_wconf 81' lang='grc' dir='ltr'>διὰ</span> <span class='ocrx_word' id='word_1_600' title='bbox 1117 4647 1212 4702; x_wconf 93' lang='grc' dir='ltr'><strong>τοῦ</strong></span> <span class='ocrx_word' id='word_1_601' title='bbox 1258 4650 1490 4720; x_wconf 79' lang='grc' dir='ltr'>αἵματος</span> <span class='ocrx_word' id='word_1_602' title='bbox 1528 4652 1624 4706; x_wconf 88' lang='grc' dir='ltr'><strong>τοῦ</strong></span> <span class='ocrx_word' id='word_1_603' title='bbox 1667 4653 1871 4708; x_wconf 78' lang='grc' dir='ltr'>οἰκείου</span> 
     </span>
    </p>
   </div>
   <div class='ocr_carea' id='block_1_95' title="bbox 300 4734 617 4806">
    <p class='ocr_par' dir='ltr' id='par_1_95' title="bbox 300 4734 617 4806">
     <span class='ocr_line' id='line_1_95' title="bbox 300 4734 617 4806; baseline 0.022 -20"><span class='ocrx_word' id='word_1_604' title='bbox 300 4734 617 4806; x_wconf 88' lang='grc' dir='ltr'>πεποίηκεν.</span> 
     </span>
    </p>
   </div>
   <div class='ocr_carea' id='block_1_96' title="bbox 378 4825 1359 4902">
    <p class='ocr_par' dir='ltr' id='par_1_96' title="bbox 378 4825 1359 4902">
     <span class='ocr_line' id='line_1_96' title="bbox 378 4825 1359 4902; baseline 0.004 -24"><span class='ocrx_word' id='word_1_605' title='bbox 378 4845 396 4878; x_wconf 80' lang='grc' dir='ltr'><strong>ι</strong></span> <span class='ocrx_word' id='word_1_606' title='bbox 433 4825 544 4879; x_wconf 73' lang='grc' dir='ltr'><strong>Καὶ</strong></span> <span class='ocrx_word' id='word_1_607' title='bbox 576 4826 881 4897; x_wconf 81' lang='grc' dir='ltr'>ἐκέκραξαν</span> <span class='ocrx_word' id='word_1_608' title='bbox 905 4826 1044 4900; x_wconf 78' lang='grc' dir='ltr'>πρὸς</span> <span class='ocrx_word' id='word_1_609' title='bbox 1076 4828 1302 4902; x_wconf 81' lang='grc' dir='ltr'>Κύριον.</span> <span class='ocrx_word' id='word_1_610' title='bbox 1340 4849 1359 4882; x_wconf 76' lang='grc' dir='ltr'><strong>ι</strong></span> 
     </span>
    </p>
   </div>
   <div class='ocr_carea' id='block_1_97' title="bbox 373 4915 1870 4992">
    <p class='ocr_par' dir='ltr' id='par_1_97' title="bbox 373 4915 1870 4992">
     <span class='ocr_line' id='line_1_97' title="bbox 373 4915 1870 4992; baseline 0.003 -22"><span class='ocrx_word' id='word_1_611' title='bbox 373 4915 636 4987; x_wconf 82' lang='grc' dir='ltr'>Κραυγὴν</span> <span class='ocrx_word' id='word_1_612' title='bbox 670 4917 700 4969; x_wconf 84' lang='grc' dir='ltr'><strong>ὁ</strong></span> <span class='ocrx_word' id='word_1_613' title='bbox 747 4916 880 4981; x_wconf 85' lang='grc' dir='ltr'>Θεδς</span> <span class='ocrx_word' id='word_1_614' title='bbox 929 4919 991 4973; x_wconf 81' lang='grc' dir='ltr'><strong>οὐ</strong></span> <span class='ocrx_word' id='word_1_615' title='bbox 1034 4919 1131 4990; x_wconf 80' lang='grc' dir='ltr'><strong>τὴν</strong></span> <span class='ocrx_word' id='word_1_616' title='bbox 1175 4919 1264 4973; x_wconf 80' lang='grc' dir='ltr'>διὰ</span> <span class='ocrx_word' id='word_1_617' title='bbox 1317 4918 1502 4988; x_wconf 79' lang='grc' dir='ltr'>φωνῆς</span> <span class='ocrx_word' id='word_1_618' title='bbox 1549 4923 1870 4992; x_wconf 83' lang='grc' dir='ltr'>γενομένην,</span> 
     </span>
    </p>
   </div>
   <div class='ocr_carea' id='block_1_98' title="bbox 299 5005 1875 5078">
    <p class='ocr_par' dir='ltr' id='par_1_98' title="bbox 299 5005 1875 5078">
     <span class='ocr_line' id='line_1_98' title="bbox 299 5005 1875 5078; baseline 0.005 -20"><span class='ocrx_word' id='word_1_619' title='bbox 299 5005 438 5060; x_wconf 78' lang='grc' dir='ltr'>ἀλλὰ</span> <span class='ocrx_word' id='word_1_620' title='bbox 495 5006 594 5077; x_wconf 81' lang='grc' dir='ltr'>τὴν</span> <span class='ocrx_word' id='word_1_621' title='bbox 642 5006 881 5061; x_wconf 81' lang='grc' dir='ltr'>διάθεσιν</span> <span class='ocrx_word' id='word_1_622' title='bbox 929 5007 1033 5078; x_wconf 84' lang='grc' dir='ltr'>τῆς</span> <span class='ocrx_word' id='word_1_623' title='bbox 1079 5009 1316 5072; x_wconf 89' lang='grc' dir='ltr'>διανοίας</span> <span class='ocrx_word' id='word_1_624' title='bbox 1381 5007 1691 5077; x_wconf 80' lang='grc' dir='ltr'>λογίζεται·</span> <span class='ocrx_word' id='word_1_625' title='bbox 1753 5013 1875 5066; x_wconf 76' lang='grc' dir='ltr'>ἐπεὶ</span> 
     </span>
    </p>
   </div>
   <div class='ocr_carea' id='block_1_99' title="bbox 302 5097 1874 5172">
    <p class='ocr_par' dir='ltr' id='par_1_99' title="bbox 302 5097 1874 5172">
     <span class='ocr_line' id='line_1_99' title="bbox 302 5097 1874 5172; baseline 0.005 -23"><span class='ocrx_word' id='word_1_626' title='bbox 302 5098 398 5150; x_wconf 78' lang='grc' dir='ltr'>καὶ</span> <span class='ocrx_word' id='word_1_627' title='bbox 447 5097 730 5163; x_wconf 84' lang='grc' dir='ltr'>Μωῦσέως</span> <span class='ocrx_word' id='word_1_628' title='bbox 777 5098 1090 5162; x_wconf 88' lang='grc' dir='ltr'>σιωπῶντος</span> <span class='ocrx_word' id='word_1_629' title='bbox 1152 5100 1337 5169; x_wconf 71' lang='grc' dir='ltr'>ἔλεγε,</span> <span class='ocrx_word' id='word_1_630' title='bbox 1401 5101 1463 5155; x_wconf 81' lang='grc' dir='ltr'>Τί</span> <span class='ocrx_word' id='word_1_631' title='bbox 1507 5099 1667 5168; x_wconf 77' lang='grc' dir='ltr'>,βοᾷς</span> <span class='ocrx_word' id='word_1_632' title='bbox 1723 5106 1874 5172; x_wconf 78' lang='grc' dir='ltr'>πρός</span> 
     </span>
    </p>
   </div>
   <div class='ocr_carea' id='block_1_100' title="bbox 298 5197 826 5255">
    <p class='ocr_par' dir='ltr' id='par_1_100' title="bbox 298 5197 826 5255">
     <span class='ocr_line' id='line_1_100' title="bbox 298 5197 826 5255; baseline 0.004 -17"><span class='ocrx_word' id='word_1_633' title='bbox 298 5203 376 5255; x_wconf 81' lang='grc' dir='ltr'><strong>με</strong></span> <span class='ocrx_word' id='word_1_634' title='bbox 393 5202 414 5250; x_wconf 87' lang='grc'><strong><em>;</em></strong></span> <span class='ocrx_word' id='word_1_635' title='bbox 814 5197 826 5208; x_wconf 73' lang='grc'><strong>’⁸</strong></span> 
     </span>
    </p>
   </div>
   <div class='ocr_carea' id='block_1_101' title="bbox 380 5278 1359 5348">
    <p class='ocr_par' dir='ltr' id='par_1_101' title="bbox 380 5278 1359 5348">
     <span class='ocr_line' id='line_1_101' title="bbox 380 5278 1359 5348; baseline 0 -16"><span class='ocrx_word' id='word_1_636' title='bbox 380 5295 402 5332; x_wconf 71' lang='grc' dir='ltr'><strong>ι</strong></span> <span class='ocrx_word' id='word_1_637' title='bbox 447 5279 762 5334; x_wconf 72' lang='grc' dir='ltr'>Ἀπέστειλε</span> <span class='ocrx_word' id='word_1_638' title='bbox 788 5279 880 5334; x_wconf 80' lang='grc' dir='ltr'>τὸν</span> <span class='ocrx_word' id='word_1_639' title='bbox 912 5278 1086 5348; x_wconf 82' lang='grc' dir='ltr'>Λόγον</span> <span class='ocrx_word' id='word_1_640' title='bbox 1109 5279 1297 5334; x_wconf 82' lang='grc' dir='ltr'>αὑτοῦ.</span> <span class='ocrx_word' id='word_1_641' title='bbox 1341 5299 1359 5332; x_wconf 74' lang='grc' dir='ltr'><strong>ι</strong></span> 
     </span>
    </p>
   </div>
   <div class='ocr_carea' id='block_1_102' title="bbox 373 5369 1879 5444">
    <p class='ocr_par' dir='ltr' id='par_1_102' title="bbox 373 5369 1879 5444">
     <span class='ocr_line' id='line_1_102' title="bbox 373 5369 1879 5444; baseline 0.004 -21"><span class='ocrx_word' id='word_1_642' title='bbox 373 5369 441 5424; x_wconf 88' lang='grc' dir='ltr'>Τί</span> <span class='ocrx_word' id='word_1_643' title='bbox 477 5371 672 5425; x_wconf 89' lang='grc' dir='ltr'>τούτου</span> <span class='ocrx_word' id='word_1_644' title='bbox 717 5371 1051 5444; x_wconf 84' lang='grc' dir='ltr'>σαφέστερον</span> <span class='ocrx_word' id='word_1_645' title='bbox 1084 5372 1220 5443; x_wconf 79' lang='grc' dir='ltr'>πρὸς</span> <span class='ocrx_word' id='word_1_646' title='bbox 1251 5371 1476 5436; x_wconf 77' lang='grc' dir='ltr'>ἔνδειξιν</span> <span class='ocrx_word' id='word_1_647' title='bbox 1505 5373 1604 5442; x_wconf 82' lang='grc' dir='ltr'><strong>τῆς</strong></span> <span class='ocrx_word' id='word_1_648' title='bbox 1642 5373 1738 5428; x_wconf 87' lang='grc' dir='ltr'><strong>τοῦ</strong></span> <span class='ocrx_word' id='word_1_649' title='bbox 1770 5375 1879 5429; x_wconf 70' lang='grc' dir='ltr'><strong>Σωο</strong></span> 
     </span>
    </p>
   </div>
   <div class='ocr_carea' id='block_1_103' title="bbox 304 5462 1876 5537">
    <p class='ocr_par' dir='ltr' id='par_1_103' title="bbox 304 5462 1876 5537">
     <span class='ocr_line' id='line_1_103' title="bbox 304 5462 1876 5537; baseline 0.005 -22"><span class='ocrx_word' id='word_1_650' title='bbox 304 5462 473 5535; x_wconf 77' lang='grc' dir='ltr'>τῆρος</span> <span class='ocrx_word' id='word_1_651' title='bbox 525 5464 894 5537; x_wconf 81' lang='grc' dir='ltr'>σαρκώσεως;</span> <span class='ocrx_word' id='word_1_652' title='bbox 965 5465 1340 5518; x_wconf 78' lang='grc' dir='ltr'>ἀποσταλέντα</span> <span class='ocrx_word' id='word_1_653' title='bbox 1389 5465 1500 5535; x_wconf 80' lang='grc' dir='ltr'>γὰρ</span> <span class='ocrx_word' id='word_1_654' title='bbox 1557 5465 1730 5536; x_wconf 84' lang='grc' dir='ltr'>Λόγον</span> <span class='ocrx_word' id='word_1_655' title='bbox 1784 5469 1876 5522; x_wconf 84' lang='grc' dir='ltr'><strong>τὸν</strong></span> 
     </span>
    </p>
   </div>
   <div class='ocr_carea' id='block_1_104' title="bbox 381 5673 1425 5740">
    <p class='ocr_par' dir='ltr' id='par_1_104' title="bbox 381 5673 1425 5740">
     <span class='ocr_line' id='line_1_104' title="bbox 381 5673 1425 5740; baseline -0.001 -12"><span class='ocrx_word' id='word_1_656' title='bbox 381 5674 426 5707; x_wconf 76' lang='grc'><strong>⁷⁸</strong></span> <span class='ocrx_word' id='word_1_657' title='bbox 452 5673 613 5732; x_wconf 85' lang='lat' dir='ltr'><strong>Joan.</strong></span> <span class='ocrx_word' id='word_1_658' title='bbox 645 5696 715 5738; x_wconf 66' lang='lat' dir='ltr'><strong>vx,</strong></span> <span class='ocrx_word' id='word_1_659' title='bbox 755 5674 844 5731; x_wconf 72' lang='lat'><strong>27.</strong></span> <span class='ocrx_word' id='word_1_660' title='bbox 919 5674 964 5706; x_wconf 75' lang='lat'><strong>&#39;”</strong></span> <span class='ocrx_word' id='word_1_661' title='bbox 1002 5674 1174 5730; x_wconf 80' lang='lat' dir='ltr'><strong>Exod.</strong></span> <span class='ocrx_word' id='word_1_662' title='bbox 1198 5688 1307 5740; x_wconf 56' lang='grc' dir='ltr'>τιν,</span> <span class='ocrx_word' id='word_1_663' title='bbox 1339 5673 1425 5729; x_wconf 79' lang='grc'><strong>15.</strong></span> 
     </span>
    </p>
   </div>
   <div class='ocr_carea' id='block_1_105' title="bbox 1981 4657 3552 4734">
    <p class='ocr_par' dir='ltr' id='par_1_105' title="bbox 1981 4657 3552 4734">
     <span class='ocr_line' id='line_1_105' title="bbox 1981 4657 3552 4734; baseline -0.007 -15"><span class='ocrx_word' id='word_1_664' title='bbox 1981 4665 2146 4719; x_wconf 89' lang='lat' dir='ltr'><strong>etiam</strong></span> <span class='ocrx_word' id='word_1_665' title='bbox 2179 4663 2458 4734; x_wconf 79' lang='lat' dir='ltr'><strong>elongatos</strong></span> <span class='ocrx_word' id='word_1_666' title='bbox 2498 4675 2597 4732; x_wconf 88' lang='lat' dir='ltr'><strong>per</strong></span> <span class='ocrx_word' id='word_1_667' title='bbox 2645 4658 2968 4731; x_wconf 86' lang='lat' dir='ltr'><strong>sanguinem</strong></span> <span class='ocrx_word' id='word_1_668' title='bbox 3017 4672 3174 4713; x_wconf 89' lang='lat' dir='ltr'><strong>suum</strong></span> <span class='ocrx_word' id='word_1_669' title='bbox 3217 4657 3552 4728; x_wconf 74' lang='lat' dir='ltr'><strong>propinquos</strong></span> 
     </span>
    </p>
   </div>
   <div class='ocr_carea' id='block_1_106' title="bbox 1983 4756 2236 4811">
    <p class='ocr_par' dir='ltr' id='par_1_106' title="bbox 1983 4756 2236 4811">
     <span class='ocr_line' id='line_1_106' title="bbox 1983 4756 2236 4811; baseline -0.004 -1"><span class='ocrx_word' id='word_1_670' title='bbox 1983 4756 2236 4811; x_wconf 85' lang='lat' dir='ltr'><strong>reddidit.</strong></span> 
     </span>
    </p>
   </div>
   <div class='ocr_carea' id='block_1_107' title="bbox 2055 4843 3387 4903">
    <p class='ocr_par' dir='ltr' id='par_1_107' title="bbox 2055 4843 3387 4903">
     <span class='ocr_line' id='line_1_107' title="bbox 2055 4843 3387 4903; baseline -0.006 -4"><span class='ocrx_word' id='word_1_671' title='bbox 2055 4847 2220 4902; x_wconf 74' lang='lat' dir='ltr'><strong>Vens.</strong></span> <span class='ocrx_word' id='word_1_672' title='bbox 2256 4847 2343 4902; x_wconf 85' lang='lat' dir='ltr'><strong>l9.</strong></span> <span class='ocrx_word' id='word_1_673' title='bbox 2383 4867 2400 4899; x_wconf 80' lang='grc' dir='ltr'><strong>ι</strong></span> <span class='ocrx_word' id='word_1_674' title='bbox 2434 4846 2503 4902; x_wconf 84' lang='grc' dir='ltr'>Ει</span> <span class='ocrx_word' id='word_1_675' title='bbox 2531 4846 2906 4903; x_wconf 87' lang='lat' dir='ltr'><strong>clamaverunt</strong></span> <span class='ocrx_word' id='word_1_676' title='bbox 2931 4845 2997 4900; x_wconf 88' lang='lat' dir='ltr'><strong>ad</strong></span> <span class='ocrx_word' id='word_1_677' title='bbox 3022 4843 3337 4899; x_wconf 88' lang='lat' dir='ltr'><strong>Dominum.</strong></span> <span class='ocrx_word' id='word_1_678' title='bbox 3369 4859 3387 4891; x_wconf 75' lang='grc' dir='ltr'><strong>ι</strong></span> 
     </span>
    </p>
   </div>
   <div class='ocr_carea' id='block_1_108' title="bbox 2055 4926 3552 5004">
    <p class='ocr_par' dir='ltr' id='par_1_108' title="bbox 2055 4926 3552 5004">
     <span class='ocr_line' id='line_1_108' title="bbox 2055 4926 3552 5004; baseline -0.008 -13"><span class='ocrx_word' id='word_1_679' title='bbox 2055 4937 2200 4992; x_wconf 90' lang='lat' dir='ltr'><strong>Deus</strong></span> <span class='ocrx_word' id='word_1_680' title='bbox 2243 4937 2476 4993; x_wconf 78' lang='lat' dir='ltr'><strong>aestimat</strong></span> <span class='ocrx_word' id='word_1_681' title='bbox 2516 4939 2813 4994; x_wconf 88' lang='lat' dir='ltr'><strong>clamorem</strong></span> <span class='ocrx_word' id='word_1_682' title='bbox 2846 4952 2956 4992; x_wconf 91' lang='lat' dir='ltr'><strong>non</strong></span> <span class='ocrx_word' id='word_1_683' title='bbox 2995 4934 3086 5004; x_wconf 90' lang='lat' dir='ltr'><strong>qui</strong></span> <span class='ocrx_word' id='word_1_684' title='bbox 3121 4948 3219 5003; x_wconf 92' lang='lat' dir='ltr'><strong>per</strong></span> <span class='ocrx_word' id='word_1_685' title='bbox 3247 4930 3417 4992; x_wconf 88' lang='lat' dir='ltr'><strong>vocis,</strong></span> <span class='ocrx_word' id='word_1_686' title='bbox 3459 4926 3552 4981; x_wconf 89' lang='lat' dir='ltr'><strong>scd</strong></span> 
     </span>
    </p>
   </div>
   <div class='ocr_carea' id='block_1_109' title="bbox 1986 5017 3554 5096">
    <p class='ocr_par' dir='ltr' id='par_1_109' title="bbox 1986 5017 3554 5096">
     <span class='ocr_line' id='line_1_109' title="bbox 1986 5017 3554 5096; baseline -0.006 -16"><span class='ocrx_word' id='word_1_687' title='bbox 1986 5041 2084 5096; x_wconf 87' lang='lat' dir='ltr'><strong>per</strong></span> <span class='ocrx_word' id='word_1_688' title='bbox 2105 5028 2303 5082; x_wconf 88' lang='lat' dir='ltr'><strong>mentis</strong></span> <span class='ocrx_word' id='word_1_689' title='bbox 2319 5027 2572 5082; x_wconf 81' lang='lat' dir='ltr'><strong>aﬂ‘ectum</strong></span> <span class='ocrx_word' id='word_1_690' title='bbox 2596 5027 2887 5091; x_wconf 88' lang='lat' dir='ltr'><strong>emittitur;</strong></span> <span class='ocrx_word' id='word_1_691' title='bbox 2914 5021 3348 5093; x_wconf 87' lang='lat' dir='ltr'><strong>quandoquidem</strong></span> <span class='ocrx_word' id='word_1_692' title='bbox 3375 5017 3554 5089; x_wconf 69' lang='lat' dir='ltr'><strong>Moyse</strong></span> 
     </span>
    </p>
   </div>
   <div class='ocr_carea' id='block_1_110' title="bbox 1981 5111 3328 5181">
    <p class='ocr_par' dir='ltr' id='par_1_110' title="bbox 1981 5111 3328 5181">
     <span class='ocr_line' id='line_1_110' title="bbox 1981 5111 3328 5181; baseline -0.006 -10"><span class='ocrx_word' id='word_1_693' title='bbox 1981 5116 2146 5171; x_wconf 85' lang='lat' dir='ltr'><strong>etiam</strong></span> <span class='ocrx_word' id='word_1_694' title='bbox 2172 5116 2363 5171; x_wconf 86' lang='lat' dir='ltr'><strong>silente</strong></span> <span class='ocrx_word' id='word_1_695' title='bbox 2392 5117 2622 5172; x_wconf 81' lang='lat' dir='ltr'><strong>dixerit:</strong></span> <span class='ocrx_word' id='word_1_696' title='bbox 2655 5117 2792 5181; x_wconf 82' lang='lat' dir='ltr'><strong>Quid</strong></span> <span class='ocrx_word' id='word_1_697' title='bbox 2818 5115 3019 5169; x_wconf 79' lang='lat' dir='ltr'><strong>clamas</strong></span> <span class='ocrx_word' id='word_1_698' title='bbox 3046 5114 3114 5166; x_wconf 80' lang='lat' dir='ltr'><strong>ad</strong></span> <span class='ocrx_word' id='word_1_699' title='bbox 3140 5129 3220 5166; x_wconf 87' lang='lat' dir='ltr'><strong>me</strong></span> <span class='ocrx_word' id='word_1_700' title='bbox 3241 5111 3328 5163; x_wconf 65' lang='grc' dir='ltr'>τη</span> 
     </span>
    </p>
   </div>
   <div class='ocr_carea' id='block_1_111' title="bbox 2049 5287 3117 5343">
    <p class='ocr_par' dir='ltr' id='par_1_111' title="bbox 2049 5287 3117 5343">
     <span class='ocr_line' id='line_1_111' title="bbox 2049 5287 3117 5343; baseline -0.006 -2"><span class='ocrx_word' id='word_1_701' title='bbox 2049 5287 2212 5343; x_wconf 77' lang='lat' dir='ltr'><strong>Vens.</strong></span> <span class='ocrx_word' id='word_1_702' title='bbox 2245 5288 2336 5343; x_wconf 75' lang='lat'><strong>20.</strong></span> <span class='ocrx_word' id='word_1_703' title='bbox 2374 5307 2393 5340; x_wconf 79' lang='grc' dir='ltr'><strong>ι</strong></span> <span class='ocrx_word' id='word_1_704' title='bbox 2430 5288 2577 5343; x_wconf 83' lang='lat' dir='ltr'><strong>Misit</strong></span> <span class='ocrx_word' id='word_1_705' title='bbox 2607 5288 2846 5343; x_wconf 89' lang='lat' dir='ltr'><strong>Verbum</strong></span> <span class='ocrx_word' id='word_1_706' title='bbox 2880 5299 3060 5340; x_wconf 86' lang='lat' dir='ltr'><strong>suum.</strong></span> <span class='ocrx_word' id='word_1_707' title='bbox 3099 5302 3117 5335; x_wconf 76' lang='grc' dir='ltr'><strong>ι</strong></span> 
     </span>
    </p>
   </div>
   <div class='ocr_carea' id='block_1_112' title="bbox 2049 5369 3554 5445">
    <p class='ocr_par' dir='ltr' id='par_1_112' title="bbox 2049 5369 3554 5445">
     <span class='ocr_line' id='line_1_112' title="bbox 2049 5369 3554 5445; baseline -0.005 -13"><span class='ocrx_word' id='word_1_708' title='bbox 2049 5378 2190 5445; x_wconf 86' lang='lat' dir='ltr'><strong>Quid</strong></span> <span class='ocrx_word' id='word_1_709' title='bbox 2228 5379 2336 5434; x_wconf 86' lang='lat' dir='ltr'><strong>hoc</strong></span> <span class='ocrx_word' id='word_1_710' title='bbox 2367 5377 2714 5433; x_wconf 79' lang='lat' dir='ltr'><strong>manifestius</strong></span> <span class='ocrx_word' id='word_1_711' title='bbox 2742 5377 2810 5432; x_wconf 92' lang='lat' dir='ltr'><strong>ad</strong></span> <span class='ocrx_word' id='word_1_712' title='bbox 2844 5373 3324 5432; x_wconf 87' lang='lat' dir='ltr'><strong>demonstrandam</strong></span> <span class='ocrx_word' id='word_1_713' title='bbox 3365 5369 3554 5427; x_wconf 80' lang='lat' dir='ltr'><strong>Salva-</strong></span> 
     </span>
    </p>
   </div>
   <div class='ocr_carea' id='block_1_113' title="bbox 1980 5461 3556 5536">
    <p class='ocr_par' dir='ltr' id='par_1_113' title="bbox 1980 5461 3556 5536">
     <span class='ocr_line' id='line_1_113' title="bbox 1980 5461 3556 5536; baseline -0.006 -10"><span class='ocrx_word' id='word_1_714' title='bbox 1980 5469 2111 5527; x_wconf 86' lang='lat' dir='ltr'><strong>toris</strong></span> <span class='ocrx_word' id='word_1_715' title='bbox 2155 5468 2628 5526; x_wconf 88' lang='lat' dir='ltr'><strong>incarnationem?</strong></span> <span class='ocrx_word' id='word_1_716' title='bbox 2676 5467 2898 5524; x_wconf 84' lang='lat' dir='ltr'><strong>Missum</strong></span> <span class='ocrx_word' id='word_1_717' title='bbox 2938 5465 3084 5524; x_wconf 89' lang='lat' dir='ltr'><strong>enim</strong></span> <span class='ocrx_word' id='word_1_718' title='bbox 3123 5463 3375 5536; x_wconf 70' lang='lat' dir='ltr'><strong>intelligit</strong></span> <span class='ocrx_word' id='word_1_719' title='bbox 3418 5461 3556 5518; x_wconf 79' lang='lat' dir='ltr'><strong>Ver-</strong></span> 
     </span>
    </p>
   </div>
  </div>
