4036 6200
265 223 396 291 1305

1408 230 1871 293 FRAGMENTA
1912 230 1994 292 IN
2036 233 2167 294 PSA
2176 237 2392 298 LMOS.

3393 240 3530 309 1306

260 340 379 404 τοὺς
428 339 856 413 παρεξομένους
904 342 1082 412 οἰκείᾳ.
1137 343 1237 414 μιν
1294 343 1524 415 δυνάμει
1571 345 1647 417 μὴ
1693 345 1827 415 θαρο

1955 354 2216 404 entantur
2267 351 2505 422 propria:
2552 354 2774 423 quidem
2823 355 3011 412 virtuti
3056 355 3286 413 minime
3337 357 3529 427 fidere,

264 431 406 502 ρεἰν,
440 428 577 503 μόνῃ
616 429 676 486 δέ
718 432 968 509 τήπρδς
1015 433 1108 488 τὸν
1143 433 1277 489 Θεὸν
1329 435 1658 505 πεποιθήσει
1702 436 1834 507 χρῆ-

263 521 400 577 σθαι.

331 634 350 668 ι
377 616 487 670 Καὶ
513 617 923 691 εὐφράνθησαν,
953 618 1038 673 ὅτι
1066 618 1368 691 ἡσύχασαν.
1407 638 1427 673 ι

337 704 563 778 Ἐπειδὴ
610 707 673 761 τὸ
720 706 1106 777 εὐαγγελικδν,
1137 708 1394 780 καθάπερ
1440 707 1673 779 ἔφημεν,
1721 707 1838 781 ﬂvi-

1933 440 2030 495 sed
2061 441 2177 496 sola
2204 441 2302 498 Dei
2335 442 2534 498 ﬁducia
2564 443 2690 499 niti.

2007 616 2169 675 Vens.
2200 618 2291 675 50.
2324 640 2343 674 ι
2377 622 2447 677 Ει
2468 623 2636 679 laetati
2664 632 2815 689 sunt,
2840 623 2966 693 quia
2998 622 3296 682 siluerunt.
3331 645 3351 678 ι

2002 709 2485 784 Quandoquidem,
2522 716 2607 771 uti
2647 717 2985 778 dicebamus,
3030 718 3347 788 evangelica
3388 734 3533 788 praa‘

263 797 386 863 ξατο
413 798 704 871 κήρυγμα,
761 800 1080 868 ἀναγκαίως
1133 799 1462 871 Ἐκκλησίας
1497 799 1740 873 ᾐνίξατο,
1773 800 1837 853 οὐ

1953 803 2138 860 licatio
2168 805 2345 862 fuerat
2375 808 2675 874 insinuata,
2706 809 3021 865 necessario
3059 808 3222 863 etiam
3261 810 3534 867 Ecclesias

260 889 431 954 λαοῦ,
459 891 672 961 μήποτε
721 890 880 965 δόξῃς
900 894 997 963 τὴν
1021 891 1353 964 Συναγωγὴν
1374 892 1653 962 λέγεσθαι,
1674 891 1838 948 λαῶν

1953 897 2141 963 .nnuit,
2184 913 2297 953 non
2344 900 2548 969 populi,
2586 917 2658 957 ne
2696 902 2840 958 forte
2876 911 3036 973 putes
3078 901 3415 973 Synagogam
3448 903 3534 956 in-

260 978 313 1031 δὲ
352 979 462 1033 τῶν
513 979 686 1035 ἐθνῶν
741 981 1185 1053 ἐμνημόνευσεν·
1233 983 1291 1035 ἐν
1327 976 1410 1046 οἷς
1457 984 1551 1036 καὶ
1599 981 1838 1051 καθέδρα

264 1072 670 1144 πρεσϐυτέρων,
694 1074 992 1131 αἰνούντων
1016 1075 1107 1128 τὸν
1134 1074 1266 1130 Θεὸν
1288 1076 1404 1137 ταῖς
1432 1071 1838 1137 διδασκαλικαῖς

263 1162 532 1230 γλώσσαις
552 1179 566 1193 ·
605 1165 734 1235 περὶ
762 1157 835 1219 ῶν
865 1165 1081 1229 Παῦλος
1106 1166 1318 1234 ἔλεγεν
1345 1168 1407 1219 Ol
1446 1164 1840 1232 πρεσϐύτεροι

263 1251 479 1321 διπλῆς
505 1254 682 1324 τιμῆς
710 1256 1137 1311 ἀίτιούσθωσαν
1158 1272 1171 1286 ’
1204 1257 1477 1326 μάλιστα
1502 1258 1557 1310 ol
1588 1254 1839 1309 κοπιῶν-

264 1362 358 1411 τες
389 1345 460 1399 ἐν
480 1347 641 1417 λόγῳ
671 1348 771 1401 καί
803 1348 1188 1415 διδασκαλίᾳ.

336 1454 356 1488 ι
393 1436 589 1492 Ἐθετο
619 1440 899 1510 ποταμοὺς
921 1442 999 1503 εἰς
1031 1439 1260 1511 ἔρημον.
1307 1458 1327 1491 ι

330 1529 441 1601 Τὴν
472 1530 605 1602 παρ’
633 1531 891 1600 Ἕλλησιν
918 1529 1153 1585 ἐνταῦθα
1186 1530 1378 1601 σοφίαν
1408 1529 1648 1602 ᾐνίξατο.
1684 1528 1844 1600 Ἐζή-

265 1618 389 1674 λουν
424 1621 532 1694 γὰρ
572 1624 850 1693 ποταμοὺς
893 1623 982 1676 διὰ
1017 1622 1115 1692 τὴν
1148 1621 1379 1694 ῥέουσαν
1407 1622 1655 1690 γλῶτταν
1689 1621 1840 1691 φιλό-

1940 987 2133 1058 telligi,
2168 988 2264 1042 sed
2305 989 2641 1058 populorum,
2674 991 2728 1046 id
2769 1001 2852 1049 est
2892 992 3160 1062 gentium,
3196 992 3530 1046 mentionem

1940 1076 2111 1131 fecit:
2147 1077 2204 1131 in
2240 1079 2442 1148 quibus
2478 1080 2642 1135 etiam
2680 1090 2765 1136 est
2798 1084 3058 1138 cathedra
3098 1083 3400 1147 seniorum,
3434 1083 3537 1137 lin-

1940 1168 2061 1240 guis
2114 1169 2511 1228 doetrinalibus
2557 1174 2898 1229 laudantium
2945 1177 3116 1230 Deum
3162 1194 3174 1229 :
3217 1176 3285 1230 de
3332 1175 3533 1245 quibus

1940 1261 2143 1317 Paulus
2169 1263 2246 1318 ait
2275 1281 2289 1317 :
2320 1264 2621 1335 Presbyteri
2649 1267 2843 1334 duplici
2884 1268 3079 1321 honore
3125 1268 3272 1338 digni
3309 1268 3535 1321 habean-

1942 1361 2061 1419 tur;
2095 1355 2328 1409 maxime
2351 1357 2442 1427 qui
2466 1357 2715 1411 laborant
2744 1359 2799 1411 in
2826 1358 2980 1412 verbo
3005 1366 3053 1412 et
3082 1358 3324 1412 doctrina
3355 1360 3421 1412 ⁷⁸.

2014 1441 2175 1497 Vens.
2201 1444 2290 1499 55.
2321 1468 2341 1496 ι
2371 1443 2563 1500 Posuit
2592 1446 2818 1501 ﬂumina
2850 1448 2905 1501 in
2937 1447 3241 1503 desertum.
3277 1467 3297 1500 ι

2012 1529 2324 1587 Graecorum
2392 1533 2485 1588 hic
2546 1534 2730 1589 innuit
2796 1536 3144 1606 sapientiam.
3207 1537 3527 1608 Phil050phi

1944 1619 2090 1674 enim
2114 1620 2485 1691 sophistaeque
2509 1636 2573 1676 ac
2599 1623 2848 1678 rhetores
2876 1624 2945 1678 ob
2970 1625 3167 1695 lingua
3195 1624 3529 1680 allluentiam

264 1685 448 1782 σοφοι,⁷
466 1685 561 1768 καὶ
590 1685 862 1783 σοφισταὶ,
896 1715 991 1766 καὶ
1037 1685 1266 1785 ῥήτορες
1286 1730 1300 1744 ο
1336 1685 1452 1768 ἀλλ’
1477 1713 1685 1786 ἔρημον
1702 1685 1836 1767 τού-

1953 1709 2137 1766 [luvios
2173 1712 2575 1768 aemulabantur
2608 1732 2621 1767 :
2661 1715 2757 1769 sed
2798 1715 3044 1785 ipsorum
3085 1716 3434 1771 mendacium
3467 1734 3530 1773 ac

259 1820 370 1867 τοις
412 1804 641 1873 ἐλέγξας
692 1804 874 1859 αὐτῶν
925 1803 987 1857 τὸ
1010 1804 1207 1874 ψεῦδος
1258 1805 1352 1859 καὶ
1416 1805 1833 1875 πεπλασμένον,

259 1895 409 1949 ἔθετο
432 1896 527 1949 καὶ
548 1895 650 1959 τάς
676 1895 942 1963 διεξόδους
968 1895 1079 1950 τῶν
1113 1895 1288 1965 λόγων
1333 1895 1579 1968 (τούτους
1607 1896 1715 1966 γὰρ
1748 1895 1839 1951 διὰ

258 1985 356 2057 τὴν
406 1985 589 2057 βιαίαν
636 1986 816 2057 ὁρμὴν
880 1986 1328 2058 προσηγόρευσεν
1388 1986 1583 2056 ὕδατα)
1644 1988 1725 2050 εἰς
1761 1986 1841 2040 δί-

260 2077 386 2147 ψαν.
459 2075 780 2148 ’Δκυρώσας
847 2076 957 2147 γάρ
1025 2075 1205 2131 αὐτῶν
1257 2075 1359 2147 τὴν
1408 2076 1604 2148 χρῆσιν
1667 2092 1840 2147 μετα-

262 2169 547 2239 ϐέϐληκεν.

336 2279 354 2312 ι
384 2260 496 2331 Τῆν
522 2260 871 2332 καρποφόρον
902 2261 981 2323 εἰς
1012 2260 1211 2331 ἅλμην.
1242 2278 1261 2311 ι

329 2349 502 2404 Τοῦτο
542 2350 731 2420 σαφῶς
770 2352 851 2414 εἰς
878 2350 976 2422 τὴν
1034 2352 1299 2408 Ἰουδαίαν
1349 2353 1452 2424 γῆν
1492 2353 1841 2426 καρποφόρον

264 2443 551 2515 γινομένην
574 2443 663 2497 διά
687 2444 812 2507 τοὺς
842 2441 902 2508 ἐξ
950 2444 1120 2515 αὐτῆς
1161 2446 1449 2517 προφήτας
1479 2446 1575 2499 καὶ
1601 2445 1729 2509 τοὺς
1764 2446 1843 2500 δι-

262 2534 453 2597 καίους
484 2532 725 2606 εἴρηται,
766 2534 889 2605 ἥτις
927 2536 1009 2599 εἰς
1042 2534 1226 2606 ἅλμην
1265 2536 1375 2590 ἀπὸ
1415 2537 1613 2600 κακίας
1638 2535 1749 2590 τῶν
1783 2538 1843 2591 ἐν

257 2627 397 2698 αὐτῇ
421 2625 821 2681 κατοικούντων
842 2627 1230 2698 Γραμματέων
1263 2628 1357 2681 καὶ
1384 2628 1716 2698 Φαρισαίων,
1744 2628 1843 2682 καὶ

260 2717 478 2772 πάντων
540 2717 651 2772 τῶν
717 2718 1104 2788 ἀσεϐησάντων
1160 2719 1242 2781 εἰς
1303 2718 1542 2789 Χριστὸν
1604 2719 1842 2788 μεταϐόα

258 2808 471 2879 ϐληται.
517 2807 717 2863 Οὐκέτι
761 2809 871 2880 γάρ
918 2810 980 2862 ἐν
1034 2809 1219 2872 αὐτοῖς
1266 2810 1466 2880 ἱερεὺς.
1518 2809 1581 2861 οὐ
1626 2811 1843 2881 προφή-

256 2915 356 2969 της
374 2915 390 2929 ·
427 2899 545 2952 ἀλλ’
570 2897 694 2952 οὐδὲ
718 2898 931 2969 καρπὸς
961 2898 1150 2970 ἔτερος
1173 2898 1275 2969 τῆς
1303 2899 1539 2970 ἀρχαίας
1562 2896 1841 2964 πολιτείας

256 2989 595 3061 εὑρίσκεται.
1304 3000 1313 3009 ‘

331 3098 351 3132 ι
390 3079 587 3135 Ἔθετο
624 3079 832 3152 ἔρημον
861 3081 941 3145 εἰς
967 3080 1166 3150 λίμνας
1205 3080 1437 3137 ὑδάτων.
1473 3100 1494 3134 ι

324 3259 508 3315 Εἰπὼν
541 3261 641 3314 ὅσα
659 3262 772 3326 τοῖς
791 3260 1041 3325 ἀπίστοις
1063 3259 1342 3332 Ἕλλησιν,
1368 3262 1450 3314 ἔτι
1481 3260 1548 3333 δὴ
1578 3258 1672 3314 καί⁸
1712 3260 1841 3316 Ἰου-

254 3349 424 3413 δαίοις
450 3350 642 3421 ἔμελλε
669 3353 989 3422 συμϐαίνειν
1025 3352 1246 3421 (ἕϐλεπε
1277 3352 1388 3423 γὰρ
1428 3351 1569 3404 αὐτὰ
1594 3354 1707 3416 τοῖς
1738 3353 1839 3421 ἀφ’

257 3438 482 3508 θαλμοίς
502 3440 597 3492 τοῦ
638 3440 994 3512 πνεύματος),
1053 3443 1163 3496 ἰδοὺ
1189 3442 1283 3496 νῦν
1313 3443 1381 3497 τὰ
1422 3442 1553 3514 περὶ
1583 3444 1685 3513 τῆς
1718 3444 1840 3498 Ἐκ·

257 3530 486 3600 κλησίας
523 3530 830 3601 συμφώνως
866 3532 945 3603 τῷ
984 3532 1184 3606 Ἡσαΐᾳ
1217 3533 1493 3588 ἐκτίθεται
1520 3551 1536 3566 ·
1569 3537 1838 3608 φησὶηγάρ

256 3622 529 3684 κάκεῖνοςυ
549 3620 727 3689 Θήσω
755 3622 870 3691 τὴν
891 3622 1119 3694 ἔρημον
1144 3627 1231 3691 εἰς
1249 3624 1383 3691 ἕλη,
1412 3623 1510 3678 καί
1525 3624 1640 3694 τὴν
1653 3624 1839 3694 διψῶ-

254 3729 381 3768 σαν
419 3712 540 3783 γῆν
564 3716 653 3781 εἰς
678 3715 1082 3786 ὐδρατωτούς.
1110 3709 1284 3780 Οὗτος
1313 3716 1372 3769 δὲ
1401 3716 1599 3788 λίμνην
1633 3716 1839 3771 ὑδάτων

252 3803 356 3868 τὰς
384 3804 775 3877 κολυμϐήθρας
821 3806 1014 3879 ἐνόησε
1048 3808 1142 3861 τοῦ
1190 3807 1571 3879 βαπτίσματος
1596 3826 1612 3842 ·
1650 3809 1840 3881 ὥσπερ

166 3960 187 3964 δ
252 3894 427 3957 αὐτὰς
466 3896 562 3950 καὶ
608 3896 863 3966 Σολομῶν
913 3897 973 3949 ἐν
999 3898 1112 3962 τοῖς
1171 3899 1472 3971 ’ᾼσμασιν,
1527 3899 1692 3970 ήνίκα
1747 3898 1839 3953 τὸν

250 3986 490 4058 Χριστὸν
517 3988 653 4060 πρὸς
683 3989 781 4061 τὴν
816 3989 1012 4044 ἐαυτοῦ
1043 3989 1263 4061 νύμφην
1292 3992 1556 4063 εἰσήγαγε
1577 3991 1677 4063 τὴν
1714 3992 1837 4045 Ἐκ-

249 4081 485 4152 κλησίαν
515 4082 778 4151 λέγοντα·
808 4086 874 4138 Ol
896 4084 1195 4153 ὀφθαλμοί
1229 4101 1347 4139 σου
1390 4086 1473 4152 ὡς
1518 4086 1728 4155 λίμναι
1767 4087 1838 4140 ἐν

263 4173 531 4229 Ἐσεϐῶν
551 4174 622 4229 ἐν
648 4176 874 4241 πύλαις
913 4175 1206 4245 θυγατρὸς
1242 4176 1491 4230 πολλῶν
1512 4195 1525 4211 ’
1563 4176 1838 4248 θυγατέρα

248 4264 465 4320 πολλῶν
492 4267 593 4338 τὴν
638 4266 969 4337 Ἐκκλησίαν
990 4266 1283 4339 νενοηκὼς⁸
1307 4269 1368 4322 οὐ
1395 4267 1502 4339 γὰρ
1523 4267 1700 4338 μόνων
1724 4268 1836 4324 τῶν

1942 1803 2219 1858 ﬁctionem
2264 1819 2500 1876 arguens
2545 1804 2826 1861 desertum
2880 1805 2987 1861 illis
3032 1807 3218 1876 posuit
3261 1815 3317 1861 et
3352 1807 3532 1862 exitus

1941 1909 2255 1950 sermonum
2297 1896 2425 1966 (hos
2468 1897 2616 1952 enim
2667 1906 2894 1969 propter
2926 1895 3319 1954 vehementem
3355 1899 3543 1969 impe-r

1944 1992 2057 2039 tum
2087 2000 2258 2055 aquas
2296 1986 2614 2059 appellavit)
2646 1987 2702 2043 in
2738 1988 2909 2044 sitim.
2940 1988 3166 2045 Illorum
3197 1989 3344 2045 enim
3368 2005 3528 2045 usum

1942 2076 2213 2149 abrogans
2242 2077 2571 2135 immutavit.

2013 2256 2178 2313 Vens.
2208 2257 2299 2313 ⁸54.
2336 2278 2355 2312 ι
2386 2257 2613 2315 Terram
2653 2259 2988 2317 fructiferam
3024 2261 3081 2316 in
3115 2261 3469 2333 salsuginem.
3502 2278 3525 2313 ι

2011 2344 2129 2402 Hoc
2179 2348 2474 2419 perspicue
2527 2350 2736 2406 dictum
2784 2359 2871 2405 est
2926 2351 2985 2405 in
3037 2359 3238 2407 terram
3288 2352 3528 2407 Judteam

1941 2438 2283 2496 fructiferam
2348 2451 2575 2512 propter
2625 2443 2927 2514 prophetas
2979 2452 3036 2499 et
3077 2444 3259 2513 iustos
3311 2459 3377 2498 ex
3438 2443 3529 2496 illa

1941 2529 2226 2597 oriundos,
2254 2546 2378 2600 quae
2405 2532 2462 2586 in
2484 2532 2817 2605 salsuginem
2847 2540 3182 2588 commutata
3212 2540 3296 2588 est
3326 2548 3355 2586 a
3373 2531 3532 2586 mali-

1941 2619 2016 2675 tia
2064 2620 2497 2678 inhabitantium
2547 2623 2604 2677 in
2643 2638 2708 2679 ea
2752 2623 3068 2680 Scribarum
3112 2638 3178 2679 ac
3222 2622 3533 2678 Pharisaeo-

1941 2726 2087 2778 rum,
2123 2718 2180 2767 et
2218 2714 2468 2769 omnium
2517 2729 2647 2785 erga
2699 2714 2979 2770 Christum
3031 2714 3349 2785 impiorum.
3402 2714 3527 2769 Non

1940 2803 2178 2873 amplius
2209 2804 2359 2860 enim
2407 2804 2461 2859 in
2499 2804 2607 2861 illis
2641 2807 2920 2872 sacerdos,
2953 2822 3064 2862 non
3096 2807 3399 2877 propheta;
3434 2808 3531 2862 sed

1940 2908 2120 2965 neque
2148 2894 2365 2951 fructus
2395 2896 2535 2952 alius
2557 2897 2797 2967 antiquae
2826 2896 3143 2968 reipublicae
3165 2897 3460 2967 reperitur.

2011 3078 2179 3136 Vens.
2236 3079 2326 3137 55.
2368 3098 2388 3133 ι
2426 3079 2617 3136 Posuit
2682 3079 2958 3136 desertum
3010 3080 3068 3136 in
3131 3090 3323 3153 stagna
3359 3094 3533 3152 aqua-

1942 3189 2085 3228 rum.
2123 3191 2142 3225 ι

2008 3263 2147 3320 Cum
2176 3263 2407 3320 dixisset
2432 3264 2523 3319 illa
2550 3280 2672 3335 qua:
2703 3264 3000 3321 incredulis
3025 3266 3283 3336 gentibus
3310 3276 3368 3324 et
3402 3284 3527 3338 quae
3556 3252 3561 3257 ’

1940 3353 2166 3424 insuper
2201 3354 2404 3410 Judaais
2446 3364 2712 3412 eventura
2745 3364 2904 3411 erant
2937 3357 3049 3426 (illa
3080 3360 3227 3413 enim
3264 3359 3530 3429 spiritali—

1926 3445 2042 3525 'bus
2062 3447 2234 3501 oculis
2279 3447 2595 3517 cernebat),
2632 3461 2761 3502 ecce
2800 3462 2951 3502 nunc
2983 3463 3048 3502 ea
3077 3465 3198 3518 qua:
3240 3451 3308 3505 ad
3346 3450 3532 3505 Eccle-

1940 3538 2078 3592 siam
2135 3539 2416 3608 pertinent
2474 3537 2833 3593 conformiter
2890 3554 3017 3595 eum
3077 3541 3218 3595 lsaia
3269 3542 3528 3612 exponit;

1942 3646 2068 3685 nam
2097 3639 2153 3685 et
2179 3631 2268 3685 ille
2298 3631 2379 3686 ait
2415 3649 2430 3689 :
2471 3630 2678 3686 Panum
2715 3638 2979 3687 desertum
3018 3631 3072 3685 in
3108 3632 3347 3704 paludes,
3373 3643 3424 3687 et
3455 3636 3532 3687 si-

1941 3722 2153 3776 tientem
2177 3730 2377 3776 terram
2402 3723 2458 3776 in
2483 3724 2824 3792 aquteductus
2843 3724 2911 3777 “.
2940 3723 3041 3779 Hic
3064 3734 3248 3779 autem
3279 3732 3530 3793 stagnum

1941 3828 2208 3883 aquarum
2250 3813 2433 3868 fontes
2468 3814 2817 3883 baptismatis
2853 3815 2970 3871 sive
3006 3814 3325 3885 baptisteria
3367 3814 3532 3869 intel-

1940 3905 2106 3974 lexit;
2157 3914 2323 3976 prout
2367 3908 2534 3962 etiam
2584 3906 2844 3964 Salomon
2895 3909 2950 3964 in
2996 3908 3271 3974 Canticis,
3313 3909 3532 3978 quando

1939 3998 2220 4054 Christum
2268 3999 2338 4053 ad
2390 4013 2647 4068 sponsam
2691 4015 2846 4054 suam
2883 4000 3182 4056 Ecclesiam
3227 4001 3532 4061 introduxit

1941 4090 2212 4146 dicentem
2248 4108 2262 4146 :
2302 4090 2456 4146 Oculi
2496 4092 2574 4144 tui
2618 4100 2873 4162 tanquam
2906 4101 3096 4163 stagna
3135 4093 3190 4146 in
3221 4092 3428 4146 Esebon
3475 4093 3532 4145 in

1940 4183 2106 4252 portis
2130 4180 2259 4250 ﬁlia:
2283 4182 2575 4236 multorum
2599 4182 2681 4249 3‘;
2714 4182 2880 4238 tiliam
2910 4184 3207 4239 multorum
3229 4184 3530 4239 Ecclesiam

1941 4272 2253 4344 intelligens
2297 4290 2313 4328 :
2364 4274 2635 4344 siquidem
2684 4290 2795 4329 non
2843 4275 3083 4330 solorum
3136 4275 3528 4344 apostolorum,

249 4356 589 4422 ἀποστόλων,
635 4358 770 4412 ἀλλὰ
806 4359 901 4412 καὶ
950 4358 1250 4431 προφητῶν
1281 4358 1533 4430 θυγάτηρ
1593 4360 1833 4429 ἐγένετο.

1953 4366 2039 4421 sed
2083 4342 2248 4420 etiam
2301 4342 2696 4435 prophetarum
2744 4366 2850 4420 (ilia
2906 4365 3134 4421 exstitit.
3172 4342 3373 4421 Verum
3419 4381 3531 4419 non

249 4451 371 4504 Οὐκ
407 4448 477 4523 ἢν
516 4453 573 4506 δέ
607 4454 668 4507 ἐν
712 4453 851 4527 αὐτῇ
908 4454 1179 4527 πρότερον
1215 4454 1393 4524 Λόγος
1438 4454 1596 4523 Θεοῦ,
1646 4455 1741 4510 νῦν
1777 4457 1836 4512 δὲ

247 4543 506 4598 τοσοῦτον
550 4545 804 4600 πλουτεῖο
835 4544 977 4602 ὥστε
1010 4548 1087 4612 εἰς
1110 4548 1291 4603 πᾶσαν
1315 4546 1488 4618 αὐτῆς
1521 4547 1624 4619 τὴν
1655 4548 1837 4602 οἰκου-

255 4633 429 4707 μένην
449 4635 746 4693 διαϐαίνειν
770 4637 839 4692 τὰ
860 4637 1123 4710 δόγμα-ια’
1155 4642 1213 4695 ἐν
1245 4633 1328 4702 οἷς
1358 4638 1695 4709 φυτευθῆναι
1731 4654 1836 4708 μα-

253 4726 470 4798 κάριον.
504 4727 670 4783 Ξύλον
689 4730 799 4801 γάρ
825 4748 879 4784 τι
914 4722 1237 4802 εὑρίσκεται
1263 4731 1324 4785 ἐν
1364 4731 1545 4803 καιρῷ
1578 4730 1669 4786 τὸν
1701 4748 1837 4802 καρ-

253 4816 378 4883 πὸν,
395 4818 606 4885 ποιοῦν,
631 4820 725 4874 καὶ
749 4822 961 4893 μήποτε
995 4823 1059 4876 τὸ
1082 4822 1281 4891 φύλλον
1308 4821 1642 4886 ἀποϐάλλον,
1669 4821 1746 4886 ὡς
1776 4824 1833 4875 ἐν

248 4908 367 4972 τοῖς
387 4909 695 4980 προοιμίοις
715 4910 826 4964 τῶν
850 4912 1100 4983 Ψαλμῶν
1130 4911 1573 4983 ἀναγέγραπται.

334 5018 356 5052 ι
388 5001 502 5055 Καὶ
529 5001 936 5073 συνεστήσαντο
966 5002 1152 5067 πόλεις
1184 5002 1562 5071 κατοικεσίας.
1598 5021 1617 5054 ι

326 5174 404 5229 Οὐ
438 5175 615 5244 πόλιν,
650 5176 787 5232 ἀλλά
823 5177 1031 5242 πόλεις.
1074 5177 1379 5248 Διαφόρους
1416 5177 1528 5249 γὰρ
1555 5177 1835 5241 πολιτείας

247 5265 282 5319 ὃ
303 5264 370 5333 ἐξ
401 5265 571 5321 ἐθνῶν
595 5267 725 5332 λαὸς
750 5266 886 5339 ἔχει,
927 5269 987 5323 ἐν
1019 5265 1109 5333 αἷς
1135 5267 1412 5323 κατοικίαι
1455 5268 1567 5322 τῶν
1597 5268 1832 5339 ἀρετῶν,

252 5356 468 5422 αἵτινες
513 5357 605 5413 τὸν
654 5359 857 5418 ἔσωθεν
899 5359 1058 5433 ήμῶν
1088 5360 1380 5431 ἄνθρωπον
1427 5359 1711 5429 σκέπουσι,
1741 5360 1838 5415 xc.-

250 5465 481 5521 κτηται.

326 5628 421 5687 ”Ι
456 5629 597 5687 Tim.
622 5648 675 5697 ν,
708 5630 795 5685 17.
870 5632 916 5665 ⁸ο
945 5631 1046 5688 lsa.
1076 5647 1185 5697 xu,
1208 5630 1295 5688 l8.
1368 5630 1409 5663 '"
1438 5629 1593 5686 Cant.
1630 5646 1724 5693 vn,
1759 5631 1811 5685 4.

1945 4464 2062 4513 erat
2090 4457 2145 4512 in
2171 4472 2236 4520 ea
2263 4457 2418 4527 prius
2446 4457 2684 4513 Verbum
2714 4456 2832 4524 Dei,
2866 4457 2961 4513 sed
2999 4472 3148 4514 nunc
3188 4458 3320 4512 illud
3354 4457 3531 4527 possio

1944 4550 2073 4616 det;
2108 4549 2181 4605 ita
2217 4557 2278 4604 ut
2308 4563 2527 4605 omnem
2572 4559 2840 4604 terrarum
2886 4551 3076 4607 orbem
3123 4548 3243 4619 ejus
3277 4549 3529 4620 dogmata

1941 4648 2269 4710 penetrem;
2317 4640 2372 4694 in
2415 4641 2615 4711 quibus
2660 4639 2972 4697 institutum
3006 4654 3127 4697 esse
3164 4641 3386 4695 beatum
3423 4646 3528 4692 est.
3600 4704 3605 4707 ν

1944 4731 2090 4788 Talis
2125 4732 2275 4788 enim
2311 4733 2584 4803 reperitur
2621 4732 2827 4804 lignum
2860 4733 3007 4803 quod
3038 4732 3094 4786 in
3127 4738 3372 4800 tempore
3414 4726 3530 4780 fru-

1941 4830 2090 4878 ctum
2137 4823 2287 4888 facit,
2322 4832 2378 4878 et
2410 4823 2499 4880 cui
2532 4840 2815 4896 nunquam
2864 4824 3054 4879 lolium
3099 4822 3326 4886 decidit,
3371 4828 3432 4873 ut
3472 4818 3530 4872 in

1923 4913 2225 4984 .principiis
2254 4914 2595 4971 Psalmorum
2628 4916 2895 4986 scriptum
2926 4923 3031 4970 est.

2012 5005 2177 5061 Vens.
2227 5006 2315 5061 '56.
2370 5026 2390 5060 ι
2438 5009 2507 5064 Et
2557 5009 2965 5064 constituerunt
3008 5004 3261 5060 civitates
3310 5001 3528 5059 habita-

1942 5094 2129 5150 tionis.
2170 5112 2189 5146 ι

2010 5182 2131 5239 Non
2162 5183 2462 5254 civitatem,
2497 5188 2593 5245 sed
2628 5187 2898 5243 civitates.
2926 5185 3181 5241 Diversas
3217 5182 3366 5238 enim
3406 5196 3525 5237 res-

1941 5275 2188 5345 publicas
2214 5275 2381 5330 habet
2400 5278 2635 5347 populus
2655 5293 2721 5332 ex
2745 5276 3018 5348 gentibus,
3044 5275 3100 5329 in
3121 5273 3320 5344 quibus
3344 5272 3521 5342 possi-

1945 5366 2040 5422 det
2069 5366 2330 5422 virtutum
2366 5368 2750 5435 habitationes,
2780 5382 2899 5438 qua:
2929 5365 3245 5423 interiorem
3275 5371 3522 5420 nostrum

1948 5458 2223 5516 hominem
2258 5465 2565 5531 protegunt.
