3936 6200
352 216 492 282 1307
1549 212 1910 304 llESYCllIl
1949 213 2421 274 PRESBYTEHI
2524 180 2528 184 ⁷
3484 207 3630 276 1308

417 338 579 392 Vens.
615 334 706 388 57.
745 352 763 385 ι
799 332 864 388 Ει
891 331 1300 388 seminaverunt
1333 345 1513 400 agros.
1557 349 1574 380 ι

2110 351 2131 382 ι
2164 332 2273 384 Καὶ
2307 330 2570 401 ἔσπειραν
2595 330 2816 400 ἀγρούς.
2857 346 2874 378 ι

419 429 563 498 Ager
581 425 850 494 siquidem
875 431 959 477 est
978 422 1320 492 philosophia
1345 422 1433 474 illa
1459 436 1580 490 qum
1605 418 1672 475 ad
1701 435 1930 489 regnum

2113 421 2310 489 Ἀγρὸς
2345 422 2442 491 μὲν
2465 416 2557 474 οὖν
2576 423 2724 474 ἐστιν
2750 421 2782 490 ή
2803 416 3147 488 φιλοσοφίαή
3177 415 3317 488 πρὸς
3346 415 3449 487 τὴν
3468 415 3630 486 βασι-

349 519 616 574 οωιοτιιιη
661 515 900 570 adducit.
953 513 1045 567 Sic
1090 514 1236 566 enim
1279 514 1356 565 ait
1399 513 1664 567 Dominus
1702 511 1932 567 :Simile

2042 513 2180 566 λείαν
2225 513 2334 565 τῶν
2378 513 2621 583 οὐρανῶν
2667 511 2880 580 ἀπάγου
2898 527 2987 564 σα.
3035 510 3176 579 Φησὶ
3216 508 3330 578 γάρ
3372 509 3556 572 οὕτως
3598 511 3627 562 ό

352 621 425 663 est
471 623 687 678 regnum
729 605 978 658 cwlorum
1030 603 1277 656 thesauro
1323 603 1626 658 abscondito
1664 605 1720 657 in
1757 619 1930 672 agro:

2042 604 2271 674 Κύριος*
2322 606 2529 673 ὈμοΙα
2562 604 2737 657 ἐστίν
2779 604 2819 670 ἡ
2865 601 3158 667 ,ϐασιλεία
3187 601 3306 654 τῶν
3343 600 3630 670 οὐρανῶν

354 716 505 769 quem
537 699 625 767 qui
651 697 845 749 inuenit
873 697 1026 748 homo
1053 696 1342 755 abscondit.
1377 705 1424 747 ct
1447 711 1556 764 pra!
1579 697 1774 766 gaudio
1791 695 1932 747 illius

2042 694 2315 763 θησαυρῷ
2337 695 2405 748 ἐν
2432 694 2592 764 ἀγρῷ
2623 694 3040 762 κεκρυμμένῳ·
3078 691 3151 746 ὃν
3177 692 3375 760 εὑρὼν
3405 692 3628 759 drapet-

353 790 496 841 cadit
529 797 575 839 ct
601 786 772 838 vendit
799 785 1044 838 universa
1074 799 1190 854 qua:
1218 783 1390 846 habet,
1415 795 1462 836 et
1493 785 1616 837 emit
1649 800 1839 853 agrum
1869 782 1934 833 il-

2042 798 2149 850 πος
2185 786 2431 853 ἔκρυψε,
2460 787 2558 839 καὶ
2603 785 2722 840 ἀπὸ
2773 782 2882 851 τῆς
2926 781 3117 853 χαρᾶς
3171 781 3361 836 αὐτοῦ
3399 781 3624 852 ὑπάγει

354 879 462 931 lum
492 878 558 928 5’.
598 877 740 930 Idem
776 892 874 945 per
920 875 1231 944 parabolam
1275 876 1648 944 cperariorum
1685 875 1933 929 mercede

2042 877 2144 930 καὶ
2176 875 2365 930 πωλεῖ
2407 875 2608 930 πάντα
2663 875 2782 929 ὅσα
2831 874 2994 943 ἔχει,
3045 873 3146 928 καὶ
3191 871 3466 942 ἀγοράζει
3515 871 3625 926 τὸν

353 969 747 1022 conductorum
775 967 1013 1022 ostendit
1038 982 1158 1020 esse
1186 968 1399 1022 vineam
1424 966 1503 1031 ⁸³;
1537 967 1775 1020 fructum
1803 982 1933 1020 vero

2042 970 2220 1039 ἀγρὸν
2263 969 2516 1025 ἐκεῖνον.
2551 969 2660 1041 Τὴν
2702 969 2872 1040 αὐτὴν
2912 969 3008 1020 καὶ
3053 964 3355 1037 ἀμπελῶνα
3395 963 3492 1017 διὰ
3517 965 3616 1035 τῆς

353 1060 648 1129 geniminis
693 1069 801 1112 tam
851 1058 1189 1112 tricesimum
1235 1076 1395 1127 quam
1440 1059 1831 1127 sexagesimum
1879 1068 1934 1112 et

2042 1062 2350 1132 παραϐολῆς
2383 1062 2493 1116 τῶν
2528 1063 2774 1133 ἐργατῶν
2815 1061 2924 1114 τῶν
2976 1059 3363 1132 μισθωθέντων
3405 1057 3621 1121 ἔδειξε.

355 1149 717 1203 centesimum
750 1149 796 1178 ⁸³
835 1165 929 1203 eos
976 1150 1180 1204 referre
1227 1151 1432 1203 clarum
1477 1161 1558 1204 est
1602 1151 1694 1219 qui
1728 1151 1930 1204 Christi

2042 1155 2246 1224 καρπὸν
2269 1154 2325 1206 δὲ
2348 1156 2683 1225 γεννήματος
2714 1154 2804 1206 τὸν
2824 1155 2881 1206 ἐν
2914 1153 3211 1224 τριάκοντα
3243 1151 3336 1205 καὶ
3365 1153 3426 1204 ἐν
3463 1150 3598 1219 ἐξή-

354 1242 772 1314 pliilosophiatu
815 1240 1107 1308 excolunt,
1161 1252 1216 1296 et
1269 1243 1500 1296 virtutes
1558 1243 1612 1296 in
1663 1259 1726 1296 ca
1778 1242 1932 1312 plan-

2042 1265 2200 1301 κοντα
2252 1250 2345 1301 καὶ
2379 1249 2572 1301 ἑκατὸν
2599 1246 2820 1316 εὔδηλον
2851 1246 2925 1309 ὡς
2959 1243 3296 1316 γεωργοῦσιν
3327 1244 3376 1295 οἱ
3413 1243 3520 1312 τὴν
3553 1244 3613 1294 ἐν

359 1342 494 1386 tant.
2034 1337 2254 1408 Χριστῷ
2285 1337 2603 1406 φιλοσοφίαν
2631 1337 3045 1406 μελετήσαντες,
3070 1334 3163 1386 καὶ
3191 1333 3395 1404 ἀρετάς
3430 1333 3494 1384 ἐν
3523 1332 3623 1384 αὖ·

2033 1432 2100 1498 τῇ
2135 1428 2665 1496 καταφυτεύσαντες.

427 1515 586 1570 Vens.
638 1517 725 1572 58.
779 1536 796 1568 ι
840 1517 906 1572 Ει
959 1516 1238 1572 benedixit
1295 1530 1426 1581 eos,
1481 1524 1537 1568 et
1596 1513 1932 1584 multiplicati

2112 1538 2128 1570 ι
2174 1519 2283 1572 Καὶ
2316 1519 2608 1589 εὐλόγησεν
2643 1519 2865 1584 αὐτοὺς,
2906 1518 3000 1572 καὶ
3029 1517 3484 1590 ἐπληθὺνοησαν.
3530 1535 3548 1566 ι

358 1616 505 1660 sunt.
553 1626 570 1657 ι

429 1697 648 1751 Scilicet
676 1714 741 1752 ex
769 1698 1056 1752 duodecim
1086 1698 1169 1753 vel
1201 1697 1341 1753 forte
1371 1695 1714 1766 septuaginta
1748 1695 1801 1748 in
1833 1695 1935 1749 tria

2121 1700 2252 1751 Ἀπὸ
2281 1699 2391 1768 γὰρ
2419 1695 2625 1750 δώδεκα
2659 1696 2691 1765 ἢ
2732 1695 2891 1766 τυχὸν
2923 1695 3294 1765 ἐϐδομήκοντα
3333 1693 3419 1757 εἰς
3447 1693 3629 1763 χιλιά-

360 1789 550 1855 millia,
581 1791 779 1845 deinde
805 1792 1067 1860 quinque,
1092 1791 1289 1846 deinde
1314 1791 1369 1844 in
1400 1797 1478 1845 tot
1507 1797 1737 1843 centena
1768 1789 1936 1844 millia

2042 1791 2132 1854 δας
2179 1792 2367 1860 τρεῖς,
2407 1786 2524 1841 εἶτα
2578 1788 2764 1853 πέντε,
2805 1785 2926 1840 εἶτα
2968 1787 3166 1858 μυρίας
3224 1787 3359 1848 ὅσας
3396 1785 3626 1855 ὁρῶμεν

358 1891 491 1950 quot
549 1883 798 1938 videmus
855 1883 1238 1953 profecerunt;
1287 1899 1409 1952 qua:
1457 1882 1533 1936 uti
1583 1897 1682 1951 par
1724 1892 1808 1935 est
1848 1883 1935 1951 ju-

2042 1881 2386 1952 προέκοψαν⁶
2416 1879 2671 1943 οὕστινας
2710 1881 2882 1949 κτήνη
2928 1878 3038 1931 τῶν
3108 1879 3432 1933 ἀποστόλων
3478 1877 3630 1930 εἰκός

358 1982 544 2027 menta
585 1975 957 2044 apostolorum
999 1973 1311 2042 appellavit,
1348 1980 1534 2042 utpote
1575 1972 1644 2026 ab
1681 1971 1816 2041 ipsis
1853 1972 1936 2026 in-

2042 1990 2166 2039 τως,
2195 1972 2268 2036 ὡς
2297 1973 2388 2026 ὑπ’
2412 1971 2590 2025 αὐτῶν
2618 1970 3086 2042 μαθητευθέντας,
3117 1970 3402 2024 ἐκάλεσεν.

358 2061 567 2116 stituta.

427 2154 589 2209 Vens.
631 2154 718 2208 40.
762 2173 782 2207 ι
831 2155 1014 2210 Etl'usa
1065 2165 1148 2212 est
1193 2137 1532 2226 contemptio
1575 2131 1742 2224 super
1782 2156 1936 2226 prin-

357 2246 508 2316 cipes
537 2262 750 2302 eorum.
781 2266 799 2299 ι

427 2341 531 2408 Qui
566 2357 762 2413 nempe
792 2350 1062 2414 martyres
1098 2343 1165 2398 ad
1209 2344 1543 2415 impietatem
1583 2343 1934 2415 instigabant.

2108 2331 2246 2393 Τοὺς
2307 2328 2523 2382 ἀσεϐεῖν
2583 2328 3070 2398 προτρεπομένους
3124 2326 3250 2388 τοὺς
3305 2325 3629 2396 μάρτυρας.

357 2431 469 2487 Illis
505 2432 651 2488 enim
691 2433 1022 2490 instantibus
1067 2435 1184 2492 zelo
1233 2436 1394 2500 fidei,
1443 2435 1752 2506 principum
1802 2451 1935 2490 oon-

2049 2420 2448 2490 Ἐνισταμένων
2487 2418 2596 2488 γὰρ
2659 2417 2838 2473 αὐτῶν
2873 2417 2951 2487 τῷ
2983 2417 3130 2486 ζήλῳ
3159 2417 3258 2485 τῆς
3283 2417 3566 2478 “(meum
3597 2417 3632 2483 ἡ

361 2523 608 2592 lcmptio,
645 2523 698 2578 id
743 2533 829 2580 est
860 2524 1139 2593 despectio
1183 2541 1248 2580 ac
1283 2525 1482 2590 vilitas,
1523 2525 1697 2580 effusa
1744 2534 1846 2591 est,
1883 2534 1936 2579 et

2042 2513 2146 2568 τῶν
2174 2512 2452 2584 ἀρχόντων
2471 2509 3130 2576 ἐξουδένωσις,τουτέστιν
3155 2509 3511 2578 ὁφαυλισμὸς
3537 2509 3638 2560 καὶ

359 2613 673 2668 exundavit.
725 2614 1023 2685 lmpiorum
1074 2616 1388 2688 principum
1437 2617 1778 2688 propositum
1823 2633 1932 2672 non

2042 2603 2362 2677 ήεὺτέλεια,
2402 2602 2656 2672 ἐξεχεῖτο,
2684 2603 2777 2655 καὶ
2806 2599 3153 2665 ἐπλεόναζεν.
3188 2601 3303 2654 Οὐκ
3341 2599 3413 2669 ἦν
3435 2600 3563 2662 ὁδὸς
3595 2601 3630 2669 ή

358 2713 480 2756 erat
497 2705 580 2757 via
601 2720 617 2760 :
647 2719 826 2774 neque
848 2706 994 2759 enim
1019 2722 1118 2777 per
1139 2707 1417 2762 Christum
1447 2708 1818 2774 ambulabant,
1844 2709 1936 2778 qui

2042 2700 2147 2754 τῶν
2186 2698 2404 2754 ἀσεϐῶν
2438 2697 2719 2769 ἀρχόντων
2756 2696 3048 2768 πρόθεσιςο
3091 2695 3212 2748 οὐδὲ
3237 2694 3350 2765 γὰρ
3386 2695 3640 2764 Χριστὸν

361 2804 480 2849 erat
528 2811 718 2851 revera
766 2797 885 2862 via,
930 2806 987 2852 et
1032 2797 1266 2865 veritas,
1319 2807 1374 2853 et
1419 2798 1550 2854 vita.
1596 2798 1936 2870 Quapropter

2042 2795 2138 2862 τήν
2165 2792 2334 2855 ὅντως
2379 2790 2519 2858 ὁδὸν,
2560 2790 2657 2846 καὶ
2706 2789 2876 2859 ζωὴν,
2923 2789 3020 2843 καὶ
3061 2787 3355 2859 ἀλήθειαν,
3402 2785 3633 2839 ὥδευον.

361 2903 563 2958 scopus
597 2904 793 2944 eorum
824 2899 944 2946 erat
977 2891 1160 2946 invius
1199 2908 1214 2946 :
1248 2891 1516 2961 siquidem
1545 2893 1718 2962 spinis
1743 2891 1936 2964 impie-

2042 2887 2242 2958 Διόπερ
2277 2885 2482 2948 ἄϐατος
2505 2885 2687 2939 αὐτῶν
2727 2885 2756 2937 6
2802 2882 3005 2946 σκοπὸς
3052 2881 3337 2952 ὑπῆρχεν·
3369 2879 3638 2932 ἀκανθῶν

363 2979 490 3034 tatis
535 2995 600 3036 ac
640 2981 854 3036 tribulis
907 2982 1234 3052 opplebatur
1275 2999 1290 3037 :
1332 2983 1390 3037 in
1441 2999 1551 3053 quo
1598 2983 1743 3040 Deus
1793 2985 1936 3055 ipsos

2042 2978 2152 3048 γὰρ
2170 2978 2278 3030 τῶν
2319 2976 2378 3042 ἐξ
2423 2975 2681 3039 ἀσεϐείας
2714 2975 2810 3028 καὶ
2845 2973 3110 3045 τριϐόλων
3156 2971 3536 3043 πεπλήρωτοο
3581 2972 3641 3023 ἐν

361 3071 597 3141 decepit.
642 3073 1025 3128 Existimautes
1072 3076 1218 3130 enim
1261 3089 1320 3130 se
1356 3091 1456 3145 per
1491 3085 1789 3149 martyrum
1829 3094 1936 3134 ca:-

2043 3065 2127 3145 ᾖό
2148 3070 2278 3134 Θεὸς
2308 3068 2507 3132 αὐτοὺς
2541 3067 2870 3138 ἐπλάνησεν.
2912 3065 3165 3136 Οίόμενοι
3209 3063 3318 3133 γὰρ
3355 3064 3641 3117 πλατυνο-

362 3163 487 3217 dem
518 3163 630 3232 jam
677 3165 958 3220 dilatatam
1001 3181 1064 3221 ac
1103 3177 1416 3222 currentem
1457 3168 1617 3223 ﬁdem
1651 3169 1936 3235 incisuros,

2045 3165 2209 3234 μένην
2240 3162 2340 3232 τὴν
2379 3161 2560 3214 πίστιν
2607 3160 2703 3213 καὶ
2731 3160 3032 3230 τρέχουσαν
3056 3157 3389 3210 ἀνακόπτειν
3417 3156 3509 3209 διὰ
3536 3157 3642 3225 τῆς

363 3257 719 3321 aberrarunt;
748 3258 1190 3327 quandoquidem
1218 3259 1322 3330 ipsi
1342 3261 1409 3315 ad
1433 3261 1654 3332 gloriam
1680 3271 1734 3317 et
1761 3263 1936 3318 incre-

2042 3255 2148 3308 τῶν
2177 3251 2474 3324 μαρτύρων
2505 3251 2863 3323 ἀναιρέσεως,
2887 3248 3201 3303 ἐπλανῶντο
3223 3263 3238 3280 ⁸
3274 3249 3472 3317 ἐπειδὴ
3496 3247 3643 3318 πρὸς

364 3351 611 3398 mentum
639 3345 884 3416 mysterii
912 3347 1064 3404 zelus
1093 3359 1390 3420 martyrum
1420 3351 1711 3406 exstiterit.

2116 2171 2134 2201 ι
2186 2150 2444 2222 Ἐξεχύοη
2468 2151 2816 2217 ἐξουδένωσις
2853 2150 2938 2203 ἐπ’
2961 2149 3226 2221 ἄρχοντας
3260 2147 3470 2202 αὐτῶν.
3499 2165 3532 2200 ο

2042 3343 2197 3414 δόξης
2223 3344 2359 3414 αὐτῇ
2394 3344 2488 3396 καὶ
2510 3341 2796 3413 προκοπῆς
2821 3341 2916 3394 τοῦ
2955 3339 3258 3411 μυστηρίου
3287 3341 3317 3392 ό
3335 3339 3505 3409 ζῆλος
3531 3339 3643 3392 τῶν

2045 3437 2340 3509 μαρτύρων
2371 3436 2609 3504 ἐγένετο.

433 3517 596 3572 Vens.
622 3518 713 3573 41.
743 3537 762 3572 ι
797 3519 864 3575 Ει
884 3521 1095 3592 adjuvit
1120 3538 1416 3594 pauperem
1443 3525 1511 3581 de
1536 3526 1739 3596 inapia.
1777 3547 1794 3580 ι

2120 3545 2138 3578 ι
2169 3527 2280 3580 Καὶ
2311 3525 2611 3596 ἐϐοήθησεν
2645 3524 2842 3596 πένητι
2867 3525 2931 3579 ἐκ
2970 3525 3270 3595 πτωχείας.
3311 3542 3331 3577 ι

436 3606 760 3678 Pauperem,
802 3610 859 3666 id
907 3621 1013 3679 est,
1059 3613 1321 3684 populum
1367 3615 1458 3683 qui
1506 3618 1936 3684 persecutionem

2115 3617 2337 3688 Πένητα,
2373 3617 2641 3680 τουτέστι,
2681 3613 2760 3686 τῷ
2797 3615 3112 3687 διωκομένῳ
3146 3613 3280 3685 λαῷ.
3307 3615 3494 3684 Πένης
3532 3615 3648 3684 γάρ

367 3700 696 3770 patiebatur.
741 3701 958 3772 Pauper
997 3704 1145 3758 enim
1185 3713 1303 3759 erat
1336 3705 1428 3774 qui
1470 3706 1680 3760 nullum
1713 3707 1936 3764 habebat

2043 3706 2112 3781 ἦν
2132 3708 2389 3779 οὐδεμίαν
2418 3706 2559 3778 ἔχων
2585 3709 2642 3762 ἐν
2672 3707 2980 3779 ἀνθρώποις
3007 3707 3328 3778 ἐπικουρίας
3351 3706 3614 3777 ὓπαρξιν
3630 3725 3645 3738 ·

369 3793 423 3845 in
471 3792 786 3847 hominibus
834 3794 1146 3863 praesidium
1184 3813 1200 3850 :
1241 3811 1427 3850 verum
1471 3811 1537 3852 ex
1575 3798 1678 3853 hac
1708 3814 1936 3869 pauper-

2044 3801 2160 3856 ἀλλ’
2181 3801 2245 3852 ἐκ
2261 3799 2466 3868 ταύτης
2479 3797 2624 3870 αὐτῷ
2641 3801 2740 3870 τῆς
2768 3800 3040 3868 πτωχείας
3065 3797 3394 3868 ἐϐοήθησεν.
3411 3797 3650 3864 Ἐπειδὴ

369 3893 480 3938 tate
507 3885 610 3954 ipsi
631 3901 790 3956 opem
816 3887 960 3941 tulit.
985 3887 1120 3942 Cum
1146 3888 1432 3943 hominum
1457 3888 1697 3945 favorem
1720 3891 1936 3948 minime

2047 3892 2155 3964 γὰρ
2200 3889 2504 3962 ἀνθρώπων
2547 3891 2647 3944 οὐκ
2695 3887 2810 3962 εἷχε
2861 3891 3053 3963 ῥοπὴν,
3106 3891 3307 3953 πάντες
3355 3889 3419 3942 δέ
3473 3890 3654 3943 αὐτὸν

371 3975 630 4041 haberet,
672 3978 768 4032 sed
811 3992 1031 4045 omnes,
1079 3988 1188 4034 tam
1237 3981 1424 4050 populi
1472 3998 1636 4052 quam
1690 4000 1845 4056 reges
1891 3997 1936 4041 et

2047 3984 2367 4055 ἐπολέμουν,
2395 3982 2558 4052 δῆμοι
2587 3982 2684 4035 καὶ
2723 3980 2964 4052 βασιλεῖς
3016 3982 3109 4035 καὶ
3126 3981 3414 4052 ἄρχοντες,
3443 3982 3476 4032 ὁ
3511 3981 3654 4044 Θεδς

372 4064 668 4134 principes,
700 4065 878 4135 ipsum
917 4078 1318 4138 oppugnarent,
1350 4069 1492 4126 Deus
1534 4081 1654 4127 erat
1691 4074 1744 4129 ei
1794 4075 1936 4147 adju-

2045 4073 2115 4149 ἦν
2165 4075 2391 4147 βοηθός·
2431 4073 2517 4144 ἐφ’
2559 4066 2604 4140 ᾧ
2647 4073 2744 4127 καὶ
2794 4073 3004 4138 πάντας
3055 4074 3181 4137 τοὺς
3239 4071 3533 4143 πολέμους
3568 4091 3658 4128 νε.-

373 4171 460 4214 tor
487 4177 501 4213 :
528 4161 583 4214 in
623 4176 733 4230 quo
754 4161 919 4216 etiam
953 4177 1146 4218 omnes
1184 4163 1436 4220 inimicos
1473 4167 1770 4236 superavit.
2049 4171 2290 4240 νίκηκεν.

448 4269 468 4303 ι
505 4249 572 4306 Ει
592 4253 777 4322 posuit
805 4253 948 4308 sicut
971 4269 1102 4308 oves
1130 4253 1383 4310 familias.
1417 4274 1436 4308 ι

2126 4280 2145 4314 ι
2189 4260 2297 4314 Καὶ
2320 4258 2470 4312 ἔθετο
2501 4258 2577 4322 ὡς
2603 4257 2854 4329 πρόϐατα
2883 4258 3137 4329 πατριᾶς.
3175 4273 3195 4308 ι

441 4341 904 4416 Congregationcs
961 4353 1260 4414 martyrum
1319 4345 1640 4416 appellavit;
1697 4347 1936 4416 quando-

2123 4350 2205 4404 Τὰ
2236 4351 2556 4420 συστήματα
2597 4349 2706 4402 τῶν
2748 4348 3045 4420 μαρτύρων
3084 4349 3343 4402 ἐκάλεσεν
3370 4365 3387 4381 ·
3423 4349 3654 4420 ἐπειδή-

343 4427 596 4501 quidem
627 4448 694 4486 ex
729 4433 900 4489 variis
940 4433 1280 4489 facinoribus
1312 4436 1590 4506 generosis
1621 4437 1704 4493 vel
1740 4439 1936 4496 meritis

2052 4459 2159 4513 περ
2178 4442 2244 4495 ἐκ
2262 4440 2534 4512 διαφόρων
2568 4439 3078 4510 ἐπιτηδευμάτωνῆ
3110 4438 3443 4512 ἀξιωμάτων
3477 4440 3656 4511 €161-

371 4522 709 4578 exstiterint.
760 4525 871 4580 llos
934 4534 1193 4596 tanquam
1254 4543 1386 4583 oves
1446 4528 1662 4597 posuit,
1716 4539 1936 4586 mortem

2051 4553 2234 4608 χανον.
2270 4533 2505 4598 Τούτους
2532 4533 2608 4595 ὼς
2651 4530 2902 4604 πρόϐατα
2934 4530 3114 4597 ἔθετο,
3146 4529 3236 4585 τδν
3266 4530 3517 4585 θάνατον
3552 4533 3657 4586 αὒ-

378 4613 625 4680 ipsorum
659 4630 757 4683 pro
791 4616 1060 4672 sacrificio
1089 4619 1419 4688 suscipiens.

2053 4633 2161 4686 τῶν
2189 4631 2310 4684 ἀντὶ
2339 4628 2534 4692 θυσίας
2563 4627 2875 4698 δεξάμενος.

453 4699 612 4756 Vens.
647 4703 738 4757 45.
778 4722 796 4755 ι
832 4702 966 4769 Quis
997 4706 1216 4776 sapiens
1244 4713 1300 4760 et
1324 4705 1594 4762 custodiet
1617 4709 1768 4766 haec?
1800 4728 1818 4762 ι

2129 4741 2151 4776 ι
2175 4723 2272 4786 Τίς
2302 4721 2482 4791 σοφὸς,
2517 4720 2612 4774 καὶ
2636 4718 2862 4788 φυλάξει
2890 4717 3065 4772 ταῦτα
3097 4736 3111 4785 ;
3146 4736 3164 4770 ι

450 4794 574 4850 Uno
611 4797 862 4867 sapiente
903 4798 1006 4853 ista
1053 4800 1400 4857 custodiente
1435 4802 1604 4857 multa
1642 4819 1742 4872 per
1769 4804 1936 4876 ipsurr

2143 4814 2292 4877 Ἐνὸς
2328 4811 2492 4880 σοφοῦ
2509 4810 2680 4864 ταῦτα
2714 4810 3074 4880 φυλάττοντος
3113 4808 3283 4878 πολλὴ
3317 4807 3665 4873 σύνεσιςδι*

284 4901 289 4910 “
376 4889 608 4945 scientia
648 4891 998 4962 cognitioque
1030 4892 1268 4948 exsistit.
1309 4892 1390 4949 Tu
1436 4894 1602 4966 igitur
1641 4911 1767 4952 eum
1812 4899 1936 4954 sciat

2060 4902 2225 4960 αὑτοῦ
2255 4902 2352 4956 καὶ
2393 4901 2688 4969 ἐπίγνωσις
2714 4900 2949 4968 γίνεται.
2988 4900 3060 4954 Σὺ
3097 4899 3278 4952 τοίνυν
3324 4899 3540 4969 μαθὼν
3578 4902 3664 4956 ὅτι

376 4981 558 5051 ipsum
597 4981 734 5054 legis
775 4983 1060 5039 custodem
1091 4985 1394 5055 appellasse
1422 4987 1749 5058 sapientem,
1785 4991 1830 5045 si
1863 5006 1936 5046 sa-

2061 4995 2222 5063 σοφὸν
2241 4993 2331 5046 τὸν
2365 4991 2585 5059 φύλακα
2635 4989 2730 5044 τοῦ
2758 4991 2925 5060 νόμου
2972 4990 3444 5061 προσηγόρευσεν,
3495 4995 3558 5046 ει
3586 5009 3670 5047 σοι

377 5072 644 5140 pientiam
692 5073 1008 5138 desideres,
1062 5075 1236 5144 legem
1287 5091 1517 5146 operare
1555 5091 1571 5129 :
1607 5078 1751 5133 actio
1802 5081 1936 5134 enin

2061 5086 2189 5156 φίας
2225 5081 2536 5152 ἐπιθυμεῖς,
2575 5078 2808 5152 ἐργάζου
2860 5080 2951 5134 τὸν
2997 5080 3191 5152 νόμον·
3243 5083 3518 5152 προκοπὴ
3553 5085 3670 5154 γὰρ

378 5160 625 5231 proficua
662 5172 750 5219 est
795 5162 1246 5234 intelligentibus.
1296 5163 1452 5219 Haud
1500 5181 1728 5235 parvum
1770 5177 1936 5224 auten

2057 5178 2170 5238 τοῖς
2217 5173 2458 5236 συνετοῖς
2497 5172 2532 5242 ή
2580 5169 2799 5240 πρᾶξις.
2849 5170 2924 5224 Τὸ
2972 5170 3161 5242 κέρδος
3199 5170 3260 5224 δέ
3303 5171 3371 5223 οὐ
3427 5173 3671 5244 μικρὸν,

379 5252 514 5309 hinc
544 5267 765 5310 emanat
800 5255 1255 5319 emolumentum,
1291 5255 1731 5326 quandoquidem
1778 5267 1833 5312 te
1875 5261 1936 5314 le-

2061 5264 2247 5335 ἐπειδὴ
2303 5262 2396 5317 σοῦ
2425 5261 2517 5316 τὸν
2554 5261 2717 5332 νόμον
2753 5261 3115 5333 φυλάττοντος
3175 5261 3352 5334 ἕτεροι
3405 5263 3482 5318 τὰ
3539 5264 3680 5335 ne,

381 5360 505 5413 gem
541 5347 888 5403 custodiente
932 5345 1122 5417 reliqui
1173 5346 1579 5404 misericordias
1611 5348 1825 5405 Domini
1866 5351 1936 5406 in-

2063 5355 2160 5409 τοῦ
2192 5353 2328 5409 Θεοῦ
2360 5353 2701 5425 συνήσουσιν.

382 5435 658 5491 tellecturi
692 5437 824 5494 sint.

459 5636 504 5666 "
538 5631 728 5688 Matth.
769 5655 886 5705 xm,
914 5637 1000 5692 Μ.
1081 5640 1124 5673 ⁸²
1153 5640 1349 5698 Matth.
1380 5659 1471 5707 xx,
1511 5642 1561 5697 1.
1639 5639 1687 5672 ⁸⁸
1711 5638 1903 5694 Mallh-
1930 5656 2046 5711 xm,
2081 5642 2136 5697 3-

3905 2751 3910 2802 |

3905 2877 3912 2912 ι

3903 2915 3914 3074 ἓ
