3936 6200
505 185 637 251 1311

1687 189 2066 257 HESYCIIII
2099 197 2571 259 PRESBYTER!

3656 196 3786 260 1312

498 303 670 358 carni.
706 302 1010 373 (Siquidem
1039 320 1148 359 non
1179 305 1482 360 secundum
1511 307 1982 379 imaginationem,
2020 317 2068 363 ul

2184 311 2258 364 κί.
2288 313 2446 382 (Οὐδὲ
2479 312 2588 383 γὰρ
2643 311 2788 367 κατὰ
2844 312 3165 382 φαντασίαν,
3199 310 3273 374 ὥς
3305 328 3453 373 τινες
3493 309 3615 362 τῶν
3648 315 3795 376 αἱρε-

499 394 718 462 quidam
768 395 1012 450 haeretici
1056 397 1335 463 sentiunt,
1387 399 1484 453 sed
1531 401 1830 455 secundum
1878 402 2079 456 verita-

503 494 610 540 tem
652 486 797 541 Deus
843 487 1078 542 Verbum
1122 504 1346 546 carnem
1394 493 1735 562 assumpsit.)
1774 493 1889 548 Hoc
1931 495 2078 548 enim

500 579 566 632 ad
597 579 1018 648 explicationem
1057 591 1114 637 et
1152 583 1631 638 conﬁrmationem
1677 583 1844 640 David
1882 586 2080 642 iterum

499 670 655 734 dixit,
683 671 888 727 Veritas
919 674 984 727 de
1017 683 1158 728 terra
1195 685 1311 730 orta
1350 684 1424 729 est
1446 676 1514 742 ⁸⁷,
1546 676 1937 731 humanitatem
1973 679 2080 732 Do-

499 762 634 816 mini
676 762 1026 836 intelligens;
1063 783 1186 836 quae
1216 768 1284 822 de
1317 775 1456 822 terra
1489 777 1698 835 nostra,
1729 769 1938 824 scilicet
1977 771 2080 824 liu-

500 867 676 906 manaa
707 863 938 921 naturae,
972 865 1090 910 orta
1121 864 1226 911 est.
1270 857 1459 929 Magna
1502 857 1666 927 igitur
1699 873 1865 927 supra
1911 860 2081 914 caelos

471 941 477 1014 ξ
500 954 584 999 est
607 944 811 1002 Christi
840 947 1101 1004 divinitas
1133 959 1357 1020 propter
1387 950 1633 1021 gloriam,
1662 965 1768 1018 qua
1792 966 1823 1003 a
1844 951 2080 1020 propriis

499 1039 796 1095 virtutibus
828 1042 1159 1112 gloriﬁcatus
1197 1044 1301 1098 l‘uit
1333 1063 1345 1098 :
1381 1046 1436 1098 in
1468 1056 1616 1100 terra
1652 1046 1803 1100 enim
1853 1048 2078 1102 minime

499 1132 854 1198 noscebatur,
888 1142 944 1186 et
973 1149 1137 1188 carne
1164 1134 1613 1190 obumbrabatur.

570 1219 730 1275 Vsns.
755 1221 806 1276 6.
843 1240 862 1272 ι
894 1222 1149 1277 Exaltare
1180 1240 1344 1293 super
1373 1225 1564 1289 ccelos,
1603 1224 1770 1280 Deus.
1803 1245 1824 1278 ι

571 1308 758 1366 Viden'
823 1321 883 1366 ut
941 1312 1110 1368 David
1172 1315 1375 1370 Christi
1440 1315 1820 1370 ascensionem
1879 1315 2078 1384 praedi-

497 1416 650 1468 cens,
679 1403 830 1472 prius
860 1405 1088 1459 nubium
1129 1405 1321 1461 fecerit
1355 1406 1728 1460 mentionem?
1758 1407 1898 1460 Ecce
1931 1407 2074 1461 enim

497 1494 658 1547 etiam
715 1510 861 1550 nunc
918 1497 1048 1564 quid
1113 1497 1290 1550 simile
1345 1497 1693 1566 proponitur,
1763 1513 1961 1568 nempe
2018 1506 2078 1552 ut

496 1584 768 1638 exaltetur
797 1584 942 1640 Deus
973 1602 1139 1656 super
1169 1588 1339 1642 caelos
1367 1587 1712 1652 celebratus;
1756 1589 1882 1642 licet
1923 1603 2070 1643 sem-

2184 401 2352 454 τικῶν
2397 404 2671 468 δοκοῦσιν,
2704 404 2840 458 ἀλλὰ
2884 405 3006 457 κατ’
3051 403 3310 473 ἀλήθειαν
3351 404 3382 454 ὁ
3425 401 3570 463 Θεὸς
3621 401 3799 465 Λόγος

2185 491 2552 562 σεσάρκωται.
2578 495 2596 560 )
2622 493 2795 547 Τοῦτο
2835 494 2943 564 γὰρ
2998 495 3078 556 είς
3102 487 3402 564 ’ἑρμηνείαν
3443 492 3548 544 καὶ
3577 490 3799 544 σύστα-

2196 600 2280 635 σιν
2309 586 2336 636 ὀ
2364 584 2527 637 Δαϐὶδ
2566 584 2730 637 πάλιν
2774 583 2984 651 ἔλεγεν,
3023 583 3095 636 Ἦ
3134 581 3388 648 ἀλήθεια
3415 581 3488 632 ἐκ
3525 579 3652 645 τῆς
3683 576 3799 647 τῆς

2183 673 2490 740 ἀνέτειλε,
2538 675 2636 747 τὴν
2687 675 3082 746 ἀνθρωπότητα
3124 673 3216 725 τοῦ
3275 672 3491 740 Κυρίου
3556 672 3795 738 λέγων·

2180 767 2278 838 τὴν
2326 769 2434 821 ἀπὸ
2473 770 2574 838 τῆς
2607 769 2886 839 ἡμετέρας
2917 769 3040 837 γῆς,
3084 765 3289 836 δηλαδὴ
3336 765 3441 834 τῆς
3493 761 3791 834 ἀνθρωπί-

2182 879 2279 930 νης
2317 861 2552 929 φύσεως,
2590 861 2971 914 ἀνατείλασαν.
3014 857 3172 925 Μέγα
3210 856 3396 908 τοίνυν
3434 855 3642 907 ἐπάνω
3681 855 3794 906 τῶν

2183 950 2432 1020 οὐρανῶν
2461 953 2494 1019 ἡ
2543 951 2637 1003 τοῦ
2683 949 2924 1020 Χριστοῦ
2965 948 3156 1016 Θεότης
3200 948 3290 1000 διὰ
3343 947 3446 1016 τὴν
3501 946 3696 1010 δόξαν,
3722 946 3790 1017 ἢν

2187 1044 2340 1106 παρὰ
2365 1041 2473 1094 τῶν
2503 1041 2723 1094 οἰκείων
2742 1040 3026 1108 δυνάμεων
3055 1036 3337 1100 ἐδοξάζετο
3355 1053 3370 1067 ο
3400 1038 3504 1089 ἐπὶ
3538 1039 3656 1105 γῆς
3679 1036 3789 1104 γὰρ

2182 1131 2451 1198 ἠγνοεῖτο,
2489 1131 2584 1183 καὶ
2618 1133 2679 1201 τῇ
2720 1131 2886 1200 σαρκὶ
2913 1129 3315 1190 ωνεσκιὰζετο.

2256 1239 2274 1270 ι
2318 1221 2590 1292 Ὑψώθητι
2614 1221 2705 1273 ὲπὶ
2734 1223 2858 1285 τοὺς
2882 1220 3163 1292 οὐρανοὺς,
3184 1222 3212 1272 ὁ
3229 1219 3382 1280 Θεὸς.
3421 1237 3442 1269 ν

2249 1312 2486 1383 Θεωρεῖς
2527 1313 2609 1365 ὃτι
2653 1311 2748 1366 τοῦ
2799 1310 3034 1382 Χριστοῦ
3085 1311 3182 1380 τὴν
3223 1309 3506 1379 ἀνάληψιν
3561 1309 3787 1362 ὁΔασΒ

2177 1404 2578 1474 προφητεύων,
2618 1403 2727 1457 τῶν
2761 1403 3006 1473 νεφελῶν
3055 1401 3368 1474 ἔμπροσθεν
3419 1401 3784 1470 ἐμνημόνευ-

2179 1510 2309 1560 σεν;
2347 1494 2474 1547 Ἰδοὺ
2525 1495 2635 1564 γὰρ
2666 1495 2764 1547 καὶ
2796 1494 2891 1548 νῦν
2935 1495 3119 1564 ὅμοιον
3152 1492 3480 1546 ὑποτίθεται
3504 1532 3520 1555 ,
3558 1491 3784 1560 ὑψωθῆ-

2177 1603 2265 1639 ναι
2292 1587 2384 1638 τὸν
2404 1585 2536 1639 Θεὸν
2562 1586 2654 1638 ἐπὶ
2683 1587 2812 1648 τοὺς
2837 1585 3099 1656 οὐρανοὺς
3135 1583 3595 1654 πρεσϐευόμενος
3618 1598 3633 1610 ·
3664 1582 3776 1634 καί·

495 1691 594 1744 per
633 1677 686 1729 in
727 1678 1055 1733 sublimibus
1093 1679 1338 1743 exsistat,
1378 1679 1454 1733 uti
1489 1680 1566 1734 ait
1601 1680 1808 1734 lsaias:
1840 1679 2064 1734 Sanctus

2177 1693 2250 1730 τοι
2273 1677 2565 1741 διαπαντὸς
2595 1679 2652 1731 ὲν
2673 1676 2898 1747 ὑψηλοῖς
2925 1677 3076 1740 ὄντα,
3099 1675 3244 1728 καθά
3271 1691 3443 1743 φησιν
3465 1673 3775 1734 Vlixis;-

493 1766 750 1822 Dominus
787 1769 876 1838 qui
909 1770 964 1822 in
998 1770 1120 1823 altis
1156 1771 1360 1823 habitat
1385 1772 1450 1823 ⁸⁸.
1487 1769 1655 1825 David
1684 1785 1814 1825 vero
1842 1772 1922 1826 sic
1952 1791 1964 1825 :
1992 1771 2065 1826 Tu

492 1858 634 1912 solus
683 1859 982 1913 Altissimus
1027 1877 1184 1929 super
1228 1877 1432 1914 omnem
1483 1869 1681 1914 terram
1720 1861 1786 1916 ⁸³.
1835 1861 2067 1918 Verum-

496 1959 677 2005 tamen
710 1952 1092 2007 exaltationem
1125 1963 1283 2008 vocat
1320 1952 1597 2024 Unigeniti
1639 1969 1764 2009 cum
1804 1969 1970 2010 carne
2011 1955 2064 2010 in

494 2041 664 2097 caelos
691 2057 1002 2098 ascensum.

563 2131 728 2188 Vens.
762 2134 816 2188 7.
864 2153 882 2186 ι
913 2135 987 2190 Ut
1017 2134 1322 2191 liberentur
1349 2136 1532 2192 dilecti
1558 2136 1656 2192 tui.
1694 2153 1714 2190 ι

561 2221 755 2279 Dilecti
785 2224 880 2279 Dei
918 2234 1047 2280 sunt
1084 2225 1162 2280 illi
1203 2227 1454 2282 homines
1485 2229 1579 2297 qui
1611 2243 1711 2298 per
1738 2229 1857 2298 ejus
1888 2228 1942 2283 in
1973 2244 2067 2300 ge-

491 2326 599 2368 nus
644 2322 888 2369 nostrum
934 2315 1284 2372 dilectionem
1323 2319 1521 2374 servati
1561 2329 1709 2385 sunt,
1737 2335 1875 2389 quos
1907 2320 2070 2374 etiam

493 2403 552 2458 in
590 2405 790 2461 ctelum
834 2407 1102 2462 exaltatus
1146 2409 1212 2462 ab
1255 2409 1475 2478 antiqua
1522 2410 1835 2479 captivitate
1877 2411 2072 2464 libera-

490 2494 600 2561 vit;
625 2497 1080 2565 quemadmodum
1113 2496 1309 2552 Paulus
1349 2500 1461 2553 ait:
1494 2500 1786 2553 Ascendens
1816 2502 1869 2553 in
1901 2500 2069 2554 altum

493 2588 760 2652 captivam
807 2589 956 2640 duxit
1009 2591 1399 2658 captivitatem,
1453 2589 1596 2642 dedit
1648 2591 1788 2651 dona
1843 2591 2069 2644 homini—

493 2671 588 2726 bus
625 2675 692 2727 °°.
751 2675 1034 2730 Dexteram
1087 2693 1216 2732 vero
1269 2677 1364 2731 Dei
1417 2693 1526 2732 non
1567 2679 1690 2748 quis
1736 2680 2072 2736 aberraverit

492 2761 757 2834 Spiritum
807 2776 1054 2824 sanctum
1106 2770 1441 2840 intelligens;
1493 2771 1933 2841 quandoquidem
1981 2774 2072 2828 hic

489 2870 706 2926 quoque
757 2858 854 2913 Dei
908 2860 1107 2931 digitus
1159 2861 1491 2926 nominatur,
1549 2862 1753 2933 quippe
1805 2862 2070 2921 Trinitate

2170 1768 2364 1836 Ἄγιος
2380 1769 2594 1836 Κύριος
2615 1771 2648 1823 ὁ
2684 1770 2754 1822 ἐν
2783 1769 3046 1837 ὑψηλοῖς
3087 1765 3400 1822 κατοικῶν.
3460 1768 3583 1819 Καὶ
3617 1766 3787 1817 Aes-.6

2167 1859 2223 1912 δὲ
2254 1859 2426 1924 οὕτως
2453 1877 2465 1891 °
2505 1861 2588 1914 Σὺ
2610 1862 2798 1930 μόνος
2856 1859 2956 1914 ἐπὶ
2992 1860 3202 1915 πᾶσαν
3258 1859 3378 1927 τὴν
3429 1857 3585 1926 γῆν.

2170 1951 2377 2021 ῦψωσιν
2418 1953 2512 2006 ἐπὶ
2539 1955 2668 2018 τοὺς
2694 1954 2963 2025 οὐρανοὺς
2992 1953 3087 2006 τοῦ
3123 1953 3258 2007 Θεοῦ
3283 1995 3298 2019 ,
3345 1952 3519 2005 καλεῖ
3561 1952 3671 2022 τὴν
3705 1952 3786 2012 εἰς

2168 2043 2394 2112 οὐρανὸν
2421 2042 2516 2096 τοῦ
2547 2043 2883 2112 Μονογενοῦς
2901 2043 3052 2114 μετὰ
3079 2044 3277 2114 σαρκὸς
3297 2042 3519 2096 ἄνοδον.

2245 2151 2264 2184 ‹
2299 2133 2487 2194 Ὅπως
2519 2135 2588 2188 ἂν
2621 2134 2896 2203 ρυσθῶσιν
2935 2135 2984 2188 οἱ
3013 2134 3289 2204 ἀγαπητοί
3320 2151 3444 2190 σου.
3477 2151 3500 2185 ο

2254 2222 2557 2292 Ἀγαπητοὶ
2613 2222 2708 2275 τοῦ
2743 2222 2882 2275 Θεοῦ
2918 2224 2969 2275 oi
3024 2221 3287 2284 σωθέντες
3319 2220 3504 2274 αὑτοῦ
3548 2221 3654 2274 διὰ
3693 2221 3786 2293 τῆς

2171 2313 2393 2382 ἀγάπης
2419 2314 2518 2383 τῆς
2573 2313 2711 2385 πρὸς
2729 2314 2792 2367 τὸ
2824 2313 2982 2382 γένος
3024 2314 3086 2368 τὸ
3121 2314 3393 2386 ἡμέτερον
3443 2314 3781 2385 ἄνθρωποι·

2171 2404 2379 2475 οὒσπερ
2407 2407 2504 2458 καὶ
2537 2405 2843 2475 ἀνυψωθεὶς
2871 2408 2950 2470 είς
2986 2407 3216 2477 οὐρανὸν
3239 2406 3350 2459 ἀπὺ
3387 2407 3504 2475 τῆς
3547 2408 3785 2476 ἀρχαέας

2172 2494 2550 2566 αἰχμαλωσίας
2565 2497 2838 2568 ἐρρύσατο
2857 2514 2871 2528 ο
2902 2497 3046 2550 καθᾶ
3078 2513 3243 2566 φησιν
3268 2499 3297 2550 ὁ
3333 2497 3596 2563 Παῦλος,
3628 2499 3783 2552 Ἅγαρ

2173 2588 2277 2652 ϐὰς
2315 2588 2402 2653 εὶς
2432 2586 2592 2655 ὕψος
2612 2587 3085 2656 ᾐχμαλώτευσεν
3101 2589 3571 2656 αἰχμαλωσίαν,
3599 2589 3783 2642 ἔδωκε

2172 2674 2400 2744 δόματα
2432 2677 2502 2730 ἐν
2529 2676 2882 2744 ἀνθρώποις.
2925 2676 3116 2743 Δεξιὰν
3143 2676 3201 2729 δὲ
3229 2676 3326 2730 τοῦ
3366 2677 3520 2729 Θεοῦ
3559 2679 3680 2730 οὐκ
3725 2680 3781 2730 ἄν

2170 2777 2256 2824 τις
2311 2762 2552 2833 ἁμάρτοι
2596 2763 2658 2815 τὸ
2689 2763 2920 2833 Πνεῦμα
2971 2764 3398 2835 προσαγορεύων
3443 2765 3515 2818 τὺ
3578 2766 3779 2833 ἅγιον·

2173 2851 2360 2924 ἐπειδὴ
2387 2853 2481 2906 καὶ
2503 2852 2640 2906 Θεοῦ
2661 2853 2920 2918 δάκτυλος
2960 2855 3312 2925 ὀνομάζεται,
3353 2855 3438 2920 ὡς
3475 2856 3588 2925 τῆς
3619 2858 3785 2926 Τριά-

493 2963 657 3002 unam
687 2949 1046 3006 substantiam
1092 2961 1146 3006 et
1175 2953 1434 3007 virtutem
1472 2961 1529 3008 et
1559 2953 1932 3023 operationem
1968 2957 2066 3011 ba-

2177 2943 2260 3008 δος
2290 2945 2422 3013 μίαν
2459 2945 2692 3015 ἐχούσης
2729 2946 2919 2998 οὐσίαν
2953 2945 3188 3016 δύναμίν
3222 2963 3282 2999 τε
3317 2949 3420 3000 καὶ
3457 2949 3778 3018 ἐνέργειαν.

494 3039 674 3094 bente.
705 3040 879 3111 Rogat
912 3041 1075 3112 igitur
1109 3043 1374 3112 propheta
1408 3052 1468 3098 ut
1497 3060 1596 3099 nos
1629 3044 1902 3100 salvemur
1938 3054 1993 3100 et
2034 3063 2064 3102 a

2177 3033 2416 3103 SwOﬁvatt
2445 3035 2627 3088 τοίνυν
2653 3035 2802 3104 ἡμᾶς
2835 3037 2864 3087 ὁ
2895 3037 3189 3106 Προφήτης
3215 3036 3312 3090 καὶ
3343 3040 3778 3108 ὲπακουσθῆνιι

492 3125 700 3196 Spiritu
739 3129 1113 3195 exaudiamur,
1157 3147 1266 3200 quo
1299 3131 1567 3200 spiritales
1599 3134 1893 3204 gratiaque
1940 3136 2066 3190 inde

491 3217 867 3284 promanantis
913 3219 1208 3288 participes
1254 3220 1564 3276 evadamus.
1614 3221 1875 3279 Praedicta
1919 3225 2064 3280 enim

493 3313 646 3378 rogat
667 3322 734 3362 ex
763 3310 1038 3364 communi
1073 3310 1353 3365 hominum
1383 3326 1639 3382 persona.

564 3501 725 3562 Vens.
759 3507 812 3561 8.
851 3526 872 3560 ‹
902 3508 1042 3566 Deus
1076 3512 1290 3568 locutus
1323 3523 1408 3570 est
1437 3515 1493 3570 in
1528 3523 1715 3572 sancto
1749 3533 1866 3572 suo.
1898 3538 1916 3570 ι

557 3593 806 3654 Christus
839 3615 1035 3672 nempe
1066 3603 1120 3657 in
1155 3606 1324 3660 choro
1364 3605 1756 3676 apostolorum.
1792 3608 1906 3665 Hoc
1935 3626 2064 3666 vero

487 3686 769 3753 sequentia
799 3688 1095 3758 declarant,
1127 3693 1181 3747 in
1218 3695 1419 3764 quibus
1447 3697 1740 3767 descripsit
1774 3697 2062 3756 Dominum

487 3790 555 3829 ex
581 3784 824 3848 tempore
850 3782 1096 3850 petitioni
1123 3783 1410 3854 Propheta;
1433 3788 1874 3857 respondentem.
1904 3789 2063 3846 Hisce

489 3868 804 3925 nominibus
833 3871 1080 3944 designat
1120 3876 1322 3931 donum
1353 3876 1590 3948 Spiritus
1617 3896 1636 3933 :
1665 3881 1809 3950 quod
1845 3882 2061 3951 quidem

489 3960 657 4014 vallis
703 3973 786 4017 est
835 3964 1343 4034 tabernaculorum,
1402 3969 1609 4024 scilicet
1664 3969 2060 4036 Ecclesiarum;

489 4052 924 4120 quandoquidem
983 4057 1306 4125 spiritalium
1363 4074 1625 4127 aquarum
1685 4063 2062 4133 congregatio-

489 4155 635 4207 nem,
678 4143 1038 4213 baptismatis,
1065 4147 1308 4218 inquam,
1333 4150 1389 4224 in
1409 4151 1545 4206 valle
1576 4151 1678 4206 hac
1708 4153 1900 4222 spiritu
1929 4168 2062 4223 sup-

487 4233 764 4300 peditante
817 4237 1149 4304 possideant.
1204 4238 1278 4293 De
1326 4256 1434 4309 quo
1475 4242 1603 4296 alibi
1645 4242 1812 4296 David
1860 4244 1956 4310 ait,
1989 4243 2059 4297 Et

493 4321 650 4376 valles
684 4325 1024 4380 abundabunt
1063 4307 1436 4398 frumenta";
1473 4347 1596 4385 cum
1637 4332 1726 4388 hic
1759 4333 1830 4387 sit
1869 4307 2059 4388 salutis
2089 4307 2133 4363 D

449 4387 688 4493 inostrae
733 4415 961 4471 fructus.
1002 4387 1269 4474 caeterum
1301 4420 1502 4476 Sicima
1535 4423 1927 4494 interpretatur
1967 4425 2067 4479 hu-

489 4506 732 4571 meratio,
772 4506 827 4561 id
867 4518 951 4562 est
990 4512 1313 4567 excellentia
1348 4532 1360 4568 :
1395 4515 1500 4570 hoc
1532 4516 1680 4569 enim
1719 4517 1979 4572 humerus
2008 4517 2065 4571 in

487 4591 670 4646 divina
710 4593 988 4666 Scriptura
1029 4599 1329 4671 signiﬁcat;
1376 4604 1523 4659 unde
1563 4605 1632 4660 de
1669 4605 1831 4660 Saule
1866 4607 1960 4671 ait,
1989 4607 2066 4660 Ab

487 4682 704 4738 humero
751 4695 801 4741 et
849 4704 1011 4757 supra
1063 4692 1295 4747 excelsus
1328 4697 1394 4748 θ’.
1447 4693 1588 4760 Quid
1635 4704 1815 4750 autem
1857 4695 2062 4766 Spiritu

487 4774 814 4833 sublimius?
839 4781 924 4834 vel
959 4782 1137 4852 qualis
1178 4785 1446 4840 celsitudo
1472 4802 1569 4857 par
1595 4795 1690 4842 aut
1725 4786 1944 4856 aequalis
1974 4801 2062 4841 re-

485 4865 651 4935 periri
701 4871 876 4938 possit
912 4873 1126 4930 muneri
1170 4875 1281 4940 isti,
1327 4877 1470 4946 quod
1509 4877 1758 4932 Christus
1795 4877 2063 4932 exaltatus

485 4956 800 5016 distribuit?
841 4962 948 5018 Sed
997 4975 1054 5021 et
1093 4967 1340 5034 metitur,
1385 4969 1441 5024 id
1482 4978 1584 5032 est,
1628 4970 1696 5024 ad
1747 4983 2059 5025 mensuram

486 5047 701 5106 dividit.
750 5052 881 5108 Nam
929 5056 1220 5128 unicuique
1269 5059 1636 5115 manifestatio
1685 5058 1920 5129 Spiritus
1967 5058 2061 5114 tri-

489 5138 676 5196 buitur
712 5153 875 5214 prout
903 5149 1176 5205 conducit.

566 5320 726 5378 Vens.
764 5325 848 5379 lO.
887 5346 904 5379 ι
943 5327 1100 5384 Moab
1129 5329 1278 5386 lcbes
1303 5331 1418 5400 spei
1451 5346 1604 5387 meae.
1640 5349 1658 5381 ι

2169 3124 2483 3195 παρακαλεῖ
2516 3124 2594 3192 τῷ
2628 3123 2929 3194 Πνεύματι,
2960 3126 3045 3180 ἵνα
3067 3129 3451 3195 πνευματικοὶ
3479 3129 3780 3198 γενώμεθα

2167 3217 2261 3269 καὶ
2288 3217 2387 3286 τῆς
2412 3215 2636 3286 χάριτος
2674 3217 2773 3286 τῆς
2819 3217 3034 3271 ἐκεῖθεν
3063 3217 3493 3288 κατερχομένης
3529 3221 3775 3290 μέτοχοι.

2180 3304 2312 3359 Ἀπὸ
2351 3308 2461 3376 γὰρ
2500 3305 2680 3360 κοινοῦ
2719 3305 2840 3362 *τῶν
2887 3305 3196 3377 ἀνθρώπων
3237 3308 3561 3379 προσώπου
3604 3312 3679 3364 τὰ
3708 3314 3776 3364 εἰ·

2171 3398 2383 3468 ρημένα
2411 3396 2796 3468 πρεσϐεύεται.

2243 3529 2262 3561 ι
2307 3512 2368 3564 '0
2394 3511 2527 3575 Θεὸς
2547 3511 2810 3582 ἐλάλησεν
2839 3511 2896 3564 ὲν
2929 3511 3008 3582 τῷ
3041 3509 3181 3581 ἁγίῳ
3211 3509 3408 3565 αὐτοῦ.
3459 3530 3481 3563 ι

2257 3601 2315 3654 '0
2343 3602 2579 3672 Χριστὸς
2623 3603 2683 3656 ἐν
2703 3602 2782 3673 τῷ
2810 3601 2956 3673 χορῷ
2977 3603 3086 3655 τῶν
3116 3601 3448 3654 ἀποστόλων
3477 3643 3494 3666 ,
3518 3603 3771 3674 εὔδηλον.

2165 3691 2325 3762 Δηλοῖ
2352 3691 2408 3744 δὲ
2439 3691 2508 3745 τὰ
2540 3693 2804 3762 ἑπόμενα.
2837 3695 2896 3747 ὲν
2924 3689 3007 3755 οἷς
3038 3692 3130 3745 τὸν
3172 3692 3383 3762 Κύριον
3437 3695 3591 3763 περὶ
3649 3697 3773 3748 πέέα

2163 3781 2264 3853 τῆς
2286 3783 2379 3836 τοῦ
2416 3784 2704 3853 Προφήτου
2738 3773 2979 3854 δεήσεως
3010 3782 3467 3853 ἀποκρινόμενον
3496 3784 3770 3854 ἔγραψεν.

2165 3873 2386 3936 Τούτοις
2413 3877 2527 3938 τοῖς
2559 3875 2789 3945 ὀνόμασι
2833 3875 2932 3945 τὴν
2969 3875 3180 3945 δωρεὰν
3212 3878 3652 3948 χαρακτηρίζει
3687 3876 3774 3928 τοῦ

2164 3963 2515 4034 Πνεύματος’
2556 3964 2780 4017 κοιλάδα
2811 3964 2912 4034 μὲν
2943 3963 3053 4016 τῶν
3093 3964 3333 4032 σκηνῶν,
3359 3965 3484 4016 τῶν
3538 3966 3772 4034 Ἐκκλη-

2165 4055 2296 4107 σιῶν
2325 4054 2587 4124 δηλονότι,
2617 4056 3004 4126 τυγχάνουσαν
3030 4071 3043 4083 ’
3071 4055 3261 4125 ἐπειδὴ
3286 4054 3388 4125 τὴν
3415 4055 3540 4109 τῶν
3567 4059 3773 4128 νοητῶν

2164 4147 2372 4201 ὑδάτων
2410 4148 2752 4218 συναγωγὴν,
2809 4147 2955 4218 φημὶ
2991 4146 3056 4217 δὴ
3103 4145 3197 4200 τοῦ
3245 4145 3683 4217 βαπτίσματος,
3724 4152 3772 4202 ἐν

2162 4239 2227 4307 τῇ
2249 4236 2456 4291 κοιλάδι
2481 4237 2653 4307 ταύτῃ
2691 4239 2756 4306 τῇ
2791 4237 3026 4306 χορηγίᾳ
3053 4239 3120 4306 τῇ
3160 4235 3253 4289 τοῦ
3296 4237 3658 4306 Πνεῦμα-τος
3687 4241 3770 4292 κέο

2164 4348 2391 4401 κτηνται
2422 4347 2436 4360 ο
2466 4331 2592 4402 περ).
2626 4322 2688 4383 οῦ
2736 4329 2972 4400 ἀλλαχοῦ
3003 4346 3167 4400 φησιν
3217 4331 3245 4382 ὁ
3292 4329 3496 4395 Δαδὶδ,
3549 4331 3676 4385 Kal
3720 4329 3772 4385 σέ

2165 4422 2445 4486 κοιλάδες
2469 4422 2856 4490 πληθυνοῦσι
2882 4422 3057 4478 σῖτον
3078 4438 3093 4452 ο
3120 4419 3310 4490 ἐπειδὴ
3340 4420 3454 4489 τῆς
3479 4423 3772 4500 ῂμετέρας

2167 4511 2442 4583 σωτηρίας
2467 4512 2494 4563 ὁ
2515 4511 2746 4582 καρπός.
2768 4511 2980 4581 Σίκιμα
2999 4510 3058 4564 δὲ
3079 4509 3335 4576 ὠμιασις
3352 4509 3766 4579 ἑρμηνεύεται,

2165 4601 2446 4654 τουτέστιν
2478 4599 2636 4670 ὲξοχή
2663 4613 2678 4628 ⁸
2710 4599 2867 4652 τοῦτο
2905 4600 3014 4671 γὰρ
3057 4601 3086 4652 ὁ
3135 4592 3288 4669 ὦμος
3329 4599 3498 4670 παρὰ
3534 4603 3617 4672 τῇ
3662 4601 3770 4668 Θείᾳ

2170 4693 2362 4763 Γραφῇ
2395 4691 2548 4763 δηλοῖ
2568 4709 2583 4724 ο
2617 4691 2741 4746 ὅθεν
2765 4690 3012 4761 περὶτοῦ
3047 4690 3220 4745 Σαούλ
3251 4706 3453 4760 φησιν,
3501 4691 3771 4760 ’ἠέ-πλάξ

2170 4783 2517 4851 ὑπερωμίαν
2556 4782 2655 4836 καὶ
2685 4782 2908 4837 ἐπάνω.
2941 4783 3006 4836 Τί
3033 4782 3091 4836 δὲ
3125 4781 3219 4834 τοῦ
3243 4780 3604 4849 Πνεύματος
3638 4787 3770 4852 ὑφη-

2169 4872 2422 4944 λότερον;
2457 4872 2490 4943 ἢ
2529 4873 2663 4928 ποία
2689 4891 2773 4936 τις
2822 4873 3068 4946 ὑπεροχὴ
3109 4872 3252 4927 κατὰ
3275 4871 3378 4942 τὴν
3425 4873 3666 4944 δωρεὰν
3683 4879 3770 4944 τὴν

2169 4963 2381 5018 ἐκεῖθεν
2406 4965 2740 5036 εὑρίσκεται,
2765 4965 2834 5036 ἣν
2856 4965 3159 5035 ύψούμενος
3181 4965 3211 5017 δ
3232 4963 3484 5032 Χριστὸς
3511 4967 3772 5036 διαμερὲ-

2166 5055 2282 5122 (et;
2319 5055 2478 5108 Ἀλλὰ
2502 5055 2608 5126 μὴν
2637 5057 2733 5110 καὶ
2755 5056 3058 5127 διαμετρεῖ,
3081 5054 3350 5118 τουτέστι,
3380 5055 3536 5125 πρὸς
3575 5061 3773 5127 μέτρον

2168 5148 2386 5220 διαιρεῖ.
2421 5142 2667 5220 Ἓκάστῳ
2709 5148 2822 5220 γὰρ
2861 5150 2895 5220 ὴ
2940 5149 3248 5219 φανέρωσις
3292 5144 3397 5200 τοῦ
3439 5149 3773 5222 Πνεῦματος

2171 5239 2309 5309 πρὸς
2337 5238 2400 5292 τὸ
2433 5239 2713 5311 συμφέρον
2749 5239 2975 5294 δίδοται.

2245 5346 2266 5380 ι
2295 5329 2469 5383 Μωὰϐ
2503 5309 2668 5400 λέϐης
2692 5329 2796 5400 τῆς
2816 5329 3032 5393 ἐλπίδος
3057 5309 3192 5401 μουῒ
3219 5346 3240 5382 ι

564 5509 787 5599 :25“);
811 5530 1028 5599 ίεὲκὶιν,
1063 5524 1144 5580 19..
1224 5527 1268 5558 ⁸⁸
1295 5527 1445 5582 Isaiae
1479 5544 1666 5595 xvxm,
1698 5529 1748 5586 5.
1825 5528 1869 5563 δι’
1891 5527 2029 5584 Psal.
2059 5544 2068 5582 ι

2177 5544 2255 5598 ιιι,
2286 5529 2370 5584 l9.
2448 5529 2492 5561 9°
2526 5527 2727 5599 Ephes.
2759 5545 2832 5596 iv,
2863 5529 2912 5585 8.
2991 5530 3032 5563 ἰ
3067 5528 3208 5585 Psal.
3258 5542 3418 5599 Luv,
3463 5532 3550 5592 ιι.

495 5579 538 5607 ⁹²
571 5577 699 5646 Reg.
741 5595 812 5645 Ix,
834 5583 889 5634 Ξ.
