3936 6200
127 285 234 349 1313
312 358 313 361 η

1228 272 1691 347 FRAGMENTA
1725 285 1808 347 1N
1841 288 2198 351 PSALMOS.

3179 289 3318 356 1314

181 400 262 453 Διὰ
282 398 357 454 τοῦ
388 398 564 454 Μωάὄ
602 398 673 454 τὰ
696 398 828 471 ἔθνη
856 398 1152 454 αἰνίττεται
1179 416 1192 432 ·
1220 400 1425 473 λέϐητα
1460 402 1519 456 δὲ
1551 403 1638 456 ἐλ-

1816 402 1921 459 Per
1959 404 2116 460 Moab
2162 412 2354 475 gentes
2403 403 2645 459 insinuat
2692 423 2706 459 :
2750 406 2981 463 lehetem
3029 423 3160 465 vero
3200 411 3319 482 spei

120 493 243 556 πίδος
267 491 387 546 αὐτὰ
425 491 605 556 καλεῖ,
645 492 893 544 τουτέστι
936 490 1330 561 θερμαίνοντας
1369 492 1466 546 καὶ
1501 494 1637 546 ἀνα-

118 584 449 658 ζωπυροῦντας
489 584 588 656 τὴν
614 585 695 649 είς
720 583 885 638 αὑτὸν
920 582 1132 636 ἐλπίδα.
1161 582 1287 646 Πῶς
1319 583 1377 636 δὲ
1417 583 1641 653 θερμαί-

116 693 302 743 νοντας;
327 676 399 747 τῷ
427 675 604 747 νοητῷ
629 676 766 746 πυρὶ
802 674 903 743 τῆς
938 673 1222 744 ἐνεργείας
1260 674 1355 727 τοῦ
1384 675 1636 745 Πνεύμα-

114 785 206 832 τος.
237 769 354 838 Πυρὶ
380 768 491 839 γὰρ
519 768 650 838 ὁρᾷς
678 765 771 820 τὸν
800 765 1005 836 λέϐητα
1031 764 1482 835 θερμαινόμενον.

175 880 191 912 ι
225 861 329 914 Ἐπὶ
358 859 457 926 τὴν
501 857 807 928 Ἰδουμαίαν
837 856 1043 911 ἐκτενῶ
1071 857 1134 910 τὸ
1168 857 1439 927 ὑπόδημα.
1479 875 1498 909 ι

167 951 409 1005 Δείκνυσιν
443 951 471 1003 ὁ
498 949 736 1019 Χριστὸς
757 949 905 1011 ὅπως
937 948 1036 1019 τὴν
1063 947 1173 1002 τῶν
1202 948 1375 1003 ὲθνῶν
1409 947 1637 1020 Ἐκκληο

109 1043 212 1109 σίαν
236 1041 524 1114 ἔμπροσθεν
565 1040 629 1106 ἐξ
684 1041 901 1112 Ἰσραὴλ
946 1042 1314 1110 ὑποταγεῖσαν
1358 1041 1635 1112 ἐποίησεν,

107 1133 318 1195 ικτείνας
356 1134 450 1186 καὶ
494 1133 694 1203 μέχρις
722 1132 904 1186 αὐτῶν
936 1131 997 1185 τὸ
1038 1132 1313 1204 ὑπόδημα,
1349 1132 1550 1204 δηλαδὴ
1577 1134 1639 1186 τὸ

106 1225 432 1295 Εὐαγγέλιον·
481 1225 618 1295 ὅπερ
676 1225 899 1296 μηνύων
949 1224 1205 1296 Ἰωάννης
1252 1226 1281 1278 δ
1330 1226 1638 1295 Βαπτιστὴς

102 1315 262 1383 ἔλεγεν
279 1356 292 1381 ,
320 1316 587 1385 Ἔρχεται
613 1316 738 1384 μετ’
765 1315 890 1385 ἐμὲ,
920 1311 993 1372 οὗ
1019 1317 1132 1369 οὐκ
1156 1316 1274 1386 είμί
1295 1317 1503 1382 ίκανύς
1533 1316 1639 1370 λῦ-

100 1422 190 1461 σαι
229 1405 322 1460 τὸν
365 1406 582 1475 ἱμάντα
627 1407 733 1461 τοῦ
782 1406 1168 1477 ὑποδήματος
1216 1408 1422 1462 αὐτοῦ.
1472 1406 1639 1460 Οὔπω

98 1498 194 1568 γὰρ
214 1492 318 1567 εἶχε
353 1498 542 1567 καιρὸν
569 1500 949 1569 ἑκφρασθῆναι
994 1500 1056 1552 τὸ
1099 1499 1453 1569 Εὐαῃγέλιον.
1480 1497 1639 1551 Οῦτω

94 1589 144 1641 δὲ
180 1589 300 1642 αὐτὸ
326 1589 481 1643 καλεῖ
511 1590 608 1643 καὶ
641 1590 879 1653 Παῦλος·
931 1591 1067 1660 φησι
1108 1590 1217 1661 γάρ
1239 1606 1253 1620 ο
1313 1588 1638 1657 Ὑποδησά-

90 1698 243 1751 μενοι
269 1681 399 1748 τοὺς
447 1682 640 1747 πόδας
681 1682 752 1736 ἐν
788 1683 1102 1751 ἑτοιμασίᾳ
1130 1682 1235 1736 τοῦ
1269 1668 1639 1752 Εὺαάηγελίου

1743 496 1889 567 ipsas
1941 506 2122 563 vocat,
2175 497 2229 552 id
2275 506 2360 553 est
2387 496 2773 552 calefacientes
2822 508 2879 552 et
2927 502 3320 559 resuscitantes

1742 602 1895 657 spem
1952 587 2006 641 in
2064 587 2264 657 ipsum.
2322 587 2611 653 Quomodo
2662 596 2843 644 autem
2903 590 3319 648 calefacientes?

1722 676 1931 745 .utique
1974 675 2203 746 spiritali
2240 675 2364 747 igne
2400 676 2792 747 inoperationis
2831 675 3067 748 Spiritus
3121 682 3316 736 sancti.

1741 765 2002 822 Lehetem
2033 767 2180 821 enim
2210 767 2363 822 vides
2394 767 2518 838 igne
2545 767 2800 822 caleﬁeri.

1820 875 1838 907 ι
1869 856 1931 909 In
1958 857 2234 911 ldnmeam
2252 857 2542 912 extendam
2570 858 3017 932 caleeamentum.
3053 878 3072 909 ι

1811 947 2064 1002 Christus
2110 947 2351 1003 ostendit
2405 948 2678 1017 quomodo
2734 950 2975 1019 gentium
3020 950 3319 1007 Ecclesiam

1742 1055 1924 1095 coram
1971 1039 2286 1107 lsraelsihi
2327 1040 2627 1110 subiectam
2660 1040 2872 1106 fecerit,
2898 1057 3070 1111 usque
3100 1043 3168 1098 ad
3200 1044 3320 1099 illas

1742 1147 1961 1204 quoque
1984 1133 2414 1189 calceamentum
2439 1148 2598 1188 suum
2625 1134 2949 1199 extendens,
2971 1135 3025 1190 id
3046 1145 3127 1191 est
3147 1137 3322 1192 Evan-

1743 1225 1942 1296 gelium
1988 1241 2003 1277 :
2045 1224 2190 1293 quod
2248 1223 2536 1279 insinuans
2584 1224 2824 1280 Joannes
2879 1225 3117 1295 Baptista
3164 1228 3318 1293 dixit,

1752 1315 1906 1370 Venit
1926 1323 2041 1385 post
2064 1331 2165 1379 me,
2202 1315 2356 1384 cujus
2391 1331 2494 1368 non
2522 1332 2638 1370 sum
2662 1317 2850 1388 dignus
2887 1326 2944 1371 ut
2972 1317 3171 1371 solvam
3207 1318 3322 1387 ejus

1744 1408 2026 1478 corrigiam
2093 1406 2436 1461 calceamenli
2485 1408 2552 1461 ".
2605 1406 2858 1463 Nondum
2924 1410 3072 1464 enim
3133 1409 3322 1464 aderat

1748 1506 1962 1566 tempus
2014 1494 2338 1550 enuntiandi
2387 1497 2762 1568 Evangelium.
2821 1498 2914 1552 Sic
2967 1514 3097 1554 vero
3156 1500 3319 1554 etiam

1744 1586 1945 1643 Paulus
1988 1586 2118 1642 illud
2166 1587 2424 1657 appellat,
2456 1587 2532 1642 ait
2576 1588 2721 1642 enim
2755 1607 2769 1641 :
2803 1588 3041 1644 (λιιι-εαιὶ
3079 1591 3234 1660 pedes
3266 1592 3322 1643 in

1745 1681 2191 1750 praeparationem
2242 1678 2521 1749 Evangelii
2574 1680 2723 1748 pacis
2767 1681 2835 1733 “.
2895 1680 3104 1734 Idcirco
3157 1680 3321 1751 igitur

90 1773 189 1841 τῆς
204 1773 451 1842 εἰρήνης.
479 1773 578 1826 Διὰ
596 1774 753 1827 τοῦτο
772 1774 953 1827 τοίνυν
970 1774 1119 1844 αὐτῷ
1138 1774 1264 1836 τοὺς
1286 1774 1637 1843 ἀλλοφύλους,

1759 1769 2096 1840 tlienigenas,
2129 1768 2339 1823 scilicet
2366 1784 2463 1839 eos
2492 1768 2584 1838 qui
2614 1777 2744 1826 sunt
2771 1784 2835 1824 ex
2861 1770 3131 1841 gentibus,
3162 1768 3321 1824 Jesus

88 1863 269 1933 δηλαδὴ
314 1865 438 1926 τοὺς
494 1863 552 1929 ἐξ
603 1862 795 1927 ἐθνῶν,
854 1865 883 1917 ὁ
940 1865 1147 1933 Ἰησοῦς
1215 1864 1479 1931 ὑπέταξε,
1542 1864 1638 1918 καὶ

88 1954 155 2018 ὡς
190 1954 545 2022 ὑποταγέντας
593 1956 676 2018 είς
722 1954 823 2027 τὴν
867 1955 966 2008 τοῦ
1009 1955 1226 2027 Ἰσραὴλ
1271 1956 1638 2027 κληρονομίαν

87 2047 384 2115 συνήγαγεν.

159 2154 176 2187 ι
208 2135 296 2198 Τίς
314 2134 509 2199 ἀπάξει
541 2151 609 2204 με
639 2134 720 2197 εἰς
754 2133 910 2187 πόλιν
939 2135 1235 2207 περιοχῆς;
1266 2154 1285 2187 ι

150 2310 301 2365 Πόλιν
335 2309 594 2380 περιοχῆς
630 2308 730 2380 τὴν
782 2309 1115 2380 Ἐκκλησίαν
1144 2311 1303 2366 καλεῖ
1326 2329 1340 2345 ο
1371 2314 1429 2366 ὲν
1465 2315 1642 2387 ταύτῃ

82 2402 186 2473 γὰρ
208 2401 300 2455 ὅλα
330 2399 647 2472 περιέχεται
695 2398 792 2452 τοῦ
824 2400 1064 2467 Χριστοῦ
1094 2401 1162 2456 τὰ
1194 2405 1469 2475 μυστήρια
1492 2420 1505 2432 ·
1550 2406 1644 2459 καὶ

82 2492 238 2560 νόμος
282 2491 374 2546 καὶ
401 2490 679 2561 προφῆται
723 2490 812 2544 διὰ
850 2489 951 2561 τῆς
990 2492 1163 2563 αὐτῆς
1215 2493 1494 2559 πολιτείας
1547 2513 1644 2549 πε-

79 2582 365 2653 ριέχονται.
417 2581 529 2652 Τὴν
583 2580 752 2652 αὐτὴν
809 2582 867 2637 δὲ
924 2584 1025 2638 καὶ
1095 2585 1400 2656 Ἰδουμαίαν
1464 2587 1640 2641 καλεῖ.

74 2674 249 2729 Μόνον
290 2672 382 2727 τοῦ
430 2672 670 2745 Χριστοῦ
696 2674 789 2727 τὸν
827 2674 1041 2747 Ἰσραὴλ
1095 2677 1236 2747 πρὸς
1290 2680 1391 2748 τὴν
1418 2679 1644 2750 Ἐκκλη-

74 2766 196 2818 σίαν
230 2764 497 2834 δδηγῆσαι
548 2764 907 2836 καθέστηκεν,
950 2765 1010 2829 ὃς
1059 2766 1319 2820 ἀπώσατο
1345 2769 1473 2831 τοὺς
1515 2771 1644 2822 ’1ου-

66 2856 248 2918 δαίους
272 2854 348 2917 ὡς
367 2855 448 2918 είς
465 2855 632 2908 αὐτὸν
667 2855 743 2926 μὴ
782 2856 1182 2921 πιστεύσαντας
1201 2874 1215 2889 ·
1261 2858 1378 2911 ἀλλ’
1405 2859 1467 2912 οὐ
1508 2861 1643 2919 πάν-

62 2962 198 3009 τας·
233 2944 351 2998 οὐδὲ
390 2944 613 3014 ἐξῆλθεν
652 2946 832 2999 αὐτῶν
873 2947 932 3000 ἐν
975 2949 1096 3009 ταῖς
1126 2948 1451 3018 δυνάμεσιν·
1482 2967 1642 3003 τουτ-

60 3038 204 3101 ἐστι,
243 3035 368 3099 τοὺς
399 3037 459 3089 ὲν
495 3036 680 3101 αὐτοῖς
721 3037 999 3104 δυνατοὺς,
1028 3038 1232 3111 δηλαδὴ
1264 3039 1392 3103 τοὺς
1426 3041 1505 3111 μὴ
1550 3058 1642 3093 πι-

59 3129 420 3194 στεύσαντας,
450 3130 553 3184 ούκ
586 3129 831 3185 ἀπέϐαλε
857 3129 948 3183 διὰ
982 3130 1111 3195 τοὺς
1140 3131 1571 3198 πιστεύσαντας.

136 3240 157 3273 ι
203 3222 302 3287 Δὸς
330 3224 462 3294 ἡμῖν
485 3220 739 3293 βοήθειαν
765 3223 831 3276 ὲκ
854 3222 1108 3292 θλίψεως.
1142 3242 1161 3275 ι

131 3364 400 3467 Βοήθειαν
424 3397 490 3450 ἐκ
522 3396 753 3466 θλίψεως
774 3394 851 3465 τῷ
872 3395 988 3466 λαῷ
1018 3396 1128 3449 τῶν
1162 3396 1436 3451 Ἰουδαίων
1462 3398 1644 3452 πίστιν

50 3488 119 3552 ἐξ
149 3487 413 3548 ἀπιστίας
467 3487 856 3556 πρεσϐεύεται.
920 3485 1204 3558 Σωτηρίαν
1254 3488 1312 3540 δὲ
1353 3487 1644 3561 ἀνθρώπου

45 3577 155 3647 τὴν
189 3575 250 3640 ἐξ
271 3575 622 3646 ἀνθρωπίνης
650 3575 998 3639 διδασκαλίας
1029 3576 1494 3649 προσδοκωμένην
1521 3580 1646 3651 νόητ

48 3687 152 3723 σον
174 3685 186 3698 ·
233 3668 328 3722 οἵα
358 3683 442 3731 τις
469 3663 539 3738 ἦν
567 3669 599 3738 ή
644 3666 753 3725 τῶν
782 3667 1055 3721 Ἰουδαίων
1088 3667 1409 3724 διδασκαλία
1429 3711 1443 3725 .
1501 3672 1646 3743 Πρὸς

42 3762 164 3834 γὰρ
199 3763 264 3815 τὸ
283 3761 471 3823 αὐτοῖς
496 3758 692 3815 δοκοῦν
717 3759 952 3827 ἐγίνετο.

627 3851 923 3906 ΨΑΛΜΟΣ
946 3850 1074 3904 Pll'.

124 3963 145 3997 ι
182 3944 281 4007 Εἰς
312 3942 377 3996 τὸ
404 3942 558 4006 τέλος
584 3941 801 4011 ψαλμδς
829 3940 907 4012 τῷ
937 3941 1125 3995 Δαυῖδ.
1172 3960 1192 3994 ι

128 4034 486 4104 Ἀναγκαίως
516 4034 607 4088 τὸν
623 4033 840 4103 ψαλμὸν
859 4034 965 4099 Εις
980 4032 1047 4086 τὸ
1071 4032 1248 4100 τέλος
1278 4033 1367 4087 τὸν
1398 4035 1642 4107 παρόντα

30 4124 297 4195 ἔγραψεν
320 4140 335 4153 ο
386 4123 500 4194 ἔχει
531 4123 640 4193 γὰρ
679 4123 780 4178 ὅσα
815 4123 893 4193 τῷ
930 4122 1076 4175 τέλει
1114 4126 1215 4195 τῆς
1255 4123 1350 4177 τοῦ
1389 4126 1644 4196 Σωτῆρος

28 4213 208 4284 ἡμῶν
243 4214 744 4285 ὲνανθρωπήσεως,
797 4213 1000 4284 δηλαδὴ
1030 4215 1167 4285 πρὸς
1193 4215 1344 4285 αὐτῷ
1372 4215 1448 4286 τῷ
1479 4216 1642 4271 πάθει

26 4306 118 4377 τῷ
167 4309 523 4379 Δεσποτικῷ,
580 4311 921 4379 πέπρακται·
953 4307 1144 4382 διόπερ
1187 4310 1402 4363 καὶτὸν
1429 4309 1643 4380 ψαλμὸν

1745 1860 1849 1915 sibi
1868 1858 2117 1928 subjecit,
2148 1868 2203 1913 et
2231 1867 2486 1929 tanquam
2521 1859 2774 1915 subditos
2812 1860 2867 1914 in
2898 1859 3111 1916 lsraelis
3144 1861 3319 1940 haeret

1746 1950 1970 2006 ditatem
2003 1949 2320 2005 introduxit.

1818 2132 1979 2189 Vens.
2015 2134 2101 2189 Η.
2150 2153 2168 2186 ι
2199 2132 2337 2198 Quis
2377 2131 2612 2187 adducet
2660 2147 2749 2186 me
2790 2131 2846 2186 in
2889 2131 3163 2187 civitatem
3209 2132 3318 2187 cir-

1747 2221 2127 2280 cumstantias?
2162 2242 2181 2273 ι

1818 2312 2108 2369 Civitatem
2140 2310 2561 2366 circumstantiae
2592 2319 2752 2365 vocat
2777 2308 3071 2364 Ecclesiam
3100 2327 3113 2363 :
3150 2309 3205 2364 in
3231 2310 3320 2365 illa

1749 2400 1893 2456 enim
1951 2399 2305 2455 continentur
2357 2399 2610 2455 universa
2663 2392 2868 2453 Christi
2922 2396 3206 2468 mysteria;
3266 2408 3322 2453 et

1748 2494 1835 2549 lex
1861 2502 1916 2548 et
1944 2493 2224 2564 propheta:
2268 2492 2322 2546 in
2360 2491 2553 2546 eadem
2599 2505 2816 2561 quoque
2852 2490 3036 2561 politia
3072 2504 3322 2560 compre-

1749 2586 2080 2641 henduntur.
2159 2583 2421 2639 Eamdem
2497 2598 2631 2639 vero
2694 2582 2857 2637 etiam
2912 2582 3145 2652 appellat
3194 2580 3321 2637 ldu-

1749 2692 1961 2732 mnsam.
1991 2675 2286 2730 Constituit
2323 2674 2492 2731 solius
2515 2673 2720 2730 Christi
2768 2688 2888 2755 esse
2911 2673 3171 2730 Israelem
3221 2673 3322 2728 ad-

1748 2768 1949 2823 ducere
1987 2767 2055 2822 ad
2100 2766 2421 2831 Ecclesiam,
2449 2766 2541 2835 qui
2578 2765 2796 2821 Iudaeos
2825 2765 3026 2837 repulit
3065 2775 3322 2836 tanquam

1748 2874 1858 2913 non
1898 2858 2185 2913 credentes
2226 2856 2278 2911 in
2309 2872 2465 2925 eum;
2506 2873 2697 2915 verum
2737 2873 2849 2913 non
2885 2872 3113 2913 omnes:
3142 2873 3322 2928 neque

1748 2962 1999 3018 egressus
2044 2946 2145 3000 l‘uit
2189 2949 2243 3001 in
2285 2946 2583 3001 virtutibus
2634 2961 2843 3011 eorum,
2878 2946 2930 3001 id
2961 2955 3064 3011 est,
3103 2962 3199 3001 eos
3229 2947 3320 3016 qui

1750 3040 1892 3094 inter
1934 3040 2082 3109 ipsos
2126 3046 2381 3108 potentes
2430 3046 2607 3102 erant,
2648 3037 2859 3093 scilicet
2903 3037 3168 3105 inﬁdeles,
3210 3054 3321 3093 non

1669 3109 1712 3167 (ἶ
1746 3127 1946 3198 repulit
1982 3136 2205 3198 propter
2242 3127 2447 3182 ﬁdeles.

1816 3218 1981 3275 Vens.
2036 3220 2124 3275 l5.
2185 3237 2204 3270 ι
2262 3219 2339 3272 Da
2391 3218 2554 3274 nobis
2624 3219 2890 3274 auxilium
2961 3219 3028 3275 de
3098 3219 3321 3276 tribula-

1747 3309 1916 3363 tione.
1947 3326 1966 3359 ι
2182 3378 2183 3381 η
2845 3313 2848 3316 ’

1813 3399 2090 3453 Auxilium
2116 3399 2184 3454 de
2216 3399 2565 3454 tribulatione
2595 3401 2794 3469 populo
2819 3400 3128 3456 Judzcorum
3160 3402 3320 3458 ﬁdem

1746 3505 1815 3545 ex
1864 3488 2189 3545 inﬁdelitate
2239 3489 2552 3545 annuntiat.
2607 3489 2849 3545 Salutem
2900 3505 3033 3546 vero
3080 3492 3318 3548 hominis

1744 3579 1982 3652 intellige
2006 3580 2154 3635 illam
2172 3595 2293 3650 quae
2318 3596 2382 3635 ex
2403 3579 2645 3635 humana
2668 3579 2912 3635 doctrina
2931 3590 3312 3651 exspectatur:
3358 3648 3365 3651 η

1743 3674 1920 3743 qualis
1958 3681 2079 3728 erat
2123 3674 2211 3728 illa
2255 3673 2507 3729 doctrina
2540 3671 2855 3728 Judaeorum
2887 3690 2903 3728 :
2948 3672 3016 3729 ad
3055 3673 3315 3744 placitum

1745 3767 1889 3822 enim
1922 3765 2164 3836 ipsorum
2191 3767 2401 3822 ﬁebat:

2272 3856 2588 3913 PSALMUS
2615 3856 2793 3916 CVIII.

1712 4002 1715 4005 η
1812 3948 1979 4005 Vens.
2023 3951 2073 4005 ι.
2110 3968 2131 4003 ι
2162 3951 2222 4004 In
2247 3949 2409 4005 ﬁnem
2445 3951 2684 4020 psalmus
2715 3951 2903 4006 David.
2936 3969 2954 4002 ι

1815 4039 2135 4098 Necessario
2152 4051 2476 4113 praesentem
2517 4043 2782 4112 psalmum
2837 4042 3115 4113 inscripsit
3145 4044 3210 4099 In
3255 4044 3323 4113 ﬁ-

1744 4150 1861 4188 nem
1882 4150 1901 4188 :
1931 4135 2175 4190 continet
2205 4134 2353 4189 enim
2411 4149 2751 4203 quaecunque
2789 4132 3086 4189 Salvatoris
3146 4135 3322 4190 nostri

1744 4222 2131 4278 incarnationis
2155 4221 2249 4276 ﬁni
2279 4223 2617 4286 acciderunt,
2642 4221 2851 4277 scilicet
2881 4237 2945 4275 ea
2971 4236 3091 4291 qum
3116 4223 3172 4276 in
3206 4223 3322 4291 ipsa

1745 4311 2026 4368 Dominica
2054 4312 2308 4382 passione
2343 4319 2492 4383 gesta
2521 4321 2687 4366 sunt:
2715 4320 2939 4381 propter
2964 4327 3129 4381 quam
3152 4312 3322 4368 etiam

22 4398 425 4469 ὲμελῴδησεν.
489 4401 689 4453 Εἰκόνα
733 4399 840 4471 γὰρ
893 4399 1082 4470 φέρειν
1128 4401 1222 4452 τοῦ
1269 4400 1509 4471 Χριστοῦ
1550 4401 1638 4455 τὸν

1759 4408 1895 4461 hunc
1923 4405 2189 4475 psalmum
2220 4404 2443 4459 cecinit.
2478 4403 2734 4458 Davidem
2764 4403 2912 4457 enim
2939 4402 3143 4458 Christi
3186 4403 3324 4458 ima-

16 4490 211 4546 Δαόὶδ
247 4491 565 4561 εἰρήκαμεν
597 4491 925 4559 φθάσαντες.

107 4602 131 4635 ι
184 4582 252 4637 Ὀ
284 4582 426 4646 Θεὸς
464 4581 563 4651 τὴν
594 4583 799 4637 αἴνεσίν
840 4600 942 4653 μου
1004 4583 1079 4654 μὴ
1111 4583 1578 4655 παρασιωπὴσης.
1616 4604 1634 4637 ι

109 4673 228 4727 Τὸν
257 4673 476 4727 Ἰούδαν
496 4674 816 4727 αἰνίττεται·
844 4675 1101 4745 περὶγὰρ
1132 4674 1297 4728 αὐτοῦ
1343 4676 1437 4746 τῆς
1458 4677 1641 4747 ψαλμ-

1747 4497 1927 4570 ginem
1957 4496 2162 4551 referre
2188 4495 2437 4566 superius
2467 4495 2726 4551 diximus.

1817 4587 1979 4643 Vens.
2006 4588 2061 4642 2.
2091 4609 2109 4641 ‹
2139 4590 2298 4652 Deus,
2322 4587 2533 4642 laudem
2565 4602 2739 4642 meam
2767 4602 2837 4642 ne
2872 4586 3125 4645 tacueris.
3155 4603 3175 4640 ι

1818 4680 2011 4736 Judam
2042 4681 2322 4746 insinuat;
2354 4680 2422 4736 de
2452 4680 2569 4751 ipso
2601 4680 2748 4734 enim
2782 4681 3010 4735 maxima
3040 4695 3167 4751 pars
3221 4679 3323 4733 hu-

13 4766 204 4837 ῳδίας
234 4766 304 4819 τὸ
338 4765 592 4820 πλεῖστον
630 4769 727 4837 τῆς
758 4766 1176 4838 ηοκειμμένης
1199 4768 1507 4836 γέγραπται
1534 4784 1546 4797 ·
1578 4762 1638 4820 οῦ

1759 4773 1836 4835 ius
1895 4771 2086 4839 psalmi
2144 4772 2343 4840 scripta
2399 4778 2521 4836 est;
2562 4770 2717 4841 cujus
2769 4785 2832 4825 os
2867 4771 3019 4839 prius
3069 4778 3324 4837 tanquam

13 4861 81 4913 τὸ
116 4860 324 4930 στόμα
368 4859 636 4929 πρότερον
677 4859 752 4922 ὡς
785 4859 1132 4932 ἁμαρτωλοῦ,
1175 4859 1428 4929 δεύτερον
1465 4858 1521 4911 δὲ
1565 4858 1638 4922 ὡς

1759 4860 2071 4928 peccatoris,
2095 4860 2291 4913 deinde
2317 4876 2446 4914 vero
2493 4870 2748 4931 tanquam
2779 4861 2948 4916 dolosi
2993 4869 3179 4915 contra
3218 4858 3323 4914 Do-

13 4951 216 5007 Ξολίου
266 4951 421 5005 κατὰ
445 4950 539 5004 τοῦ
592 4950 800 5020 Κυρίου
842 4951 1139 5020 ’ἀνοιγῆναι
1173 4952 1520 5022 εὑρήσομεν·
1564 4949 1638 5011 ὡς

1759 4950 1960 5003 minum
1994 4960 2241 5019 apertum
2289 4950 2457 5006 fuisse
2497 4954 2834 5022 reperiemus
2864 4971 2877 5006 :
2908 4966 3032 5005 nam
3068 4959 3320 5019 tanquam

13 5040 133 5113 (ἀρ
168 5042 523 5113 ἁμαρτωλὸς
546 5043 640 5095 καὶ
663 5040 987 5112 παράνομος
1007 5043 1121 5103 τοῖς
1157 5040 1432 5104 Ἰουδαίοις
1464 5041 1638 5107 ἔλεγε·

1759 5051 2005 5111 peccator
2026 5050 2081 5095 et
2111 5041 2328 5110 iniquus
2356 5042 2559 5099 Judaeis
2580 5043 2788 5098 dixerat
2813 5059 2828 5096 :
2860 5041 2995 5105 Quid
3015 5040 3171 5095 vultis
3220 5040 3324 5093 mi-

13 5134 85 5189 Γί
113 5132 357 5188 θέλετέ
396 5150 503 5202 μοι
543 5132 778 5197 δοῦναι,
819 5132 980 5201 κάγὼ
1013 5131 1154 5201 ὑμῖν
1178 5132 1513 5199 παραδώσω
1539 5134 1638 5187 αὐ-

1759 5130 1803 5182 lu'
1830 5135 1980 5196 dare,
2002 5140 2050 5183 et
2080 5146 2171 5200 ego
2198 5131 2338 5184 vobis
2367 5147 2485 5186 eum
2512 5134 2725 5186 tradam
2759 5131 2845 5183 "‘l
2875 5139 3129 5200 tanquam
3173 5128 3326 5184 dolo-

13 5224 131 5276 τόν
160 5237 183 5284 ;
227 5221 320 5285 ὠς
352 5222 528 5285 δόλιος
567 5222 765 5292 Χαῖρε,
809 5221 1029 5291 Ῥαϐϐὶ,
1057 5221 1192 5292 πρὸς
1232 5221 1441 5292 Ἰησοῦν
1475 5216 1596 5276 εἷπε
1625 5261 1638 5288 ,

1759 5235 1844 5276 sus
1873 5220 1976 5276 Are
1995 5221 2158 5275 Rabbi
2177 5221 2242 5275 ad
2261 5220 2448 5275 Jesum
2471 5223 2631 5289 dixit,
2656 5231 2706 5276 et
2726 5221 2992 5275 osculatus
3017 5228 3093 5274 est
3123 5235 3240 5272 eum
3255 5219 3324 5284 π,

13 5313 119 5368 cal
183 5312 625 5381 κατεφίλησεν
682 5313 870 5367 αὐτόν
899 5329 913 5343 ο
981 5311 1277 5384 ἀρραϐῶνα
1333 5314 1448 5376 τοῖς
1503 5313 1638 5383 λαμ-

1759 5314 1994 5369 osculum
2024 5314 2080 5368 in
2115 5314 2327 5385 signum
2367 5313 2694 5383 proditionis
2726 5313 2938 5368 donans
2986 5308 3326 5381 capientibus

13 5406 272 5462 ἰάνουσι
301 5404 562 5471 δεδωκὼς
590 5407 692 5477 τῆς
726 5406 1019 5477 προδοσίας
1050 5405 1113 5460 τὸ
1137 5405 1372 5478 φίλημα.
1746 5420 1894 5460 eum.
2435 5465 2448 5477 ,

84 5515 112 5550 ι
173 5496 506 5568 Ἐλάλησαν
530 5501 650 5553 κατ’
681 5499 816 5570 ἐμοῦ
842 5497 1085 5579 γλώσσῃ.
1131 5518 1149 5551 ι

1818 5498 1978 5557 Vnus.
2005 5503 2059 5556 5.
2092 5522 2110 5554 ι
2148 5499 2335 5557 Locuti
2359 5509 2486 5557 sunt
2512 5499 2796 5557 adversum
2818 5515 2906 5556 me
2934 5499 3134 5570 lingua.
3170 5513 3193 5550 ι

73 5669 347 5730 οειοεη,
386 5690 425 5743 ι,
454 5674 543 5731 27,
621 5675 666 5707 ἰ
697 5674 900 5745 Ephes.
933 5688 1005 5737 v1,
1036 5671 1122 5726 15.
1200 5673 1247 5707 ⁸³
1278 5670 1469 5728 Matth.
1504 5687 1638 5739 τινι,

1759 5711 1770 5726 .
1845 5673 1890 5704 9‘
1931 5671 2062 5727 ibid.
2090 5671 2177 5726 49.
