3936 6200
269 320 401 396 13ίτ

1422 311 1885 376 FRAGMENTA
1923 310 2006 371 IN
2044 309 2404 372 PSALMOS.

3412 302 3547 369 1313

336 437 492 501 Tim;
546 433 700 504 δῆλον
728 429 804 494 ὡς
861 422 1227 498 muttire”;
1278 421 1387 494 γὰρ
1429 423 1512 487 εἰς
1564 423 1853 494 μετάνοιαν

2026 414 2171 471 Cui?
2225 414 2411 483 utique
2470 411 2819 468 manifestum
2867 413 3011 482 quod
3045 412 3144 468 sibi
3195 411 3547 486 ipsizneque

272 524 431 593 εἶδεν,
458 527 582 581 ὅθεν
609 525 795 588 ἐλέους
824 522 1006 592 τυχεῖν
1031 518 1127 572 καὶ
1152 514 1570 588 φιλανθρωπίας
1606 513 1853 569 ἁπολαῦ-

274 638 364 676 σαι
385 616 639 690 ἠδύνατο.
655 618 718 671 '0
742 615 800 670 δὲ
831 613 1024 668 ἑαυτὸν
1047 611 1124 683 μὴ
1151 609 1405 682 ἐλεήσας,
1442 608 1561 673 πῶς
1590 609 1739 681 παρὰ
1760 607 1853 661 τοῦ

274 710 477 784 Κριτοῦ
502 707 797 782 ἐλεηθῆναι
823 706 1051 761 δύναται
1077 722 1094 772 ;

351 908 371 942 ι
410 889 520 943 Καὶ
550 884 875 950 κατεδὲωξεν
906 883 1193 954 ἄνθρωπον
1233 881 1461 948 πένητα.
1492 897 1512 929 ι

342 981 520 1050 Πένης
548 980 642 1033 καὶ
669 977 886 1047 πτωχὸς
913 977 941 1030 ὁ
972 974 1179 1044 Κύριος
1202 991 1217 1004 ο
1253 970 1444 1042 ἐπειδὴ
1472 968 1727 1032 πλούσιος
1755 966 1852 1034 ὢν,

276 1073 417 1143 ὑπὲρ
454 1070 614 1141 ἡμῶν
652 1069 999 1138 ἐπτώχευσεν
1024 1082 1038 1097 ο
1083 1066 1144 1120 οὐ
1180 1065 1340 1136 μόνον
1383 1061 1442 1116 δὲ
1478 1060 1854 1132 ἐπτώχευσεν,

279 1160 417 1214 ἀλλὰ
462 1159 558 1213 καὶ
605 1160 685 1221 εἰς
721 1155 979 1210 τοσοῦτον
1025 1155 1112 1209 διὰ
1163 1156 1261 1225 τὴν
1298 1153 1410 1207 τῶν
1454 1151 1720 1206 Ἰουδαίων
1759 1151 1855 1201 ἁν-

282 1251 476 1320 ηιιοῖαν
526 1247 696 1318 πένης
754 1246 995 1314 ἐγένετο,
1049 1244 1189 1298 ὥστε
1229 1244 1428 1312 λέγειν·
1448 1245 1516 1296 Al
1549 1240 1856 1304 ἀλώπεκες

275 1338 547 1408 φωλεοὺς
598 1335 836 1406 ἔχουσι,
897 1335 997 1389 καὶ
1040 1335 1113 1388 τὰ
1155 1327 1403 1388 ¹πετεινὰ
1438 1330 1547 1386 τοῦ
1592 1329 1855 1399 οὐρανοῦ

276 1427 797 1496 κατασκηνώσεις·
862 1428 896 1481 ὀ
941 1425 1011 1478 δὲ
1064 1427 1193 1492 mg
1240 1425 1346 1480 τοῦ
1395 1423 1709 1494 ἀνθρώπου
1743 1423 1856 1475 οὐκ

276 1524 402 1592 ἔχει
446 1518 563 1574 ποῦ
594 1518 711 1586 τὴν
734 1515 1014 1587 κεφαλὴν
1061 1515 1270 1586 κλίνῃ.
1308 1516 1491 1586 Ὅπερ
1515 1514 1634 1570 ἐστὶ
1667 1512 1859 1575 πενέας

276 1608 722 1684 ὑπερϐαλλούσης
745 1606 1041 1672 ἀπόδειξις.

348 1724 368 1757 ι
404 1706 515 1759 Καὶ
545 1702 1022 1772 κατανενυγμένον
1052 1704 1118 1774 τῇ
1140 1701 1361 1772 καρδίᾳ.
1406 1718 1427 1753 ι

1956 513 2108 569 enim
2138 511 2205 567 ad
2228 509 2611 581 paenitentiam
2639 506 2900 577 respexit,
2945 507 3090 561 unde
3119 507 3546 565 misericordiam

1948 616 2122 677 atque
2148 604 2498 661 clementiam
2519 601 2783 670 consequi
2815 599 3111 670 potuisset.
3137 599 3313 665 Quem
3362 609 3541 657 auten:

1957 676 2045 752 sui
2084 695 2256 767 ipsius
2282 709 2393 749 non
2423 676 2673 758 miseret,
2709 690 2984 760 quomodo
3021 704 3054 745 ιι
3098 688 3293 746 iudice
3327 692 3549 749 miseri-

1960 787 2206 843 cordiam
2246 785 2510 855 consequi
2541 783 2759 854 possit?

2028 877 2191 932 Vens.
2228 877 2311 931 17.
2342 893 2360 926 ι
2388 877 2458 930 Et
2486 884 2810 945 persecutus
2838 883 2923 928 est
2948 872 3230 928 hominem
3267 873 3542 944 inopema

2029 970 2250 1041 Egenus
2288 977 2346 1023 et
2379 968 2539 1038 inops
2577 966 2879 1032 Dominus;
2907 965 3033 1035 quia
3055 981 3179 1020 cum
3199 974 3346 1021 esset
3375 966 3545 1030 dives,

1957 1077 2058 1131 pro
2090 1060 2249 1115 nobis
2289 1074 2494 1130 egenus
2524 1057 2703 1112 factus
2728 1067 2813 1112 est
2841 1075 2854 1111 :
2885 1066 2941 1112 et
2977 1072 3085 1111 non
3122 1058 3299 1112 solum
3340 1072 3549 1127 pauper

1958 1149 2081 1215 fuit,
2114 1162 2305 1203 verum
2345 1148 2512 1203 etiam
2543 1155 2769 1217 propter
2785 1145 3102 1202 Iudaeorum
3142 1147 3544 1202 contumaciam

1958 1242 2026 1297 ad
2057 1251 2265 1297 tantam
2302 1241 2556 1296 redactus
2583 1248 2667 1294 est
2685 1247 3004 1310 egestatem,
3037 1247 3098 1295 ut
3126 1239 3334 1293 diceret
3367 1256 3381 1293 :
3421 1238 3548 1294 Vul-

1958 1348 2046 1402 pes
2075 1333 2249 1401 foveas
2268 1330 2459 1384 habent
2485 1339 2533 1383 et
2569 1329 2801 1383 volucres
2835 1329 2950 1383 cceli
2982 1328 3168 1391 nidos;
3207 1327 3378 1383 Filius
3428 1344 3549 1382 vero

1957 1423 2182 1476 hominis
2203 1438 2306 1475 non
2334 1423 2488 1477 habet
2514 1422 2607 1475 ubi
2634 1430 2794 1491 caput
2827 1420 3043 1475 reclinet
3082 1422 3126 1473 ’.
3159 1420 3316 1486 Quod
3332 1419 3547 1491 signum

1958 1519 2043 1566 est
2065 1519 2323 1565 extremae
2347 1511 2624 1581 egestatis.

2036 1704 2056 1736 ι
2086 1685 2152 1739 Et
2185 1696 2575 1757 compunctum
2600 1684 2787 1740 corde.
2825 1703 2845 1736 ι

359 1758 419 1849 ’ό
445 1797 501 1849 δὲ
525 1795 692 1858 αὐτὸς
722 1758 908 1865 κάλ’τῇ
937 1758 1142 1865 καρδέᾷ
1166 1758 1235 1847 διζ
1277 1758 1426 1863 ἡμᾶς
1453 1793 1857 1865 κατανενυγμέ-

2033 1776 2181 1832 Idem
2218 1788 2400 1831 autem
2437 1785 2662 1846 propter
2693 1789 2797 1831 nos
2827 1788 3048 1844 quoque
3076 1774 3242 1831 corde
3279 1789 3550 1845 compun-

275 1903 364 1949 νος
397 1902 411 1915 ·
445 1885 636 1956 διόπερ
673 1884 829 1952 ἔλεγε
857 1900 873 1915 ·
904 1883 1245 1953 Περίλυπός
1265 1883 1437 1937 ἐστιν
1471 1883 1511 1952 ἠ
1533 1885 1707 1954 ψυχή
1736 1901 1855 1954 μου

275 1977 387 2044 ἕως
416 1975 703 2031 θανάτου.
1740 1960 1766 1968 ”

355 2089 376 2122 ι
408 2069 515 2121 Καὶ
538 2066 792 2136 ἠγάπησε
818 2064 1088 2136 κατάραν.
1128 2082 1147 2115 ι

351 2158 518 2212 Ποίαν
570 2154 669 2225 τὴν
709 2152 808 2206 τοῦ
856 2150 1196 2220 Μονογενοῦς
1243 2151 1497 2222 ηκουσεν,
1549 2150 1713 2222 ἡνίκα
1756 2150 1858 2221 τὴν

280 2248 572 2319 προδοσίαν
625 2243 923 2314 ἐμελέτησε
969 2240 1257 2310 λέγοντος·
1303 2241 1367 2294 '0
1405 2239 1525 2309 μὲν
1568 2242 1702 2306 Υἱὸς
1749 2241 1857 2296 τοῦ

280 2339 595 2407 ἀνθρώπου
632 2332 1019 2404 παραδίδοται
1045 2348 1060 2362 ο
1097 2329 1295 2385 καλὸν
1330 2325 1410 2401 ἦν
1440 2330 1623 2396 αὐτῷ,
1663 2335 1717 2387 el
1745 2335 1889 2388 οὐκί

278 2429 571 2500 ἐγεννήθη
600 2430 634 2482 ὁ
659 2426 974 2494 ἄνθρωπος
1002 2423 1254 2489 ἐκεῖνος.

360 2540 378 2572 ι
414 2520 523 2573 Καὶ
554 2520 656 2571 οὐκ
681 2517 946 2587 ⁴ἠθέλησεν
974 2513 1252 2584 εὐλογίαν.
1282 2533 1301 2567 ι

356 2610 620 2678 Εὐλογίαν
652 2608 755 2677 τὴν
799 2606 910 2660 τῶν
951 2606 1272 2661 ἀποστόλων
1303 2605 1477 2674 λέγει,
1518 2608 1585 2678 ἢν
1623 2608 1804 2671 αὐτοῖς
1830 2609 1859 2661 ό

282 2699 514 2768 Χριστὸς
546 2696 889 2767 ἐξεφώνησεν
924 2710 939 2727 ’
983 2694 1165 2765 Ἀμὴν
1209 2695 1367 2764 λέγω
1414 2695 1577 2764 ὑμῖν,
1608 2697 1779 2765 ὑμεῖς
1803 2700 1858 2750 ol

279 2785 817 2854 ἀκολουθήσαντές
836 2801 957 2853 μοι,
989 2784 1317 2840 καθίσεσθε
1343 2784 1441 2839 ἐπὶ
1472 2784 1700 2839 δώδεκα
1723 2788 1859 2855 θρό-

280 2896 425 2943 νους
442 2919 457 2940 ,
496 2877 804 2944 κρίνοντες
832 2875 939 2940 τὰς
965 2873 1194 2927 δώδεκα
1223 2873 1425 2942 φυλὰς
1451 2874 1559 2928 τοῦ
1597 2874 1855 2943 Ἰσραήλ.

360 2989 379 3022 ι
421 2969 529 3022 Καὶ
554 2966 845 3021 ἐνεδύσατο
879 2965 1142 3035 κατάραν.
1179 2982 1199 3016 ι

354 3059 544 3114 Ταῦτα
581 3056 687 3128 γὰρ
727 3056 821 3110 τοῦ
856 3054 1148 3127 ἀνθρώπου
1189 3055 1447 3126 τυγχάνει
1475 3055 1545 3110 τὰ
1567 3054 1814 3109 ὲνδόσθια
1839 3073 1854 3086 υ

279 3149 420 3204 ὥστε
467 3149 565 3201 καὶ
610 3146 869 3215 δυνάμεις
901 3143 1001 3212 τῆς
1037 3143 1216 3214 ψυχῆς
1250 3139 1390 3199 εἶναι
1422 3143 1493 3199 τὰ
1521 3145 1619 3213 μὲν
1652 3145 1861 3212 ἔγκατα

280 3241 376 3304 τὰς
413 3238 656 3307 λογικὰς,
692 3236 880 3306 ἐπειδὴ
901 3235 971 3288 τὰ
990 3235 1198 3304 ἔγκατα
1220 3235 1281 3288 οὐ
1313 3236 1411 3307 τὴν
1437 3235 1610 3308 αὐτὴν
1639 3236 1861 3306 κατέχει

281 3331 512 3400 τροφὴν,
551 3327 687 3380 ἀλλὰ
716 3328 811 3380 καὶ
843 3326 935 3378 νῦν
966 3326 1065 3396 μὲν
1090 3325 1328 3396 δέχεται,
1363 3325 1457 3377 νῦν
1485 3326 1542 3377 δὲ
1564 3327 1819 3380 ἐκϐάλλει
1844 3343 1859 3358 ’

282 3418 472 3487 ὥσπερ
499 3416 593 3469 καὶ
625 3415 945 3483 οἱλογισμολ¹
966 3416 1067 3469 οὐκ
1096 3415 1193 3467 ὲπὶ
1215 3413 1324 3468 τῶν
1346 3414 1529 3469 αὐτῶν
1558 3415 1857 3485 ἑστήκασι·

286 3508 527 3577 συνεχῶς
566 3506 672 3577 γὰρ
711 3506 1162 3576 μεταϐάλλονται.
1194 3506 1275 3559 Τὰ
1306 3507 1363 3560 δὲ
1391 3508 1561 3573 ὀστᾶ,
1593 3508 1694 3571 τὰς
1722 3526 1863 3579 πρα-

288 3599 505 3664 κτικὰς,
549 3599 624 3660 ὡς
673 3597 888 3668 ἰσχυρὰ,
938 3597 1244 3668 νοήσωμεν.
1289 3598 1509 3669 Ἐπειδὴ
1554 3599 1612 3653 δὲ
1660 3599 1723 3653 τὸ
1763 3600 1862 3670 μὲν

288 3690 434 3762 ὕδωρ
480 3692 591 3753 τοῖς
640 3691 894 3758 ὲγκάτοις
937 3688 1032 3760 (ὡς
1072 3690 1131 3742 ὲν
1175 3689 1435 3760 ὑγρότητι
1482 3692 1862 3763 τρεφομένοις)

288 3778 645 3848 κατάλληλον,
685 3776 748 3830 τὸ
779 3777 838 3830 δὲ
880 3777 1059 3830 ἔλαιον
1095 3779 1210 3840 τοῖς
1244 3778 1453 3842 ὀστέοις
1492 3780 1721 3852 (σφόδρα
1754 3781 1863 3853 γὰρ

287 3872 468 3942 χαίρει
499 3873 566 3941 τῇ
598 3868 666 3923 δι’
701 3869 881 3923 ἐλαίου
931 3870 1153 3939 ἀλοιφῇ)
1177 3886 1192 3901 ’
1225 3869 1454 3936 εἰκότως
1474 3872 1535 3925 τὸ
1574 3872 1721 3945 ὕδωρ
1747 3876 1863 3937 τοῖς

287 3962 563 4029 ὲγκάτοις,
594 3960 656 4014 τὸ
683 3959 861 4014 ἔλαιον
883 3964 997 4024 τοῖς
1023 3961 1230 4023 ὀστέοις
1253 3962 1613 4027 ἀποδέδωκεν,
1645 3965 1722 4029 ὡς
1753 3965 1863 4019 δεῖ·

288 4049 376 4117 ξαι
395 4050 585 4120 ὅτιπερ
608 4048 849 4125 αὐτῷἱτὰ
874 4051 974 4121 τῆς
997 4052 1244 4122 κατάρας
1272 4052 1537 4122 ἥρμοσεν,
1563 4056 1639 4118 ὡς
1660 4056 1862 4110 κατάλ-

289 4140 446 4211 ληλον
477 4140 614 4211 αὐτῇ
654 4138 919 4210 πονηρίαν
951 4139 1365 4208 μεταδιώξαντι.

362 4248 382 4285 ι
429 4231 543 4285 Καὶ
574 4231 661 4295 σὺ,
682 4230 877 4300 Κύριε,
915 4228 1140 4299 ποίησον
1173 4231 1293 4300 μετ’
1319 4230 1479 4300 ἐμοῦ.
1520 4250 1540 4283 ι

361 4323 586 4393 Εἴρηται
624 4320 905 4386 πολλάκις,
937 4321 1020 4374 ὅτι
1059 4320 1137 4392 τῷ
1167 4320 1449 4392 προσώπῳ
1494 4322 1590 4377 τοῦ
1619 4324 1860 4395 Χριστοῦ

1963 1878 2084 1922 ctus
2106 1865 2241 1932 fuit;
2277 1875 2613 1936 quapropter
2646 1866 2819 1922 dixit:
2856 1865 3042 1921 Tristis
3094 1875 3172 1921 est
3206 1866 3388 1920 anima
3431 1882 3547 1919 mea

1964 1972 2128 2027 usque
2153 1958 2224 2012 ad
2248 1967 2467 2012 mortem
2489 1959 2531 2012 ³.

2038 2047 2200 2104 Vens.
2226 2049 2311 2102 18.
2360 2068 2379 2101 ι
2411 2048 2478 2104 Ει
2509 2048 2699 2104 dilexit
2731 2045 3193 2102 maledictionem.
3229 2066 3250 2101 ι

2035 2139 2263 2206 Qualem
2296 2155 2493 2210 nempe
2518 2138 2749 2201 audivit,
2779 2137 3000 2207 quando
3028 2136 3134 2207 ipsi
3181 2136 3548 2206 proditionem

1965 2232 2246 2288 meditanti
2275 2232 2605 2303 Unigenitus
2652 2229 2810 2296 dixit,
2852 2229 3025 2284 Filius
3070 2231 3282 2300 quidem
3325 2231 3549 2285 hominis

1966 2322 2198 2375 traditur
2215 2336 2235 2377 :
2259 2321 2448 2375 bonum
2466 2328 2644 2374 autem
2661 2327 2776 2374 erat
2789 2320 2858 2382 ei,
2874 2319 2921 2372 si
2938 2326 3096 2373 natus
3124 2333 3228 2373 non
3250 2316 3434 2389 [uisset
3453 2317 3550 2371 lio-

1967 2430 2053 2468 mo
2078 2412 2169 2467 ille
2191 2412 2234 2465 ⁵.

2042 2524 2062 2555 ι
2091 2505 2157 2558 Et
2182 2503 2355 2558 noluit
2374 2501 2839 2557 benedictionem.
2891 2519 2910 2553 ι

2036 2593 2477 2650 Bcnedictionem
2499 2592 2752 2664 intelligit
2779 2591 3176 2661 apostolorum,
3197 2606 3361 2660 quam
3389 2588 3549 2647 Chri-

1966 2694 2082 2738 stus
2104 2681 2237 2751 ipsis
2262 2680 2549 2751 promisit:
2591 2681 2755 2734 Amen
2787 2681 2902 2733 dico
2934 2679 3094 2745 vobis,
3125 2680 3263 2750 quod
3320 2696 3429 2747 vos,
3457 2681 3549 2751 qui

1963 2775 2124 2829 secuti
2145 2774 2268 2828 estis
2303 2790 2405 2837 me,
2426 2773 2672 2829 Sedebitis
2691 2787 2848 2841 super
2886 2773 3030 2825 sedes
3074 2772 3372 2839 duodecim,
3394 2774 3549 2843 judi-

1966 2874 2141 2919 cuntes
2168 2863 2438 2919 duodecim
2466 2863 2633 2917 tribus
2667 2861 2841 2918 Israel
2869 2863 2913 2918 '.

2040 2977 2060 3009 ι
2103 2957 2167 3010 Et
2194 2955 2372 3011 induit
2400 2955 2862 3009 maledictionem.
2898 2973 2917 3005 ι
3132 3004 3147 3023 ,

2037 3047 2164 3103 llaec
2189 3048 2339 3104 enim
2362 3047 2602 3103 hominis
2630 3045 2887 3100 interiora
2924 3052 3095 3111 sunt;
3132 3046 3207 3102 ita
3231 3058 3292 3101 ut
3324 3045 3549 3102 intesti-

1963 3157 2031 3196 na
2061 3141 2281 3211 quidem
2311 3140 2421 3195 sint
2444 3139 2736 3193 rationales
2781 3138 2981 3193 anima:
3023 3137 3275 3203 virtutes,
3305 3140 3551 3209 quando-

1963 3232 2182 3303 quidem
2205 3233 2464 3288 intestina
2494 3245 2605 3286 non
2637 3229 2890 3285 eumdem
2931 3230 3114 3286 cibum
3165 3230 3424 3293 retinent,
3455 3232 3550 3287 sed

1963 3324 2125 3379 modo
2157 3323 2377 3392 quidem
2400 3321 2553 3376 illum
2579 3320 2905 3390 suscipiunt,
2937 3319 3101 3375 modo
3130 3334 3259 3375 vero
3287 3321 3547 3392 ejiciunt;

1964 3417 2106 3471 sicut
2131 3416 2297 3470 etiam
2326 3412 2685 3482 cogitationes
2715 3410 2909 3467 iisdem
2939 3410 3107 3468 rebus
3149 3411 3378 3468 minime
3410 3412 3549 3468 insi-

1965 3513 2136 3571 stunt,
2163 3503 2259 3558 sed
2296 3502 2516 3557 assidue
2539 3507 2842 3557 mutantur.
2870 3498 3004 3557 Ossa
3030 3516 3184 3566 vero,
3215 3511 3400 3572 utpote
3424 3518 3550 3573 quae

1964 3596 2119 3653 frrma
2148 3595 2280 3660 sint,
2312 3594 2541 3650 virtutes
2560 3593 2828 3664 practicas
2860 3592 3247 3664 intelligemus.
3278 3592 3548 3658 Quoniam

1965 3703 2102 3758 aqua
2129 3687 2350 3757 quidem
2375 3685 2650 3741 intestinis
2674 3684 2756 3755 (ut
2784 3699 2905 3753 quae
2952 3683 3181 3738 humore
3210 3683 3546 3755 nutriantur)

1966 3779 2145 3833 oleum
2195 3793 2327 3834 vero
2363 3776 2576 3833 ossibus
2608 3775 2840 3846 quadrat
2891 3774 3029 3846 (haec
3073 3774 3221 3829 enim
3276 3774 3382 3830 olei
3440 3791 3547 3830 uu-

1964 3871 2146 3924 ctione
2173 3870 2469 3939 plurimum
2498 3865 2798 3938 gaudent);
2841 3867 3037 3922 merito
3080 3882 3274 3937 aquam
3326 3867 3547 3923 intesti-

1965 3962 2070 4027 nis,
2104 3961 2285 4016 oleum
2314 3973 2443 4014 vero
2471 3958 2688 4013 ossibus
2721 3958 2989 4025 attribuit,
3022 3958 3091 4013 ad
3140 3957 3541 4022 ostendendum

1964 4052 2065 4121 ipsi
2102 4059 2412 4120 competere
2459 4048 2883 4112 exsecrationes,
2913 4058 3103 4119 utpote
3133 4049 3285 4105 hisce
3340 4064 3539 4107 convc-

1964 4144 2210 4198 nientem
2236 4143 2500 4197 malitiam
2523 4141 2883 4197 consectanti.

2033 4234 2196 4289 Vens.
2230 4235 2319 4289 21.
2361 4250 2379 4285 ι
2410 4234 2479 4288 Ει
2506 4242 2585 4298 ιιι,
2620 4231 2866 4295 Domine,
2892 4229 2977 4285 fac
3005 4245 3243 4288 mecum.
3272 4248 3293 4284 ι

2033 4324 2419 4397 διερεηιιιιιοιο
2445 4322 2650 4397 dictum
2680 4330 2785 4388 est,
2816 4336 3066 4391 personae
3090 4320 3294 4375 Christi
3319 4321 3543 4379 humilia

289 4415 548 4484 ἁρμόττει
580 4414 649 4466 τὰ
692 4414 927 4467 ταπεινὰ
974 4413 1061 4467 διὰ
1098 4414 1199 4482 τὴν
1236 4412 1635 4485 ἁνθρωπότητα
1670 4433 1683 4447 ⁸
1724 4416 1857 4472 ἀλλὰ

1972 4431 2264 4488 congruere
2307 4423 2533 4485 propter
2581 4411 3017 4478 humanitatem;
3049 4420 3427 4467 verumtamen
3484 4419 3554 4470 ut.

289 4505 385 4559 καὶ
410 4505 553 4558 οὓτω
576 4504 644 4558 τὰ
676 4505 857 4575 ὑψηλὰ
898 4507 1011 4570 τοῖς
1038 4508 1321 4572 ταπεινοῖς
1348 4506 1726 4571 συνέζευκται.
1762 4510 1860 4562 Εἰ-

288 4594 406 4649 πὼν
450 4596 578 4666 γὰρ,
633 4597 906 4665 Ποίησον
938 4597 1069 4667 μετ’
1088 4596 1259 4667 ἐμοῦ,
1289 4597 1633 4670 προσέθηκεν
1655 4599 1865 4654 ἕνεκεν

287 4685 394 4739 τοῦ
425 4687 715 4755 ὀνόματός
744 4690 862 4742 σου
888 4726 905 4752 ,
937 4688 1126 4742 ἕνεκεν
1151 4691 1251 4758 τῆς
1278 4688 1420 4758 ἐμῆς
1439 4689 1619 4754 ἀξίας.
1654 4690 1864 4761 Ὀνομα

287 4776 397 4849 γὰρ
426 4777 519 4830 τοῦ
552 4777 764 4849 Πατρδς
798 4781 826 4832 ὁ
848 4780 978 4843 Υἱός
1000 4795 1014 4810 ’
1046 4778 1237 4848 διόπερ
1280 4780 1394 4843 καὶ,
1436 4781 1863 4850 Εὐλογημένος

287 4873 322 4924 ό
350 4869 671 4940 ἐρχόμενος
705 4869 777 4924 ἐν
805 4872 1049 4947 όνόματι
1074 4871 1297 4940 Κυρίου
1328 4870 1548 4938 λέγεται
1566 4911 1581 4934 ,
1630 4872 1707 4936 ὡς
1750 4874 1863 4935 [σος

286 4960 440 5031 αὐτῷ
488 4953 773 5031 τυγχάνων
827 4960 922 5015 καλ¹
972 4962 1412 5030 ἀπαράλλακτος,
1458 4964 1553 5016 καὶ
1585 4962 1673 5015 διὰ
1701 4962 1862 5017 τοῦτο

287 5049 383 5104 τοῦ
427 5050 642 5122 Πατρὸς
672 5050 1077 5122 ἀναλαμϐάνων
1123 5051 1186 5105 τὸ
1221 5052 1414 5121 ὄνομα.
1455 5054 1567 5106 Καὶ
1605 5054 1655 5106 sl
1685 5052 1865 5116 οὕτως

287 5141 443 5207 ἀξίας
465 5141 672 5212 ἔχεται,
687 5142 834 5207 τινος
863 5143 1022 5213 χάριν
1039 5141 1399 5213 προσεύχεται
1416 5144 1557 5208 ;Ὄτι
1574 5143 1863 5211 χρηστὸν,

289 5235 447 5303 φησὶ,
483 5234 550 5288 τὸ
574 5234 746 5300 ἔλεός
780 5251 896 5290 σου
929 5251 944 5266 ⁸
985 5234 1134 5298 ἔλεος
1165 5234 1330 5288 πάλιν
1359 5234 1452 5287 τοῦ
1484 5234 1696 5304 Πατρδς
1736 5235 1862 5287 ἑαυ-

287 5323 381 5377 τὸν
428 5323 611 5379 καλῶν
643 5340 656 5356 ⁸
691 5325 839 5389 ἔλεος
873 5326 973 5396 μὲν
1008 5323 1195 5395 ἐπειδὴ
1228 5323 1318 5378 διὰ
1346 5323 1444 5395 τῆς
1470 5321 1634 5376 αὑτοῦ
1658 5339 1859 5396 παρον-

292 5416 411 5479 eius
441 5415 759 5488 ὴλεῄθημεν
778 5433 793 5448 '
828 5417 973 5480 ἔλεος
994 5417 1051 5471 δὲ
1073 5416 1169 5469 τοῦ
1195 5416 1407 5486 Πατρός
1441 5415 1686 5479 εἰκότως
1714 5415 1860 5483 γνώο-

1963 4508 2042 4564 sic
2078 4508 2244 4564 etiam
2270 4505 2524 4563 sublimia
2552 4519 2678 4560 cum
2725 4502 3025 4559 humilibus
3055 4502 3347 4573 conjuncta
3392 4513 3539 4558 sunt.

1959 4599 2093 4655 Nam
2119 4614 2245 4655 cum
2266 4598 2492 4655 dixisset
2527 4596 2637 4652 Fac
2661 4611 2886 4660 mecum,
2918 4594 3166 4666 adjunxit
3191 4605 3405 4663 propter
3443 4610 3541 4646 no.

1959 4709 2079 4747 men
2107 4701 2277 4758 tuum,
2309 4697 2530 4762 propter
2560 4703 2739 4743 meam
2763 4687 3103 4759 dignitatem.
3143 4683 3351 4739 Nomen
3382 4683 3532 4738 enim

1967 4784 2150 4838 Patris
2173 4795 2259 4839 est
2280 4782 2450 4836 Filius
2478 4798 2493 4845 ;
2520 4788 2852 4850 quapropter
2885 4779 3049 4833 etiam
3089 4776 3320 4840 dicitur,
3368 4774 3540 4832 Bene-

1968 4875 2139 4928 dictus
2199 4873 2290 4942 qui
2323 4873 2462 4926 venit
2520 4872 2577 4924 in
2604 4871 2812 4924 nomine
2855 4868 3070 4922 Domini
3102 4865 3378 4935 ‘;’utpote
3437 4863 3543 4933 ipsi

1967 4963 2193 5034 aequalis
2219 4971 2275 5017 et
2313 4961 2770 5018 incommutabilis
2800 4959 3091 5020 exsistens,
3127 4965 3291 5025 atque
3335 4955 3545 5012 idcirco

1970 5053 2145 5109 Patris
2176 5068 2377 5109 nomen
2406 5067 2710 5109 assumens.
2749 5051 2912 5120 Atqui
2970 5049 3014 5104 si
3044 5056 3208 5102 tantae
3263 5046 3545 5118 dignitatis

1973 5142 2065 5208 sit,
2096 5158 2197 5198 cur
2226 5145 2388 5197 orat?
2432 5143 2594 5209 Quia,
2634 5141 2832 5211 inquit,
2857 5139 3032 5192 suavis
3056 5146 3131 5192 est
3185 5134 3542 5194 misericordia

1932 5264 1937 5267 -
1971 5241 2061 5286 tua
2091 5248 2108 5286 :
2142 5247 2333 5286 rursus
2371 5233 2727 5302 semetipsum
2759 5228 2935 5283 Patris
2963 5226 3403 5299 misericordiam
3441 5242 3542 5299 ap-

1968 5324 2211 5395 pellans;
2234 5322 2667 5377 miscricordiam
2700 5319 2941 5388 quidem,
2974 5317 3104 5388 quia
3123 5332 3221 5389 per
3254 5318 3377 5388 ejus
3398 5333 3541 5388 pra:-

1967 5416 2196 5475 Sentiam
2224 5413 2505 5470 consecuti
2533 5426 2723 5468 sumus
2744 5409 3169 5465 misericordiam
3194 5428 3210 5475 ;
3241 5408 3416 5466 Patris
3441 5424 3541 5464 au-

292 5524 368 5579 μῃ
394 5508 504 5579 γὰρ
535 5508 702 5563 αὐτοῦ
732 5511 765 5580 ἡ
798 5510 1045 5581 σωτηρία
1075 5507 1232 5579 ἡμῶν
1261 5508 1599 5580 πέπρακται.
1641 5508 1857 5577 Ἐπειδὴ

1972 5518 2077 5563 tem
2134 5504 2581 5566 miscricordiam,
2621 5505 2747 5574 quia
2803 5503 3060 5558 nimirum
3121 5503 3239 5575 ejus
3262 5502 3543 5563 voluntate

360 5646 379 5675 ³
414 5641 606 5720 Matth.
639 5660 758 5711 rm,
783 5642 854 5697 20
885 5651 938 5697 et
961 5641 1119 5697 Luem
1149 5656 1224 5705 Ix,
1262 5640 1349 5696 58.
1427 5641 1666 5695 ’Matth.
1698 5655 1812 5707 nu,
1838 5641 1928 5720 5§.
2025 5641 2046 5671 ⁸
2073 5641 2266 5699 Matth.
2300 5656 2448 5707 xxv},
2487 5641 2577 5695 24.
2682 5642 2700 5673 ⁸
2732 5638 2918 5695 Matth.
2959 5653 3070 5705 xxx,
3100 5637 3192 5695 28.
3291 5640 3313 5673 ⁸
3350 5638 3538 5696 Matth.

293 5728 443 5777 um,
475 5714 563 5767 54.

2025 5641 2046 5671 ⁸
2073 5641 2266 5699 Matth.
2300 5656 2448 5707 xxv},
2487 5641 2577 5695 24.
