3936 6200
259 319 392 390 1317

1413 308 1875 371 FRAGMENTA
1913 306 1997 367 IN
2036 305 2395 367 PSALMOS.

3403 300 3538 367 1318

328 431 483 495 Tin;
537 428 692 499 δῆλον
719 423 795 488 ὡς
850 416 1218 493 ἑαυτῷίοῦὃὶ
1269 416 1378 489 γάρ
1420 419 1503 482 εἰς
1555 418 1844 489 μετάνοιαν

2016 410 2162 467 Cui?
2216 411 2403 480 utique
2462 407 2810 464 manifestum
2858 410 3003 479 quod
3036 409 3136 466 sibi
3187 409 3538 483 ipsiznequc

262 519 422 587 εἶδεν,
449 521 573 575 ὅθεν
600 519 787 582 ἐλέους
814 516 996 586 τυχεῖν
1021 512 1117 567 καὶ
1142 509 1561 583 φιλανθρωπίας
1597 508 1843 564 ἀπολαῦ-

265 633 355 671 σαι
375 611 708 684 memoro
733 610 790 664 δὲ
821 607 1015 663 ἑαυτὸν
1038 606 1115 678 μὴ
1142 604 1395 677 ὲλεήσας,
1433 603 1551 668 πῶς
1580 604 1730 676 παρὰ
1750 602 1843 657 τοῦ

265 705 467 779 Κριτοῦ
492 701 787 777 ἐλεηθῆναι
814 700 1041 756 δύναται
1068 717 1084 766 ;

342 902 361 935 ι
401 883 511 937 Καὶ
541 878 866 944 κατεδίωξεν
895 877 1183 949 ἄνθρωπον
1223 875 1452 943 πένητα.
1483 892 1502 924 ι

332 975 510 1044 Πένης
538 974 632 1026 καὶ
659 971 876 1040 πτωχὸς
902 972 931 1024 ὀ
963 969 1170 1038 Κύριος
1193 985 1207 999 ·
1243 966 1434 1037 ἐπειδὴ
1462 952 1717 1028 πλούσιος
1744 962 1843 1030 ὣν,

265 1067 407 1136 ὑπὲρ
445 1064 604 1135 ὴμῶν
641 1063 989 1131 ἐπτώχευσεν
1013 1077 1028 1091 ο
1073 1061 1134 1115 οὐ
1170 1060 1329 1131 μόνον
1372 1057 1433 1111 δὲ
1469 1056 1844 1127 ἐπτώχευσεν,

269 1153 407 1208 ἀλλὰ
451 1153 559 1206 καὶ
595 1154 675 1215 είς
711 1149 969 1204 τοσοῦτον
1015 1150 1103 1203 διὰ
1153 1151 1252 1220 τὴν
1288 1149 1403 1202 τῶν
1444 1148 1710 1201 Ἰουδαίων
1750 1146 1845 1197 άν-

272 1244 466 1313 ηκοῖαν
516 1241 685 1312 πένης
744 1241 986 1308 ἐγένετο,
1039 1239 1178 1293 ὥστε
1220 1239 1419 1308 λέγειν·
1437 1240 1507 1291 Al
1539 1236 1846 1300 ἀλώπεκες

265 1332 536 1401 φωλεοὺς
588 1330 827 1400 ἔχουσι,
888 1330 986 1384 καὶ
1030 1330 1103 1383 τὰ
1146 1322 1393 1383 ’πετεινὰ
1428 1325 1538 1381 τοῦ
1582 1324 1845 1395 οὐρανοῦ

266 1421 786 1490 κατασκηνώσεις·
852 1423 886 1475 ὀ
931 1420 1001 1473 δὲ
1054 1421 1183 1486 Υἱὸς
1230 1420 1337 1477 τοῦ
1384 1419 1698 1490 ἀνθρώπου
1732 1419 1846 1470 οὐκ

266 1517 391 1586 ἔχει
436 1513 553 1567 ποῦ
583 1512 701 1580 τὴν
724 1510 1004 1581 κεφαλὴν
1051 1512 1260 1581 κλίνῃ.
1298 1511 1481 1581 Ὅπερ
1505 1509 1624 1565 ἐστὶ
1656 1507 1849 1571 πενίας

265 1602 712 1678 ὑπερϐαλλούσης
734 1601 1030 1666 ἀπόδειξις.

337 1717 357 1750 ι
394 1700 505 1752 Καὶ
534 1696 1011 1767 κατανενυγμένον
1042 1698 1107 1768 τῇ
1129 1696 1350 1767 καρδίᾳ.
1396 1713 1417 1747 ι

1947 508 2098 565 enim
2129 507 2196 563 ad
2218 505 2602 578 prenitentiam
2629 503 2891 574 respexit,
2936 506 3081 559 unde
3110 505 3537 563 misericordiam

1938 612 2113 673 atque
2139 600 2489 657 clementiam
2510 598 2774 667 consequi
2807 596 3102 666 potuisset.
3128 597 3304 663 Quem
3352 608 3531 655 autem

1949 693 2035 748 sui
2075 691 2247 763 ipsius
2273 706 2384 745 non
2414 674 2664 755 miseret,
2700 687 2975 757 quomodo
3012 702 3045 742 a
3089 687 3284 744 Iudice
3317 690 3539 746 miseri-

1951 784 2196 839 cordiam
2237 782 2500 851 consequi
2531 780 2750 852 possit?

2020 874 2181 929 Vens.
2219 874 2302 928 Π.
2333 890 2350 923 ι
2379 874 2449 927 Et
2477 881 2802 942 persecutus
2829 880 2914 925 est
2939 870 3220 925 hominem
3257 871 3532 942 inopem.»

2020 967 2240 1038 Egerius
2278 973 2337 1020 et
2370 965 2529 1034 inops
2568 964 2829 1018 Dominus
2853 979 2870 1028 ;
2898 962 3023 1032 quia
3045 978 3168 1017 cum
3189 972 3337 1018 esset
3365 963 3535 1029 dives,

1948 1072 2048 1127 pro
2080 1056 2239 1111 nobis
2279 1071 2484 1127 egenus
2516 1054 2693 1110 factus
2718 1064 2803 1109 est
2832 1071 2845 1108 :
2876 1063 2931 1109 et
2967 1069 3076 1108 non
3112 1055 3288 1109 solum
3330 1070 3539 1125 pauper

1948 1145 2072 1210 fuit,
2105 1159 2296 1200 verum
2335 1143 2502 1199 etiam
2534 1152 2759 1214 propter
2775 1142 3092 1199 Iudaeorum
3132 1145 3534 1199 contumaciam

1947 1238 2016 1293 ad
2047 1247 2254 1293 tantum
2292 1237 2547 1292 redactus
2573 1246 2657 1291 est
2675 1244 2994 1306 egestatem.
3026 1244 3087 1290 ut
3115 1236 3324 1290 diceret
3356 1253 3371 1290 :
3411 1236 3538 1291 Vul-

1948 1344 2036 1397 pes
2065 1329 2240 1397 foveas
2258 1326 2449 1380 habent
2474 1335 2524 1380 et
2559 1325 2791 1380 volucres
2825 1325 2940 1380 ereti
2972 1325 3157 1388 nidos;
3197 1324 3367 1379 Filius
3418 1342 3538 1380 vero

1947 1419 2172 1472 hominis
2193 1434 2296 1471 non
2325 1419 2479 1473 habet
2504 1418 2596 1471 ubi
2624 1427 2784 1487 caput
2817 1417 3032 1471 reclinet
3072 1418 3115 1470 ³.
3147 1417 3306 1483 Quod
3321 1417 3536 1489 signum

1947 1515 2033 1561 est
2054 1514 2313 1561 extremae
2336 1507 2615 1577 egestatis.

2025 1700 2045 1733 ι
2075 1681 2142 1736 Et
2174 1692 2564 1753 compunctum
2589 1680 2777 1738 corde.
2815 1700 2834 1733 ι

348 1788 407 1843 Ὀ
435 1791 490 1843 δὲ
515 1788 681 1853 αὐτὸς
711 1754 897 1859 καὶ
926 1754 1132 1860 καρδία
1155 1754 1226 1842 δέ
1266 1754 1416 1858 ἡμᾶς
1443 1789 1846 1861 κατανενυγμέ-

2022 1772 2171 1828 Idem
2207 1785 2390 1828 autem
2427 1782 2652 1843 propter
2683 1787 2786 1828 nos
2816 1786 3037 1841 quoque
3065 1772 3231 1829 corde
3268 1787 3539 1843 compun-

263 1896 353 1943 νος
387 1896 401 1909 ⁸
434 1878 624 1949 διόπερ
662 1878 818 1946 ιλεγε
846 1894 862 1909 ·
893 1878 1235 1947 Περίλυπός
1255 1877 1427 1932 ἐστιν
1460 1878 1501 1947 ἡ
1523 1880 1697 1949 ψυχή
1726 1897 1844 1951 μου

264 1970 376 2037 ἕως
405 1969 691 2024 θανάτου.
1730 1954 1756 1963 ”

344 2083 365 2116 ι
397 2063 504 2115 Καὶ
526 2060 781 2130 ἠγάπησε
807 2058 1077 2130 κατάραν.
1118 2076 1137 2109 ι

341 2152 506 2206 Ποίαν
558 2148 657 2218 τὴν
698 2146 796 2200 τοῦ
844 2145 1185 2216 Μονογενοῦς
1232 2145 1485 2216 ἤκουσεν,
1539 2145 1703 2217 ἡνίκα
1746 2145 1847 2216 τὴν

268 2241 560 2312 προδοσίαν
613 2237 911 2309 ἐμελέτησε
958 2235 1246 2305 λέγοντος·
1292 2236 1356 2289 '0
1394 2234 1514 2304 μὲν
1558 2236 1692 2301 Υἱὸς
1739 2236 1847 2291 τοῦ

268 2332 583 2401 ἀνθρώπου
620 2327 1009 2397 παραδίδοται
1034 2343 1049 2357 ·
1086 2324 1284 2380 καλὸν
1319 2320 1399 2396 ἦν
1429 2325 1612 2390 αὐτῷ,
1652 2329 1706 2382 εὶ
1735 2330 1877 2383 οὐκ(

266 2422 559 2493 ἐγεννήθη
588 2424 622 2476 ό
648 2420 963 2489 ἅνθρωπος
990 2418 1243 2484 ἐκεῖνος.

347 2534 366 2566 ι
401 2514 510 2567 Καὶ
542 2513 644 2565 οὐκ
670 2511 934 2581 ἠθέλησεν
963 2507 1240 2578 εὐλογίαν.
1271 2528 1289 2562 ι

344 2604 608 2671 Εὐλογίαν
641 2602 743 2671 τὴν
787 2601 898 2655 τῶν
940 2600 1260 2656 ἀποστόλων
1292 2600 1465 2669 λέγει,
1507 2603 1574 2673 ἦν
1612 2602 1793 2666 αὐτοῖς
1819 2604 1848 2657 ὀ

270 2692 502 2762 Χριστὸς
534 2690 878 2761 ἐξεφώνησεν
912 2705 927 2721 ο
971 2689 1154 2759 Ἀμὴν
1198 2690 1355 2759 λέγω
1403 2690 1565 2759 ὑμῖν,
1597 2692 1768 2761 ὑμεῖς
1791 2695 1847 2747 οἱ

267 2779 804 2848 ἀκολουθήσαντές
824 2795 945 2847 μοι,
978 2780 1304 2835 καθίσεσθσ
1330 2779 1430 2835 ἐπὶ
1460 2780 1689 2835 δώδεκα
1711 2784 1847 2850 θρό-

268 2889 412 2937 νους
431 2912 445 2934 ,
484 2870 793 2938 κρίνοντες
820 2869 928 2935 τὰς
953 2868 1183 2922 δώδεκα
1212 2868 1413 2937 φυλὰς
1440 2869 1547 2924 τοῦ
1584 2869 1843 2938 Ἰσραήλ.

348 2982 367 3015 ι
409 2963 517 3016 Καὶ
541 2960 833 3014 ἐνεδύσατο
867 2960 1130 3029 κατάραν.
1167 2977 1187 3011 ι

343 3052 532 3108 Ταῦτα
568 3050 675 3122 γάρ
715 3050 809 3104 τοῦ
844 3049 1137 3121 ἀνθρώπου
1176 3050 1436 3122 τυγχάνει
1463 3050 1533 3105 τὰ
1554 3050 1802 3104 ὲνδόσθια
1827 3069 1842 3082 ·

268 3143 408 3197 ὥστε
456 3143 553 3194 καί⁵
598 3140 856 3210 δυνάμεις
889 3138 989 3207 τῆς
1024 3138 1204 3209 ψυχῆς
1238 3134 1379 3194 εἶναι
1409 3138 1481 3194 τὰ
1508 3140 1608 3209 μὲν
1640 3140 1849 3207 ἔγκατα

269 3235 365 3297 τὰς
402 3232 644 3300 λογικάς,
679 3231 867 3301 ἐπειδὴ
887 3230 958 3283 τὰ
977 3230 1186 3299 ἔγκατα
1208 3230 1268 3283 οὐ
1301 3231 1399 3301 τὴν
1425 3231 1598 3303 αὐτὴν
1627 3232 1849 3301 κατέχει

270 3324 500 3393 τροφὴν,
539 3322 674 3383 ἀλλὰ
703 3322 798 3374 καὶ
830 3321 923 3373 νῦν
954 3321 1052 3391 μὲν
1078 3320 1315 3391 δέχεται,
1351 3320 1445 3372 νῦν
1473 3321 1530 3373 δὲ
1552 3322 1806 3376 ἐκϐάλλει
1832 3338 1847 3354 ·

271 3411 460 3481 ὥσπερ
486 3411 581 3463 καὶ
612 3412 661 3462 οἱ
677 3409 932 3478 λογισμοὶ
953 3411 1054 3463 οὐκ
1083 3410 1181 3462 ἐπὶ
1202 3408 1311 3464 τῶν
1332 3410 1517 3464 αὐτῶν
1545 3411 1811 3481 ἑστήκασι
1829 3430 1844 3444 ⁸

240 3558 243 3561 λ
274 3502 514 3571 συνεχῶς
552 3500 659 3571 γὰρ
698 3501 1149 3570 μεταϐάλλονται.
1182 3501 1262 3555 Τὰ
1292 3502 1350 3556 δὲ
1378 3503 1548 3569 ὀστᾶ,
1580 3503 1681 3566 τὰς
1709 3521 1850 3575 πρα-

275 3592 492 3657 κτικὰς,
537 3593 612 3655 ὡς
660 3591 875 3662 ἰσχυρὰ,
925 3592 1231 3663 νοήσωμεν.
1276 3593 1496 3664 Ἐπειδὴ
1541 3594 1599 3649 δὲ
1647 3595 1709 3648 τὸ
1749 3596 1849 3666 μὲν

275 3684 421 3756 ὕδωρ
467 3687 578 3747 τοῖς
628 3684 881 3752 ὲγκάτοις
924 3682 1019 3754 (ὡς
1059 3685 1119 3737 ἐν
1163 3684 1422 3756 ὑγρότητι
1469 3688 1849 3759 τρεφομένοις)

274 3771 633 3842 κατάλληλον,
672 3770 735 3824 τὸ
766 3772 825 3824 δὲ
867 3771 1046 3825 ἔλαιον
1082 3773 1197 3835 τοῖς
1230 3773 1440 3837 ὀστέοις
1478 3775 1708 3848 (σφόδρα
1741 3777 1850 3849 γὰρ

274 3866 455 3937 χαίρει
487 3867 553 3935 τῇ
586 3863 654 3917 δι’
688 3862 868 3918 ελαίου
918 3864 1140 3933 ἀλοιφῇ)
1163 3880 1179 3896 ο
1212 3864 1440 3932 εἰκότως
1461 3866 1522 3920 τὸ
1561 3867 1708 3941 ὕδωρ
1734 3872 1850 3933 τοῖς

273 3956 550 4023 ὲγκάτοις,
581 3954 643 4007 τὸ
670 3953 848 4008 ἔλαιον
870 3958 984 4019 τοῖς
1010 3956 1216 4018 ὀστέοις
1239 3957 1600 4023 ἀποδέδωκεν,
1632 3961 1710 4025 ὠς
1739 3961 1850 4014 δεῖ-

274 4043 363 4111 ξαι
382 4044 572 4114 ὅτιπερ
596 4043 836 4119 αὐτῷιτόι
860 4046 961 4115 τῆς
984 4046 1230 4116 κατάρας
1259 4048 1525 4118 ἥρμοσεν,
1549 4051 1625 4113 ὡς
1647 4052 1849 4106 κατάλ-

275 4134 433 4205 ληλον
464 4134 601 4205 αὐτῇ
640 4132 905 4204 πονηρίαν
937 4134 1352 4203 μεταδιώξαντι.

348 4242 368 4279 s
416 4226 530 4279 Kal.
561 4225 647 4289 σὺ,
668 4223 864 4294 Κύριε,
901 4223 1127 4293 ποίησον
1158 4226 1278 4295 μετ’
1305 4225 1465 4295 ἐμοῦ.
1507 4245 1527 4279 ι

348 4316 573 4386 Εἴρηται
610 4314 891 4379 πολλάκις,
924 4316 1007 4368 ὅτι
1045 4315 1123 4386 τῷ
1153 4315 1435 4387 προσώπῳ
1480 4318 1578 4373 τοῦ
1606 4319 1846 4389 Χριστοῦ

1952 1874 2073 1918 etus
2095 1862 2230 1929 fuit;
2267 1872 2603 1933 quapropter
2635 1864 2809 1919 dixit:
2845 1862 3031 1919 Tristis
3083 1874 3161 1919 est
3195 1864 3377 1918 anima
3420 1880 3536 1917 mea

1953 1969 2117 2023 usque
2141 1955 2213 2008 ad
2237 1964 2456 2009 mortem
2479 1956 2520 2009 ³.

2027 2044 2189 2100 Vens.
2215 2046 2300 2099 18.
2350 2064 2368 2098 ι
2400 2045 2467 2101 Ει
2498 2045 2688 2101 dilexit
2721 2042 3182 2100 maledictionem.
3217 2064 3239 2099 ι

2025 2135 2252 2202 Qualem
2285 2152 2482 2206 nempe
2508 2135 2738 2198 audivit,
2768 2134 2988 2204 quando
3017 2133 3122 2204 ipsi
3170 2134 3537 2203 proditionem

1955 2228 2235 2283 meditanti
2264 2228 2594 2299 Unigenitus
2641 2226 2799 2293 dixit,
2840 2226 3013 2281 Filius
3058 2228 3269 2297 quidem
3313 2228 3536 2282 hominis

1955 2318 2187 2371 traditur
2204 2332 2224 2372 :
2248 2317 2438 2371 bonum
2454 2325 2634 2370 autem
2650 2316 2846 2379 eratei,
2861 2315 2910 2368 si
2927 2322 3084 2369 natus
3112 2330 3216 2370 non
3238 2314 3421 2387 {uisset
3441 2314 3538 2370 Ito-

1956 2425 2043 2463 mo
2067 2408 2158 2463 ille
2180 2408 2222 2461 ⁸.

2031 2519 2051 2551 ι
2081 2500 2146 2553 Et
2171 2498 2343 2553 noluit
2362 2497 2827 2554 benedictionem.
2878 2516 2898 2550 ι

2025 2589 2465 2646 Benedictionem
2488 2588 2741 2660 intelligit
2766 2588 3164 2657 apostolorum,
3185 2603 3349 2657 quam
3376 2585 3537 2644 Chri-

1954 2689 2070 2734 stus
2093 2677 2225 2747 ipsis
2250 2677 2500 2747 promisit
2525 2695 2538 2729 :
2578 2677 2743 2730 Amen
2775 2677 2890 2729 dico
2921 2676 3082 2741 vobis,
3112 2676 3251 2746 quod
3307 2693 3417 2744 nos,
3445 2678 3537 2749 qui

1951 2771 2112 2825 secuti
2134 2770 2256 2824 estis
2290 2785 2392 2833 me,
2414 2768 2660 2823 Sedebitis
2679 2784 2836 2837 super
2873 2770 3017 2822 sedes
3062 2769 3359 2836 duodecim,
3382 2771 3536 2841 judi-

1954 2870 2128 2915 cautes
2156 2860 2426 2914 duodecim
2454 2860 2620 2914 tribus
2655 2857 2829 2915 Israel
2857 2860 2901 2914 ⁸.

2028 2973 2047 3005 s
2090 2953 2155 3005 Et
2181 2951 2360 3007 induit
2388 2951 2849 3006 maledictionem.
2886 2970 2905 3001 ι
3120 3000 3135 3021 ε

2024 3043 2151 3099 Haec
2177 3044 2325 3100 enim
2350 3043 2589 3099 hominis
2618 3042 2874 3097 interiora
2911 3049 3082 3108 sunt;
3120 3043 3195 3099 ita
3219 3055 3279 3099 ut
3312 3043 3536 3100 intesti-

1951 3153 2019 3191 na
2048 3137 2269 3207 quidem
2298 3136 2408 3190 siut
2431 3136 2723 3190 rationales
2768 3135 2968 3190 anima:
3010 3135 3262 3200 virtutes,
3293 3138 3539 3207 quando-

1950 3228 2168 3299 quidem
2192 3229 2452 3284 intestina
2482 3243 2593 3283 non
2624 3226 2878 3282 eumdem
2918 3228 3101 3283 cibum
3152 3228 3411 3291 retinent,
3442 3230 3537 3285 sed

1950 3320 2112 3374 modo
2144 3319 2364 3388 quidem
2387 3318 2540 3372 illum
2566 3317 2892 3387 suscipiunt,
2924 3316 3088 3373 modo
3117 3332 3246 3373 vero
3274 3318 3534 3390 ejiciunt;

1951 3412 2093 3466 sicut
2118 3412 2284 3465 etiam
2312 3408 2672 3479 cogitationes
2701 3407 2896 3463 iisdem
2925 3408 3093 3465 rebus
3136 3409 3365 3467 minime
3398 3410 3536 3467 insi-

1952 3509 2123 3567 stunt,
2150 3499 2246 3555 sed
2284 3498 2503 3554 assidue
2526 3504 2828 3553 mutantur.
2856 3495 2991 3554 Ossa
3017 3514 3170 3564 vero,
3201 3508 3386 3570 utpote
3412 3517 3537 3571 qua:

1951 3592 2106 3648 ﬁrma
2135 3592 2266 3656 sint,
2299 3592 2527 3647 virtutes
2547 3590 2814 3660 practicas
2846 3588 3234 3661 intelligemus.
3265 3589 3534 3656 Quoniam

1952 3699 2089 3754 aqua
2116 3683 2337 3753 quidem
2362 3681 2637 3738 intestinis
2660 3682 2742 3751 (ut
2770 3696 2891 3750 qua:
2938 3680 3167 3736 humore
3196 3681 3533 3753 nutriantur)

1952 3775 2131 3830 oleum
2183 3790 2314 3831 vero
2349 3773 2562 3829 ossibus
2595 3772 2825 3842 quadrat
2877 3771 3015 3843 (haec
3059 3772 3207 3827 enim
3262 3772 3369 3828 olei
3426 3789 3533 3828 uu-

1951 3868 2133 3921 ctionc
2161 3866 2455 3935 plurimum
2483 3862 2784 3934 gaudent);
2827 3864 3024 3919 merito
3067 3879 3261 3934 aquam
3312 3865 3533 3920 intesti-

1951 3958 2056 4023 nis,
2090 3957 2272 4012 oleum
2300 3970 2429 4011 vero
2457 3955 2674 4010 ossibus
2706 3955 2975 4020 attribuit,
3008 3955 3077 4011 ad
3126 3955 3527 4011 ostendendum

1950 4049 2052 4117 ipsi
2089 4056 2398 4116 competere
2444 4045 2869 4110 exsecrationes,
2900 4056 3088 4116 utpote
3119 4047 3271 4102 hisce
3326 4062 3526 4105 conve-

1950 4140 2196 4195 nientem
2223 4139 2487 4194 malitiam
2509 4138 2869 4195 consectanti.

2019 4230 2182 4285 Vsus.
2217 4232 2305 4285 21.
2347 4247 2365 4282 ι
2396 4230 2465 4285 Ει
2491 4238 2571 4294 tu,
2606 4227 2851 4291 Domine,
2876 4227 2962 4283 iac
2991 4241 3228 4286 mecum.
3258 4246 3279 4282 ι

2020 4320 2404 4392 Saepenumero
2431 4320 2635 4377 dictum
2666 4326 2771 4385 est,
2801 4333 3052 4389 personae
3074 4317 3279 4373 Christi
3304 4319 3529 4377 humilia

274 4409 534 4478 ἁρμόττει
567 4407 635 4460 τά
678 4408 913 4461 ταπεινά
961 4407 1048 4461 διὰ
1084 4409 1185 4477 τὴν
1223 4408 1621 4480 άνθρωπότητα
1657 4428 1670 4442 ·
1710 4412 1846 4467 ἀλλὰ

1962 4427 2250 4483 congruere
2294 4420 2519 4482 propter
2566 4408 3001 4474 humanitatem;
3035 4418 3412 4464 verumtamen
3470 4417 3539 4468 ut.

275 4499 372 4552 καὶ
397 4499 539 4552 οὕτω
562 4498 630 4552 τὰ
663 4498 843 4569 ὑψηλά
885 4501 997 4563 τοῖς
1025 4503 1307 4566 ταπεινοῖς
1334 4500 1712 4566 συνέζευκται.
1752 4505 1846 4557 Ei-

1949 4504 2029 4559 sic
2064 4504 2230 4560 etiam
2256 4502 2510 4559 sublimia
2537 4516 2663 4556 cum
2711 4500 3011 4555 humilibus
3040 4500 3332 4570 conjuncta
3377 4510 3524 4556 sunt.

275 4589 393 4643 πὼν
436 4590 564 4659 γὰρ,
619 4591 892 4659 Ποίησον
924 4591 1055 4661 μετ’
1074 4591 1244 4661 ἐμοῦ,
1275 4592 1619 4664 προσέθηκεν
1642 4594 1846 4648 ἕνεκεν

1962 4594 2079 4651 Nam
2105 4610 2232 4651 cum
2253 4594 2478 4650 dixisset
2513 4593 2623 4648 Fac
2647 4608 2871 4657 mecum,
2903 4591 3151 4663 adjunxit
3177 4603 3390 4661 propter
3428 4608 3526 4643 no-

274 4679 380 4732 τοῦ
411 4680 700 4749 ὀνόματός
731 4684 848 4736 σου
875 4720 890 4745 ,
923 4682 1112 4735 ἕνεκεν
1136 4685 1237 4752 τῆς
1264 4683 1407 4753 ἐμῆς
1425 4683 1605 4749 ἀξίας.
1640 4685 1846 4756 Ὀνομα

1962 4704 2065 4742 neu
2093 4697 2263 4753 tuum,
2295 4694 2516 4757 propter
2545 4699 2725 4740 meam
2748 4684 3088 4757 dignitatem.
3128 4682 3336 4737 Nomen
3367 4681 3517 4737 enim

273 4770 384 4843 γὰρ
412 4771 505 4824 τοῦ
536 4771 749 4843 Πατρδς
783 4775 812 4825 ὀ
835 4773 964 4836 Υἱός
985 4788 1000 4804 ο
1032 4772 1222 4843 διόπερ
1265 4775 1380 4838 καὶ,
1423 4776 1846 4844 Εὐλογημένος

1962 4779 2136 4833 Patris
2158 4790 2244 4835 est
2267 4777 2435 4833 Filius
2464 4794 2479 4840 ;
2505 4784 2837 4847 quapropter
2870 4776 3034 4831 etiam
3075 4774 3305 4838 dicitur,
3353 4771 3525 4829 Bene-

273 4866 307 4917 d
336 4863 657 4933 ἐρχόμενος
691 4864 763 4919 ἐν
790 4866 1034 4941 ὀνόματι
1058 4866 1283 4933 Κυρίου
1313 4866 1534 4933 λέγεται
1552 4906 1566 4928 ,
1616 4867 1693 4931 ὡς
1736 4869 1846 4930 ἶσος

1962 4871 2125 4923 dictus
2185 4869 2276 4938 qui
2309 4870 2448 4922 venit
2505 4869 2563 4920 in
2590 4867 2797 4920 nomine
2841 4864 3055 4919 Domini
3087 4863 3362 4933 ';’utpote
3421 4860 3527 4930 ipsi

272 4954 425 5025 αὑτῷ
474 4948 759 5025 τυγχάνων
813 4955 908 5009 καὶ
957 4957 1398 5026 ἀπαράλλακτος,
1444 4958 1538 5011 καὶ⁵
1571 4957 1659 5010 διὰ
1687 4958 1846 5012 τοῦτο

1962 4958 2178 5029 aequalis
2205 4967 2261 5013 ct
2299 4957 2756 5014 incommutabilis
2786 4955 3076 5016 exsistens,
3112 4963 3276 5023 atque
3319 4952 3531 5009 idcirco

272 5043 368 5098 τοῦ
413 5044 627 5116 [ἰατρὸς
657 5044 1062 5115 ἀναλαμϐάνων
1108 5046 1171 5099 τὸ
1207 5046 1399 5116 ὄνομα.
1440 5048 1553 5101 Καὶ
1590 5049 1641 5101 si
1670 5047 1850 5111 οὓτως

272 5134 429 5201 ἀξίας
450 5135 657 5206 ἔχεται,
672 5136 820 5200 τίνος
848 5137 1007 5207 χάριν
1025 5135 1384 5207 προσεύχεται
1401 5138 1542 5202 ;“Οτι
1560 5138 1848 5206 χρηστὸν,

273 5228 433 5297 φησὶ,
468 5227 536 5281 τὸ
559 5228 731 5294 ἔλεός
765 5245 882 5283 σου
914 5245 929 5259 ⁸
970 5227 1120 5291 ἔλεος
1150 5228 1315 5282 πάλιν
1344 5228 1438 5281 τοῦ
1469 5228 1682 5298 Πατρδς
1721 5230 1847 5282 seu-

271 5318 366 5371 τὸν
412 5316 595 5373 καλῶν
628 5333 641 5348 ⁸
676 5319 824 5383 ἔλεος
858 5319 958 5389 μὲν
993 5316 1180 5388 ἐπειδὴ
1214 5316 1303 5370 διὰ
1331 5317 1429 5388 τῆς
1456 5316 1619 5370 αὐτοῦ
1643 5334 1844 5390 παρου·

276 5410 396 5474 σίας
425 5409 743 5481 ἠλεήθημεν
763 5426 778 5441 ο
813 5410 958 5473 ἔλεος
979 5410 1036 5465 δὲ
1058 5409 1153 5463 τοῦ
1180 5408 1392 5479 [ἰατρὸς
1426 5409 1671 5473 εἰκότως⁹
1700 5411 1845 5477 γνώο-

276 5518 352 5574 μη
379 5502 489 5573 γὰρ
519 5502 687 5556 αὐτοῦ
717 5504 749 5574 ἡ
782 5504 1030 5575 σωτηρία
1061 5502 1217 5574 ἡμῶν
1245 5503 1584 5575 πέπρακται.
1627 5502 1842 5573 Ἐπειδὴ

343 5640 363 5669 ³
398 5635 589 5716 Matth.
622 5654 741 5705 vm,
766 5636 838 5691 20
869 5645 923 5692 et
947 5635 1104 5691 Lucze
1135 5650 1208 5701 Ix,
1246 5635 1334 5691 58.
1412 5635 1651 5689 ’Matth.
1683 5651 1796 5702 nt,
1822 5636 1912 5716 εξ.

276 5723 426 5771 um,
458 5708 546 5762 54.

1955 5048 2131 5104 Patris
2161 5064 2362 5105 nomen
2392 5063 2695 5105 assumens.
2734 5048 2896 5117 Atqui
2955 5046 2998 5100 si
3028 5054 3193 5100 tanta:
3247 5044 3528 5115 dignitatis

1957 5137 2051 5204 sit,
2081 5154 2182 5194 cur
2212 5141 2374 5193 orat?
2417 5138 2578 5205 Quia,
2619 5138 2817 5207 inquit,
2842 5136 3017 5190 suavis
3040 5143 3116 5188 est
3169 5136 3527 5192 misericordia

1917 5258 1921 5262 ›
1955 5237 2046 5281 tua
2076 5244 2094 5281 :
2127 5242 2319 5282 rursus
2356 5229 2712 5298 semetipsum
2743 5226 2920 5280 Patris
2948 5223 3388 5281 misericordiam
3426 5239 3529 5297 ap-

1953 5320 2196 5390 pellans;
2220 5318 2652 5373 misericordiam
2685 5316 2926 5385 quidem,
2958 5314 3088 5385 quia
3108 5330 3206 5386 per
3239 5314 3362 5386 ejus
3383 5331 3527 5386 prte-

1951 5412 2181 5469 sentiam
2209 5409 2490 5466 consecuti
2518 5423 2708 5464 sumus
2728 5406 3195 5473 misericordiam;
3226 5406 3401 5464 Patris
3426 5422 3526 5463 au-

1956 5514 2061 5560 tem
2118 5501 2566 5563 miscricordiam,
2606 5502 2732 5571 quia
2788 5500 3045 5556 nimirum
3105 5501 3223 5573 ejus
3247 5501 3528 5559 voluntate

2009 5637 2031 5668 ⁸
2057 5637 2251 5695 Matth.
2283 5653 2432 5705 XXVI,
2471 5637 2562 5691 ΞΛ.
2666 5639 2685 5670 ⁸
2716 5635 2903 5693 Matth.
2943 5650 3056 5702 nx,
3085 5636 3176 5693 εε.
3276 5639 3298 5671 ⁸
3335 5636 3522 5693 Matth.
