3936 6200
431 310 571 378 1319

1625 303 1992 365 IIESYCHII
2030 301 2506 365 PRESBYTERI

3582 296 3604 356 1
3617 292 3739 356 320

426 427 577 485 salus
604 431 792 478 nostra
822 428 1039 491 peracta
1071 427 1170 477 est.
1204 416 1339 472 Cum
1387 417 1551 487 igitur
1582 428 1689 472 tam
1754 419 2022 487 benignus

2143 417 2307 470 τοίνυν
2352 417 2498 470 οὕτω
2549 417 2788 487 χρηστός
2826 417 2962 485 είμι,
3007 415 3146 468 ὥστε
3179 413 3273 466 καὶ
3298 413 3585 485 ἀνθρώ-,ος
3623 416 3727 467 διὰ

429 518 557 578 sim,
587 524 648 568 ut
677 513 840 566 etiam
870 517 1094 579 propter
1129 507 1415 562 hominum
1480 511 2018 566 commiserationem

433 607 596 658 homo
638 601 813 654 factus
835 599 1053 661 fuerim,
1082 598 1167 652 fac
1197 612 1432 652 meeum.
1467 597 1633 654 Decet
1653 601 1802 654 enim
1836 600 2021 654 incar-

430 703 619 746 uatum
646 686 1052 760 quodammodo
1083 703 1260 749 orare,
1295 697 1349 742 et
1401 688 1661 743 auxilium
1693 706 1727 744 a
1767 690 1878 744 Deo
1924 707 2022 759 po-

432 785 658 846 stulare,
704 791 868 850 atque
921 780 1149 834 humilia
1190 795 1494 846 assumere,
1523 797 1660 850 qua-.-
1700 791 2023 852 competunt

436 875 785 928 humanitati.

509 967 674 1020 Vsus.
710 967 800 1020 ‘22.
876 984 896 1018 ι
935 965 1129 1019 Libera
1156 980 1264 1030 me,
1312 964 1438 1034 quia
1482 980 1690 1036 egenus
1727 973 1785 1019 et
1817 981 2024 1036 pauper

435 1075 580 1114 sum.
620 1078 638 1110 ι

509 1149 815 1218 Egestatem
865 1160 1019 1199 suam
1071 1143 1432 1198 voluntariam
1491 1144 1768 1213 appellat,
1819 1144 2026 1199 scilicet

437 1239 914 1302 humiliationem;
956 1245 1332 1306 paupertatem
1363 1251 1554 1290 rursus
1602 1236 1902 1305 propriam,
1929 1236 2024 1290 Ju-

436 1333 680 1386 daeoruin
735 1329 1182 1383 inobedientiam.
1217 1327 1354 1381 Cum
1387 1327 1534 1380 enim
1576 1327 1748 1396 ipsius
1795 1326 2024 1397 ﬁgmen-

442 1433 558 1476 tum
585 1430 770 1475 essent
799 1433 1022 1489 propter
1048 1434 1268 1472 carnem
1300 1433 1368 1471 ex
1422 1417 1488 1471 iis
1515 1427 1878 1486 assumptum,
1928 1434 2022 1471 ne-

441 1514 678 1567 cessario
723 1512 939 1566 illorum
995 1525 1236 1565 errorem
1269 1524 1422 1564 suam
1464 1517 1681 1578 reputat
1732 1519 2026 1578 pauperta-

445 1615 574 1658 tem.

517 1693 676 1746 Vens.
710 1691 798 1745 2'5.
839 1711 856 1742 ι
894 1691 1047 1746 Sicut
1081 1691 1268 1744 umbra
1299 1705 1422 1744 cum
1453 1689 1708 1744 declinat.
1753 1707 1770 1741 ι

517 1782 643 1836 Sole
674 1781 739 1835 ad
777 1795 1029 1837 occasum
1060 1791 1339 1850 vergente,
1365 1781 1556 1833 umbra
1586 1780 1706 1848 ejus
1729 1778 2022 1849 plurimum

444 1875 712 1938 declinat;
743 1875 861 1944 ipso
913 1883 1094 1928 autem
1158 1874 1538 1938 occuiubente,
1583 1872 1698 1926 haec
1730 1872 1892 1925 etiam
1947 1872 2024 1924 si-

445 1968 559 2021 mul
589 1967 719 2020 abit.
748 1965 978 2030 Quando
1022 1965 1184 2032 igitur
1224 1965 1428 2018 malitia
1461 1963 1810 2027 redundavit,
1841 1963 1913 2016 ita
1971 1972 2029 2016 ut

447 2074 616 2129 genus
647 2059 945 2111 humanum
979 2057 1142 2109 etiam
1175 2057 1438 2110 adversus
1464 2055 1642 2124 ipsum
1699 2055 1888 2117 Deum,
1927 2056 2029 2108 sci-

448 2151 572 2205 licet
611 2149 910 2210 Christum,
977 2163 1173 2203 manus
1203 2149 1464 2210 elevaret,
1501 2156 1630 2201 tunc
1685 2147 1933 2199 Christus
1997 2161 2028 2197 e

447 2241 625 2294 medio
677 2241 902 2304 tollitur,
929 2250 984 2294 et
1039 2249 1268 2294 mortem
1332 2239 1589 2302 sustinet,
1621 2247 1682 2291 ut
1731 2236 1932 2290 malitia
1977 2245 2031 2290 et

447 2341 726 2401 peccatum
762 2330 1200 2395 mortiﬁcaretur,
1237 2338 1297 2383 ut
1325 2328 1526 2383 Paulus
1555 2329 1669 2392 ait;
1707 2325 1844 2392 Quia
1885 2336 2030 2380 vetus

447 2427 596 2478 homo
618 2437 788 2478 noster
816 2423 975 2478 simul
995 2424 1274 2490 cruciﬁxus
1309 2432 1381 2475 est
1403 2423 1444 2486 ⁷,
1479 2430 1583 2475 etc.

520 2515 678 2568 Vens.
702 2516 789 2570 24.
830 2535 847 2564 ι
873 2514 1058 2567 Genua
1091 2528 1205 2566 mea
1234 2511 1508 2565 inﬁrmata
1531 2519 1680 2564 sunt.
1711 2527 1731 2559 ›

517 2605 653 2659 Cum
681 2604 934 2672 fatigatus
967 2619 1032 2657 ex
1059 2603 1254 2656 itinere
1287 2604 1330 2665 ⁸,
1361 2611 1420 2655 ιιι
1444 2601 1620 2669 inquit
1643 2599 1906 2662 Joannes,
1942 2613 2029 2651 se-

449 2697 589 2752 derit
611 2696 882 2759 Christus,
915 2695 991 2747 nil
1012 2694 1230 2757 mirum,
1267 2694 1310 2746 si
1337 2693 1498 2745 etiam
1528 2707 1594 2747 ex
1619 2691 1831 2759 jejunio
1855 2705 2029 2760 genua

449 2791 568 2859 eius
629 2788 1019 2842 inﬁrmentur:
1079 2786 1145 2838 ad
1199 2785 1382 2838 carnis
1447 2783 1592 2836 enim
1617 2797 1780 2851 quam
1819 2797 2034 2836 assum-

450 2890 633 2952 pserat
665 2879 1042 2949 probationem
1074 2877 1312 2932 humana
1344 2875 1604 2929 sustinuit
1644 2874 1848 2943 absque
1902 2889 2030 2942 pec-

449 2983 570 3029 cato
605 2974 648 3026 '.

519 3064 682 3119 Vsus.
711 3063 802 3118 25.
866 3079 886 3113 ι
913 3061 984 3116 Ει
1025 3075 1126 3131 ego
1178 3058 1354 3113 iactus
1407 3071 1527 3112 sum
1571 3055 1930 3126 opprobrium
1962 3055 2027 3109 il-

451 3155 538 3209 lis.
579 3173 597 3206 ι

523 3246 648 3299 Haec
694 3243 762 3298 ad
809 3242 1046 3296 litteram
1103 3237 1370 3294 accidisse
1420 3235 1710 3292 Mattheus
1765 3237 2026 3292 tradidit:

455 3337 828 3390 Prwtereuntes
861 3341 1039 3385 autent
1092 3329 1529 3397 hiaspltemabant
1577 3345 1716 3394 eum,
1771 3339 2030 3382 moventes

451 3428 626 3495 capita
657 3441 776 3490 sua,
805 3432 853 3477 et
881 3423 1150 3475 dicentes:
1200 3419 1304 3473 Vah
1361 3419 1450 3488 qui
1499 3419 1726 3472 destruis
1782 3418 2029 3485 templum

451 3517 570 3578 Dei,
595 3525 642 3569 et
665 3517 720 3568 in
747 3513 920 3566 triduo
942 3511 1076 3564 illud
1097 3509 1409 3576 rewdiﬂcas,
1459 3508 1607 3561 salva
1649 3509 1977 3576 temetipsum
2011 3523 2029 3562 :

449 3607 509 3661 Si
543 3606 715 3660 Filius
741 3604 836 3658 Dei
869 3618 943 3667 es,
987 3600 1239 3654 descende
1285 3598 1350 3651 de
1375 3613 1545 3663 cruce,
1582 3607 1637 3650 ut
1666 3597 1959 3664 videamus,
1982 3606 2030 3649 et

449 3700 721 3754 credamus
757 3697 820 3749 ¹⁰.

518 3791 683 3846 Vsus.
711 3788 802 3843 26.
843 3807 862 3839 ι
887 3787 1092 3856 Adjuva
1127 3799 1234 3849 me,
1262 3782 1512 3846 Domine,
1548 3781 1692 3834 Deus
1719 3794 1893 3833 meus.
1935 3797 1953 3829 ι

519 3882 770 3936 Nostram
791 3894 950 3950 opem
980 3893 1044 3932 ac
1085 3878 1316 3931 salutem
1371 3888 1524 3928 suam
1561 3879 1798 3942 reputat,
1840 3879 2029 3939 utpote

448 3973 716 4028 mediator
767 3981 823 4024 et
880 3969 1125 4040 pontifex
1176 3976 1366 4022 noster
1415 3966 1483 4020 ad
1536 3962 1750 4017 Patrem
1807 3961 2028 4015 factus:

448 4074 779 4136 quapropter
809 4063 1024 4116 Patrem
1052 4070 1211 4116 vocat
1242 4059 1410 4113 etiam
1443 4056 1733 4110 Dominum
1762 4068 1826 4107 ac
1861 4051 2029 4106 Deum

449 4173 608 4212 suum
636 4173 649 4210 :
682 4154 827 4224 quod
858 4151 1059 4207 nostris
1105 4151 1270 4204 etiam
1331 4147 1586 4218 personis
1612 4143 1883 4214 congruit.
1917 4141 2031 4196 Hoc

446 4256 628 4301 autem
659 4244 972 4300 mediatoris
1014 4251 1175 4311 atque
1199 4238 1475 4310 pontiﬁcis
1502 4236 1782 4306 preprium
1821 4243 1926 4298 est,
1971 4241 2030 4287 ut

446 4347 684 4393 assumat
708 4351 965 4408 personas
989 4349 1180 4390 eorum
1209 4347 1312 4402 pro
1335 4330 1534 4400 quibus
1564 4326 1834 4383 sacriﬁcat
1854 4334 1910 4380 et
1941 4324 2027 4377 iu-

403 4459 411 4466 -
449 4429 632 4483 terdit.

515 4516 678 4569 Vens.
713 4516 803 4569 9.7.
842 4535 859 4565 ι
896 4515 961 4568 Ει
990 4515 1164 4568 sciant
1190 4513 1313 4581 quia
1345 4523 1545 4565 munus
1567 4519 1656 4562 tua
1689 4509 1824 4563 haec.
1861 4526 1879 4558 ι

509 4607 736 4672 Qualem
767 4621 893 4659 vero
923 4620 1140 4658 manum
1171 4603 1342 4656 dicit?
1408 4600 1607 4670 Utique
1646 4598 2022 4668 dispensatio-

443 4711 569 4750 nem
607 4694 788 4748 crucis
817 4709 880 4747 ac
910 4690 1326 4746 resurrectionis
1358 4705 1456 4759 per
1515 4703 1736 4742 manum
1772 4688 1874 4741 hoc
1904 4687 2023 4741 loco

441 4783 726 4856 signiﬁcat.
757 4785 890 4837 Cum
923 4783 1067 4836 enim
1097 4797 1291 4851 magna
1341 4781 1604 4834 miracula
1641 4778 2022 4848 soleatappel.

419 4879 553 4932 lare
579 4875 806 4944 digitum
837 4874 954 4936 Dei,
993 4882 1048 4927 et
1092 4871 1506 4941 comparatione
1559 4885 1751 4924 eorum
1785 4884 1908 4938 quae
1936 4868 2021 4922 di-

438 4979 526 5024 cta
549 4977 695 5034 sunt,
718 4983 840 5023 eum
899 4965 1193 5020 maximum
1265 4965 1335 5019 sit
1383 4963 1708 5018 miraculum
1735 4962 1912 5016 crucis
1960 4975 2024 5014 ac

439 5061 879 5123 resurrectionis,
906 5059 1220 5114 necessario
1246 5056 1378 5110 illud
1408 5071 1630 5110 manum
1650 5057 1823 5124 ipsam
1844 5062 2020 5107 vocat.

441 5150 558 5206 lloc
584 5151 772 5220 utique
803 5149 917 5204 vult
939 5148 1102 5202 etiam
1132 5147 1383 5201 homines
1409 5160 1726 5216 agnoscere,
1765 5152 1824 5196 ut
1845 5143 2023 5197 sciant

437 5241 696 5312 quoniam
729 5241 847 5311 ipse
880 5240 1007 5296 fecit
1030 5255 1148 5295 eam
1185 5242 1274 5295 :id
1331 5251 1435 5306 est,
1462 5243 1606 5312 quod
1653 5240 1936 5294 voluntate
1967 5248 2021 5292 et

439 5334 782 5404 neneplacito
811 5335 930 5404 ejus
961 5333 1098 5388 facta
1120 5334 1212 5398 sit,
1236 5332 1490 5386 utPatris
1523 5332 1754 5401 Filiique
1785 5346 2019 5386 consen—

440 5424 644 5478 tionem
703 5425 1000 5490 discentes,
1059 5424 1258 5478 divinae
1295 5423 1626 5495 cognitionis
1697 5421 2018 5491 mysterium

438 5515 760 5584 percipiant.

2121 509 2221 579 τὴν
2249 509 2385 581 πρὸς
2410 509 2732 580 ἀνθρώπους
2757 509 3057 579 γενομένην
3087 506 3455 577 συμπάθειαν,
3479 509 3727 578 ποίησον

2127 603 2245 674 μετ’
2272 602 2428 673 ἐμοῦ.
2463 601 2672 674 Πρέπει
2703 601 2810 672 γάρ
2837 619 2951 664 πως
2975 599 3312 670 σαρκωθέντι
3342 599 3440 652 καὶ
3471 602 3731 669 προσεύ-

2123 695 2336 766 χεσθαι,
2367 695 2465 748 καὶ
2503 694 2765 766 βοήθειαν
2795 696 2967 747 αἰτεῖν
2993 692 3146 764 παρὰ
3172 691 3307 744 Θεοῦ
3329 731 3344 757 ,
3372 692 3470 744 καὶ
3501 693 3572 746 τά
3615 711 3732 747 τα-

2125 787 2288 840 πεινὰ
2345 787 2788 856 ἁναλαμΰάνειν,
2860 786 2963 840 ὅσα
3011 787 3076 856 τῇ
3137 782 3530 855 άνθρωπότητι
3578 785 3733 856 πρι-

2124 895 2296 932 ποντα
2307 917 2320 930 .

2198 987 2218 1020 ι
2269 967 2458 1021 Ῥῦσαί
2496 983 2585 1038 με,
2617 968 2698 1020 ὅτι
2723 965 2939 1036 πτωχὸς
2971 966 3066 1018 καὶ
3095 967 3265 1037 πένης
3286 967 3426 1037 εἰμί.
3473 985 3494 1018 ι

2197 1058 2480 1129 Πτωχείαν
2513 1058 2680 1111 αὑτοῦ
2708 1058 2807 1128 τὴν
2837 1057 3086 1110 ἑκούσιον
3140 1057 3589 1129 προσαγορεύει,

2125 1148 2302 1201 λονότι
2326 1123 2677 1202 ’ταπείνωσιν
2711 1164 2724 1177 ·
2762 1123 2971 1201 ’πενίαν
3016 1123 3200 1201 πάλιν-
3229 1123 3410 1214 ἰδίαν,
3456 1148 3565 1218 τὴν

2139 1239 2409 1293 Ἰουδαίων
2458 1240 2767 1310 παρακοήν.
2826 1239 2888 1291 Ei
2932 1239 3039 1311 γὰρ
3083 1237 3247 1291 αὑτοῦ

2125 1329 2214 1382 διὰ
2257 1329 2356 1398 τὴν
2407 1328 2466 1394 ἐξ
2516 1329 2696 1383 αὐτῶν
2751 1327 3050 1398 ληφθεῖσαν
3114 1329 3332 1400 σάρκα,
3394 1328 3732 1396 ἀναγκαίως

2127 1418 2294 1473 αὑτοῦ
2327 1422 2516 1473 πενίαν
2545 1421 2644 1491 τὴν
2677 1421 2904 1473 ἐκείνων
2935 1420 3142 1486 πλάνην
3163 1420 3466 1490 λογίζεται.

2205 1531 2223 1563 ι
2272 1512 2416 1564 Ὠσεὶ
2457 1511 2585 1564 σκιὰ
2615 1514 2673 1565 ἐν
2701 1511 2780 1582 τῷ
2805 1511 3055 1566 ἐκκλῖναι
3084 1513 3277 1582 αὐτήν.
3314 1529 3334 1564 ι

2215 1603 2275 1655 Ἠ
2309 1603 2404 1656 τοῦ
2437 1603 2586 1673 ἡλίου
2621 1604 2748 1656 σκιὰ
2778 1603 2915 1674 πρὸς
2941 1603 3173 1670 δυσμαῖς
3206 1603 3371 1656 αὑτοῦ
3400 1605 3726 1672 γεγονότος,

2128 1696 2220 1748 ἐπὶ
2253 1695 2386 1748 πολὺ
2415 1695 2676 1750 κλίνεται⁶
2704 1695 2963 1759 δύναντος
2989 1696 3044 1748 δὲ
3083 1695 3274 1761 αὐτοῦ,
3302 1698 3397 1750 καὶ
3426 1697 3576 1767 αὐτὴ
3609 1715 3726 1750 συν-

2134 1787 2455 1858 απέρχεται.
2512 1789 2642 1842 Ὅτε
2685 1789 2930 1858 τοίνυνξὴ
2961 1787 3131 1842 κακία
3165 1788 3506 1842 ἐπλεόνασεν
3529 1832 3544 1853 ,
3583 1789 3729 1842 ὥστε

2133 1879 2226 1932 καὶ
2255 1880 2376 1932 κατ’
2403 1877 2567 1932 αὐτοῦ
2605 1879 2699 1932 τοῦ
2723 1878 2883 1944 Θεοῦ,
2911 1879 3112 1950 δηλαδὴ
3144 1880 3238 1933 τοῦ
3297 1879 3579 1950 Χριστοῦ,
3614 1884 3736 1950 χεῖ-

2139 1985 2236 2040 ρας
2284 1970 2488 2041 ὲπᾶραι
2529 1971 2589 2022 τὸ
2626 1970 2782 2037 γένος
2809 1968 2869 2022 τὸ
2893 1970 3258 2039 ἀνθρώπινον,
3293 1970 3417 2023 τότε
3452 1971 3733 2025 ἀνταναι-

2135 2063 2309 2129 ρεῖται
2342 2061 2370 2112 ό
2399 2058 2654 2128 Χριστὸς,
2686 2060 2780 2112 καὶ
2825 2059 3087 2129 ὑπομένει
3116 2059 3384 2125 θάνατον,
3429 2060 3531 2114 ἵνα
3565 2063 3604 2130 ἡ
3637 2079 3731 2112 κα-

2135 2151 2229 2205 κία
2251 2151 2398 2220 καὶὴ
2425 2150 2670 2220 ἁμαρτία
2700 2149 2971 2221 νεκρωθῇ,
2997 2150 3250 2221 καθάπερ
3281 2151 3508 2214 Παῦλός
3538 2169 3738 2221 φησιν·

2137 2243 2272 2296 ’Ότι
2295 2245 2327 2296 ό
2365 2242 2620 2308 παλαιὸς
2651 2241 2820 2311 ἡμῶν
2863 2241 3174 2309 ἅνθρωπος
3219 2244 3739 2311 συνεσταυρώθη,

2137 2334 2232 2388 καὶ
2257 2335 2327 2387 τὰ
2357 2333 2507 2404 ἐχῆς.

2214 2446 2232 2477 ι
2269 2427 2349 2479 Τά
2383 2426 2586 2495 γόνατά
2619 2443 2719 2497 μου
2758 2426 3088 2496 ὴσθένησαν.
3129 2446 3148 2480 ι

2212 2519 2274 2572 Εἰ
2302 2517 2655 2581 κεκοπιακὼς
2685 2521 2750 2570 ἐκ
2777 2518 2878 2586 τῆς
2908 2518 3244 2589 ὁδοιπορίας,
3267 2519 3345 2582 ὥς
3365 2537 3510 2590 φησι
3546 2523 3740 2576 Ἱωά-δυ

2136 2627 2254 2680 νης,
2296 2610 2532 2680 κάθηται
2570 2613 2599 2663 ὁ
2628 2610 2885 2680 Χριστὸς,
2929 2609 3080 2662 οὐδὲν
3109 2611 3456 2680 θαυμαστὸν,
3491 2616 3594 2667 καὶ
3635 2613 3745 2667 ὑπὸ

2136 2703 2390 2770 νηστείας
2423 2704 2588 2755 αὑτοῦ
2624 2703 2918 2773 ἀσθενῆσαι
2945 2701 3014 2754 τά
3046 2703 3278 2769 γόνατα⁸
3318 2705 3400 2768 εἰς
3429 2706 3742 2774 βεϐαίωσιν

2136 2791 2244 2860 γὰρ
2273 2794 2368 2862 τῆς
2398 2793 2601 2862 σαρκὸς
2631 2793 2697 2862 ἣν
2721 2789 3010 2862 ἐσαρκώθη
3045 2792 3305 2862 ὑπέμεινε
3334 2795 3519 2864 χωρὶς
3547 2796 3742 2864 ἁμαρ-

2136 2883 2259 2946 τίας
2292 2883 2363 2935 τὰ
2393 2883 2728 2954 ἀνθρώπινα.

2214 2993 2232 3024 ι
2268 2973 2438 3042 Κάγὼ
2465 2975 2737 3046 ἐγενήθην
2766 2975 2968 3040 δνειδος
3003 2977 3205 3040 αὐτοῖς.
3245 2995 3262 3028 ι

2209 3066 2398 3120 Ταῦτα
2429 3069 2494 3136 τῇ
2521 3066 2664 3133 λέξει
2692 3068 2953 3135 γεγονότα
2979 3067 3259 3132 Ματθαῖος
3284 3071 3705 3140 παραδέδωκεν
3726 3089 3741 3103 ·

2127 3160 2191 3210 Ol
2225 3156 2293 3209 δὲ
2337 3159 2890 3226 παραπορευόμενοι
2929 3160 3369 3230 ἐϐλασφήμουν
3402 3163 3636 3226 αὐτὸν,
3663 3183 3749 3216 κιο

2130 3248 2380 3313 γοῦν-τες
2411 3248 2518 3313 τὰς
2547 3249 2814 3316 κεφαλὰς
2844 3249 3045 3303 αὐτῶν
3065 3288 3081 3312 ,
3110 3251 3208 3303 καὶ
3236 3252 3564 3318 λέγοντες-ο
3588 3257 3742 3308 Οὐαὶ

2136 3342 2169 3390 ὀ
2195 3339 2512 3392 καταλύων
2556 3338 2666 3391 τὸν
2702 3342 2856 3392 ναὸν
2899 3340 3004 3393 τοῦ
3039 3339 3187 3393 Θεοῦ
3212 3381 3227 3404 ,
3275 3340 3376 3392 καὶ
3420 3341 3498 3395 ἐν
3537 3348 3748 3412 τρισὲν

2133 3428 2381 3496 ἡμέραις
2421 3427 2751 3497 οὲκοδομῶν
2793 3431 3014 3495 αὑτὸν,
3055 3430 3263 3484 σῶσον
3300 3438 3630 3489 σεαυτόν·
3682 3440 3746 3490 ει

2143 3517 2276 3582 Υιὸς
2301 3514 2359 3571 εἷ
2385 3519 2490 3572 τοῦ
2515 3517 2684 3606 Θερῦ,
2709 3521 2996 3590 κατάϐηθι
3021 3522 3141 3589 duo
3165 3522 3272 3577 τοῦ
3302 3527 3624 3597 σταυροῦ,
3650 3531 3748 3582 ba

2133 3608 2352 3678 ῑδωμεν
2375 3610 2472 3672 καί
2503 3611 2942 3680 πιστεύσωμεν.

2211 3803 2228 3834 ι
2276 3783 2552 3853 Βοήθησόν
2583 3801 2693 3853 μοι,
2717 3785 2911 3855 Κύριε,
2940 3787 2969 3838 ό
2992 3784 3123 3849 Θεός
3160 3803 3282 3856 μου.
3333 3805 3351 3838 ι

2220 3875 2447 3928 Ἑαυτοῦ
2513 3875 2768 3948 βοήθειαν
2815 3878 2909 3930 καὶ
2970 3879 3245 3948 σωτηρίαν
3291 3879 3396 3952 τὴν
3446 3883 3745 3955 ἡμετέραν

2131 3965 2358 4030 τίθεται,
2410 3966 2485 4028 ὡς
2515 3967 2743 4038 μεσίτης
2781 3969 2938 4036 ήμῶν
2978 3969 3070 4022 καὶ
3107 3971 3412 4040 ἀρχιερεὺς
3464 3976 3626 4045 πρὸς
3656 3979 3746 4029 τδν

2133 4056 2352 4126 Πατέρα
2378 4056 2668 4126 γενόμενος
2693 4074 2706 4086 ·
2732 4058 2924 4129 διόπερ
2952 4059 3116 4127 φησιν
3143 4061 3341 4114 ἐαυτοῦ
3385 4065 3493 4117 καὶ
3532 4069 3744 4138 Κύριον

2132 4149 2228 4201 καὶ
2265 4147 2397 4200 Θεὸν
2446 4149 2538 4200 τὸν
2584 4149 2802 4218 Πατέρα
2835 4166 2849 4180 ·
2879 4150 2907 4202 δ
2952 4153 3063 4213 τοῖς
3088 4151 3418 4220 προσώποις
3463 4157 3746 4228 ἁρμόττει

2131 4241 2242 4303 τοῖς
2269 4240 2579 4310 ἡμετέροις.
2621 4240 2794 4293 Τοῦτο
2831 4241 2889 4293 δὲ
2923 4241 3147 4311 μεσίτου
3177 4243 3272 4296 καὶ
3304 4247 3642 4318 ἀρχιερέως
3665 4257 3742 4303 αξ-

2133 4333 2277 4383 κείον
2304 4331 2730 4400 ἀναλαμϐάνειν,
2765 4333 2974 4386 τούτων
3008 4335 3151 4406 ὑπὲρ
3187 4329 3264 4389 ὧν
3314 4338 3625 4412 ἱερουργεί
3653 4350 3744 4397 καὶ

2062 4439 2104 4494 ο
2137 4423 2415 4490 μεσιτεύει
2439 4423 2509 4475 τὰ
2530 4423 2821 4494 πρόσωπα.

2206 4531 2226 4562 ι
2259 4512 2370 4564 Καὶ
2401 4513 2696 4580 γνώτωσαν
2722 4514 2807 4566 ὅτι
2832 4517 2866 4585 ἡ
2897 4514 3021 4584 χείρ
3051 4533 3145 4568 σου
3165 4517 3327 4590 αὕτη.
3377 4541 3398 4573 ι

2203 4601 2369 4655 Ποίαν
2401 4601 2458 4654 δὲ
2488 4604 2648 4672 χεῖρα
2681 4603 2868 4670 λέγεις
2907 4605 3078 4673 Δῆλον
3132 4608 3214 4660 ὃτι
3258 4610 3363 4679 τὴν
3400 4614 3738 4686 οἰκονομίαν

2129 4691 2221 4745 τοῦ
2255 4692 2493 4762 σταυροῦ
2524 4694 2618 4746 καὶ
2650 4694 2750 4762 τῆς
2783 4696 3134 4760 ἀναστάσεως
3158 4699 3246 4751 διὰ
3274 4703 3382 4771 τῆς
3422 4711 3630 4777 χειρὸς
3657 4714 3740 4762 ἐκ-

2124 4781 2301 4835 ταῦθα
2333 4783 2612 4851 σημαίνει.
2656 4783 2875 4855 Ἐπειδὴ
2918 4787 3028 4858 γὰρ
3067 4787 3136 4840 τὰ
3184 4792 3408 4858 μεγάλα
3444 4798 3573 4850 τῶν
3609 4802 3738 4853 θαυ-

2132 4875 2318 4946 μάτων
2347 4874 2467 4937 ἐθος
2504 4874 2766 4928 δάκτυλον
2804 4875 2945 4929 Θεοῦ
2975 4881 3525 4953 προσαγορεύεσθαι,
3572 4891 3741 4961 ἀνι-ί.

2129 4967 2300 5028 καίως
2359 4963 2496 5034 πρὸς
2529 4963 2816 5035 σύγκρισιν
2836 4966 2945 5017 τῶν
2972 4967 3302 5038 εἰρημένων,
3329 4973 3540 5047 ἐπειδὴ
3582 4984 3741 5048 μέγι-

2133 5073 2256 5109 στον
2287 5057 2501 5126 ὑπῆρχε
2530 5055 2590 5108 τὸ
2618 5055 2805 5126 θαῦμα
2833 5057 2927 5111 τοῦ
2957 5059 3194 5129 σταυροῦ
3230 5063 3324 5114 καὶ
3361 5068 3468 5135 τῆς
3495 5071 3739 5124 ἀγαστά.

2133 5165 2290 5211 σεως,
2346 5150 2505 5220 χεῖρα
2554 5149 2725 5218 αὐτὴν
2755 5149 2932 5203 καλεῖ.
2986 5153 3050 5204 Ὃ
3083 5152 3149 5223 δὴ
3207 5157 3302 5207 καὶ
3337 5159 3572 5224 γνῶναι
3617 5168 3742 5224 τώς

2129 5237 2453 5310 ἀνθρώπους
2477 5237 2749 5308 βούλεται,
2787 5241 2883 5294 καὶ
2915 5242 2995 5294 ὅτι
3057 5245 3230 5314 αὐτὴν
3268 5247 3550 5320 ἐποίησε·
3592 5273 3745 5308 τουτ-

2131 5328 2468 5394 έστιν,αὐτοῦ
2489 5328 2682 5401 γνώμῃ
2711 5330 2805 5382 καὶ
2830 5330 3047 5404 εὐδοκία
3081 5334 3434 5404 πέπρακται,
3471 5343 3574 5396 ἶνα
3603 5363 3744 5404 ανξι-

2130 5419 2334 5487 φωνίαν
2368 5418 2581 5488 Πατρός
2619 5422 2712 5472 καὶ
2747 5421 2879 5474 Υίοῦ
2935 5401 3222 5490 μαθόντες,
3251 5426 3312 5480 τὸ
3353 5401 3456 5500 τῆς
3497 5401 3746 5499 esuritio-

2135 5512 2254 5574 σίας
2287 5509 2626 5564 παιδευθῶσι
2661 5513 2980 5584 μυστήριον.

508 5683 532 5714 '
556 5681 713 5736 Rom.
761 5700 834 5746 vi,
861 5686 912 5738 6.
989 5686 1187 5741 I’Joan.
1217 5704 1303 5759 μ’,
1345 5691 1394 5743 6.
1473 5691 1492 5721 ’
1525 5690 1690 5744 Hebr.
1717 5707 1790 5759 tv,
1823 5692 1909 5750 I5.
1989 5693 2030 5724 ¹⁰
2056 5690 2248 5746 Matth.
2281 5709 2450 5760 xxv",
2477 5661 2564 5750 59.
