3936 6200
515 183 647 250 1311

1713 195 2078 256 HESYCHII
2110 196 2582 258 PRESBYTER!

3670 195 3798 258 1312

509 301 681 357 carni.
717 300 1021 371 (Siquidem
1051 318 1159 358 non
1191 304 1493 359 secundum
1522 305 1992 378 imaginationem,
2031 316 2079 362 ut

2195 310 2270 363 κί.
2300 311 2457 380 (Οὐδὲ
2490 311 2600 382 γὰρ
2654 311 2799 367 κατὰ
2855 311 3175 380 φαντασίαν,
3209 309 3284 373 ὥς
3316 326 3463 372 τινες
3505 307 3627 360 τῶν
3661 315 3807 376 alpe-

510 392 729 461 quidam
780 394 1022 448 haeretici
1067 396 1346 461 sentiunt,
1397 398 1495 452 sed
1543 399 1843 453 secundum
1889 401 2090 455 verita-

513 492 622 538 tem
663 485 809 539 Deus
853 485 1089 541 Verbum
1133 503 1357 544 carnem
1404 491 1747 560 assumpsit.)
1786 492 1901 546 lloc
1943 494 2090 547 enim

511 577 577 630 ad
607 577 1028 646 explicationem
1069 590 1126 635 et
1163 581 1642 637 conﬁrmationem
1690 582 1856 638 David
1895 584 2090 640 iterum

509 669 666 732 dixit,
694 669 899 726 Veritas
931 672 995 726 de
1027 681 1168 727 terra
1205 684 1322 728 orta
1361 683 1435 728 est
1457 674 1525 741 ⁸⁷,
1557 675 1948 730 humanitatem
1983 678 2092 731 Do-

510 761 644 814 mini
687 760 1037 834 intelligens;
1074 781 1196 834 qute
1227 767 1294 821 de
1327 774 1468 822 terra
1500 775 1709 834 nostra,
1740 768 1950 822 scilicet
1989 769 2091 822 hu-

511 866 686 905 manae
719 860 949 919 naturae,
983 864 1101 909 orta
1131 863 1237 910 est.
1281 855 1470 927 Magna
1513 856 1677 926 igitur
1710 871 1877 926 supra
1922 858 2092 913 cmlos

481 937 488 1004 ,’
510 951 594 998 est
617 942 822 1000 Christi
850 945 1112 1002 divinitas
1143 957 1368 1018 propter
1397 949 1644 1019 gloriam,
1673 963 1780 1018 qua
1803 964 1834 1002 a
1855 949 2091 1018 prOpriis

510 1037 806 1094 virtutibus
839 1041 1170 1110 gloriﬁcatus
1207 1043 1311 1097 fuit
1344 1061 1356 1096 :
1391 1044 1447 1097 in
1479 1054 1627 1099 terra
1663 1045 1814 1099 enim
1865 1047 2089 1101 minime

509 1130 864 1196 noscebatur,
899 1140 955 1185 et
983 1147 1148 1186 carne
1175 1133 1624 1188 obumbrabatur.

581 1218 740 1273 Vens.
765 1219 817 1274 6.
854 1238 872 1270 ι
906 1221 1159 1276 Exaltare
1191 1238 1355 1292 super
1383 1224 1575 1288 oculos,
1614 1223 1780 1279 Deus.
1815 1243 1834 1276 ι
1926 1282 1927 1285 η

582 1307 770 1364 Vidcn‘
834 1319 894 1365 ut
951 1311 1120 1367 David
1182 1313 1385 1368 Christi
1451 1313 1831 1368 ascensionem
1889 1314 2089 1383 przedi-

509 1414 660 1467 cens,
689 1401 841 1470 prius
871 1403 1098 1457 nubium
1139 1403 1331 1459 fecerit
1365 1404 1739 1459 mentionem?
1769 1405 1909 1459 Ecce
1941 1406 2086 1460 enim

507 1492 669 1545 etiam
725 1509 872 1548 nunc
929 1495 1059 1563 quid
1124 1495 1301 1549 simile
1356 1496 1704 1565 proponitur,
1774 1511 1972 1566 nempe
2029 1505 2089 1550 ut

506 1583 780 1637 exaltetur
808 1582 952 1638 Deus
984 1600 1150 1655 super
1180 1587 1349 1640 caelos
1378 1586 1723 1651 celebratus;
1768 1587 1893 1641 licet
1935 1603 2082 1642 sem-

2195 400 2363 454 τικῶν
2408 403 2683 467 δοκοῦσιν,
2715 403 2851 457 ἀλλὰ
2895 403 3017 456 κατ’
3061 402 3320 472 ἀλήθειαν
3362 402 3392 454 6
3436 399 3582 462 Θεὸς
3633 400 3810 465 Λόγος

2196 490 2562 562 σεσάρκωται.
2589 494 2606 559 )
2633 492 2806 546 Ἰοῦτο
2846 493 2954 564 γὰρ
3009 494 3089 555 είς
3112 486 3413 562 ἑρμηνείαν
3453 491 3561 544 καὶ
3589 488 3808 542 σύσταο

2207 599 2291 634 σιν
2320 585 2347 635 6
2375 582 2538 636 Δαϐὶδ
2577 583 2741 636 πάλιν
2785 583 2994 650 ἔλεγεν,
3033 581 3105 635 Ἡ
3145 580 3399 647 ἀλήθεια
3425 581 3500 632 ἐκ
3537 578 3663 646 τῆς
3694 576 3809 646 τῆς

2194 672 2501 740 ἀνέτειλε,
2549 674 2648 746 τὴν
2697 675 3093 745 άνθρωπότητα
3135 672 3227 724 τοῦ
3285 671 3503 740 Κυρίου
3569 671 3805 736 λέγων·

2191 765 2290 837 τὴν
2337 767 2445 820 ἀπὸ
2484 769 2585 837 τῆς
2618 769 2897 838 ἡμετέρας
2928 767 3050 837 γῆς,
3095 764 3300 836 δηλαδὴ
3347 763 3451 834 τῆς
3502 761 3802 833 ἀνθρωπί-

2193 877 2290 929 νης
2328 860 2563 928 φύσεως,
2601 859 2982 914 ἀνατείλασαν.
3024 857 3183 924 Μέγα
3221 856 3407 907 τοίνυν
3444 855 3652 907 ἐπάνω
3691 854 3803 906 τῶν

2194 949 2442 1019 οὐρανῶν
2472 952 2504 1018 ἡ
2553 949 2647 1003 τοῦ
2694 948 2935 1019 Χριστοῦ
2975 948 3167 1016 θεότης
3212 947 3301 1000 διὰ
3354 947 3456 1016 τὴν
3513 945 3707 1010 δόξαν,
3733 947 3802 1016 ἣν

2198 1043 2351 1105 παρὰ
2376 1040 2484 1093 τῶν
2513 1040 2734 1092 οἰκείων
2753 1040 3036 1108 δυνάμεων
3066 1036 3348 1100 ἐδοξάζετο
3366 1053 3381 1067 ·
3411 1037 3514 1088 ἐπὶ
3550 1039 3664 1105 γῆς
3689 1036 3798 1103 γάρ

2193 1130 2462 1198 ἠγνοεῖτο,
2500 1131 2595 1182 καὶ
2629 1132 2690 1200 τῇ
2731 1131 2896 1199 σαρκὶ
2923 1129 3326 1190 συνεσκιάζετο.

2267 1238 2285 1269 ι
2329 1220 2600 1290 ’Υψὼθητι
2625 1220 2716 1272 ἐπὶ
2744 1223 2869 1284 τοὺς
2893 1220 3175 1292 οὐρανοὺς,
3196 1221 3222 1271 6
3241 1218 3393 1280 Θεός.
3431 1237 3451 1269 ι

2261 1311 2497 1382 Θεωρεῖς
2538 1313 2619 1364 ὅτι
2663 1310 2758 1364 τοῦ
2809 1309 3045 1381 Χριστοῦ
3096 1310 3194 1379 τὴν
3235 1309 3517 1378 ἀνάληψιν
3573 1309 3796 1362 sum

2189 1402 2588 1473 προφητεύων,
2629 1403 2738 1456 τῶν
2773 1402 3016 1472 νεφελῶν
3065 1401 3378 1473 ἔμπροσθεν
3430 1401 3794 1470 ἐμνημόνευ-

2189 1509 2319 1558 σεν;
2359 1493 2485 1546 Ἰδοὺ
2535 1493 2646 1563 γὰρ
2677 1494 2774 1546 καὶ
2806 1493 2902 1547 νῦν
2946 1495 3131 1564 ὅμοιον
3163 1492 3490 1546 ὑποτίθεται
3515 1531 3530 1555 ,
3568 1491 3795 1560 64.1907;-

2188 1601 2276 1638 ναι
2303 1585 2395 1637 τὸν
2414 1584 2546 1639 Θεὸν
2573 1585 2665 1638 ἐπὶ
2694 1586 2823 1648 τοὺς
2847 1585 3110 1655 οὐρανοὺς
3146 1582 3604 1653 πρεσϐευόμενος
3626 1597 3641 1609 ·
3673 1582 3788 1633 καί·

505 1690 604 1743 per
643 1675 696 1728 in
737 1676 1066 1731 sublimibus
1104 1678 1348 1742 exsistat,
1389 1678 1464 1731 uti
1499 1679 1576 1732 ait
1611 1679 1819 1733 Isaias:
1851 1678 2074 1733 Sanctus

2188 1691 2261 1729 τοι
2284 1675 2576 1740 διαπαντὸς
2605 1679 2662 1730 ὲν
2684 1675 2910 1746 ὑψηλοῖς
2935 1675 3087 1740 ὄντα,
3110 1673 3256 1728 καθά
3282 1690 3453 1743 φησιν
3476 1673 3785 1734 Fascia;-

503 1764 761 1820 Dominus
797 1768 886 1837 qui
919 1769 975 1820 in
1008 1768 1131 1822 altis
1167 1770 1371 1822 habitat
1395 1770 1462 1822 ⁸⁸.
1496 1768 1666 1824 David
1695 1784 1824 1825 vero
1853 1771 1933 1825 sic
1963 1789 1975 1824 :
2003 1771 2076 1825 Tu

503 1857 644 1911 salus
693 1858 992 1912 Altissimus
1038 1876 1195 1927 super
1239 1876 1444 1912 omnem
1493 1868 1692 1913 terram
1731 1861 1796 1914 '9.
1846 1861 2078 1916 Verum-

506 1957 687 2004 tamen
721 1951 1103 2006 exaltationem
1136 1961 1294 2007 vocat
1332 1951 1608 2023 Unigeniti
1650 1968 1774 2008 cum
1815 1967 1980 2010 carne
2023 1955 2075 2010 in

504 2040 674 2096 caelos
702 2056 1012 2096 ascensum.

573 2130 738 2186 Vsus.
772 2133 826 2187 'l.
874 2152 893 2185 ι
923 2133 998 2189 Ut
1028 2133 1332 2190 liberentur
1359 2135 1543 2191 dilecti
1569 2135 1666 2191 tui.
1705 2153 1725 2189 ι

571 2219 764 2277 Dilecti
794 2223 890 2278 Dei
929 2233 1057 2279 sunt
1095 2224 1172 2278 illi
1213 2225 1464 2281 homines
1495 2228 1590 2296 qui
1621 2242 1721 2297 per
1748 2227 1868 2297 ejus
1898 2227 1952 2282 in
1984 2243 2078 2299 ge-

501 2325 609 2367 nus
653 2321 898 2368 nostrum
945 2314 1295 2371 dilectionem
1333 2317 1532 2372 servati
1571 2327 1720 2384 sunt,
1748 2334 1884 2388 quos
1917 2319 2081 2374 etiam

502 2401 562 2456 in
600 2404 800 2459 coelum
845 2405 1112 2461 exaltatus
1157 2407 1222 2460 ab
1265 2408 1486 2477 antiqua
1532 2409 1845 2478 captivitate
1888 2410 2082 2463 libera-

501 2492 610 2559 vit;
635 2495 1091 2564 quemadmodum
1123 2495 1320 2552 Paulus
1359 2499 1471 2551 ait:
1504 2499 1796 2551 Ascendens
1827 2501 1880 2552 in
1911 2499 2078 2553 altum

503 2587 770 2651 captivam
817 2588 967 2640 duxit
1019 2589 1410 2656 captivitatem,
1463 2587 1605 2641 dedit
1659 2590 1798 2650 dona
1853 2591 2080 2643 Ιιοπιίηὶο

503 2669 598 2725 bus
635 2674 702 2725 ’°.
762 2673 1044 2728 Dexteram
1097 2691 1227 2730 vero
1279 2677 1374 2730 Dei
1426 2692 1536 2731 non
1577 2677 1700 2746 quis
1746 2679 2082 2735 aberraverit

502 2760 766 2832 Spiritum
818 2775 1064 2822 sanctum
1116 2769 1452 2838 intelligens;
1503 2770 1943 2840 quandoquidem
1991 2773 2082 2827 hic

500 2869 717 2926 quoque
767 2856 864 2912 Dei
919 2859 1117 2930 digitus
1169 2860 1501 2926 nominatur,
1559 2860 1763 2932 quippe
1815 2861 2080 2920 Trinitate

2181 1767 2374 1835 Ἄγιος
2391 1768 2605 1836 Κύριος
2626 1770 2659 1822 ὁ
2695 1769 2764 1821 ἐν
2794 1768 3057 1836 ὑψηλοῖς
3099 1765 3410 1820 κατοικῶν.
3469 1767 3590 1818 Καὶ
3624 1765 3796 1817 Δαεὶδ

2178 1858 2234 1911 δὲ
2265 1858 2437 1922 οὕτως
2463 1876 2475 1890 ·
2515 1859 2598 1913 Σὺ
2621 1861 2808 1929 μόνος
2867 1859 2968 1913 ἐπὶ
3003 1859 3212 1913 πᾶσαν
3269 1859 3389 1926 τὴν
3438 1857 3592 1926 γῆν.

2181 1950 2387 2020 ὕψωσιν
2429 1953 2522 2004 ἐπὶ
2550 1953 2678 2016 τοὺς
2705 1953 2974 2024 οὐρανοὺς
3003 1952 3098 2006 τοῦ
3133 1953 3269 2006 Θεοῦ
3293 1994 3308 2018 ,
3355 1951 3527 2005 καλεῖ
3569 1951 3680 2020 τὴν
3713 1951 3796 2012 είς

2179 2041 2404 2112 οὐρανὸν
2432 2041 2526 2095 τοῦ
2557 2041 2894 2112 Μονογενοῦς
2925 2043 3063 2113 μετὰ
3091 2043 3289 2114 σαρκὸς
3308 2041 3528 2096 ἄνοδον.

2255 2150 2275 2182 ι
2310 2132 2498 2192 Ὅπως
2530 2133 2598 2187 ἂν
2632 2133 2908 2202 ῥυσθῶσιν
2947 2135 2995 2186 oi
3024 2133 3300 2203 ἀγαπητοί
3331 2150 3453 2188 σου.
3487 2150 3510 2184 s

2264 2221 2567 2291 Ἀγαπητοὶ
2624 2221 2718 2274 τοῦ
2753 2221 2892 2274 Θεοῦ
2928 2223 2980 2274 οί
3035 2221 3299 2284 σωθέντες
3330 2220 3512 2274 αὐτοῦ
3558 2220 3658 2274 διὰ
3697 2221 3794 2292 τῆς

2181 2312 2403 2381 ἀγάπης
2430 2313 2528 2382 τῆς
2584 2312 2722 2384 πρὸς
2739 2313 2802 2366 τὸ
2834 2312 2992 2381 γένος
3034 2313 3096 2367 τὸ
3132 2313 3405 2384 ἡμέτερον
3452 2313 3787 2384 ἄνθρωποι*

2181 2402 2390 2473 οὕσπερ
2418 2405 2514 2457 καὶ
2547 2404 2853 2473 ἁνυψωθεὶς
2881 2407 2960 2468 είς
2996 2406 3226 2476 οὐρανὸν
3249 2405 3362 2458 ἀπὺ
3400 2406 3513 2474 τῆς
3555 2406 3792 2475 ἀρχαίας

2182 2493 2561 2565 αἰχμαλωσίας
2576 2495 2882 2567 ἐρρύσατο⁹
2913 2495 3057 2549 καθά
3089 2513 3254 2565 φησιν
3279 2498 3306 2549 6
3343 2496 3604 2560 Παῦλος,
3635 2498 3788 2550 Ἀνα-

2184 2587 2287 2651 6ὰς
2325 2587 2413 2652 είς
2442 2585 2602 2654 ὕψος
2622 2585 3096 2654 ᾐχμαλώτευσεν
3112 2588 3579 2655 αἰχμαλωσίαν,
3606 2587 3790 2640 ἔδωκε

2182 2673 2410 2742 δόματα
2443 2675 2512 2728 ἐν
2539 2674 2892 2743 ἀνθρώποις.
2936 2674 3126 2742 Δεξιὰν
3153 2675 3212 2728 δὲ
3239 2675 3336 2729 τοῦ
3379 2675 3530 2728 Θεοῦ
3569 2678 3687 2728 οὐκ
3731 2679 3790 2730 ἂν

2180 2776 2266 2822 τις
2322 2761 2562 2832 ἁμάρτοι
2606 2761 2668 2814 τὸ
2699 2761 2930 2832 Πνεῦμα
2981 2763 3409 2834 προσαγορεύων
3452 2765 3524 2817 τὸ
3586 2766 3787 2833 ἅγιον

2183 2850 2370 2922 ἐπειδὴ
2397 2852 2492 2905 καὶ
2513 2851 2650 2905 Θεοῦ
2671 2851 2931 2917 δάκτυλος
2970 2853 3322 2923 ὀνομάζεται,
3363 2854 3447 2918 ὡς
3485 2854 3596 2923 τῆς
3626 2857 3794 2924 Τριάο

503 2961 668 3000 unam
697 2947 1057 3004 substantiam
1102 2959 1157 3005 et
1185 2951 1444 3006 virtutem
1483 2959 1538 3006 et
1569 2953 1942 3022 operationem
1978 2956 2075 3010 ha-

2188 2942 2270 3007 δος
2300 2944 2432 3012 μίαν
2469 2943 2702 3013 ἐχούσης
2740 2945 2929 2997 οὐσίαν
2963 2943 3198 3016 δύναμίν
3233 2962 3294 2998 τε
3327 2947 3428 3000 καὶ
3466 2949 3788 3017 ἐνέργειαν.

503 3038 684 3092 bente.
715 3038 889 3110 Rogat
922 3040 1085 3110 igitur
1120 3042 1383 3112 propheta
1418 3051 1478 3096 ut
1506 3059 1606 3098 nos
1639 3043 1912 3098 salvemur
1949 3053 2003 3099 et
2044 3062 2074 3100 a

2188 3032 2425 3101 Σωϐἧναι
2455 3034 2637 3086 τοίνυν
2663 3035 2812 3102 ἡμᾶς
2846 3035 2875 3086 6
2906 3035 3200 3104 Προφήτης
3227 3035 3323 3088 καὶ
3353 3039 3788 3107 ὲπακουσθῆνοι

502 3123 710 3194 Spiritu
749 3128 1123 3194 exaudiamur,
1167 3146 1276 3199 quo
1309 3131 1577 3199 spiritales
1610 3132 1904 3202 gratiaeque
1950 3135 2076 3188 inde

501 3216 878 3282 promanantis
923 3217 1218 3287 participes
1264 3219 1574 3274 evadamus.
1624 3219 1886 3278 Praedicta
1929 3224 2075 3279 enim

503 3311 656 3377 rogat
677 3320 744 3360 ex
773 3308 1048 3363 communi
1083 3309 1364 3364 hominum
1394 3325 1649 3380 persona.

574 3500 736 3561 Vsus.
769 3505 822 3559 8.
861 3525 882 3559 ‹
913 3507 1052 3564 Deus
1086 3511 1300 3567 locutus
1333 3523 1417 3568 est
1447 3514 1503 3568 in
1537 3522 1725 3571 sancto
1758 3531 1876 3571 suo.
1907 3537 1926 3569 ι

568 3591 817 3652 Christus
849 3614 1045 3671 nempe
1077 3602 1131 3656 in
1165 3604 1334 3658 choro
1374 3605 1766 3674 apostolorum.
1803 3607 1916 3664 Hoc
1945 3625 2074 3665 vero

497 3685 779 3752 sequentia
809 3686 1106 3756 declarant,
1137 3692 1191 3746 in
1229 3694 1429 3763 quibus
1457 3695 1750 3766 descripsit
1783 3697 2072 3754 Dominum

498 3789 564 3828 ex
591 3783 834 3846 tempore
860 3781 1106 3849 petitioni
1133 3781 1420 3853 Propheta;
1443 3787 1883 3855 respondentem.
1914 3788 2073 3844 Hisce

499 3867 814 3923 nominibus
843 3870 1090 3942 designat
1130 3875 1332 3929 donum
1363 3875 1600 3946 Spiritus
1627 3894 1646 3932 :
1675 3880 1818 3949 quod
1855 3880 2071 3949 quidem

499 3958 666 4013 vallis-
712 3971 796 4016 est
845 3963 1353 4033 tabernaculorum,
1413 3968 1619 4022 scilicet
1674 3968 2070 4035 Ecclesiarnm;

499 4050 934 4119 quandoquidem
993 4056 1316 4124 spiritalium
1372 4073 1635 4126 aquarum
1695 4062 2072 4132 congregatio-

499 4153 645 4206 nem,
687 4142 1047 4212 baptismatis,
1075 4147 1318 4216 inquam,
1343 4148 1400 4224 in
1418 4150 1555 4204 valle
1585 4150 1687 4205 hac
1717 4153 1910 4220 spiritu
1939 4167 2072 4222 sup-

2179 3122 2493 3194 παρακαλεῖ
2526 3123 2604 3190 τῷ
2637 3123 2940 3193 Πνεύματι,
2970 3125 3055 3178 ἵνα
3077 3128 3459 3194 πνευματικοὶ
3488 3128 3788 3197 γενώμεθα

2177 3215 2271 3268 καὶ
2298 3216 2396 3284 τῆς
2423 3214 2646 3285 χάριτος
2684 3216 2783 3285 τῆς
2830 3215 3045 3270 ἐκεῖθεν
3073 3216 3503 3287 κατερχομένης
3541 3220 3783 3288 μέτοχοι.

2190 3303 2322 3357 Ἀπὸ
2361 3307 2470 3375 γὰρ
2509 3304 2690 3358 κοινοῦ
2727 3305 2850 3360 ’τὼν
2896 3304 3206 3376 ἀνθρώπων
3249 3306 3570 3378 προσώπου
3614 3312 3689 3363 τὰ
3717 3314 3788 3363 εἱ-

2181 3397 2392 3468 ρημένα
2422 3395 2806 3467 πρεσϐεύεται.

2252 3528 2271 3560 ι
2317 3511 2378 3562 '0
2404 3509 2536 3574 Θεὸς
2557 3510 2820 3581 ἐλάλησεν
2848 3511 2906 3563 ὲν
2939 3510 3018 3580 τῷ
3051 3509 3191 3580 ἁγίῳ
3221 3509 3415 3563 αὐτοῦ.
3467 3529 3492 3562 s

2267 3599 2326 3653 '0
2353 3601 2589 3671 Χριστὸς
2633 3603 2692 3654 ὲν
2713 3601 2791 3672 τῷ
2819 3600 2966 3672 χορῷ
2987 3601 3096 3654 τῶν
3127 3600 3456 3653 ἀποστόλων
3487 3641 3504 3664 ,
3531 3602 3779 3674 εὔδηλον.

2175 3690 2335 3761 Δηλοῖ
2362 3691 2418 3742 δὲ
2448 3691 2517 3744 τὰ
2549 3691 2814 3761 ἑπόμενα,
2847 3694 2906 3746 ὲν
2934 3688 3017 3754 οἷς
3049 3691 3141 3744 τὸν
3183 3691 3393 3761 Κύριον
3445 3694 3600 3763 περὶ
3657 3696 3782 3747 πόδα

2173 3781 2273 3852 τῆς
2295 3781 2389 3834 τοῦ
2426 3782 2714 3852 Προφήτου
2748 3772 2990 3853 δεήσεως
3020 3782 3476 3853 ἀποκρινόμενον
3508 3783 3779 3853 ἔγραψεν.

2174 3872 2395 3934 Τούτοις
2424 3875 2536 3936 τοῖς
2569 3873 2799 3943 ὀνόμασι
2843 3874 2942 3944 τὴν
2979 3873 3190 3943 δωρεὰν
3222 3877 3659 3946 χαρακτηρίζει
3697 3875 3783 3928 τοῦ

2173 3961 2525 4032 Πνεύματος·
2566 3962 2790 4016 κοιλάδα
2821 3963 2922 4034 μὲν
2953 3962 3063 4016 τῶν
3104 3963 3343 4031 σκηνῶν,
3370 3964 3494 4016 τῶν
3547 3965 3781 4034 Ἑκκὶηο

2175 4053 2306 4106 σιῶν
2335 4053 2597 4123 δηλονότι,
2627 4055 3014 4124 τυγχάνουσαν
3040 4069 3052 4082 ·
3081 4054 3271 4124 ἐπειδὴ
3295 4054 3396 4124 τὴν
3423 4055 3549 4108 τῶν
3574 4058 3782 4127 νοητῶν

2173 4146 2381 4200 ὑδάτων
2420 4147 2762 4218 συναγωγὴν,
2819 4146 2965 4217 φημὶ
3001 4145 3066 4216 δὴ
3112 4144 3207 4199 τοῦ
3255 4145 3691 4216 βαπτίσματος,
3732 4151 3780 4200 ἐν

497 4231 774 4298 peditante
827 4235 1159 4303 possideant.
1214 4237 1288 4292 De
1336 4255 1444 4307 quo
1485 4241 1612 4294 alibi
1655 4241 1822 4295 David
1870 4242 1966 4308 ait,
1998 4241 2068 4295 Et

2188 4238 2237 4305 πῇ
2257 4235 2465 4289 κοιλάδι
2491 4236 2663 4306 ταύτῃ
2701 4237 2766 4306 τῇ
2801 4237 3037 4306 χορηγίᾳ
3064 4238 3130 4305 τῇ
3171 4235 3264 4288 τοῦ
3306 4235 3666 4306 Πνεῦμα-τος
3695 4239 3780 4290 κέν

503 4320 660 4375 valles
693 4324 1034 4379 abundabunt
1072 4305 1446 4397 frumento“;
1483 4346 1605 4384 cum
1647 4331 1736 4386 hic
1769 4332 1840 4386 sit
1879 4305 2068 4387 salutis

2188 4347 2401 4399 ιιτηνται
2431 4345 2445 4359 ⁸
2476 4331 2601 4401 περὶ
2636 4305 2698 4382 οῦ
2743 4305 2982 4399 άλλαχοῦ
3012 4305 3178 4399 φησιν
3226 4330 3255 4381 ὁ
3301 4305 3506 4394 Δαϐὶδ,
3555 4330 3683 4384 Kal
3730 4328 3779 4384 αἱ

459 4385 698 4491 inlustras
743 4413 970 4470 fructus.
1012 4385 1279 4472 caeterum
1310 4419 1510 4475 Sicima
1544 4422 1936 4492 interpretatur
1977 4424 2077 4478 Iru-

499 4505 742 4570 meratio,
783 4505 837 4560 id
877 4517 960 4561 est
1000 4510 1324 4566 excellentia
1357 4531 1370 4565 :
1405 4513 1509 4568 hoc
1541 4514 1690 4568 enim
1729 4515 1988 4571 humerus
2017 4516 2075 4570 in

496 4591 679 4646 divina
719 4592 998 4665 Scriptura
1039 4598 1339 4670 signiﬁcat;
1385 4603 1532 4658 unde
1573 4604 1641 4659 de
1679 4603 1840 4660 Saule
1875 4605 1970 4670 ait,
1998 4605 2076 4658 Ab

497 4680 713 4738 humero
761 4695 811 4740 et
858 4703 1020 4756 supra
1073 4691 1305 4746 excelsus
1337 4695 1404 4748 ⁹¹.
1457 4693 1598 4760 Quid
1644 4703 1824 4750 autem
1867 4694 2070 4765 Spiritu

497 4772 823 4831 sublimius?
849 4780 934 4834 vel
969 4781 1146 4850 qualis
1188 4784 1455 4840 celsitudo
1481 4801 1578 4856 par
1604 4793 1699 4841 aut
1734 4785 1954 4856 aqualis
1983 4800 2071 4840 re-

496 4864 661 4934 periri
710 4869 885 4936 possit
921 4872 1135 4929 muneri
1179 4874 1291 4939 isti,
1337 4877 1480 4945 quod
1519 4876 1768 4932 Christus
1803 4877 2072 4930 exaltatus

495 4955 810 5014 distribuit?
851 4961 957 5017 Sed
1006 4973 1063 5020 et
1103 4966 1349 5032 metitur,
1395 4967 1451 5022 id
1491 4977 1593 5031 est,
1638 4968 1705 5022 ad
1756 4982 2068 5023 mensuram

496 5045 710 5104 dividit.
760 5051 890 5106 Nam
938 5055 1229 5127 unicuique
1279 5057 1645 5113 manifestatio
1695 5057 1928 5128 Spiritus
1976 5057 2071 5112 tri-

499 5137 686 5194 buitur
721 5153 884 5212 prout
913 5148 1186 5204 conducit.

575 5318 736 5377 Vens.
773 5323 858 5378 10.
896 5345 914 5378 ι
952 5326 1110 5383 Moab
1137 5328 1287 5385 lches
1313 5329 1428 5399 spei
1460 5345 1613 5386 mete.
1649 5347 1667 5380 ι

2175 4421 2454 4485 κοιλάδες
2479 4421 2866 4489 πληθυνοῦσι
2891 4421 3068 4476 σῖτον
3089 4437 3103 4451 ·
3130 4419 3320 4490 ἐπειδὴ
3350 4419 3462 4487 τῆς
3488 4423 3778 4498 ῂμετὲρας

2177 4511 2452 4581 σωτηρίας
2477 4511 2504 4562 ὁ
2524 4511 2756 4581 καρπός.
2777 4511 2990 4580 Σίκιμα
3010 4509 3068 4564 δὲ
3089 4508 3344 4575 ὠμίασις
3361 4508 3774 4577 ἑρμηνεύεται,

2174 4599 2456 4653 τουτέστιν
2488 4599 2645 4669 ὲξοχή
2673 4612 2687 4627 ⁸
2720 4598 2876 4651 τοῦτο
2915 4599 3024 4670 γὰρ
3067 4599 3097 4651 6
3146 4591 3296 4668 ὦμος
3339 4599 3506 4668 παρὰ
3540 4602 3623 4670 τῇ
3670 4600 3777 4667 θείᾳ

2179 4691 2371 4762 Γραφῇ
2405 4690 2557 4762 δηλοῖ
2578 4707 2592 4722 ⁶
2626 4690 2750 4745 ὅθεν
2775 4689 3022 4760 περὶτοῦ
3056 4689 3230 4743 Σαούλ
3262 4704 3460 4758 φησιν,
3510 4690 3778 4759 Ὺψτμὸς

2178 4782 2526 4850 ὑπερωμίαν
2565 4781 2663 4834 καὶ
2694 4781 2918 4835 ἐπάνω.
2950 4781 3016 4835 Τί
3043 4781 3100 4834 δὲ
3135 4780 3229 4834 τοῦ
3253 4779 3400 4833 Πνεύ
3411 4799 3609 4848 ματος
3644 4784 3776 4852 641;-

2178 4871 2432 4942 λότερον;
2466 4871 2499 4942 ἢ
2539 4871 2672 4927 ποία
2699 4889 2783 4935 τις
2832 4873 3078 4944 ὑπεροχὴ
3118 4871 3263 4926 κατὰ
3283 4869 3386 4940 τὴν
3430 4871 3672 4942 δωρεὰν
3693 4877 3776 4942 τὴν

2179 4962 2390 5017 ἐκεῖθεν
2415 4963 2749 5034 εὑρίσκεται,
2774 4965 2844 5035 ἣν
2866 4965 3168 5034 ὑψούμενος
3191 4965 3220 5016 6
3242 4961 3489 5031 Χριστὸς
3518 4965 3776 5035 διαμερί-

2175 5053 2291 5122 ζει;
2329 5054 2488 5107 Ἀλλὰ
2511 5055 2617 5124 μὴν
2646 5055 2742 5110 καὶ
2764 5055 3068 5125 διαμετρεῖ,
3091 5053 3359 5117 τουτέστι,
3387 5053 3538 5124 πρὸς
3575 5059 3776 5126 μέτρον

2177 5147 2395 5218 διαιρεῖ.
2431 5141 2676 5220 Ἐκὰστῳ
2719 5147 2831 5219 γὰρ
2871 5149 2905 5218 ἡ
2949 5147 3258 5218 φανέρωσις
3300 5143 3402 5198 τοῦ
3443 5147 3775 5219 Πνεῦματος

2180 5238 2318 5308 πρὸς
2347 5237 2409 5291 τὸ
2441 5238 2723 5310 συμφέρον
2758 5238 2984 5293 δίδοται.

2255 5345 2274 5378 ι
2304 5327 2478 5382 Maias
2512 5309 2678 5399 λέϐης
2702 5329 2805 5399 τῆς
2825 5329 3041 5392 ἐλπίδος
3067 5309 3200 5400 μουτ
3228 5345 3250 5382 ι

574 5508 797 5598 2:38:11}:
821 5529 1038 5598 ιεξκχιγ,
1072 5523 1154 5578 19..
1233 5526 1278 5556 ⁸⁸
1304 5525 1455 5581 Isaia:
1489 5543 1676 5593 xvxm,
1708 5528 1758 5584 5.
1835 5525 2038 5583 es’Psal.
2067 5543 2264 5597 mm,
2294 5527 2379 5582 l9.
2457 5527 2501 5560 9°
2535 5527 2736 5598 Ephes.
2769 5544 2842 5596 iv,
2871 5527 2922 5584 8.
3001 5529 3040 5562 "
3077 5527 3216 5585 Psal.
3268 5541 3421 5597 thv,
3464 5529 3546 5588 ιι.

504 5578 548 5606 "
580 5576 709 5645 Reg.
750 5594 821 5643 ιχ,
844 5582 898 5632 ‘2.
