3936 6200
108 285 220 349 1313

1224 274 1687 349 FRAGMENTA
1720 287 1803 349 1N
1835 290 2193 352 PSALMOS.

3172 291 3312 357 1314

165 400 249 453 Διὰ
269 398 352 454 τοῦ
383 399 561 455 Μωὰό
597 398 667 455 τὰ
690 399 821 472 ἔθνη
850 400 1147 475 αἰνίττεται
1172 417 1187 433 ο
1215 401 1419 474 λέϐητα
1455 403 1514 457 δὲ
1546 404 1632 458 ἑλ-

1811 405 1915 461 Ρει·
1953 406 2110 462 Moab
2157 414 2348 477 gentes
2397 405 2639 460 insinuat
2686 424 2700 461 :
2742 408 2973 465 lehetcm
3022 427 3151 469 vero
3192 414 3311 484 spei

104 492 230 555 πίδος
254 492 382 547 αὑτὰ
420 491 600 557 καλεῖ,
639 492 887 545 τουτέστι
930 491 1324 563 θερμαίνοντας
1362 493 1461 547 καὶ
1495 496 1632 548 ἀνα-

101 585 443 657 ζωπυροῦντας
483 585 582 657 τὴν
608 586 689 650 είς
714 584 879 639 αὑτὸν
913 584 1126 637 ἐλπίδα.
1155 583 1280 647 Πῶς
1313 585 1371 637 δὲ
1412 585 1635 655 θερμαί-

100 692 290 742 νοντας;
317 676 393 747 τῷ
420 675 598 748 νοητῷ
624 676 760 747 πυρὶ
797 675 897 745 τῆς
933 674 1216 745 ἐνεργείας
1253 676 1349 728 τοῦ
1378 676 1630 747 Πνεύμα-

99 785 193 832 τος.
223 768 348 837 Πυρὶ
375 768 485 839 γὰρ
513 768 645 838 ὁρᾷς
673 766 765 820 τὸν
794 766 999 837 λέϐητα
1025 766 1476 837 θερμαινόμενον.

161 879 176 912 ι
212 860 320 914 Ἐπὶ
352 859 451 925 τὴν
495 858 801 928 Ἰδουμαίαν
831 858 1037 911 ὲκτενῶ
1065 859 1128 911 τὸ
1162 858 1432 929 ὑπόδημα.
1473 878 1492 912 ι

153 950 403 1004 Δείκνυσιν
438 951 466 1003 δ
493 949 730 1019 Χριστὸς
751 949 900 1012 ὅπως
931 949 1030 1019 τὴν
1058 949 1167 1004 τῶν
1196 950 1369 1005 ἐθνῶν
1403 950 1630 1022 Ἐκκλη-

95 1043 200 1109 σίαν
224 1041 519 1113 ἔμπροσθεν
561 1040 624 1106 ἐξ
678 1042 895 1112 Ἰσραὴλ
940 1042 1307 1111 ὑποταγείσαν
1352 1043 1629 1114 ἐποίησεν,

93 1132 308 1195 ἐκτείνας
350 1134 445 1186 καὶ
490 1133 688 1204 μέχρις
717 1132 899 1186 αὑτῶν
930 1133 991 1186 τὸ
1032 1134 1307 1205 ὑπόδημα,
1343 1134 1543 1205 δηλαδὴ
1570 1136 1632 1188 τὸ

92 1224 389 1293 Εὑαγγίλιον
415 1240 428 1254 ·
475 1225 613 1295 ὅπερ
671 1225 894 1296 μηνύων
944 1225 1199 1297 Ἰωάννης
1246 1228 1275 1279 ὁ
1324 1227 1632 1297 Βαπτιστὴς

89 1315 281 1382 ἔλεγεν,
310 1316 582 1384 Ἔρχεται
607 1317 733 1384 μετ’
759 1315 885 1385 ἐμὲ,
915 1312 987 1372 οὗ
1014 1318 1126 1370 οὐκ
1150 1316 1268 1387 εἰμί
1289 1318 1497 1383 ἱκανὸς
1528 1318 1634 1372 λῦ-

87 1422 179 1460 σαι
218 1404 312 1460 τὸν
359 1405 576 1475 ἱμάντα
621 1407 728 1461 τοῦ
776 1406 1163 1478 ὑποδήματος
1210 1409 1417 1463 αὐτοῦ.
1465 1407 1632 1461 Οὔπω

86 1497 183 1568 γὰρ
203 1492 308 1567 εἶχε
345 1498 537 1567 καιρὸν
563 1500 944 1569 ἐκφρασθῆναι
988 1501 1050 1553 τὸ
1092 1500 1447 1569 Εὑαγδγέλιον.
1474 1499 1633 1552 Οὕτω

82 1589 290 1642 δὲιαὺτὸ
318 1589 475 1643 καλεῖ
505 1590 602 1643 καὶ
636 1590 873 1653 Παῦλος·
925 1592 1061 1661 φησὶ
1102 1591 1211 1662 γάρ
1233 1607 1247 1621 ⁸
1307 1590 1633 1659 Ὑποδησὰ-

78 1698 233 1751 μενοι
259 1681 394 1747 τοὺς
441 1682 633 1747 πόδας
675 1683 746 1736 ἐν
782 1683 1095 1753 ἑτοιμασίᾳ
1124 1683 1228 1738 τοῦ
1263 1669 1633 1754 Εὺαένγελίου

1737 499 1883 569 ipsas
1935 507 2116 565 vocat,
2170 499 2223 554 id
2270 508 2354 554 est
2380 497 2767 554 calefacientes
2817 510 2873 554 et
2921 505 3311 561 resuscitantes

1736 604 1890 659 spem
1947 589 2001 643 in
2059 589 2258 659 ipsum.
2317 589 2605 655 Quomodo
2656 597 2837 646 autem
2897 592 3311 651 calefacientes?

1717 678 1926 747 .utique
1968 677 2197 747 spiritali
2234 677 2358 749 igne
2394 677 2786 747 inoperationis
2825 677 3060 750 Spiritus
3115 684 3309 738 sancti.

1736 767 1997 825 Lebetem
2027 769 2174 823 enim
2205 769 2357 824 vides
2388 769 2512 839 igne
2540 768 2794 823 caleﬁeri.

1814 877 1833 909 ι
1864 858 1925 912 In
1951 858 2228 913 Idumeam
2246 859 2536 914 extendam
2564 860 3011 933 calceamentum.
3046 880 3066 912 ι

1805 950 2058 1005 Christus
2105 951 2345 1005 ostendit
2399 951 2671 1020 quomodo
2726 951 2969 1021 gentium
3013 952 3312 1008 Ecclesiam

1736 1058 1918 1098 coram
1965 1042 2132 1098 Israel
2173 1042 2279 1101 sibi
2320 1043 2620 1113 subjectam
2653 1042 2864 1108 fecerit,
2892 1060 3064 1113 usque
3094 1045 3160 1100 ad
3194 1045 3314 1100 illas

1736 1150 1955 1206 quoque
1979 1136 2408 1190 ealceamentum
2433 1151 2591 1191 suum
2617 1137 2941 1202 extendens,
2964 1137 3018 1192 id
3039 1147 3121 1193 est
3141 1139 3316 1193 Evan-

1736 1227 1937 1298 gelium
1982 1243 1997 1280 :
2040 1226 2184 1295 quod
2243 1225 2528 1281 insinuans
2577 1227 2816 1283 Joannes
2871 1228 3110 1298 Baptista
3157 1228 3311 1295 dixit,

1745 1317 1900 1373 Venit
1920 1326 2035 1388 post
2058 1334 2160 1381 me,
2197 1317 2350 1386 cujus
2385 1333 2487 1370 non
2515 1334 2632 1371 sum
2655 1319 2843 1389 dignus
2879 1328 2937 1373 ut
2965 1320 3164 1374 solvam
3200 1320 3316 1389 ejus

1738 1411 2019 1481 corrigiam
2087 1409 2429 1463 calceamenli
2479 1410 2546 1463 ”.
2598 1408 2851 1464 Nondum
2917 1412 3065 1466 enim
3125 1411 3315 1466 aderat

1742 1508 1956 1568 tempus
2008 1498 2330 1553 enuntiandi
2379 1499 2755 1571 Evangelium.
2814 1500 2906 1555 Sic
2960 1516 3090 1555 vero
3149 1501 3312 1556 etiam

1738 1588 1939 1645 Paulus
1982 1588 2111 1643 illud
2159 1589 2416 1659 appellat,
2448 1591 2524 1645 ait
2569 1591 2713 1645 enim
2748 1610 2761 1644 :
2796 1591 3033 1647 Calceati
3071 1593 3226 1663 pedes
3258 1594 3314 1647 in

1738 1683 2183 1752 praeparationem
2235 1680 2514 1752 Evangelii
2566 1683 2714 1751 pacis
2759 1684 2827 1737 “.
2887 1684 3095 1739 Idcirco
3150 1684 3313 1755 igitur

79 1773 178 1842 τῆς
194 1773 444 1842 είρήνης.
472 1773 571 1826 Διὰ
590 1775 747 1827 τοῦτο
766 1775 947 1828 τοίνυν
964 1775 1112 1845 αὑτῴ
1131 1775 1258 1837 τοὺς
1279 1776 1631 1845 ἀλλοφύλους,

1753 1771 2090 1841 tlienigenas,
2122 1770 2331 1825 scilicet
2359 1786 2456 1826 eos
2485 1772 2576 1842 qui
2607 1780 2735 1829 sunt
2762 1788 2827 1827 ex
2853 1774 3123 1845 gentibus,
3154 1772 3313 1829 Jesus

77 1863 259 1933 δηλαδὴ
305 1865 432 1926 τοὺς
488 1863 546 1929 ἐξ
596 1863 788 1929 ἐθνῶν,
847 1867 876 1918 ό
934 1866 1141 1935 Ἰησοῦς
1208 1866 1471 1933 ὑπέταξε,
1535 1867 1632 1920 καὶ

77 1954 144 2018 ὡς
180 1955 539 2023 ὑποταγέντας
587 1957 669 2018 είς
715 1955 816 2027 τὴν
861 1956 959 2009 τοῦ
1002 1957 1219 2029 Ἰσραὴλ
1263 1941 1631 2029 κληρονομίαν

77 2048 377 2116 συνήγαγεν.

148 2154 166 2188 ι
198 2135 286 2199 Τίς
305 2134 502 2199 ἀπάξει
533 2151 602 2205 με
632 2134 712 2197 είς
746 2134 903 2188 πόλιν
932 2136 1228 2208 περιοχῆς;
1259 2155 1278 2189 ι

140 2311 291 2365 Πόλιν
327 2310 587 2380 περιοχῆς
624 2309 723 2380 τὴν
776 2309 1108 2381 Ἐκκλησίαν
1137 2312 1296 2367 καλεῖ
1318 2331 1333 2346 ’
1364 2316 1422 2367 ὲν
1458 2317 1636 2389 ταύτῃ

72 2401 177 2473 γὰρ
198 2401 291 2455 ὃλα
322 2400 640 2472 περιέχεται
688 2399 784 2454 τοῦ
817 2401 1057 2469 Χριστοῦ
1086 2403 1155 2456 τὰ
1186 2407 1462 2476 μυστήρια
1485 2421 1498 2434 ·
1544 2408 1637 2461 καὶ

72 2492 229 2560 νόμος
273 2491 366 2546 καὶ
393 2491 672 2562 προφῆται
717 2490 806 2545 διὰ
843 2491 945 2562 τῆς
983 2493 1155 2563 αὑτῆς
1208 2495 1487 2561 πολιτείας
1540 2515 1637 2551 πε-

70 2582 356 2653 ριέχονται.
410 2581 522 2652 Τὴν
577 2581 745 2653 αὐτὴν
802 2583 860 2638 δὲ
918 2586 1018 2638 καὶ
1088 2586 1393 2656 Ἰδουμαίαν
1457 2588 1633 2642 καλεί.

66 2674 240 2729 Μόνον
282 2673 375 2727 τοῦ
424 2674 663 2745 Χριστοῦ
690 2675 782 2728 τὸν
820 2675 1034 2748 Ἰσραὴλ
1087 2679 1228 2748 πρὸς
1283 2682 1383 2749 τὴν
1409 2681 1637 2751 Ἐκκλη-

65 2766 188 2818 σίαν
221 2764 491 2834 ὁδηγῆσαι
540 2764 899 2836 καθέστηκεν,
943 2766 1002 2830 ὃς
1052 2767 1311 2821 ἀπώσατο
1336 2770 1465 2833 τοὺς
1507 2773 1636 2824 Ἰου-

57 2857 239 2918 δαίους
264 2854 341 2917 ὼς
359 2855 624 2918 είςαὺτδν
660 2856 736 2926 μὴ
775 2856 1207 2921 πιστεύσαντας·
1253 2859 1370 2912 ἀλλ’
1398 2861 1459 2913 οὑ
1500 2862 1635 2921 πάν-

54 2963 189 3009 τας·
224 2945 343 2998 οὐδὲ
382 2944 606 3015 ἐξῆλθεν
645 2945 824 2999 αὑτῶν
866 2947 924 3001 ἐν
967 2950 1088 3010 ταῖς
1118 2949 1443 3019 δυνάμεσιν·
1474 2968 1635 3003 τουτ-

52 3039 195 3102 ἐστι,
234 3035 361 3100 τοὺς
392 3037 451 3090 ὲν
487 3036 672 3101 αὑτοῖς
713 3037 991 3104 δυνατοὺς,
1020 3037 1224 3111 δηλαδὴ
1256 3040 1384 3104 τοὺς
1418 3042 1496 3112 μὴ
1541 3059 1634 3094 πισ-

51 3129 412 3195 στεύσαντας,
443 3130 545 3184 οὐκ
579 3129 822 3185 ἀπέϐαλε
849 3130 940 3184 διὰ
975 3131 1103 3195 τοὺς
1132 3132 1563 3199 πιστεύσαντας.

129 3240 150 3273 ι
195 3222 295 3286 Δὸς
323 3224 454 3294 ἡμῖν
478 3221 731 3293 βοήθειαν
759 3223 824 3277 ὲκ
846 3222 1100 3293 θλίψεως.
1133 3243 1153 3275 ι

125 3396 393 3466 Βοήθειαν
417 3398 483 3450 ἐκ
514 3396 747 3465 θλίψεως
767 3395 845 3465 τῷ
864 3396 980 3466 λαῷ
1011 3396 1121 3449 τῶν
1154 3396 1428 3451 Ἰουδαίων
1454 3399 1636 3452 πίστιν

44 3488 114 3551 ἐξ
143 3487 406 3548 ἀπιστίας
460 3486 849 3556 πρεσϐεύεται.
914 3486 1196 3558 Σωτηρίαν
1247 3487 1304 3539 δὲ
1345 3487 1635 3560 ἀνθρώπου

39 3577 150 3646 τὴν
184 3575 246 3639 ἐξ
266 3575 615 3646 ἀνθρωπίνης
643 3575 992 3637 διδασκαλίας
1023 3576 1485 3648 προσδοκωμένην
1512 3579 1638 3650 νόητ

43 3686 148 3723 σον
170 3685 182 3697 ·
229 3668 324 3722 οἵα
352 3683 436 3730 τις
463 3663 532 3738 ἦν
561 3669 593 3738 ἡ
638 3666 746 3725 τῶν
776 3666 1049 3720 Ἰουδαίων
1082 3666 1402 3722 διδασκαλία
1422 3710 1435 3723 .
1493 3671 1638 3742 Πρὸς

38 3761 161 3833 γάρ
196 3762 260 3814 τὸ
279 3761 465 3823 αὐτοῖς
490 3758 686 3814 δοκοῦν
710 3758 946 3826 ἐγίνετο.

622 3849 917 3903 ΨΑΛΜΟΣ
940 3848 1070 3903 PH'.

122 3963 143 3996 ι
180 3944 279 4006 Ei;
310 3941 372 3996 τὸ
398 3941 552 4005 τέλος
579 3940 795 4010 ψαλμὸς
823 3939 901 4010 τῷ
931 3939 1119 3993 Δαυῖδ.
1165 3958 1186 3992 ι

128 4033 481 4103 ’Δναγκαίως
510 4033 601 4087 τὸν
617 4032 835 4102 ψαλμὸν
853 4033 959 4098 Εἰς
974 4031 1041 4085 τὸ
1066 4031 1241 4097 τέλος
1272 4031 1360 4085 τὸν
1391 4033 1636 4104 παρόντα

27 4123 295 4195 ἔγραψεν
319 4139 332 4153 ·
382 4123 496 4194 ἔχει
525 4122 634 4193 γὰρ
674 4123 774 4178 ὅσα
808 4122 887 4192 τῷ
924 4121 1069 4174 τέλει
1108 4123 1209 4193 τῆς
1248 4121 1344 4175 τοῦ
1382 4123 1638 4194 Σωτῆρος

24 4213 208 4284 ἡμῶν
242 4213 739 4285 ὲνανθρωπήσεως,
791 4212 994 4283 δηλαδὴ
1023 4214 1160 4284 πρὸς
1186 4213 1337 4283 αὑτῷ
1365 4213 1441 4284 τῷ
1473 4214 1636 4268 πάθει

23 4306 119 4377 τῷ
169 4308 517 4379 Δεσποτικῴ,
575 4311 915 4377 πέπρακται·
947 4307 1138 4380 διόπερ
1181 4308 1273 4360 καὶ
1303 4308 1395 4361 τὸν
1422 4307 1637 4378 ψαλμὸν

1740 1862 1842 1916 sibi
1862 1860 2110 1930 subjecit,
2141 1870 2196 1915 et
2223 1869 2478 1931 tanquam
2514 1863 2766 1918 subditos
2804 1864 2859 1918 in
2890 1863 3102 1920 Israelis
3135 1865 3310 1945 hatref

1740 1952 1964 2008 ditatem
1996 1951 2314 2007 introduxit.

1812 2133 1974 2190 Vens.
2008 2135 2095 2190 ll.
2143 2155 2161 2187 ι
2192 2134 2329 2201 Quis
2370 2134 2605 2189 adducet
2653 2149 2743 2189 me
2783 2134 2838 2189 in
2881 2134 3155 2190 civitatem
3201 2136 3311 2191 cit-.-

1740 2223 2120 2280 cumstantian?
2156 2244 2175 2275 ι

1813 2313 2102 2369 Civitatem
2133 2312 2554 2368 circumstantia:
2586 2321 2744 2368 vocat
2770 2311 3062 2368 Ecclesiam
3093 2330 3105 2366 :
3142 2312 3197 2367 in
3224 2313 3312 2368 illa

1743 2402 1887 2457 enim
1945 2400 2298 2456 continentur
2349 2402 2602 2457 universa
2655 2395 2860 2456 Christi
2913 2399 3198 2472 mysteria;
3260 2410 3315 2455 et

1742 2495 1829 2549 lex
1855 2503 1910 2548 et
1937 2494 2217 2565 prophetae
2261 2494 2315 2547 in
2353 2493 2545 2548 eadem
2592 2508 2809 2564 quoque
2843 2493 3029 2564 politia
3065 2506 3315 2562 compre-

1742 2587 2073 2641 henduntur.
2153 2585 2412 2639 Eamdem
2489 2600 2623 2640 vero
2685 2585 2848 2639 etiam
2904 2584 3136 2654 appellat
3186 2582 3312 2638 Iduo

1741 2692 1954 2732 maeam.
1984 2675 2278 2731 Constituit
2314 2675 2484 2730 solius
2507 2674 2712 2731 Christi
2759 2690 2879 2756 esse
2903 2675 3161 2731 Israelem
3211 2674 3313 2729 ad-

1741 2769 1942 2823 ducere
1980 2767 2048 2822 ad
2093 2766 2413 2832 Ecclesiam,
2441 2766 2533 2836 qui
2570 2766 2787 2822 Judazos
2817 2766 3017 2836 repulit
3056 2776 3312 2837 tanquam

1740 2875 1850 2913 non
1890 2859 2177 2913 credentes
2217 2856 2271 2911 in
2301 2873 2456 2925 eum;
2498 2873 2688 2915 verum
2728 2874 2839 2913 non
2876 2874 3104 2914 omnes:
3134 2874 3314 2928 neque

1740 2962 1991 3019 egressus
2036 2946 2137 3001 l‘uit
2181 2948 2235 3001 in
2278 2946 2575 3001 virtutibus
2625 2962 2835 3010 eorum,
2870 2946 2922 3001 id
2952 2955 3055 3012 est,
3094 2962 3189 3001 eos
3220 2947 3311 3016 qui

1742 3040 1884 3094 inter
1926 3040 2075 3109 ipsos
2117 3047 2372 3109 potentes
2421 3047 2599 3103 erant,
2640 3038 2851 3094 scilicet
2895 3038 3159 3105 inﬁdeles,
3202 3054 3312 3093 non

1662 3110 1704 3168 (ἶ
1738 3127 1938 3198 repulit
1973 3136 2197 3198 propter
2233 3127 2440 3183 ﬁdeles.

1808 3219 1972 3274 Vens.
2026 3220 2115 3275 l5.
2176 3237 2196 3271 ι
2254 3219 2330 3272 Da
2382 3219 2545 3274 nobis
2615 3219 2881 3275 auxilium
2952 3219 3020 3276 de
3089 3219 3312 3276 tribula-

1738 3309 1908 3362 tione.
1938 3326 1958 3359 ι
2837 3313 2840 3316 ’

1805 3399 2083 3454 Auxilium
2108 3398 2176 3453 de
2208 3398 2558 3452 tribulatione
2586 3401 2786 3467 populo
2811 3399 3120 3456 Iudaeorum
3152 3402 3311 3458 ﬁdem

1737 3506 1806 3545 ex
1857 3488 2182 3543 inﬁdelitate
2232 3487 2545 3541 annuntiat.
2599 3487 2842 3543 Salutem
2894 3504 3025 3545 vero
3072 3491 3309 3547 hominis

1736 3579 1974 3651 intellige
1999 3579 2147 3634 illam
2164 3593 2286 3648 quae
2310 3593 2375 3632 ex
2395 3577 2635 3633 humana
2660 3576 2905 3632 doctrina
2924 3588 3303 3647 exspectatur:
3350 3646 3357 3649 ς

1735 3673 1913 3743 qualis
1950 3680 2073 3728 erat
2115 3672 2203 3727 illa
2247 3671 2499 3727 doctrina
2533 3669 2847 3726 Judmorum
2879 3687 2895 3725 :
2941 3669 3009 3725 ad
3048 3670 3308 3741 placitum

1738 3766 1882 3820 enim
1914 3765 2156 3836 ipsorum
2184 3766 2395 3821 ﬁebat."

2264 3854 2581 3911 PSALMUS
2608 3854 2786 3914 CVIII.

1807 3946 1972 4004 Vens.
2016 3950 2066 4004 Ι.
2103 3966 2123 4002 ι
2154 3950 2215 4003 In
2240 3948 2402 4003 ﬁnem
2437 3949 2678 4017 psalmus
2708 3948 2896 4003 David.
2929 3967 2946 4000 ι

1809 4038 2128 4097 Necessario
2146 4048 2470 4110 praesentem
2510 4041 2775 4109 psalmum
2830 4040 3108 4110 inscripsit
3138 4041 3203 4097 In
3247 4041 3315 4110 ﬁ-

1737 4148 1894 4187 nem:
1925 4133 2169 4189 continet
2199 4131 2346 4186 enim
2405 4147 2745 4201 quaecunque
2782 4129 3080 4187 Salvatoris
3138 4132 3315 4187 nostri

1737 4220 2124 4276 incarnationis
2149 4219 2242 4274 ﬁni
2272 4220 2610 4283 acciderunt,
2635 4219 2845 4275 scilicet
2875 4234 2938 4273 ea
2964 4234 3085 4289 quae
3109 4220 3164 4273 in
3200 4220 3315 4288 ipsa

1738 4308 2020 4365 Dominica
2048 4310 2300 4380 passione
2337 4317 2486 4381 gesta
2514 4319 2643 4364 sunt
2667 4328 2680 4364 :
2709 4318 2932 4379 propter
2957 4324 3122 4379 quam
3145 4309 3314 4365 etiam

18 4398 421 4470 ἐμελῴδησεν.
485 4400 683 4452 Είκόνα
728 4397 835 4469 γὰρ
887 4398 1076 4468 φέρειν
1122 4399 1216 4450 τοῦ
1262 4398 1502 4469 Χριστοῦ
1543 4399 1632 4453 τὸν

1753 4405 1889 4458 hunc
1917 4403 2183 4473 psalmum
2215 4403 2436 4459 cecinit.
2472 4401 2728 4457 Davidem
2758 4401 2905 4456 enim
2933 4400 3135 4456 Christi
3178 4400 3317 4455 ima-

10 4491 213 4548 Δαὸὶδ
248 4491 560 4561 εἰρήκαμεν
592 4490 920 4558 φθάσαντες.

111 4603 135 4636 ι
186 4583 253 4637 ’0
285 4582 421 4646 Θεὸς
460 4580 558 4650 τὴν
589 4581 794 4636 αίνεσίν
834 4598 936 4651 μου
998 4581 1074 4652 μὴ
1106 4581 1571 4651 παρασιωπήσῃς.
1610 4601 1628 4634 ι

113 4673 230 4727 Τὸν
259 4673 472 4726 Ἰούδαν
492 4673 811 4726 αἰνίττεταιο
839 4673 1096 4743 περὶγὰρ
1126 4672 1291 4725 αὑτοῦ
1336 4673 1431 4743 τῆς
1452 4674 1635 4744 ψαλμ-

1741 4495 1920 4567 ginem
1953 4493 2155 4550 referre
2182 4495 2430 4564 superius
2460 4494 2718 4549 diximus.

1810 4585 1973 4641 Vens.
2000 4585 2055 4640 2.
2084 4607 2102 4638 ι
2132 4588 2291 4649 Deus,
2316 4586 2527 4640 laudem
2558 4601 2733 4641 meam
2761 4600 2831 4639 ne
2866 4584 3118 4643 tacueris.
3147 4601 3167 4637 ι

1812 4678 2004 4734 Judam
2036 4678 2316 4744 insinuat;
2348 4678 2416 4733 de
2446 4678 2562 4748 ipso
2594 4678 2741 4732 enim
2775 4678 3004 4732 maxima
3033 4692 3159 4747 pars
3214 4677 3316 4730 hu-

2 4766 208 4837 ῳδίας
237 4766 306 4818 τὸ
337 4765 587 4819 πλεῖστον
625 4768 722 4835 τῆς
752 4764 1170 4836 προκειμμὼης
1194 4764 1501 4834 γέγραπται
1528 4781 1541 4793 ·
1572 4759 1632 4817 οὗ

1753 4771 1829 4832 ius
1888 4768 2079 4838 psalmi
2136 4770 2336 4838 scripta
2393 4776 2514 4833 est;
2555 4769 2710 4838 cujus
2763 4783 2825 4822 os
2861 4768 3012 4837 prius
3062 4775 3316 4835 tanquam

0 4861 87 4914 τὸ
121 4860 325 4930 στόμα
367 4858 632 4928 πρότερον
672 4858 747 4920 ὡς
779 4857 1125 4931 ἁμαρτωλοῦ,
1169 4857 1423 4928 δεύτερον
1459 4856 1516 4908 δὲ
1559 4855 1632 4920 ὡς

1753 4858 2063 4927 peccatoris,
2088 4858 2284 4912 deinde
2311 4874 2439 4913 vero
2487 4867 2741 4929 tanquam
2772 4858 2942 4913 dolosi
2986 4867 3172 4912 contra
3211 4855 3316 4911 Do-

0 4951 219 5009 Βολίου
268 4950 416 5005 κατὰ
441 4949 535 5003 τοῦ
589 4950 795 5020 Κυρίου
837 4950 1132 5019 ἠνοιγῆναι
1166 4950 1514 5020 εὑρήσομεν*
1559 4947 1632 5011 ὡς

1753 4950 1953 5003 minum
1987 4958 2234 5019 apertum
2283 4949 2450 5003 fuisse
2489 4951 2827 5019 reperiemus
2857 4969 2870 5003 :
2901 4963 3026 5002 nam
3062 4956 3313 5017 tanquam

0 5040 140 5114 γὰρ
174 5042 519 5113 ἁμαρτωλὸς
542 5043 635 5094 καὶ
659 5039 982 5111 παράνομος
1002 5042 1115 5102 τοῖς
1150 5039 1425 5104 Ἰουδαίοις
1458 5041 1632 5107 ἔλεγε·

1753 5050 1997 5110 peccator
2019 5049 2074 5094 et
2105 5040 2322 5109 iniquus
2349 5040 2552 5101 Iudaeis
2574 5041 2781 5096 dixerat
2806 5056 2821 5093 :
2853 5039 2988 5104 Quid
3008 5038 3164 5093 vultis
3213 5038 3316 5091 mi-

0 5133 93 5191 Τί
121 5132 357 5188 θέλετέ
394 5150 499 5201 μοι
539 5131 773 5197 δοῦναι,
814 5131 975 5199 κάγὼ
1007 5130 1149 5199 ὑμῖν
1173 5132 1506 5199 παραδώσω
1533 5134 1632 5187 αὐ-

1753 5130 1796 5182 lu’
1823 5135 1973 5196 dare,
1996 5138 2043 5182 et
2073 5145 2165 5198 ego
2191 5130 2331 5183 vobis
2360 5147 2479 5184 eum
2505 5132 2717 5184 tradam
2752 5129 2838 5181 "?
2869 5137 3122 5199 tanquam
3165 5126 3318 5181 dolo-

0 5224 139 5281 rdr
168 5237 190 5285 ;
234 5221 323 5284 ὡς
352 5222 524 5285 δόλιος
563 5220 760 5291 Χαῖρε,
805 5220 1024 5289 Ῥαϐϐὶ,
1053 5221 1187 5292 πρδς
1227 5222 1434 5292 Ἰησοῦν
1468 5217 1590 5275 εἷπε
1619 5262 1632 5288 ,

1753 5235 1838 5275 sus
1867 5219 1970 5274 Ave
1988 5219 2152 5273 Rabbi
2171 5220 2235 5274 ad
2255 5219 2441 5274 Jesum
2464 5221 2624 5287 dixit,
2648 5228 2699 5274 et
2719 5219 2985 5273 osculatus
3010 5226 3086 5272 est
3115 5233 3232 5271 eum
3248 5216 3316 5281 ",

0 5314 129 5371 cal
191 5313 620 5381 κατεφίλησεν
677 5312 865 5366 αὐτόν
895 5327 909 5341 ⁸
976 5311 1273 5382 ἀρραϐῶνα
1327 5314 1442 5376 τοῖς
1497 5312 1632 5381 λαμ-

1753 5313 1987 5368 osculum
2018 5312 2073 5366 in
2108 5312 2320 5384 signum
2361 5311 2686 5382 proditionis
2719 5311 2931 5367 donans
2979 5307 3319 5380 capientibus

0 5407 278 5465 5dvcuat
305 5405 558 5471 δεδωκὼς
586 5406 687 5476 τῆς
721 5404 1016 5476 προδοσίας
1047 5403 1109 5458 τὸ
1133 5404 1367 5476 φίλημα.
1741 5420 1888 5460 eum.
2429 5464 2440 5475 _

96 5516 123 5551 ι
182 5497 503 5568 Ἐλάλησαν
527 5500 646 5552 κατ’
677 5498 812 5569 ἐμοῦ
839 5496 1082 5577 γλώσσῃ.
1128 5516 1146 5549 ι

1812 5497 1971 5555 Vens.
1999 5502 2052 5555 5.
2085 5521 2103 5553 ι
2142 5499 2328 5557 Locnti
2353 5508 2479 5556 sunt
2505 5498 2790 5556 adversum
2811 5512 2899 5553 me
2928 5496 3126 5568 lingua.
3163 5511 3186 5548 ι

84 5670 348 5730 "Joan.
384 5690 422 5743 ι,
451 5673 539 5730 27.
617 5675 662 5707 ’δ
694 5673 897 5745 Ephes.
930 5687 1001 5735 v1,
1032 5669 1118 5725 lii.
1196 5671 1242 5704 ⁸³
1274 5667 1464 5726 Matth.
1499 5685 1632 5736 sum1

1753 5709 1764 5725 .
1838 5672 1884 5702 9“
1925 5671 2056 5727 ibid.
2084 5671 2171 5726 49.
