3936 6200
271 338 403 409 13ῙἿ

1425 324 1887 390 FRAGMENTA
1925 323 2009 384 IN
2048 321 2407 385 PSALMOS.

3416 315 3551 381 1318

340 450 495 515 Τίνι;
549 447 703 518 δῆλον
731 443 806 508 ὡς
862 434 1229 511 ἑαυτῷ·”οὖδὲ
1281 434 1390 508 γὰρ
1431 438 1514 500 εἰς
1566 436 1856 507 μετάνοιαν

2028 428 2174 484 Cui?
2228 427 2414 497 utique
2474 423 2822 481 manifestum
2870 426 3014 495 quod
3048 425 3148 482 sibi
3198 424 3550 498 ipsiznequc

275 538 434 607 εἶδεν,
461 540 585 594 ὅθεν
612 538 798 601 ἐλέους
826 536 1008 605 τυχεῖν
1033 531 1129 586 καὶ
1154 528 1573 601 φιλανθρωπίας
1609 527 1856 582 ἁπολαῦ-

277 652 367 689 σαι
387 631 642 704 ἠδύνατο.
658 632 720 685 Ὀ
745 629 802 684 δὲ
833 626 1027 682 ἑαυτὸν
1050 624 1127 697 μὴ
1154 622 1407 695 ἐλεήσας,
1445 622 1563 686 πῶς
1592 622 1742 694 παρὰ
1762 620 1855 675 τοῦ

278 725 480 798 Κριτοῦ
505 720 799 796 ἐλεηθῆναι
825 719 1054 775 δύναται
1080 735 1096 785 ;

355 921 373 955 ι
413 902 523 956 Καὶ
554 897 877 964 κατεδῖωξεν
908 896 1196 967 ἄνθρωπον
1235 893 1464 961 πένητα.
1495 910 1515 943 ι

345 994 523 1064 Πένης
550 993 644 1046 καὶ
671 990 888 1060 πτωχὸς
915 991 943 1043 ὀ
976 988 1182 1057 Κύριος
1205 1004 1220 1018 ’
1255 984 1447 1056 ἐπειδὴ
1474 970 1730 1046 πλούσιος
1758 980 1856 1047 ὢν,

279 1087 419 1156 ὑπὲρ
458 1084 617 1154 ἡμῶν
654 1082 1002 1151 ἐπτώχευσεν
1025 1096 1041 1110 °
1086 1080 1147 1133 οὐ
1182 1079 1342 1150 μόνον
1386 1075 1446 1129 δὲ
1481 1074 1857 1145 ἐπτώχευσεν,

283 1173 420 1227 ἀλλὰ
465 1172 573 1226 καὶ.
608 1172 687 1235 είς
724 1169 982 1223 τοσοῦτον
1028 1169 1115 1223 διὰ
1166 1170 1264 1238 τὴν
1301 1167 1415 1221 τῶν
1457 1166 1724 1219 Ἰουδαίων
1763 1164 1859 1215 άν-

286 1263 479 1332 ηκοῖαν
529 1260 698 1332 πένης
756 1260 998 1328 ἐγένετο,
1052 1258 1191 1312 ὣστε
1232 1258 1520 1326 λέγεινσΑἱ
1552 1254 1860 1317 ἀλώπεκες

278 1351 550 1421 φωλεοὺς
601 1349 839 1419 ἔχουσι,
899 1349 999 1403 καὶ
1043 1349 1116 1402 τὰ
1157 1338 1406 1402 ’πετεινὰ
1440 1344 1550 1400 τοῦ
1594 1342 1859 1413 οὐρανοῦ

279 1440 799 1509 κατασκηνώσεις·
865 1442 898 1494 ὁ
944 1439 1014 1492 δὲ
1067 1440 1196 1505 Υἱὸς
1243 1438 1349 1493 τοῦ
1397 1437 1711 1509 ἀνθρώπου
1746 1436 1859 1488 οὐκ

279 1536 404 1605 ἔχει
449 1532 567 1587 ποῦ
596 1531 714 1600 τὴν
736 1529 1017 1600 κεφαλὴν
1063 1531 1272 1600 κλίνῃ.
1311 1530 1494 1600 Ὅπερ
1517 1528 1636 1583 ἐστὶ
1669 1525 1862 1588 πενὲας

278 1621 725 1697 ὑπερϐαλλούσης
747 1620 1043 1685 ἀπόδειξις.

350 1737 370 1769 ι
407 1719 518 1772 Καὶ
547 1716 1026 1785 κατανενυγμένον
1054 1717 1120 1787 τῇ
1142 1715 1362 1786 καρδίᾳ.
1409 1732 1429 1766 ι

1959 526 2112 582 enim
2141 524 2208 580 ad
2231 521 2615 595 paenitentiam
2642 519 2903 591 reSpesit,
2948 521 3093 575 unde
3122 521 3549 578 misericordiam

1952 630 2126 690 atque
2151 617 2501 674 clementiam
2523 614 2787 683 consequi
2819 612 3115 683 patuisset.
3140 612 3316 678 Quem
3365 623 3543 670 auten.

1960 711 2047 766 sui
2087 708 2259 780 ipsius
2285 722 2397 762 non
2427 690 2676 771 miseret,
2712 703 2986 773 quomodo
3024 717 3057 758 a
3102 702 3295 759 Judice
3330 705 3552 761 miseri-

1963 801 2209 856 cordiam
2250 798 2512 868 consequi
2543 796 2762 868 possit?

2032 891 2194 946 Vens.
2231 891 2315 945 l7.
2346 908 2363 940 ι
2391 891 2461 944 Ει
2489 898 2814 959 persecutus
2842 896 2927 941 est
2951 886 3233 941 hominem
3269 881 3544 957 inopem}.

2032 984 2252 1055 Egenus
2291 989 2349 1037 et
2383 981 2541 1051 inops
2581 980 2882 1044 Dominus;
2911 978 3036 1048 quia
3057 994 3181 1032 cum
3202 987 3349 1033 esset
3377 978 3548 1043 dives,

1961 1089 2061 1145 pro
2092 1074 2252 1128 nobis
2292 1088 2497 1143 egenus
2528 1070 2705 1126 factus
2730 1080 2816 1125 est
2844 1087 2857 1124 :
2888 1080 2944 1125 et
2979 1085 3088 1124 non
3124 1070 3301 1124 solum
3342 1085 3552 1140 pauper

1962 1162 2084 1228 fuit,
2118 1176 2308 1217 verum
2348 1160 2515 1216 etiam
2547 1169 2771 1231 propter
2789 1158 3105 1215 Iudaeorum
3145 1160 3547 1215 contumaciam

1961 1255 2029 1310 ad
2060 1264 2268 1310 tantam
2305 1254 2559 1309 redactus
2586 1262 2670 1307 est
2688 1260 3007 1323 egestatem,
3040 1260 3101 1307 ut
3129 1251 3337 1306 diceret
3370 1269 3384 1305 ε
3423 1251 3551 1306 γαι-

1962 1361 2049 1415 pes
2079 1346 2252 1414 foveas
2272 1343 2463 1397 habent
2488 1352 2537 1397 et
2572 1342 2804 1396 volucres
2838 1341 2953 1396 cali
2985 1341 3171 1404 nidos;
3210 1340 3381 1395 Filius
3430 1357 3552 1395 vero

1961 1436 2185 1489 hominis
2206 1451 2309 1488 non
2337 1436 2491 1490 habet
2512 1435 2610 1488 ubi
2637 1442 2797 1503 caput
2830 1433 3046 1488 reclinet
3085 1434 3129 1486 ’.
3161 1432 3319 1498 Quod
3334 1432 3549 1504 signum

1961 1532 2046 1578 est
2068 1531 2326 1578 extremae
2349 1524 2628 1593 egestatis.

2039 1717 2059 1750 ι
2088 1698 2155 1752 Et
2187 1708 2577 1770 compunctum
2603 1697 2791 1753 corde.
2828 1716 2847 1748 ι

361 1808 420 1862 Ὀ
448 1810 504 1863 δὲ
528 1807 694 1872 αὐτὸς
725 1772 910 1878 καὶ
940 1772 1145 1879 καρδία
1169 1772 1238 1861 διῖ
1279 1772 1429 1877 ἡμᾶς
1455 1806 1862 1879 κατανενυγμέ-

2036 1789 2184 1845 Idem
2220 1801 2403 1845 autem
2440 1797 2665 1858 propter
2697 1802 2799 1844 nos
2830 1801 3050 1857 quoque
3078 1786 3245 1844 corde
3282 1802 3553 1858 compun-

277 1916 366 1962 νος
400 1916 414 1928 ο
447 1898 637 1969 διόπερ
676 1897 831 1965 Ιλεγε
859 1913 875 1928 ο
906 1897 1247 1966 Περίλυπός
1267 1896 1439 1951 ἐστιν
1473 1897 1514 1965 ἡ
1536 1898 1709 1968 ψυχή
1739 1915 1857 1981 μου

278 1989 389 2056 ἕως
418 1988 705 2043 θανάτου.

359 2102 379 2135 ι
410 2082 518 2134 Καὶ
540 2079 795 2149 ⁴ηγάπησε
821 2077 1090 2149 κατάραν.
1131 2095 1150 2127 ι

354 2171 521 2225 Ποίαν
572 2167 672 2237 τὴν
712 2165 810 2219 τοῦ
858 2163 1199 2233 Μονογενοῦς
1246 2163 1499 2234 ἤκουσεν,
1552 2162 1715 2235 ἡνίκα
1759 2163 1861 2234 τὴν

283 2261 575 2332 προδοσίαν
628 2256 925 2327 ἐμελέτησε
972 2253 1260 2323 λέγοντοςο
1305 2254 1370 2307 '0
1408 2252 1527 2322 μὲν
1571 2254 1705 2319 Υἱὸς
1753 2254 1860 2308 τοῦ

282 2352 598 2420 ἀνθρώπου
635 2346 1023 2416 παραδίδοται
1048 2361 1062 2375 ·
1100 2343 1297 2398 καλὸν
1334 2338 1414 2413 ἦν
1444 2343 1626 2408 αὐτῷ,
1666 2346 1721 2399 ει
1749 2347 1891 2401 οὐκ.

281 2442 575 2512 ἐγεννήθη
603 2443 637 2495 ό
663 2438 976 2507 ἄνθρωπος
1004 2436 1257 2502 ἐκεῖνος.

362 2553 381 2584 ι
415 2532 525 2586 Καὶ
557 2532 659 2584 οὐκ
685 2529 948 2599 ἠθέλησεν
977 2526 1254 2597 εὐλογίαν.
1284 2546 1303 2580 ι

358 2622 623 2690 Εὑλογίαν
656 2622 758 2690 τὴν
802 2619 912 2673 τῶν
954 2618 1274 2674 ἀποστόλων
1305 2618 1480 2687 λέγει,
1521 2621 1588 2690 ἦν
1627 2620 1807 2683 αὐτοῖς
1834 2622 1862 2674 ὀ

284 2711 517 2781 Χριστὸς
548 2709 893 2779 ἐξεφώνησεν
927 2723 942 2740 ο
986 2707 1168 2778 Ἀμὴν
1211 2708 1370 2777 λέγω
1417 2707 1581 2777 ὑμῖν,
1612 2710 1783 2778 ὑμεῖς
1805 2713 1861 2764 οὶ

281 2797 820 2866 ἀκολουθήσαντές
839 2814 960 2865 μοι,
992 2797 1318 2853 καθίσεσθε
1344 2797 1444 2852 ἐπὶ
1475 2797 1703 2853 δώδεκα
1726 2801 1862 2868 θρό-

282 2908 428 2955 νους
446 2931 460 2953 ,
500 2889 808 2956 κρίνοντες
835 2887 942 2952 τὰς
968 2885 1197 2940 δώδεκα
1225 2886 1428 2955 φυλὰς
1454 2887 1562 2942 τοῦ
1599 2887 1857 2956 Ἰσραήλ.

363 3001 382 3034 ι
424 2981 533 3034 Καὶ
557 2979 848 3033 ἐνεδύσατο
882 2978 1144 3048 κατάραν.
1181 2995 1201 3030 ι

357 3071 548 3126 Ταῦτα
585 3068 691 3141 γὰρ
731 3068 825 3122 τοῦ
859 3067 1151 3139 ἀνθρώπου
1191 3069 1451 3140 τυγχάνει
1478 3068 1548 3123 τὰ
1570 3067 1816 3122 ὲνδόσθια
1841 3086 1856 3099 ·

283 3162 424 3217 ὥστε
471 3162 569 3213 καὶ
614 3158 872 3227 δυνάμεις
904 3156 1005 3225 τῆς
1040 3156 1219 3228 ψυχῆς
1253 3152 1394 3212 εἶναι
1425 3156 1497 3212 τὰ
1524 3158 1622 3226 μὲν
1655 3158 1863 3224 ἔγκατα

284 3254 381 3316 τὰς
417 3250 660 3319 λογικὰς,
695 3249 884 3319 ἐπειδὴ
904 3249 974 3301 τὰ
993 3247 1201 3316 ἔγκατα
1223 3249 1283 3301 οὐ
1316 3248 1415 3319 τὴν
1440 3249 1613 3321 αὐτὴν
1642 3249 1863 3319 κατέχει

285 3343 515 3412 τροφὴν,
555 3340 691 3392 ἀλλὰ
719 3340 814 3392 καὶ
846 3339 939 3391 νῦν
969 3339 1069 3408 μὲν
1094 3338 1331 3409 δέχεται,
1366 3337 1461 3390 νῦν
1489 3338 1545 3390 δὲ
1567 3339 1821 3392 ἐκϐάλλει
1846 3356 1861 3371 ·

287 3430 476 3500 ὥσπερ
502 3429 597 3481 καὶ
628 3427 948 3496 οἱλογισμοὶ⁹
969 3429 1070 3481 οὐκ
1098 3428 1196 3479 ἐπὶ
1218 3426 1327 3481 τῶν
1348 3427 1532 3481 αὐτῶν
1561 3428 1826 3497 ἑστήκασι
1844 3447 1858 3462 ο

256 3570 259 3579 .
290 3520 530 3590 συνεχῶς
569 3519 675 3590 γὰρ
714 3518 1164 3588 μεταϐάλλονται.
1198 3519 1278 3572 Τὰ
1308 3519 1366 3573 δὲ
1394 3520 1528 3573 ὀστᾶ
1547 3560 1564 3586 ,
1596 3520 1697 3583 τὰς
1724 3538 1865 3591 πρα-

291 3611 508 3677 κτικὰς,
552 3612 628 3673 ὡς
676 3610 892 3680 ἰσχυρὰ,
941 3610 1247 3680 νοήσωμεν.
1293 3610 1512 3681 Ἐπειδὴ
1557 3611 1616 3665 δὲ
1662 3612 1725 3665 τὸ
1765 3613 1864 3683 μὲν

291 3702 437 3775 ὕδωρ
483 3705 595 3766 τοῖς
644 3703 897 3771 ὲγκάτοις
941 3700 1035 3772 (ὡς
1076 3702 1134 3755 ἐν
1179 3701 1438 3773 ὑγρότητι
1486 3704 1865 3775 τρεφομένοις)

290 3790 649 3861 κατάλληλον,
688 3790 751 3843 τὸ
782 3790 841 3842 δὲ
884 3789 1063 3843 ἔλαιον
1098 3791 1213 3853 τοῖς
1247 3790 1456 3854 ὀστέοις
1495 3792 1724 3864 (σφόδρα
1757 3793 1866 3865 γὰρ

291 3885 472 3955 χαίρει
503 3885 570 3954 τῇ
602 3881 669 3935 δι’
704 3881 884 3936 ἐλαίου
934 3882 1156 3951 ἀλοιφῇ)
1180 3898 1196 3913 ·
1228 3881 1457 3949 εἰκότως
1477 3883 1539 3937 τὺ
1577 3884 1725 3957 ὕδωρ
1751 3888 1866 3950 τοῖς

290 3975 567 4042 ὲγκάτοις,
597 3972 659 4026 τὸ
686 3972 864 4026 ἔλαιον
886 3976 1000 4037 τοῖς
1026 3973 1234 4035 ὀστέοις
1256 3974 1616 4040 ἀποδέδωκεν,
1648 3977 1726 4041 ὡς
1756 3977 1866 4030 δεῖ-

292 4061 379 4129 ξαι
398 4063 589 4133 ὅτιπερ
612 4061 853 4138 αὐτῷ.τὰ
877 4063 977 4133 τῆς
1000 4064 1248 4134 κατάρας
1276 4064 1540 4135 ἥρμοσεν,
1566 4068 1642 4131 ώς
1663 4068 1865 4122 κατάλ-

293 4153 450 4224 ληλον
481 4152 618 4224 αὐτῇ
657 4151 922 4222 πονηρίαν
954 4151 1369 4220 μεταδιώξαντι.

365 4261 386 4298 ι
433 4243 547 4297 Καὶ
578 4244 665 4307 σὺ,
685 4242 880 4313 Κύριε,
918 4241 1144 4312 ποίησον
1176 4243 1296 4312 μετ’
1322 4243 1482 4313 ἐμοῦ.
1522 4263 1543 4296 ι

364 4335 590 4405 Εἴρηται
628 4333 909 4398 πολλάκις,
941 4334 1024 4386 ὅτι
1062 4333 1141 4404 τῷ
1170 4333 1452 4404 προσώπῳ
1496 4335 1594 4390 τοῦ
1622 4337 1862 4407 Χριστοῦ

1966 1891 2086 1935 ctus
2109 1878 2244 1946 fuit;
2280 1888 2616 1949 quapropter
2649 1879 2823 1934 dixit:
2858 1878 3044 1933 Tristis
3097 1888 3175 1934 cst
3208 1879 3391 1933 anima
3434 1895 3549 1932 mea

1966 1986 2131 2040 usque
2156 1972 2227 2024 ad
2251 1980 2470 2025 mortem
2493 1970 2534 2024 ³.

2040 2061 2203 2117 Vens.
2228 2062 2314 2115 l8.
2363 2081 2381 2114 ι
2415 2060 2481 2116 Et
2512 2060 2703 2116 dilexit
2734 2056 3196 2115 maledictionem.
3232 2078 3253 2113 ι

2038 2152 2265 2219 Qualem
2299 2167 2496 2222 nempe
2522 2150 2752 2213 audivit,
2782 2149 3003 2219 quando
3031 2149 3137 2220 ipsi
3184 2149 3551 2218 proditionem

1968 2244 2249 2301 meditanti
2278 2244 2609 2315 Unigenitus
2655 2242 2813 2309 dixit,
2855 2242 3028 2296 Filius
3073 2243 3284 2312 quidem
3328 2243 3551 2297 hominis

1969 2335 2201 2389 traditur
2218 2349 2238 2389 :
2262 2333 2453 2388 bonum
2469 2341 2648 2399 autem
2664 2339 2779 2386 erat
2791 2332 2860 2394 ei,
2877 2330 2924 2384 si
2941 2339 3098 2384 natus
3127 2346 3231 2385 non
3253 2329 3436 2402 fuisset
3456 2329 3552 2384 ho-

1970 2442 2056 2480 mo
2081 2424 2172 2479 ille
2193 2424 2237 2478 ⁸.

2045 2536 2065 2568 ι
2094 2517 2160 2570 Et
2185 2515 2357 2570 noluit
2376 2512 2842 2569 benedictionem.
2893 2531 2914 2565 ι

2039 2606 2479 2662 Benedictionem
2502 2604 2755 2676 intelligit
2781 2603 3179 2673 apostolorum,
3200 2618 3365 2672 quam
3392 2600 3552 2658 Chri-

1969 2706 2085 2751 stus
2107 2694 2240 2764 ipsis
2265 2693 2553 2764 promisit:
2593 2693 2758 2747 Amen
2791 2693 2906 2745 dico
2938 2691 3097 2757 vobis,
3128 2692 3266 2762 quod
3323 2708 3432 2758 vos,
3460 2693 3552 2763 qui

1966 2789 2127 2842 secuti
2148 2787 2271 2841 estis
2305 2803 2407 2850 me,
2429 2785 2675 2840 Sedebitis
2694 2800 2851 2853 super
2889 2785 3033 2838 sedes
3077 2784 3375 2851 duodecim,
3398 2786 3551 2855 judi-

1968 2887 2143 2932 cantes
2171 2876 2441 2931 duodecim
2470 2876 2635 2930 tribus
2670 2874 2845 2930 Israel
2873 2876 2916 2930 ⁸.

2043 2990 2062 3021 ι
2106 2970 2170 3023 Et
2197 2968 2375 3024 induit
2402 2968 2865 3022 maledictionem.
2902 2986 2920 3019 ι

2040 3061 2166 3116 Haec
2192 3061 2341 3117 enim
2364 3059 2604 3116 hominis
2633 3059 2890 3115 interiora
2927 3066 3098 3125 sunt;
3136 3060 3211 3117 ita
3234 3071 3295 3116 ut
3328 3059 3551 3116 intesti-

1964 3170 2033 3209 na
2063 3153 2284 3224 quidem
2314 3153 2423 3208 sint
2446 3152 2738 3207 rationales
2784 3152 2984 3208 anima:
3026 3152 3278 3219 virtutes,
3309 3155 3555 3224 quando-

1965 3245 2183 3316 quidem
2207 3246 2467 3303 intestina
2496 3259 2607 3300 non
2638 3243 2893 3299 eumdem
2933 3245 3117 3300 cibum
3168 3245 3428 3308 retinent,
3458 3246 3554 3301 sed

1965 3337 2127 3391 modo
2158 3336 2379 3405 quidem
2402 3334 2555 3389 illum
2580 3334 2907 3404 suscipiunt,
2939 3334 3104 3390 modo
3132 3350 3262 3392 vero
3290 3336 3550 3408 ejiciunt;

1966 3430 2109 3483 sicut
2133 3428 2299 3483 etiam
2327 3425 2687 3495 cogitationes
2717 3424 2912 3480 iisdem
2941 3425 3110 3482 rebus
3152 3426 3381 3485 minime
3413 3427 3553 3483 insi-

1967 3526 2138 3584 stunt,
2165 3516 2261 3571 sed
2298 3515 2518 3571 assidue
2541 3520 2844 3569 mutantur.
2872 3510 3007 3569 Ossa
3033 3531 3187 3580 vero,
3218 3525 3403 3586 utpote
3428 3533 3554 3587 qum

1966 3609 2121 3665 ﬁrma
2150 3608 2282 3672 sint,
2313 3608 2543 3663 virtutes
2563 3606 2830 3676 praeticas
2862 3604 3250 3676 intelligemus.
3281 3605 3551 3671 Quoniam

1967 3715 2104 3773 aqua
2131 3698 2351 3769 quidem
2378 3697 2653 3754 intestinis
2676 3697 2758 3767 (ut
2786 3711 2908 3765 qua:
2954 3696 3184 3751 humore
3213 3696 3550 3767 nutriantur)

1967 3791 2147 3846 oleum
2197 3805 2329 3846 vero
2364 3789 2578 3845 ossibus
2611 3788 2842 3858 quadrat
2894 3787 3032 3858 (haec
3076 3787 3224 3842 enim
3279 3787 3386 3843 olei
3443 3804 3549 3842 un-

1967 3884 2148 3937 ctione
2176 3882 2471 3951 plurimum
2499 3877 2801 3950 gaudent);
2843 3879 3041 3935 merito
3083 3895 3278 3949 aquam
3328 3880 3551 3935 intesti-

1968 3974 2073 4040 nis,
2106 3973 2286 4028 oleum
2316 3986 2446 4027 vero
2473 3970 2691 4027 ossibus
2722 3971 2992 4035 attribuit,
3024 3970 3094 4025 ad
3142 3971 3543 4026 ostendendum

1967 4065 2068 4134 ipsi
2105 4071 2414 4133 competere
2461 4061 2885 4125 exsecrationes,
2917 4070 3105 4132 utpote
3136 4061 3288 4118 hisce
3344 4078 3543 4119 conve-

1966 4157 2212 4211 nientem
2240 4155 2503 4211 malitiam
2525 4153 2885 4210 consectanti.

2035 4246 2200 4301 Vens.
2232 4248 2322 4302 2|.
2363 4263 2382 4298 ι
2413 4247 2481 4300 Ει
2509 4255 2588 4312 ιιι,
2623 4244 2867 4308 Domine,
2894 4242 2979 4298 fac
3008 4257 3245 4301 mecum.
3275 4262 3296 4297 ι

2036 4337 2421 4409 Saepenumero
2448 4336 2651 4394 dictum
2683 4343 2787 4411 est,
2818 4348 3069 4405 personae
3091 4332 3297 4388 Christi
3321 4334 3546 4393 humilia

292 4428 552 4497 ἁρμόττει
585 4426 653 4479 τὰ
696 4427 931 4479 ταπεινὰ
978 4426 1065 4479 διὰ
1101 4427 1202 4495 τὴν
1239 4425 1638 4497 ἀνθρωπότητα
1673 4445 1686 4459 ·
1727 4429 1864 4485 ἀλλὰ

1977 4443 2267 4501 congruere
2310 4436 2535 4498 propter
2583 4425 3019 4491 humanitatem;
3050 4433 3430 4480 verumtamen
3487 4432 3556 4484 ut,

293 4519 389 4572 καὶ
414 4518 557 4572 οὕτω
579 4517 648 4571 τὰ
680 4517 861 4588 ὑψηλὰ
902 4520 1014 4582 τοῖς
1042 4520 1324 4584 ταπεινοῖς
1351 4518 1729 4583 συνέζευκται.
1769 4522 1862 4574 Ei-

1977 4521 2045 4576 ;ic
2080 4520 2247 4576 etiam
2273 4518 2528 4575 sublimia
2554 4533 2681 4573 eum
2728 4515 3027 4571 humilibus
3057 4515 3350 4585 conjuncta
3394 4526 3542 4571 sunt.

292 4608 410 4662 πὼν
453 4609 582 4679 γὰρ,
636 4610 909 4677 Ποίησον
942 4609 1073 4679 μετ’
1092 4610 1262 4679 ἐμοῦ,
1293 4609 1635 4682 προσέθηκεν
1659 4612 1864 4665 ἕνεκεν

1977 4611 2096 4668 Nam
2122 4627 2249 4668 cum
2269 4611 2495 4667 dixisset
2530 4609 2640 4664 Fac
2664 4625 2888 4672 mecum,
2920 4607 3167 4679 adjunxit
3194 4619 3408 4677 propter
3447 4624 3544 4660 no-

291 4699 397 4752 τοῦ
429 4700 718 4769 ὀνόματός
748 4702 866 4754 σου
892 4739 909 4763 ,
941 4700 1130 4753 ἕνεκεν
1154 4703 1254 4770 τῆς
1281 4701 1423 4771 ὲμῆς
1443 4701 1622 4766 ἀξίας.
1658 4703 1864 4773 Ὀνομα

1977 4721 2082 4759 men
2110 4714 2279 4770 tuum,
2313 4710 2533 4774 propter
2562 4716 2741 4755 meam
2765 4700 3105 4772 dignitatem.
3145 4698 3354 4754 Nomen
3384 4697 3535 4753 enim

291 4789 402 4863 γὰρ
430 4790 523 4843 τοῦ
555 4791 767 4862 Πατρδς
801 4794 829 4844 ό
853 4791 981 4854 Υἱός
1003 4807 1018 4822 '
1050 4790 1240 4860 διόπερ
1283 4793 1398 4856 καὶ,
1440 4794 1864 4863 Εὐλογημένος

1977 4796 2152 4851 Patris
2175 4807 2261 4851 est
2283 4794 2453 4849 Filius
2481 4811 2497 4857 ;
2523 4801 2854 4862 quapropter
2888 4792 3051 4845 etiam
3092 4789 3322 4854 dicitur,
3370 4788 3542 4844 Bene-

292 4886 327 4937 d
355 4883 675 4953 ἐρχόμενος
709 4883 781 4938 ἐν
808 4884 1053 4959 ὀνόματι
1078 4883 1300 4951 Κυρίου
1331 4883 1552 4952 λέγεται
1570 4924 1584 4947 ,
1633 4885 1709 4948 ὡς
1753 4886 1865 4948 ἴσος

291 4973 444 5045 αὐτῷ
492 4966 776 5044 τυγχάνων
831 4973 926 5027 καὶ
975 4974 1415 5043 ἀπαράλλακτος,
1462 4976 1556 5029 καὶ
1589 4975 1677 5028 διὰ
1704 4976 1865 5029 τοῦτο

290 5063 387 5118 τοῦ
432 5063 646 5135 Harpe;
675 5063 1081 5134 ἀναλαμϐάνων
1128 5064 1190 5117 τὸ
1225 5064 1417 5134 ὄνομα.
1458 5066 1571 5118 Καὶ
1608 5067 1659 5119 εί
1688 5065 1866 5129 οὕτως

291 5155 448 5221 ἀξίας
469 5154 676 5225 ἔχεται,
691 5155 838 5219 τίνος
866 5156 1026 5226 χάριν
1044 5153 1402 5225 προσεύχεται
1418 5156 1561 5221 ;Ὄτι
1577 5156 1865 5224 χρηστὸν,

293 5248 452 5317 φησι,
487 5247 555 5301 τὸ
578 5247 750 5313 ἔλεός
783 5263 899 5302 σου
932 5263 948 5278 ο
988 5246 1137 5310 ἔλεος
1168 5246 1332 5300 πάλιν
1361 5246 1455 5300 τοῦ
1487 5246 1700 5316 Πατρὶς
1738 5247 1865 5300 ἐαυ-

292 5337 386 5390 τὸν
432 5336 614 5392 καλῶν
647 5353 660 5368 ⁸
694 5338 843 5401 ἔλεος
877 5337 976 5407 μὲν
1010 5335 1198 5407 ἐπειδὴ
1231 5335 1321 5389 διὰ
1349 5336 1446 5406 τῆς
1473 5334 1638 5389 αὐτοῦ
1661 5351 1862 5408 παρου-

297 5428 416 5492 σίας,
445 5428 762 5501 ἠλεήθημεν
782 5444 796 5459 ⁸
832 5428 976 5491 ἔλεος
997 5428 1053 5482 δὲ
1076 5427 1171 5481 τοῦ
1198 5428 1409 5498 Πατρὸς
1443 5427 1689 5491 εἰκότωςο
1718 5427 1864 5495 γνώω

297 5537 373 5593 μη
399 5521 509 5591 γὰρ
539 5520 705 5575 αὐτοῦ
736 5523 768 5593 ἡ
800 5521 1048 5593 σωτηρία
1079 5520 1236 5593 ἡμῶν
1263 5522 1602 5593 πέπρακται.
1645 5519 1860 5590 Ἐπειδὴ

364 5659 384 5688 ³
419 5654 610 5732 Matth.
642 5672 760 5723 \‘lll,
785 5654 857 5709 20
888 5663 941 5710 et
964 5653 1122 5709 Lucae
1153 5668 1227 5719 Ix,
1264 5653 1353 5709 58.
1430 5654 1668 5708 ’Matth.
1701 5667 1814 5718 ιιι,
1840 5653 1930 5732 ὅθ.

297 5742 447 5790 unt,
479 5727 566 5780 54.

1971 4888 2141 4940 dictus
2202 4886 2293 4955 qui
2326 4886 2465 4938 venit
2523 4884 2580 4936 in
2608 4883 2815 4936 nomine
2858 4880 3072 4935 Domini
3105 4879 3380 4949 ';’utpote
3439 4877 3545 4947 ipsi

1969 4976 2195 5046 aequalis
2222 4984 2277 5030 et
2316 4973 2773 5030 incommutabilis
2803 4971 3094 5032 exsistens,
3130 4979 3293 5039 atque
3336 4969 3547 5025 idcirco
3656 4964 3661 4968 ’

1973 5066 2148 5121 Patris
2178 5081 2380 5122 nomen
2409 5080 2713 5122 assumens.
2751 5064 2915 5132 Atqui
2973 5062 3017 5116 si
3046 5069 3210 5115 tanta:
3265 5061 3546 5132 dignitatis

1975 5155 2067 5222 sit,
2098 5172 2199 5211 cur
2229 5157 2391 5210 orat?
2435 5156 2596 5222 Quia,
2637 5155 2835 5224 inquit,
2860 5152 3034 5206 suavis
3059 5158 3134 5204 est
3187 5152 3544 5208 misericordia

1934 5276 1938 5280 Α
1972 5254 2063 5299 tua
2094 5261 2111 5299 :
2144 5260 2336 5299 rursus
2374 5245 2729 5314 semetipsum
2761 5241 2938 5296 Patris
2966 5239 3405 5312 misericordiam
3443 5256 3545 5313 ap-

1970 5337 2179 5407 pellans
2199 5353 2213 5403 ;
2237 5334 2670 5390 misericordiam
2702 5333 2944 5402 quidem,
2976 5330 3107 5400 quia
3126 5345 3224 5402 per
3257 5331 3379 5401 ejus
3401 5346 3543 5402 prur-

1968 5428 2198 5486 sentiam
2226 5425 2508 5483 consecuti
2536 5439 2726 5480 sumus
2746 5422 3213 5489 misericordiam;
3243 5421 3419 5480 Patris
3444 5438 3543 5479 au-

1974 5530 2079 5575 tem
2135 5517 2584 5577 miscricordiam,
2624 5518 2750 5586 quia
2806 5516 3063 5571 nimirum
3123 5516 3242 5588 ejus
3266 5516 3546 5574 voluntate

2027 5653 2049 5683 ⁸
2075 5653 2269 5711 Matth.
2302 5669 2451 5719 ιιγι,
2490 5652 2580 5706 9-4.
2684 5654 2704 5685 ⁸
2735 5651 2922 5708 Matth.
2961 5666 3074 5718 xxx,
3104 5651 3194 5709 28.
3294 5654 3316 5687 ⁸
3353 5652 3541 5709 Matth.
