3936 6200
409 252 551 320 1319

1604 232 1971 298 HESYCHII
2008 228 2486 294 PRESBYTERI

3564 206 3723 272 1320

406 368 559 427 salus
585 370 773 420 nostra
802 365 1020 431 peracta
1051 363 1150 415 cst.
1185 352 1320 409 Cum
1368 350 1532 421 igitur
1562 360 1670 405 tam
1734 348 2003 418 benignus

2148 344 2288 398 sivuv
2332 341 2479 396 οὕτω
2529 339 2777 411 χρηστός·
2807 338 2944 407 εἰμι,
2988 334 3129 389 ὥστε
3160 330 3256 386 καὶ
3278 330 3569 402 ἄνθρακος
3604 330 3713 382 διΞι

410 459 540 521 sim,
568 463 630 510 ut
658 452 821 507 etiam
851 455 1076 519 propter
1109 444 1398 499 hominum
1461 442 2001 499 commiserationem

2148 437 2203 507 ὴν
2229 435 2366 507 πρὸς
2391 432 2714 505 ἀνθρώπους
2738 429 3039 500 γενομένην
3068 424 3438 497 συμπάθειαν,
3460 424 3713 493 ποίησον

414 549 579 601 homo
620 541 796 595 factus
817 536 1036 601 fuerim,
1063 534 1150 589 fac
1179 547 1416 588 meeum.
1449 530 1616 587 Decet
1635 532 1786 586 enim
1818 530 2004 584 incar-

2108 530 2227 602 μετ’
2253 526 2412 600 ἐμοῦ.
2444 524 2654 599 Πρέπει
2686 523 2793 595 γάρ
2820 539 2934 585 πως
2957 517 3295 591 σαρκωθέντι
3325 515 3423 570 καὶ
3454 516 3717 585 seponas}—

412 645 603 688 natum
629 624 1037 701 quodammodo
1065 638 1243 686 orare,
1278 631 1333 678 et
1383 621 1645 676 auxilium
1676 636 1710 676 a
1749 620 1861 675 Deo
1906 635 2006 689 po—

2148 621 2319 687 εσθαι,
2351 620 2449 674 καὶ¹
2478 617 2749 690 βοήθειαν
2778 616 2951 669 αἰτεῖν
2977 611 3131 684 παρὰ
3155 609 3292 664 Θεοῦ
3313 648 3330 674 ,
3356 608 3453 662 καὶ
3482 608 3557 663 τὰ
3594 625 3719 663 τεο

415 699 661 788 stulare,
687 730 853 790 atque
905 717 1133 774 humilia
1174 729 1479 780 assumere,
1507 728 1645 784 quae
1682 720 2007 783 competunt

2148 713 2272 767 τεινὰ
2329 710 2774 781 ἀναλαμϐάνειν,
2845 707 2948 761 ὅσα
2995 706 3062 776 τῇ
3121 700 3514 772 ἀνθρωπότητι
3561 699 3720 771 πρέ,-

420 814 771 871 humanitati.

494 907 660 963 Vsns.
696 907 787 960 ἓξ.
861 923 882 957 ι
921 903 1115 959 Libera
1141 915 1250 965 me,
1297 898 1424 969 quia
1466 912 1677 969 egenus
1713 904 1770 951 et
1803 910 2009 966 pauper

421 1017 568 1057 sum.
606 1019 626 1052 ι

2108 820 2282 859 ποντα
2291 843 2305 857 .

2183 914 2204 947 ι
2254 891 2445 947 Ῥὖσαί
2482 904 2572 963 με,
2602 891 2685 944 ὅτι
2708 886 2925 957 πτωχὸς
2956 885 3052 939 καὶ
3079 886 3252 955 πένης
3272 883 3412 955 εἰμί.
3456 901 3479 935 s

2182 982 2467 1054 Πτωχείαν
2500 980 2668 1036 αὐτοῦ
2694 980 2794 1050 τὴν
2824 977 3073 1031 ἑκούσιον
3126 973 3573 1047 προσαγορεύει,
3606 970 3726 1054 δτι-ξ

495 1091 804 1160 Egestatem
853 1097 1008 1139 suam
1058 1078 1420 1136 voluntariam
1477 1076 1756 1147 appellat,
1805 1074 2013 1130 scilicet

2184 1034 2456 1054 ""‘h""'
2506 1034 2561 1036 ν*
2749 1034 2762 1050 ι
3176 1034 3188 1047 ι
3323 1034 3337 1045 .
3382 1034 3397 1046 .
3559 1034 3569 1037 -
3667 1034 3683 1043 .

2148 1075 2290 1128 ονότι
2333 1073 2665 1127 ταπείνωσιν
2698 1086 2712 1101 ·
2763 1068 2960 1123 πενίαν
3003 1065 3166 1121 πάλιν
3218 1065 3392 1130 ίδίαν,
3441 1063 3550 1135 τὴν
3594 1034 3727 1160 τῶνιή

425 1179 903 1242 humiliationem;
943 1180 1321 1245 paupertatem
1349 1184 1542 1224 rursus
1590 1167 1890 1239 propriam,
1916 1165 2013 1219 Ju-

425 1275 671 1329 dazorum
724 1266 1173 1324 inobedientiam.
1205 1264 1344 1319 Cum
1376 1262 1524 1316 enim
1565 1260 1737 1330 ipsius
1783 1256 2013 1328 ﬁgmen-

432 1375 548 1419 tum
575 1370 762 1417 essent
788 1371 1013 1429 propter
1038 1370 1259 1411 carnem
1289 1369 1358 1407 ex
1410 1352 1478 1406 iis
1505 1356 1869 1418 assumptum,
1916 1363 2012 1401 ne-

432 1454 669 1510 cessario
713 1452 931 1506 illorum
986 1460 1228 1503 errorem
1260 1459 1414 1500 suam
1453 1449 1672 1512 reputat
1722 1448 2017 1509 pauperta-

436 1557 566 1601 tem.

508 1634 668 1688 Vens.
702 1632 791 1685 2'5.
832 1649 850 1682 ι
886 1628 1040 1684 Sicut
1072 1627 1261 1681 umbra
1291 1639 1414 1679 eum
1445 1622 1700 1678 declinat.
1743 1637 1763 1672 ι

510 1723 637 1777 Sole
666 1721 732 1776 ad
770 1732 1023 1776 occasum
1052 1725 1333 1787 vergente,
1357 1714 1549 1768 umbra
1578 1712 1698 1780 ejus
1720 1708 2015 1780 plurimum

437 1816 706 1879 declinat;
736 1814 856 1884 ipso
906 1820 1088 1865 autem
1151 1808 1532 1871 (recumbente,
1575 1804 1691 1857 haec
1722 1802 1886 1856 etiam
1940 1800 2018 1853 si-

439 1908 554 1963 mul
583 1908 714 1961 abit.
742 1903 973 1969 Quando
1016 1901 1180 1969 igitur
1218 1898 1423 1952 malitia
1454 1893 1804 1957 redundavit,
1834 1892 1908 1946 ita
1964 1900 2024 1945 ut

442 2014 612 2071 genus
642 2000 942 2052 humanum
975 1993 1137 2047 etiam
1170 1991 1434 2045 adversus
1458 1988 1638 2057 ipsum
1692 1986 1883 2048 Deum,
1921 1984 2024 2038 sci-

443 2092 568 2146 licet
607 2088 906 2148 Christum,
972 2098 1170 2140 manus
1198 2083 1461 2144 elevaret,
1495 2088 1626 2134 tunc
1680 2076 1929 2131 Christus
1993 2089 2025 2127 e

443 2182 622 2236 medio
673 2167 900 2243 tollitur,
926 2187 982 2232 et
1035 2183 1266 2230 mortem
1328 2172 1586 2235 sustinet,
1618 2177 1679 2223 ut
1727 2165 1930 2221 malitia
1972 2173 2028 2219 et

444 2281 724 2343 peccatum
758 2267 1198 2330 mortiﬁcaretur,
1234 2272 1296 2318 ut
1320 2262 1524 2317 Paulus
1551 2261 1667 2323 ait;
1704 2256 1841 2323 Quia
1882 2264 2027 2310 vetus

445 2368 595 2419 homo
616 2376 786 2418 noster
814 2360 973 2417 simul
993 2359 1273 2426 cruciﬁxus
1306 2356 1443 2420 est",
1477 2362 1581 2408 etc.

518 2455 678 2509 Vens.
701 2455 788 2509 24.
829 2472 846 2503 ι
871 2451 1059 2506 Genua
1090 2463 1205 2502 mea
1232 2446 1507 2499 inﬁrmata
1529 2450 1680 2496 sunt.
1710 2458 1730 2491 ι

516 2546 654 2601 Cum
681 2543 935 2612 fatigatus
966 2556 1033 2595 ex
1058 2540 1255 2593 itinere
1285 2539 1330 2600 ⁸,
1360 2544 1421 2589 ιιι
1442 2533 1620 2602 inquit
1643 2530 1905 2592 Joannes,
1941 2542 2029 2581 se-

449 2638 591 2695 derit
612 2635 883 2698 Christus,
914 2631 994 2685 nil
1012 2631 1231 2694 mirum,
1267 2628 1311 2682 si
1337 2626 1499 2680 etiam
1529 2639 1595 2680 ex
1620 2621 1832 2692 jejunio
1855 2633 2030 2690 genua

450 2733 570 2801 eius
629 2728 1021 2783 inﬁrmentur:
1080 2722 1148 2776 ad
1200 2719 1384 2774 carnis
1447 2716 1593 2771 enim
1619 2728 1781 2783 quam
1819 2725 2035 2766 assum-

452 2830 636 2895 pserat
667 2816 1045 2890 probationem
1075 2814 1314 2869 humana
1345 2807 1607 2864 sustinuit
1645 2805 1850 2874 absque
1903 2816 2033 2873 pce-

453 2925 574 2971 eato
607 2914 653 2968 '.

2127 1165 2398 1221 Ἰουδαίων
2446 1161 2755 1235 παρακοήν.
2814 1160 2877 1213 El
2921 1158 3029 1231 γὰρ
3071 1155 3237 1210 αὑτοῦ
3288 1105 3527 1224 τιλᾶσᾷ

2114 1256 2204 1310 διὰ
2245 1255 2345 1325 τὴν
2396 1252 2456 1319 ἐξ
2505 1252 2686 1308 αὐτῶν
2738 1249 3041 1320 ληφθεῖσαν
3102 1247 3322 1319 σάρκα,
3382 1242 3722 1313 ἀναγκαίως

2116 1344 2284 1400 αὐτοῦ
2316 1346 2508 1398 πενίαν
2534 1345 2635 1414 τὴν
2667 1342 2895 1396 ἐκείνων
2924 1340 3132 1405 πλάνην
3152 1338 3454 1408 λογίζεται.

2195 1458 2214 1490 ι
2262 1438 2408 1490 Ὠσεὶ
2447 1435 2576 1490 σκιὰ
2605 1437 2664 1488 ὲν
2691 1434 2770 1504 τῷ
2795 1432 3047 1487 ἐκκλῖναι
3074 1431 3268 1501 αὐτὴν.
3305 1447 3325 1481 s

2206 1530 2269 1582 Ἦ
2300 1528 2396 1581 τοῦ
2428 1527 2578 1598 ἡλίου
2611 1526 2741 1579 σκιὰ
2769 1524 2906 1596 πρὸς
2931 1523 3164 1590 δυσμαῖς
3197 1520 3362 1574 αὐτοῦ
3391 1520 3719 1590 γεγονότος,

2120 1622 2213 1676 ἐπὶ
2245 1621 2379 1675 πολὺ
2407 1620 2669 1674 κλίνεται·
2695 1618 2956 1680 δύναντος
2981 1615 3038 1669 δὲ
3076 1613 3267 1679 αὐτοῦ,
3293 1614 3391 1668 καὶ
3418 1612 3567 1683 αὑτὴ
3594 1628 3720 1665 συν-

2126 1714 2448 1786 απέρχεται.
2505 1712 2635 1766 Ὅτε
2677 1710 2925 1779 τοίνυνξή
2954 1707 3125 1763 κακία
3158 1706 3498 1760 ἐπλεόνασεν
3519 1747 3535 1770 ,
3571 1704 3720 1757 ὥστε

2126 1806 2220 1859 καὶ
2249 1805 2369 1859 κατ’
2396 1801 2562 1857 αὑτοῦ
2599 1801 2693 1856 τοῦ
2716 1799 2878 1865 Θεοῦ,
2904 1798 3108 1870 δηλαδὴ
3138 1798 3232 1852 τοῦ
3291 1795 3571 1867 Χριστοῦ,
3602 1797 3727 1865 χεῖ-

2133 1912 2230 1968 ρας
2278 1896 2483 1967 ἐπᾶραι
2523 1894 2584 1947 τὸ
2620 1892 2778 1961 γένος
2804 1889 2865 1944 τὸ
2887 1889 3254 1960 ἀνθρώπινον,
3287 1887 3413 1941 τότε
3442 1888 3726 1940 ἀνταναι-

2130 1989 2304 2057 ρεῖται
2336 1986 2365 2038 ὁ
2393 1982 2649 2054 Χριστὸς,
2680 1981 2775 2035 καὶ
2820 1979 3084 2050 ὑπομένει
3113 1978 3345 2032 θάνατον
3364 2019 3380 2044 ,
3421 1977 3526 2030 ἵνα
3558 1978 3727 2046 ήκει-

2130 2078 2225 2133 κία
2246 2076 2394 2146 καὶὴ
2420 2072 2667 2145 ἁμαρτία
2695 2070 2968 2141 νεκρωθῇ,
2992 2069 3248 2140 καθάπερ
3276 2068 3504 2131 nunc;
3532 2083 3735 2136 φησιν·

2133 2170 2268 2224 Ὅτι.
2290 2171 2323 2223 d
2362 2165 2618 2232 παλαιὸς
2647 2163 2818 2234 ήμῶν
2860 2162 3173 2230 ἅνθρωπος
3216 2159 3739 2227 συνεσταυρώθη,

2076 2342 2081 2349 .
2132 2260 2229 2316 καὶ
2254 2260 2325 2313 τὰ
2353 2258 2505 2329 ὲχῆς,

2211 2373 2230 2405 ι
2266 2353 2348 2406 Τὰ
2381 2350 2584 2421 γόνατᾶ
2616 2366 2717 2421 μου
2756 2347 3087 2418 ἠσθένησαν.
3128 2364 3148 2401 ι

2210 2446 2273 2499 Ei
2301 2440 2654 2505 κεκοπιακὼς
2684 2444 2750 2494 ὲκ
2775 2440 2878 2509 τῆς
2907 2437 3244 2509 ὁδοιπορίας,
3268 2436 3346 2500 ὥς
3364 2454 3512 2508 φησι
3546 2437 3744 2491 Ἰωάν-

2135 2554 2254 2607 νης,
2295 2535 2532 2606 κάθηται
2569 2536 2599 2588 ὁ
2628 2532 2885 2603 Χριστὸς,
2928 2530 3082 2583 οὐδὲν
3109 2530 3456 2599 θαυμαστὸν,
3491 2531 3598 2583 καὶ
3637 2528 3750 2583 ὑπὸ

2136 2629 2391 2698 νηστείας
2424 2628 2589 2681 αὐτοῦ
2624 2626 2920 2696 ἀσθενῆσαι
2945 2621 3016 2675 τὰ
3047 2622 3281 2690 γόνατα’
3319 2622 3402 2685 είς
3428 2621 3747 2692 βεϐαίωσιν

2137 2718 2246 2788 γὰρ
2274 2720 2371 2790 τῆς
2399 2716 2604 2788 σαρκὸς
2632 2717 2699 2786 ἦν
2723 2710 3013 2784 ἑσαρκὼθη
3046 2712 3309 2782 ὑπέμεινε
3335 2711 3523 2782 χωρὶς
3548 2712 3746 2781 ἁμαρ.

2138 2809 2261 2873 τίας
2293 2809 2367 2862 τὰ
2394 2806 2731 2879 ἀνθρώπινα.

2216 2920 2236 2952 ι
2270 2898 2441 2969 Κάγὼ
2467 2898 2741 2970 ἐγενήθην
2769 2897 2972 2962 δνειδος
3006 2897 3211 2959 αὐτοῖς.
3249 2913 3268 2948 ι

523 3006 687 3061 Vens.
714 3003 806 3058 25.
870 3017 890 3052 ι
916 2998 988 3054 Ει
1029 3011 1130 3068 ego
1180 2993 1358 3049 lactus
1409 3004 1531 3046 sum
1574 2985 1934 3059 opprobrium
1965 2983 2031 3039 il-

2211 2991 2402 3048 Ταῦτα
2432 2994 2499 3061 τῇ
2524 2990 2668 3056 λέξει
2695 2989 2959 3059 γεγονότα
2983 2987 3265 3051 Ματθαϊος
3287 2987 3711 3059 παραδέδωκεν
3729 3004 3746 3018 ·

455 3097 544 3152 lis.
583 3114 602 3147 ι

528 3187 654 3241 Haec
699 3183 768 3239 ad
815 3180 1052 3235 litteram
1108 3173 1376 3230 accidisse
1425 3168 1716 3225 Mattheus
1768 3167 2032 3223 tradidit:

461 3278 835 3333 Praetereuntes
867 3279 1046 3324 autem
1098 3263 1536 3333 Maspltemabant
1583 3277 1723 3326 eum,
1776 3267 2036 3313 moventes

458 3369 635 3437 capita
664 3380 783 3430 sua,
811 3371 861 3416 et
887 3361 1158 3414 dicentes:
1206 3354 1312 3409 Vah
1367 3352 1458 3422 qui
1506 3350 1734 3405 destruis
1788 3347 2037 3415 templum

459 3459 579 3520 Dei,
603 3465 651 3510 et
671 3457 728 3508 in
754 3452 929 3506 triduo
948 3447 1084 3502 illud
1104 3443 1417 3511 rewdiﬁcas,
1467 3440 1615 3495 salua
1656 3439 1985 3507 temetipsum
2019 3452 2036 3491 :

457 3548 518 3604 Si
552 3546 724 3601 Filius
750 3542 845 3597 Dei
878 3556 952 3606 es,
996 3535 1248 3591 descende
1294 3532 1359 3586 de
1383 3545 1554 3597 cruce,
1591 3538 1647 3583 ut
1673 3528 1968 3593 videamus,
1989 3533 2038 3579 et

459 3640 731 3696 credamus
766 3635 830 3689 ¹⁶.

527 3732 694 3788 Vens.
721 3728 812 3783 26.
853 3745 873 3779 ι
897 3725 1104 3795 Adjuva
1136 3733 1245 3785 me,
1271 3716 1523 3780 Domine,
1557 3713 1702 3767 Deus
1729 3724 1903 3764 meus.
1944 3726 1963 3758 ο

530 3823 781 3877 Nostram
802 3831 962 3889 opem
991 3829 1056 3869 ac
1095 3813 1328 3868 salutem
1382 3821 1535 3863 suam
1571 3809 1810 3874 reputat,
1849 3807 2040 3869 utpote

459 3914 728 3971 mediator
779 3919 835 3964 et
892 3906 1138 3979 pontifex
1187 3910 1379 3958 noster
1426 3898 1495 3954 ad
1547 3895 1762 3951 Patrem
1817 3891 2041 3945 factus:

460 4196 643 4243 autem
673 4181 987 4240 mediatoris
1028 4187 1190 4248 atque
1212 4172 1489 4246 pontiﬁcis
1515 4167 1797 4241 proprium
1835 4173 1941 4228 est,
1986 4170 2045 4217 ut

461 4286 701 4335 assumat
722 4288 981 4348 personas
1005 4284 1196 4327 eorum
1223 4282 1327 4338 pro
1350 4263 1550 4334 quibus
1578 4257 1849 4316 sacriﬁcat
1868 4264 1925 4310 et
1956 4253 2042 4307 in-

418 4401 428 4409 -
464 4370 649 4426 terdit.

530 4457 695 4512 Vens.
729 4456 820 4509 2'7.
858 4474 876 4504 ι
911 4452 979 4505 Ει
1006 4450 1181 4506 sciant
1206 4448 1331 4517 quia
1360 4457 1562 4500 munus
1583 4450 1674 4496 tua
1704 4440 1841 4495 haec.
1877 4456 1896 4489 ι

525 4547 755 4615 Qualem
782 4560 911 4599 vero
939 4555 1159 4596 manum
1188 4538 1360 4592 dicit?
1423 4534 1625 4603 Utique
1663 4528 2040 4599 dispensatio-

459 4652 587 4693 nem
625 4634 806 4690 crucis
835 4647 898 4687 ac
927 4626 1345 4684 resurrectionis
1377 4639 1475 4694 per
1532 4634 1756 4675 manum
1782 4619 1893 4687 hoc
1921 4617 2042 4671 loco

460 4724 745 4799 signiﬁcat.
774 4724 910 4778 Cum
940 4721 1087 4774 enim
1115 4732 1311 4788 magna
1359 4712 1624 4769 miracula
1660 4712 1833 4765 soleat
1852 4706 2042 4778 appel-

438 4796 574 4874 lare
598 4816 826 4886 digitum
856 4812 975 4875 Dei,
1012 4819 1068 4866 et
1112 4805 1527 4877 comparatione
1579 4816 1772 4858 eorum
1805 4814 1928 4870 quae
1955 4796 2041 4852 di-

459 4921 548 4968 cta
569 4918 717 4976 sunt,
739 4922 861 4963 eum
918 4903 1215 4960 maximum
1285 4900 1357 4955 sit
1403 4895 1729 4952 miraculum
1755 4892 1934 4948 crucis
1980 4904 2045 4944 ac

461 5000 901 5063 resurrectionis,
928 4995 1242 5053 necessario
1268 4990 1400 5047 illud
1428 5003 1653 5044 manum
1672 4988 1846 5056 ipsam
1864 4991 2042 5037 vocat.

464 5092 581 5149 lloc
604 5092 796 5161 utique
824 5088 940 5144 vult
960 5087 1125 5141 etiam
1154 5083 1407 5139 homines
1431 5091 1749 5151 agnoscere,
1786 5082 1846 5128 ut
1866 5072 2047 5128 sciant

461 5183 720 5256 quoniam
752 5181 871 5252 ipse
902 5180 1031 5243 fecit
1052 5193 1172 5233 eam
1207 5178 1297 5233 :id
1353 5186 1459 5242 est,
1485 5175 1630 5246 quod
1675 5172 1959 5227 voluntate
1989 5177 2044 5222 et

463 5275 806 5346 neneplacito
836 5274 954 5345 ejus
984 5271 1122 5327 facta
1143 5272 1235 5336 sit,
1258 5268 1514 5324 utPatris
1546 5265 1779 5334 Filiique
1808 5274 2043 5317 consen-

466 5366 670 5420 tionem
727 5365 1025 5429 discentes,
1083 5360 1283 5416 divina:
1319 5356 1651 5431 cognitionis
1720 5351 2043 5424 mysterium

464 5456 788 5526 percipiant.

2131 3087 2196 3138 οι
2229 3082 2298 3137 δὲ
2342 3082 2896 3152 παραπορευόμενοι
2934 3078 3375 3149 ἐϐλασφήμουν
3406 3079 3642 3143 αὐτὸν,
3667 3097 3752 3133 κι-

2134 3175 2386 3240 νοῦντες
2416 3173 2524 3238 τὰς
2553 3172 2820 3241 κεφαλὰς
2849 3170 3051 3225 αὐτῶν
3070 3208 3088 3233 ,
3116 3169 3216 3223 καὶ
3243 3169 3571 3237 λέγοντεςο
3592 3172 3747 3224 Οὐαί

2142 3269 2175 3319 ὁ
2201 3264 2519 3318 καταλύων
2562 3262 2673 3315 τὸν
2708 3264 2863 3315 ναὸν
2905 3261 3012 3315 τοῦ
3045 3258 3195 3314 Θεοῦ
3219 3300 3235 3324 ,
3281 3257 3383 3311 καὶ
3427 3258 3505 3312 ἐν
3541 3261 3752 3327 tpwir

2139 3355 2388 3424 ἡμέραις
2427 3352 2759 3420 οἰκοδομῶν
2799 3352 3023 3416 αὑτὸν,
3063 3349 3271 3404 σῶσον
3308 3353 3635 3406 σεαυτόν-θ
3684 3355 3749 3406 El

2149 3444 2284 3509 Υἱὸς
2308 3440 2367 3498 εἷ
2392 3444 2499 3498 τοῦ
2523 3440 2692 3531 Θερῦ,
2717 3443 3005 3513 κατάϐηθι
3030 3441 3151 3511 (iud
3173 3440 3281 3496 τοῦ
3311 3443 3630 3512 σταυροῦ,
3654 3446 3751 3497 bo

2141 3535 2361 3606 ιδωμεν
2383 3534 2483 3601 καὶ
2511 3534 2952 3603 πιστεύσωμεν.

2114 3682 2117 3685 Ι
2219 3730 2239 3762 ι
2285 3708 2563 3779 Βοήθησόν
2594 3725 2704 3778 μοι,
2728 3706 2923 3778 Κύριε,
2948 3708 2980 3760 ὁ
3002 3705 3135 3770 Geo;
3171 3721 3294 3776 μου.
3343 3722 3363 3756 s

2230 3800 2458 3856 Ἑαυτοῦ
2525 3798 2780 3872 βοήθειαν
2827 3800 2921 3853 καὶ
2980 3798 3257 3868 σωτηρίαν
3302 3796 3408 3870 τὴν
3455 3799 3749 3871 ἡμετέραν

2142 3892 2370 3958 τίθεται,
2422 3891 2498 3954 ὡς
2526 3891 2756 3962 μεσίτης
2792 3890 2950 3960 ἡμῶν
2989 3889 3084 3942 καὶ
3120 3889 3424 3960 ἀρχιερεὺς
3474 3891 3633 3962 πρὸς
3661 3893 3752 3944 τὸν

2144 3983 2365 4054 Πατέρα
2390 3981 2681 4052 γενόμενος
2704 3997 2719 4011 ’
2744 3981 2937 4051 διόπερ
2964 3978 3130 4048 φησιν
3155 3979 3356 4032 ἑαυτοῦ
3397 3981 3504 4034 καὶ
3540 3983 3750 4053 Κύριον

2145 4076 2241 4130 καὶ
2278 4074 2411 4127 Θεὸν
2459 4073 2552 4126 τὸν
2596 4071 2816 4141 Πατέρα
2848 4088 2863 4103 ·
2891 4071 2921 4124 δ
2964 4074 3077 4135 τοῖς
3101 4070 3431 4140 προσώποις
3475 4073 3752 4144 ἁρμόττει

2144 4169 2257 4231 τοῖς
2282 4166 2594 4237 ἡμετέροις.
2635 4162 2809 4216 Τοῦτο
2844 4162 2904 4216 δὲ
2937 4162 3162 4233 μεσίτου
3191 4162 3288 4216 καὶ
3318 4165 3652 4235 ἀρχιερέως
3673 4171 3750 4218 οξ-

2147 4261 2292 4311 κείον
2318 4256 2745 4327 ἁναλαμὸάνειν,
2779 4255 2990 4308 τούτων
3023 4254 3167 4326 ὑπὲρ
3201 4247 3280 4308 ὧν
3329 4256 3636 4329 ίερουργεί
3662 4262 3751 4313 καὶ

2078 4369 2121 4423 ι)
2152 4350 2432 4419 μεσιτεύει
2455 4348 2525 4402 τὰ
2546 4347 2837 4418 πρόσωπα.

2222 4458 2242 4490 ι
2275 4438 2387 4492 Καὶ
2417 4438 2712 4506 γνώτωσαν
2738 4437 2883 4507 ὅτιή
2913 4435 3038 4506 χείρ
3067 4453 3163 4489 σου
3182 4430 3345 4509 αὕτη.
3393 4458 3416 4491 ι

2219 4528 2387 4582 Ποίαν
2418 4527 2476 4580 δὲ
2505 4528 2666 4597 χεῖρα
2698 4526 2886 4594 λέγει;
2924 4525 3097 4594 Δῆλον
3150 4527 3233 4579 ὅτι
3275 4527 3381 4598 τὴν
3416 4531 3751 4603 οἰκονομίαν

2146 4619 2239 4674 τοῦ
2273 4617 2511 4689 σταυροῦ
2541 4618 2638 4671 καὶ
2667 4617 2767 4687 τῆς
2801 4617 3154 4680 ἀναστάσεως
3176 4617 3265 4670 διὰ
3292 4620 3400 4689 τῆς
3439 4625 3648 4694 χειρὸς
3673 4628 3751 4678 ὲν.

2143 4709 2320 4764 ταῦθα
2352 4708 2631 4778 σημαίνει.
2674 4707 2894 4777 Ἐπειδὴ
2936 4708 3047 4779 γὰρ
3085 4707 3156 4760 τὰ
3203 4709 3429 4778 μεγάλα
3462 4715 3593 4768 τῶν
3628 4717 3754 4769 θαυ-

2151 4802 2337 4874 μάτων
2367 4800 2487 4863 ἔθος
2523 4798 2786 4854 δάκτυλον
2824 4796 2965 4851 Θεοῦ
2994 4798 3548 4870 προσαγορεύεσθαι,
3593 4806 3758 4876 any.

2149 4894 2320 4955 καίως
2378 4888 2517 4960 πρὸς
2548 4887 2837 4959 σύγκρισιν
2856 4887 2966 4940 τῶν
2992 4888 3323 4959 εἰρημένων,
3350 4890 3566 4965 ἐπειδὴ
3606 4898 3759 4964 μέτι.

2155 5000 2277 5037 στον
2308 4983 2523 5053 ὑπῆρχε
2551 4979 2612 5034 τὸ
2639 4978 2826 5050 θαῦμα
2853 4979 2949 5033 τοῦ
2977 4978 3215 5050 σταυροῦ
3250 4980 3346 5033 καὶ
3384 4985 3494 5054 τῆς
3519 4987 3760 5041 tivam.

2154 5092 2313 5138 σεως,
2367 5075 2528 5146 χεῖρα
2575 5072 2747 5142 αὐτὴν
2774 5070 2955 5126 καλεῖ.
3008 5074 3072 5125 '0
3105 5072 3171 5143 δὴ
3228 5074 3325 5126 καὶ
3359 5076 3601 5142 γνῶναι
3644 5083 3763 5142 τηξδς

2104 5212 2105 5215 η
2151 5163 2476 5238 ἀνθρώπους
2500 5161 2772 5233 βούλεται,
2809 5163 2906 5217 καὶ
2937 5163 3019 5216 ὅτι
3080 5164 3254 5234 αὐτὴν
3290 5166 3581 5239 εποίησε.
3620 5190 3767 5226 τως-

2154 5253 2491 5321 ἐστιν,αὐτοῦ
2512 5252 2706 5325 γνώμῃ
2733 5252 2829 5305 καὶ
2853 5251 3071 5325 εὐδοκία⁵
3103 5253 3465 5323 πέπρακται,
3502 5260 3607 5314 ἴνα
3635 5280 3768 5332 cuu-

2154 5345 2359 5416 φωνίαν
2391 5343 2605 5413 Πατρδς
2643 5344 2737 5395 καὶ
2771 5341 2903 5397 Υίοῦ
2959 5340 3246 5412 μαθόντες,
3273 5343 3338 5399 τὸ
3380 5347 3490 5419 τῆς
3531 5349 3773 5417 θεοῖ-νυ-

2146 5439 2281 5501 ’σίας
2311 5434 2652 5491 παιδευθῶσι
2686 5434 3006 5507 μυστήριον.

534 5623 559 5655 '
582 5621 741 5676 Rom.
788 5637 862 5684 Vl,
888 5624 941 5677 6.
1016 5623 1214 5679 ’Joan.
1244 5640 1331 5695 ιν,
1371 5626 1422 5679 6η.
1499 5625 1519 5656 ’
1551 5623 1718 5678 Hebr.
1744 5639 1817 5692 tv,
1850 5623 1936 5681 l5.
2016 5622 2057 5653 ιθ
2083 5617 2275 5675 Matth.
2307 5635 2477 5687 xxv",
2503 5586 2591 5675 59.
