3936 6200
222 362 327 431 1321

279 498 295 533 ι
321 472 736 548 Καταράσονται
754 467 932 526 αὐτοί.
953 484 973 519 ι

274 571 522 642 Κατάραν
569 562 808 621 ἐνταῦθα
857 560 952 617 τὸν
1002 556 1237 629 σταυρὸν
1262 554 1455 610 καλά’
1490 551 1683 621 ἐπειδὴ
1713 551 1772 605 ὲν

220 665 283 738 τῷ
303 667 443 737 νόμῳ
479 657 874 733 γεγραμμένον
921 648 990 724 ἦν
1012 669 1027 684 -
1071 646 1539 717 Ἐπικατάρατος
1584 641 1706 738 stic
1740 645 1775 697 ὁ

1914 641 2095 697 uident
2132 643 2187 697 in
2218 644 2335 715 lege
2366 645 2630 714 scriptum
2685 652 2805 698 erat
2857 660 2872 697 :

1878 736 1965 805 qui
1995 736 2181 804 pendet
2227 735 2283 788 in
2337 737 2480 807 ligno
2512 736 2575 789 ".
2642 736 2849 791 Idcirco
2890 734 3073 803 ipsum
3132 750 3244 788 non
3303 736 3461 791 aliter

1878 839 2041 893 quam
2075 839 2172 895 per
2198 825 2403 895 lignum
2439 824 2758 881 interimere
2784 822 3129 896 quaerebant,
3165 822 3463 881 maledicto

1880 917 1935 972 in
1968 918 2085 989 lege
2108 918 2314 988 scripto
2344 917 2525 988 ipsum
2573 915 2792 972 aIIicere
2831 917 3120 972 volentes:
3182 926 3465 973 verumtat-

1879 1026 2004 1066 men
2030 1009 2195 1067 Pater
2233 1007 2367 1065 illud
2397 1009 2453 1064 in
2482 1006 2928 1075 benedictionem
2954 1007 3247 1064 ordinavit.
3274 1005 3465 1081 Neque

1878 1102 2028 1160 enim
2059 1102 2217 1158 aliter
2243 1118 2408 1173 quam
2465 1118 2563 1173 per
2591 1116 2810 1158 crucem
2855 1100 3094 1177 sustinet
3123 1102 3361 1171 adorari,
3380 1102 3465 1159 vel

1881 1193 2110 1249 omnino
2135 1192 2308 1251 credi.

220 733 566 828 κρεμᾶᾑενος
613 750 714 805 ἐπὶ
759 747 976 813 ξύλου.
1006 743 1205 814 Διόπερ
1231 740 1398 796 αὑτὸν
1435 738 1560 792 οὐδὲ
1596 733 1774 828 ἄλλως

219 826 572 921 ἀναιρεθῆναι,
600 841 739 897 ἀλλά
787 838 877 893 διὰ
908 835 1004 891 τοῦ
1035 832 1272 907 σταυροῦ
1306 826 1778 921 ἐζήτησανρὺδρί-

221 960 296 996 σαι
408 936 627 1008 κατάρξν⁸
652 937 723 1006 τῇ
762 930 1128 1006 γεγραμμένῃ
1156 929 1214 980 ὲν
1237 925 1319 997 τῷ
1338 922 1493 1014 νόμῳ
1519 919 1777 1014 βουλόμε-

219 1046 312 1088 νοι’
338 1008 453 1084 ἀλλ’
482 1030 631 1099 ὅμως
658 1026 688 1078 ὁ
716 1023 905 1094 ῐιατὴρ
934 1020 1070 1075 αὐτὸ
1100 1019 1181 1082 είς
1217 1012 1473 1083 εὐλογίαν
1498 1008 1775 1079 ἐξέλασεν.

220 1123 334 1180 Οὐδὲ
354 1121 465 1192 γὰρ
486 1118 663 1181 ἄλλως
692 1118 741 1170 εί
767 1114 843 1188 μὴ
873 1113 965 1167 διά
988 1109 1225 1183 σταυροῦ
1254 1107 1511 1178 ἀνέχεται
1539 1114 1780 1175 προσκυ-

218 1213 426 1277 νεῖσθαι,
456 1210 492 1284 ἦ
525 1211 664 1274 ὅλως
695 1203 1070 1261 πιστεύεσθαι.

284 1327 302 1362 ι
328 1309 386 1361 Ol
416 1298 847 1372 ὲπανιστάμενοί
877 1315 971 1370 μοι
1003 1293 1484 1367 αίσχυνθήτωσαν.
1517 1310 1535 1343 ι

279 1397 752 1471 Δίσχυνθὴτωσαν,
787 1390 975 1463 φησὶν,
1005 1389 1055 1443 oi
1113 1385 1377 1446 Ἰουδαῖοι,
1409 1383 1501 1436 τὸν
1526 1379 1658 1454 παρ’
1684 1379 1783 1435 αὖ·

217 1492 314 1545 τῶν
337 1486 719 1557 σταυρωθέντα
752 1483 906 1554 παρά
929 1480 1148 1535 πάντων
1174 1476 1413 1551 ὁρῶντες
1445 1471 1783 1546 προσκυνού-

219 1597 388 1651 μενον.
427 1577 599 1640 Αὐτὸς
628 1574 687 1630 δὲ
715 1572 778 1626 οὐ
811 1568 1069 1625 τοσοῦτον
1091 1567 1183 1623 διά
1218 1565 1322 1637 τὴν
1351 1560 1463 1619 τῶν
1512 1560 1785 1617 Ἰουδαίων

216 1650 485 1745 αίσχύνην,
534 1669 661 1723 ὅσον
705 1665 794 1719 διὰ
847 1663 951 1734 τὴν
999 1657 1276 1732 σωτηρίαν
1306 1656 1408 1725 τῆς
1453 1650 1785 1725 οἰκουμένης

215 1766 572 1837 εὐφραίνεται.

1325 341 1792 408 FRAGMENTA
1831 340 1909 401 IN
1956 340 2318 413 PSALMOS.

1803 461 1845 519 Α
1947 455 2113 513 Vens.
2143 456 2236 512 28.
2276 477 2294 510 ι
2332 455 2658 513 hlalediceut
2689 456 2787 510 illi.
2829 473 2846 506 ι

3321 335 3458 404 1322

1950 547 2297 604 Maledictum
2326 549 2433 604 hoc
2461 549 2583 604 loco
2613 547 2852 619 appellat
2910 562 3169 635 crucem;
3209 547 3461 618 quando-

2927 641 3240 697 Maledictus
3293 640 3461 699 omnis

1957 1301 1977 1335 ι
2010 1282 2115 1351 Qui
2175 1283 2467 1357 insurgunt
2524 1285 2790 1343 adversus
2846 1301 2941 1344 me
2966 1285 3392 1344 confundantur.
3442 1308 3461 1340 ι

1952 1370 2837 1450 Conlundantur,inquit,Jud:ei,
2888 1394 3016 1435 eum
3071 1381 3162 1451 qui
3201 1380 3274 1436 ab
3334 1377 3468 1452 ipsis

1883 1470 2176 1528 cruciﬁxus
2205 1467 2384 1525 fuerat
2416 1470 2486 1525 ab
2514 1469 2775 1526 omnibus
2807 1471 3099 1526 adoratum
3145 1480 3464 1528 cernentes.

1886 1560 2010 1634 Ipse
2042 1567 2224 1616 autem
2254 1575 2366 1616 non
2394 1570 2606 1616 tantum
2641 1571 2869 1632 propter
2896 1560 3214 1618 Judaeorum
3269 1564 3465 1619 conlu-

1886 1652 2121 1719 sionem,
2181 1660 2448 1722 quantum
2504 1651 2574 1707 ob
2624 1652 2795 1708 totius
2824 1651 2975 1708 orbis
3025 1650 3255 1708 salutem
3312 1652 3469 1708 Iacta-

1887 1754 1997 1801 tur.

283 1813 781 1910 ﬂagitas...
809 1848 858 1902 0i
885 1841 1325 1906 ὲνδιαὸόιλλοντὲς
1359 1857 1429 1912 με
1450 1836 1779 1912 ιντροπήν..

1959 1828 2124 1889 Vens.
2155 1833 2246 1889 29.
2291 1852 2311 1886 ι
2346 1831 2653 1890 Induantur
2698 1832 2791 1906 qui
2820 1832 3119 1892 detrahunt
3181 1834 3320 1892 mihi
3360 1853 3471 1908 pu-

285 2033 581 2107 Ἐντροπὴν
608 2031 765 2102 λέγει
792 2028 905 2085 τῶν
944 2025 1220 2084 Ἰουδαίων
1250 2022 1363 2078 τῶν
1382 2017 1793 2076 διαϐαλλόντων

212 2129 303 2185 καὶ
339 2124 811 2201 βλασφημούντων
845 2122 937 2178 τὸν
964 2118 1225 2192 Χριστὸν,
1263 2117 1345 2171 ὅτι
1376 2111 1471 2168 τδν
1500 2113 1561 2181 ἒξ
1609 2110 1791 2166 αὐτῶν

213 2221 338 2277 ὄντα
369 2220 512 2275 κατὰ
538 2219 742 2290 σάρκα,
775 2215 873 2271 καὶ
911 2214 1086 2268 σῶσαι
1108 2210 1309 2273 αὐτοὺς
1339 2205 1566 2263 ἐλθόντα
1598 2202 1793 2258 ἐσταύ-

216 2331 410 2387 ρωσαν.
445 2311 589 2367 Ἀλλ’
620 2312 772 2383 ὅμως
799 2305 1009 2377 ταύτην
1031 2303 1135 2377 τὴν
1159 2300 1431 2374 ἐντροπὴν
1473 2297 1753 2387 ἐνδύονται
1773 2311 1789 2327 ⁸

212 2386 328 2461 οὐδὲ
372 2403 484 2476 γὰρ
527 2400 824 2476 ἀρνοῦνται
861 2398 926 2451 τὸ
972 2393 1219 2466 γεγονὸς,
1254 2391 1392 2449 ἀλλά
1447 2387 1544 2444 καὶ
1584 2386 1792 2458 σφόδρα

212 2495 538 2552 οίκειοῦνται
559 2488 658 2549 τοῦ
683 2484 923 2562 σταυροῦ
944 2485 1007 2542 τὸ
1026 2485 1308 2558 τόλμημα.
1340 2482 1456 2554 Τὴν
1481 2480 1615 2557 γοῦν
1638 2480 1791 2549 εἰρη-

214 2590 382 2662 μένην
405 2586 672 2660 αἰσχύνην
696 2585 773 2647 ὡς
798 2579 1049 2636 διπλοΐδα
1072 2575 1499 2651 περιϐάλλονται
1524 2590 1538 2607 ο
1567 2573 1661 2629 ἐπὶ
1683 2570 1794 2642 γάρ

208 2679 287 2753 τῷ
312 2675 621 2750 τολμήματι
656 2673 753 2729 τοῦ
783 2670 1044 2743 σταυροῦ,
1078 2669 1216 2740 ὅπερ
1247 2665 1463 2739 ίμάτιον
1506 2663 1793 2734 κέκληται,

207 2770 500 2846 ἀρνοῦνται
531 2767 626 2824 τὸν
656 2767 748 2823 διά
790 2763 892 2836 τῆς
925 2762 1136 2829 οίκείας
1166 2760 1439 2832 ὲγέρσεως
1478 2754 1578 2829 τὴν
1617 2754 1795 2846 οἰκουῖ

210 2842 378 2935 μὶν-ην
399 2863 715 2933 ἐγείραντα.
748 2854 920 2910 Τοῦτο
948 2853 1007 2908 δὲ
1030 2851 1217 2915 αὐτοῖς
1239 2851 1315 2915 ὼς
1343 2846 1578 2920 αἰσχύνη
1629 2842 1794 2915 διπλῆ

207 2954 475 3018 διπλοΐδος
506 2950 694 3014 αὺτοῖς
722 2947 952 3009 εἰκότως
978 2941 1327 3017 περιῦόλαιον
1359 2939 1594 3009 γίνεται.

283 3066 303 3101 ι
340 3043 841 3117 Ἐξομολογήσομαι
879 3035 959 3108 τῷ
1008 3034 1201 3108 Κυρίῳ
1228 3032 1437 3105 σφόδρα
1482 3031 1542 3085 ὲν
1573 3028 1652 3101 τῷ
1676 3026 1797 3081 στό-

207 3136 344 3215 ματί
372 3156 496 3211 μου.
520 3156 541 3191 ι
1399 3144 1405 3149 ’

275 3231 463 3302 Στόμα
488 3226 584 3283 τοῦ
610 3223 852 3300 Χριστοῦ
875 3224 912 3295 ἡ
954 3218 1288 3292 Ἐκκλησία’
1325 3216 1518 3287 ἐπειδὴ
1555 3215 1653 3270 καὶ
1690 3215 1789 3271 αύ-

204 3325 297 3388 τδς
329 3324 498 3394 αὐτῆς
520 3319 732 3392 κεφαλὴ
758 3314 1073 3385 ἀναγκαίως
1100 3303 1444 3384 καθέστηκέ
1462 3309 1554 3363 διὰ
1584 3306 1793 3380 ταύτης

202 3413 391 3468 τοίνυν
449 3405 954 3482 ἐξομολογήσασθαι
1004 3402 1084 3474 τῷ
1142 3400 1323 3472 Πατρὶ
1366 3397 1790 3482 ἐπαγγέλλεται.

202 3498 381 3559 Τοῦτο
405 3501 515 3573 γὰρ
534 3478 614 3563 είς
652 3478 956 3568 σαφήνειαν
987 3494 1238 3563 ἐπήγαγε
1272 3490 1335 3543 τὸ
1361 3478 1649 3561 ἑπόμενον.

282 3608 305 3647 ι
344 3590 434 3644 Ἔν
464 3588 617 3661 μέσῳ
642 3586 857 3640 πολλῶν
887 3583 1087 3640 αίνέσω
1118 3579 1305 3637 αὐτόν.
1334 3595 1354 3632 ι

276 3682 491 3739 Οὐκοῦν
518 3682 619 3752 τὴν
656 3678 934 3751 ἡμετέραν
985 3673 1318 3743 δοξολογίαν,
1361 3670 1572 3727 οἰκείαν
1601 3670 1794 3743 ἐξομο-

197 3776 456 3849 λόγησιν,
517 3756 803 3827 ’τουτέστιν
852 3766 1228 3841 εὐχαριστίαν,
1281 3763 1611 3835 ἀναγκαίως
1651 3764 1794 3820 κατά

195 3863 370 3937 λόγον
394 3863 471 3929 ὡς
508 3860 717 3933 ποιμὴν
746 3859 1006 3932 ποίμνης,
1035 3856 1133 3912 καὶ
1170 3850 1246 3920 ὡς
1276 3852 1503 3926 ἀπαρχὴ
1533 3854 1793 3927 φυράμα-

197 3976 300 4024 τος
328 3956 565 4013 τίθεται.

280 4068 301 4104 ι
333 4050 459 4105 Ὀτι
493 4047 739 4121 παρέστη
769 4047 834 4100 ἐκ
860 4043 1050 4112 δεξιῶν
1077 4042 1332 4114 πένητος.
1359 4059 1378 4093 ι

286 4141 386 4197 Ἐν
417 4140 528 4215 γὰρ
578 4141 693 4206 τοῖς
741 4137 1018 4202 Ἰουδαίοις
1062 4135 1227 4190 αὐτὸν
1279 4133 1369 4188 διὰ
1414 4132 1515 4205 τὴν
1563 4132 1792 4188 ἐκείνων

192 4234 473 4290 ἀπιστίαν
519 4234 823 4305 πενόμενον
886 4229 1140 4284 πλουτεῖν
1194 4225 1501 4298 πεποίηκεν
1572 4227 1632 4279 ἐν
1678 4226 1795 4290 τοῖς

189 4327 439 4393 εθνεσιν,
489 4328 555 4381 ικ
593 4325 786 4391 δεξιῶν
838 4322 1006 4379 αὐτοῦ
1063 4320 1390 4393 παραστάς·
1421 4318 1560 4388 ὅπερ
1586 4316 1655 4372 σὺ
1691 4316 1794 4387 μὲν

187 4420 384 4484 δοκεῖς
415 4413 559 4473 εἶναι
609 4414 886 4482 ταπεινὸν,
931 4413 1050 4468 ἔστι
1083 4412 1143 4467 δὲ
1192 4411 1401 4481 σφόδρα
1441 4403 1666 4480 ὑψηλὸν,
1695 4408 1793 4462 καί

1886 1925 2041 1981 dore.
2083 1944 2103 1978 ι

1959 2019 2232 2091 Pudorem
2257 2020 2333 2076 ait
2360 2016 2677 2079 Iudaeorum
2703 2021 3109 2083 detrahentium
3135 2035 3193 2082 et
3242 2027 3473 2083 maledi-

1890 2107 2131 2164 centium
2157 2108 2401 2177 Christo,
2420 2112 2568 2184 quod
2599 2112 2861 2169 nimirum
2907 2114 3085 2187 ipsum
3110 2116 3261 2172 cruci
3280 2117 3472 2175 allixo-

1892 2197 2024 2264 rint,
2045 2199 2137 2270 qui
2169 2218 2236 2256 ex
2263 2201 2372 2258 illis
2401 2212 2519 2259 erat
2548 2205 2855 2261 secundum
2886 2222 3131 2275 carnem,
3163 2209 3299 2265 etad
3318 2209 3475 2281 ipsos

1892 2293 2193 2352 servandos
2229 2294 2551 2351 advenerat.
2581 2294 2975 2354 Verumtamen
3020 2299 3169 2357 hunc
3202 2303 3473 2373 pudorem

1893 2381 2162 2452 induunt;
2192 2400 2302 2441 non
2321 2387 2467 2443 enim
2499 2388 2704 2445 factum
2726 2401 2947 2462 negant,
2984 2390 3081 2449 sed
3117 2395 3299 2451 crucis
3336 2396 3473 2453 laci-

1894 2488 2000 2529 nus
2030 2474 2131 2531 sibi
2155 2478 2437 2549 proprium
2476 2480 2780 2537 vindicant.
2807 2483 3025 2540 Dictum
3086 2484 3269 2558 itaque
3296 2490 3475 2561 pudo-

1896 2580 2012 2622 rem
2045 2575 2304 2638 tanquam
2328 2570 2625 2642 diploidem
2664 2573 2903 2631 induunt
2940 2592 3106 2632 :nam
3135 2595 3298 2651 supra
3332 2581 3473 2637 faci-

1895 2675 2004 2718 nus
2027 2662 2232 2729 crucis,
2252 2665 2399 2735 quod
2429 2667 2600 2722 vestis
2661 2680 3035 2741 nuncupatur,
3062 2684 3261 2746 negant
3323 2675 3477 2732 illum

1893 2764 1994 2822 per
2025 2752 2305 2824 propriam
2365 2756 2826 2820 resurrectionem
2910 2760 3228 2818 universum
3283 2765 3477 2822 orbem

1896 2843 2188 2904 excitasse.
2222 2844 2337 2901 Iloc
2359 2854 2543 2902 autem
2598 2856 2859 2921 tanquam
2880 2851 3080 2922 duplex
3136 2854 3312 2924 pudor
3350 2857 3480 2928 iure

1895 2939 2095 2995 merito
2117 2938 2249 3012 ipsis
2278 2938 2535 3012 diploidis
2559 2940 2947 2999 indumentum
2977 2946 3214 3005 exsistit.

1971 3028 2137 3086 Vsus.
2193 3030 2283 3087 50.
2319 3048 2341 3084 ι
2390 3030 2715 3089 Conlitebor
2780 3034 3013 3092 Domino
3062 3037 3226 3097 nimis
3286 3040 3343 3099 in
3386 3059 3482 3100 ore

1819 3142 1872 3210 ο
1897 3136 2043 3178 meo.
2075 3140 2097 3175 ι

1938 3213 2040 3296 ,0³
2060 3215 2264 3273 Christi
2288 3226 2373 3274 est
2401 3216 2677 3287 Ecclesia;
2722 3222 3166 3297 quandoquidem
3200 3227 3319 3300 ipse
3348 3243 3484 3300 quo.

1898 3323 2006 3378 que
2036 3310 2352 3368 necessario
2376 3313 2498 3384 ejus
2517 3324 2683 3386 caput
2711 3317 3053 3374 constitutus
3069 3328 3154 3375 est
3185 3337 3199 3374 :
3230 3319 3482 3392 perhanc

1900 3399 2066 3473 igitur
2086 3400 2231 3459 Patri
2259 3405 2506 3461 conﬁteri
2532 3407 2877 3478 perhibetur.
2920 3409 3037 3467 Hoc
3065 3413 3215 3470 enim
3249 3414 3304 3470 id
3331 3415 3479 3486 quod

1900 3494 2146 3565 sequitur
2173 3497 2491 3554 declaravit.

1979 3601 2000 3636 ι
2037 3580 2100 3639 In
2121 3587 2306 3644 medio
2327 3586 2623 3646 multorum
2651 3587 2886 3649 laudabo
2915 3606 3064 3650 eum.
3096 3613 3117 3650 ι

1969 3673 2224 3734 Nostram
2242 3678 2409 3751 igitur
2432 3678 2904 3763 gloriﬁcationem,
2935 3684 3215 3757 propriam
3261 3689 3480 3748 confes-

1900 3770 2134 3837 sionem,
2163 3771 2216 3826 id
2238 3781 2326 3827 est
2344 3773 2638 3844 gratiarum
2657 3776 2952 3846 actionem,
2976 3779 3138 3850 juxta
3166 3795 3480 3838 sermonem

1901 3859 2050 3916 hunc
2068 3864 2383 3919 necessario
2410 3865 2568 3936 ponit
2622 3874 2883 3939 tanquam
2921 3880 3111 3942 pastor
3161 3871 3363 3946 gregis,
3427 3883 3486 3931 et

1898 3959 2158 4024 tanquam
2184 3955 2441 4024 primitiae
2470 3959 2901 4030 conspersionis.

1974 4042 2132 4099 Vsus.
2162 4044 2251 4100 3t.
2274 4064 2295 4097 ι
2332 4043 2469 4112 Quia
2505 4048 2678 4103 astitit
2706 4064 2736 4104 a
2765 4047 2972 4107 dextris
2998 4053 3273 4125 pauperis.
3303 4074 3320 4107 ι

1974 4134 2155 4208 Ipsum
2178 4138 2329 4193 enim
2349 4138 2494 4196 inter
2519 4135 2742 4197 Iudaeos
2793 4142 2866 4200 ob
2894 4140 3111 4202 illorum
3134 4146 3485 4204 incredulita-

1902 4237 2011 4286 tem
2037 4227 2266 4301 penuria
2288 4229 2624 4287 laborantem
2646 4232 2926 4291 abundare
2945 4234 3074 4292 fecit
3090 4236 3238 4293 inter
3267 4249 3483 4311 gentes,

1900 4335 1931 4377 a
1957 4320 2164 4377 dextris
2194 4321 2368 4393 ipsius
2404 4323 2669 4380 assistens
2703 4340 2718 4378 :
2753 4326 2897 4395 quod
2924 4334 2982 4382 tu
3014 4325 3236 4399 quidem
3276 4330 3483 4395 humile

1901 4428 2026 4470 esse
2048 4413 2355 4481 arbitraris,
2388 4404 2607 4472 sed’est
2652 4417 2810 4473 valde
2866 4417 3121 4487 sublime,
3174 4429 3230 4478 et
3251 4421 3319 4478 de
3365 4424 3483 4480 solo

188 4513 340 4584 περὶ
367 4511 532 4584 μόνου
566 4508 699 4563 Υἱοῦ
740 4509 816 4572 ὡς
854 4504 1004 4562 Θεοῦ
1035 4505 1134 4560 καὶ
1177 4500 1471 4576 όμοουσίου
1498 4501 1788 4573 δυνάμενον

1908 4503 2039 4561 Filio
2070 4513 2330 4578 tanquam
2364 4507 2475 4563 Deo
2514 4514 2571 4563 et
2611 4508 3063 4566 consubstantiali
3113 4510 3222 4568 dici
3276 4523 3480 4586 potest.

186 4602 491 4674 λέγεσθαι.
519 4601 733 4672 Ὠσπερ
766 4600 878 4672 γὰρ
908 4598 1038 4663 Υίδς
1062 4596 1125 4651 οὐ
1171 4595 1333 4667 μόνον
1362 4595 1428 4649 ὲκ
1450 4591 1643 4659 δεξιῶν
1665 4591 1796 4648 κάθ-

184 4712 339 4768 ηται
386 4691 485 4749 τοῦ
535 4693 777 4766 Πατρὸς,
821 4691 960 4747 ἀλλὰ
1008 4691 1104 4744 καὶ
1155 4689 1221 4742 ἐκ
1281 4685 1476 4752 δεξιῶν
1548 4686 1787 4740 ἵσταται.

180 4787 369 4858 (φησι
389 4784 552 4858 γὰρρ
579 4784 868 4853 Στέφανος·
908 4780 1062 4839 ἰδοὺ
1093 4776 1291 4846 θεωρῶ
1323 4775 1467 4843 τοὺς
1491 4773 1791 4844 οὐρανοὺς

175 4854 643 4948 ἆτνσῳγμέῖνδυς,
667 4874 769 4929 καὶ
811 4873 1047 4943 Ἰησοῦν
1083 4868 1317 4927 ἑστῶτα
1343 4868 1412 4922 ἐκ
1438 4864 1656 4931 δεξιῶν
1676 4864 1790 4934 τῆς

173 4966 561 5039 δυνάμεως-Υ
598 4966 744 5021 οὕτω
769 4966 865 5020 καὶ
908 4967 938 5019 ὁ
996 4961 1189 5034 Πατὴρ
1220 4962 1287 5014 ὲκ
1317 4956 1509 5025 δεξιῶν
1536 4955 1792 5010 ἵστασθαι

171 5059 424 5128 λέγεται
455 5059 552 5115 τοῦ
601 5058 756 5125 Υἱοῦ,
788 5057 879 5114 ίνα
930 5055 1063 5129 μίαν
1103 5055 1267 5126 ἡμεῖς
1317 5049 1478 5116 ἀξίαν
1528 5046 1664 5102 Υίοῦ
1695 5045 1791 5100 καὶ

168 5151 418 5224 Πατρδς
444 5152 726 5225 μάθωμεν.

769 5241 1067 5298 ΨΔΔΜθΣ
1102 5236 1229 5296 1⁵8³.

261 5353 289 5389 ε
318 5332 494 5390 Εἶπεν
520 5337 551 5391 ό
583 5334 790 5408 Κύριος
817 5334 897 5407 τῷ
928 5333 1122 5406 Κυρίῳ
1152 5349 1278 5405 μου.
1306 5350 1326 5385 ι

256 5425 396 5480 Ἵνα
434 5426 619 5498 δειχθῇ
660 5425 757 5481 τοῦ
787 5424 1000 5501 Πατρὶς
1026 5425 1123 5481 καὶ
1151 5421 1247 5479 τοῦ
1276 5420 1410 5476 Υίοῦ
1444 5419 1506 5475 τὸ
1531 5422 1593 5476 ιν
1621 5418 1787 5473 πᾶσιν

84 5546 103 5559 ι
153 5517 486 5591 ὁμότιμον,
514 5519 611 5573 καὶ
657 5519 740 5574 ὅτι
775 5519 879 5573 οὐκ
906 5519 1070 5583 αὐτὸς
1102 5516 1283 5588 ἑαυτῷ
1307 5515 1337 5570 ό
1365 5514 1497 5579 Υίὸς
1543 5510 1788 5584 ἁρπάζει

156 5609 485 5685 βασιλείας
525 5611 561 5683 ἢ
599 5613 856 5678 θεότητος
906 5611 1063 5677 ἀξίαν
1099 5608 1204 5682 (διό
1247 5623 1416 5680 φησιν
1464 5608 1494 5660 ό
1546 5602 1780 5669 Παῦλος,

246 5786 305 5822 ⁸⁸
331 5788 497 5848 Deut.
522 5808 636 5856 ut,
657 5790 748 5846 23.

523 5885 798 5947 ΡΑτιιοι..
843 5889 955 5946 Gn.
1005 5882 1207 5943 XCIII.

1899 4596 2371 4664 Quemadmodum
2391 4599 2539 4656 enim
2585 4598 2758 4658 Filius
2780 4618 2892 4659 non
2913 4604 3089 4660 solum
3112 4606 3269 4662 sedet
3289 4621 3321 4662 a
3346 4608 3483 4663 dex-

1905 4687 2004 4743 tris
2035 4688 2232 4759 Patris,
2252 4706 2447 4748 verum
2469 4691 2636 4748 etiam
2661 4709 2693 4748 a
2733 4693 2941 4751 dextris
3009 4705 3142 4753 stat.
3170 4698 3264 4753 Ait
3331 4699 3480 4753 enim

1900 4776 2263 4848 Stephanus:
2317 4780 2452 4836 Ecce
2509 4782 2662 4838 video
2714 4780 2867 4840 delos
2934 4795 3164 4856 apertos,
3195 4795 3246 4840 et
3295 4784 3482 4843 Jesum

1899 4875 2133 4923 stantem
2160 4886 2193 4922 a
2221 4871 2421 4926 dextris
2446 4873 2683 4929 virtutis.
2711 4873 2806 4931 Sic
2834 4877 3000 4932 etiam
3026 4876 3187 4931 Pater
3207 4892 3237 4931 a
3268 4878 3481 4931 dextris

1899 4958 2021 5014 Filii
2043 4971 2192 5017 stare
2216 4962 2439 5027 dicitur,
2462 4973 2524 5021 ut
2550 4980 2655 5022 nos
2689 4966 2969 5024 discamus
3012 4962 3490 5025 nnam‘eamdcm-

1901 5064 2009 5120 que
2032 5063 2157 5107 esse
2184 5050 2363 5109 Patris
2414 5052 2652 5128 Filiique
2680 5058 3026 5132 dignitatem.

2448 5236 2771 5297 PSALMUS
2808 5241 2945 5298 CIX.

1974 5321 2140 5381 Vens.
2169 5326 2222 5383 I.
2252 5347 2272 5382 ι
2306 5327 2450 5386 Dixit
2474 5329 2742 5387 Dominus
2771 5331 3003 5389 Domlno
3025 5347 3169 5392 meo.
3210 5353 3230 5389 ι

1969 5415 2046 5472 Ut
2070 5417 2249 5475 Patris
2284 5419 2520 5492 Filiiqne
2541 5422 2597 5477 in
2622 5424 2878 5482 omnibus
2911 5427 3195 5498 aequalitas
3223 5428 3480 5485 ostende—

1898 5517 2147 5577 retur,et
2175 5521 2237 5568 ut
2265 5528 2376 5569 non
2409 5514 2527 5586 ipse
2557 5514 2658 5572 sibi
2693 5515 2798 5588 ipsi
2826 5517 2997 5575 Filius
3029 5521 3179 5592 regni
3213 5530 3307 5576 aut
3335 5520 3481 5577 divi-

1897 5599 2085 5659 nitatis
2110 5604 2291 5676 rapiat
2322 5605 2642 5679 dignitatem
2696 5609 2945 5683 (propter
2981 5611 3128 5683 quod
3152 5611 3356 5671 Paulus
3377 5611 3478 5671 alt:

2972 5842 3125 5949 te
