3936 6200
245 249 363 312 1329
1377 245 1837 310 FRAGMENTA
1876 243 1969 302 IN.
1993 239 2348 303 PSALMDS.
3359 227 3517 292 133οα

243 361 548 434 σκορπίζειν
589 360 815 425 εἰκότως
856 360 1098 430 λέγεται,
1141 359 1237 429 τῆς
1283 359 1463 425 δεξιᾶς
1503 357 1842 428 φιλοτίμωςλ

1953 363 2060 408 ξειει
2103 354 2170 406 ’³.
2214 350 2318 416 Qui
2350 349 2515 405 etiam
2558 345 2754 400 merito
2787 345 2984 400 dicitur
3006 342 3340 414 dispergere,
3368 358 3498 396 eum

243 433 566 521 προῖεμένης
608 449 704 503 τδν
756 448 925 505 ἔλεον.
986 449 1170 521 Κέρας
1219 447 1329 501 τῶν
1379 447 1605 501 δικαίων
1645 448 1682 517 ἡ
1727 447 1807 508 εἰς

1953 447 2029 513 ius
2085 445 2311 499 dextera
2379 439 2678 494 liberaliter
2736 434 3163 490 misericordiam
3236 433 3492 504 porrigat.

239 542 362 626 Θεὸν
390 539 720 611 πεποίθησις
737 557 753 571 ⁸
795 541 968 612 ταύτῃ
1007 541 1118 612 γὰρ
1144 539 1400 603 ἐπιόντας
1428 539 1553 603 τοὺς
1579 536 1809 609 ἐχθροὺς

1955 549 2094 590 ornu
2140 535 2414 604 iustorum
2453 541 2539 587 est
2592 528 2790 585 liducia
2839 527 2892 580 in
2953 525 3119 580 Deum
3155 542 3167 576 :
3206 526 3306 579 bar
3346 525 3494 583 enim

243 623 610 706 κερατίζομεν.
642 634 816 688 Τοῦτο
845 634 940 688 καὶ
985 633 1079 687 νῦν
1107 633 1208 702 μέν
1233 632 1384 685 ἐστιν
1410 630 1636 701 ὑψηλὸν,
1672 627 1809 682 ἀλλὰ

1953 635 2256 698 Isurgentos
2286 626 2477 680 hostes
2513 639 2686 678 cornu
2716 617 3072 675 ventilamus.
3103 616 3240 670 Illud
3272 617 3504 685 quidem-

241 705 357 790 τους
394 725 626 788 πολλοὺς
652 725 900 795 λέληθεν.
919 724 1179 794 Ὑψοῦται
1200 724 1378 778 τοίνυν
1406 724 1466 777 ὲν
1490 723 1639 795 δόξῃ,
1664 722 1811 776 κατὰ

1953 719 2210 770 tiamnum
2258 714 2494 769 sublime
2543 719 2645 774 est,
2687 709 2782 764 sed
2827 707 3094 776 plurimos
3142 705 3294 757 latet.
3336 705 3498 758 Exab-

241 817 322 872 τὸν
345 815 517 870 αἰῶνα
548 816 795 886 δηλονότι
832 814 925 868 τὸν
961 815 1226 886 μέλλοντα
1265 814 1383 879 πῶς
1401 813 1515 885 ἔχει
1548 811 1813 884 μεγέθους

244 909 330 962 καὶ
366 907 526 978 δόξης
555 906 982 981 φανερούμενον.

318 1105 338 1138 ι
388 1085 736 1156 Ἀμαρτωλδς
769 1085 979 1154 Miami,
1005 1084 1106 1139 xui.
1131 1084 1544 1157 ὁργισθήσεται.
1577 1106 1598 1138 ι

309 1177 510 1250 Βρύχει
562 1178 690 1242 τοὺς
741 1178 954 1242 ὀδόντας
1002 1180 1032 1232 6
1080 1177 1358 1240 διάϐολοςο
1403 1177 1571 1233 αὐτοῦ
1609 1175 1720 1248 γὰρ
1759 1175 1819 1228 τὸ

252 1269 540 1340 βρύχεσθαι
579 1269 745 1338 τδιον,
786 1270 864 1334 ὡς
909 1271 1187 1342 ἀνημέρου
1226 1261 1438 1336 λέοντος
1468 1287 1481 1300 ο
1535 1268 1672 1324 ἀλλὰ
1728 1269 1822 1322 καὶ

249 1356 395 1426 οὗτος
437 1364 736 1432 τακήσεται
781 1362 862 1434 τῷ
890 1364 1027 1435 πυρὶ
1069 1349 1463 1432 τῆξγεέννης,
1522 1354 1677 1431 ᾧπερ
1717 1360 1818 1413 ἁπο

248 1450 529 1523 εκληρώθη
562 1452 884 1523 τηκόμενος.
916 1454 1104 1507 Ἔνθα
1136 1454 1170 1506 ό
1203 1450 1475 1521 βρυγμὸς
1497 1450 1614 1506 τῶν
1646 1450 1818 1506 ὁδόν-

250 1561 383 1613 των,
415 1545 491 1609 ὡς
524 1547 554 1599 6
581 1546 786 1617 Κύριος
809 1545 988 1613 ἔλεγε.

791 1661 1087 1716 ΨΔΛΜΟΣ
1131 1663 1284 1718 PIB’.

324 1790 342 1823 ι
366 1770 598 1842 ’Υψηλδς
619 1771 712 1825 ἐπὶ
740 1770 917 1827 πάντα
941 1773 1012 1827 τὰ
1035 1771 1184 1846 ἔθνη,
1212 1776 1241 1828 6
1264 1773 1489 1847 Κύριος.
1518 1793 1538 1826 ι

314 1947 437 2001 Κᾶν
464 1949 571 2021 γὰρ
602 1948 838 2004 ἐνταῦθα
865 1948 1181 2021 δοξάζηται,
1219 1952 1337 2006 ἀλλ’
1366 1952 1447 2015 είς
1488 1952 1580 2005 τὸν
1600 1950 1830 2022 οὐρανὸν

254 2037 286 2105 ἡ
314 2036 439 2100 δόξα
463 2038 647 2108 τρέχει
666 2078 682 2103 ,
715 2037 844 2092 ἔνθα
873 2037 935 2091 τὸ
967 2040 1384 2111 ἀχειροποίητον
1429 2041 1819 2112 θυσιαστήριον

255 2125 535 2197 κέκτηται,
565 2128 694 2182 ἔνθα
723 2129 988 2200 διηνεκῶς
1021 2133 1186 2187 αὐτὸν
1223 2135 1278 2187 at
1309 2132 1560 2204 στρατιαὶ
1588 2132 1697 2186 τῶν
1726 2134 1829 2200 ἁγ-

255 2214 433 2282 γέλων
459 2216 777 2282 δοξάζουσιν
801 2234 816 2251 '
866 2212 941 2275 ὧν
962 2222 1043 2285 είς
1073 2222 1310 2294 μίμησιν
1332 2225 1497 2295 ἡμεῖς
1521 2221 1830 2291 δοξολογίαν

255 2305 559 2376 ἐμάθομεν.

327 2415 348 2448 ι
381 2397 476 2461 Τίς
502 2399 803 2471 ῶςΚύριος
833 2405 862 2458 6
900 2404 1034 2470 Θεὸς
1064 2406 1259 2478 ήμῶνς
1291 2425 1312 2459 ι

338 2489 427 2542 Ἐν
461 2491 686 2563 ὑψηλοῖς
712 2493 742 2545 6
761 2495 892 2559 Θεὸς
924 2501 1194 2562 κατοικεῖ,
1225 2499 1287 2552 οὐ
1319 2498 1480 2569 μόνον
1502 2498 1591 2553 διὰ
1622 2500 1713 2554 τὸν
1739 2500 1834 2554 οὗ·

260 2581 422 2650 ρανὸν
463 2581 538 2648 ὡς
565 2583 770 2655 ὑψηλὸν
798 2587 932 2643 ὄντα
955 2628 970 2653 ,
1001 2590 1096 2645 καὶ
1140 2591 1304 2645 αὐτοῦ
1336 2593 1650 2663 οἰκητήριον
1683 2593 1838 2663 λεγό-

263 2687 424 2738 μενον
452 2715 466 2737 ,
506 2673 623 2727 ἁλλ’
656 2676 848 2746 ἐπειδὴ
887 2681 999 2742 τοῖς
1029 2679 1208 2747 ἁγίοις
1259 2680 1480 2734 ἐνοικεῖ.
1529 2679 1752 2751 ’Υψηλοὶ
1779 2681 1837 2734 δὲ

258 2756 424 2830 οὗτοι,
455 2764 543 2818 διὰ
564 2765 624 2818 τὸ
661 2768 827 2837 μηδὲν
858 2770 1046 2840 γήϊνον
1076 2771 1431 2842 μεταδιώκειν
1452 2771 1784 2841 τυγχάνουσι
1820 2788 1836 2802 ο

260 2853 387 2922 περὶ
413 2849 488 2909 ὧν
528 2854 756 2920 Ἡσαΐας
789 2858 954 2929 φησίν
978 2876 992 2890 ·
1023 2859 1216 2929 ’Ἄγιος
1264 2862 1478 2930 Κύριος
1509 2865 1543 2916 ὀ
1577 2862 1648 2916 ἐν
1675 2864 1838 2931 ὑψη-

261 2944 393 3011 λοῖς
422 2945 720 3001 κατοικῶν
753 2965 766 2976 ·
813 2949 1053 3020 ὑψηλοὺς
1080 2951 1208 3014 τοὺς
1241 2951 1431 3019 ἁγίους
1469 2950 1662 3006 είπών.

334 3055 354 3088 ι
404 3036 467 3092 Ὁ
496 3038 828 3105 κατοικίζων
860 3041 1084 3112 στείραν
1113 3043 1172 3096 ἐν
1201 3041 1357 3114 οἴκῳ.
1398 3061 1418 3095 ι

333 3128 559 3198 Στείραν
598 3130 710 3184 εῐτε
749 3132 849 3204 τὴν
897 3132 1060 3202 φύσιν
1095 3134 1260 3204 ὃλην,
1290 3134 1402 3187 εἴτε
1441 3135 1541 3206 τὴν
1571 3135 1632 3199 ἐξ
1673 3135 1845 3189 ἐθνῶν

276 3219 602 3290 Ἐκκλησίαν
629 3221 840 3292 λέγοις,
868 3224 954 3293 ἐφ’
974 3225 1242 3296 ἑκατέρας
1273 3224 1504 3296 ἁρμόσει
1524 3226 1587 3280 τὸ
1617 3226 1848 3297 λεγόμε-

265 3327 356 3364 νον
382 3327 394 3338 ·
423 3311 513 3366 διὰ
541 3311 652 3384 γὰρ
679 3313 779 3384 τὴν
809 3315 1232 3386 είδωλολατρίαν
1247 3317 1594 3386 ὲστείρωντο.
1627 3318 1848 3388 Ταύτην

265 3399 450 3452 τοίνυν
493 3401 599 3465 ἔξω
631 3403 980 3474 ρεμϐομένην
1003 3406 1084 3467 είς
1112 3405 1202 3457 τὸν
1227 3400 1378 3459 οἶκον
1406 3405 1500 3458 τὸν
1529 3405 1726 3460 ἑαυτοῦ
1757 3407 1849 3460 τὸν

269 3491 433 3558 νόμον
447 3491 702 3563 ἐξήγαγε,
726 3496 820 3549 καὶ
847 3495 1058 3567 μητέρα
1079 3495 1286 3552 τέκνων
1300 3497 1410 3552 τῶν
1432 3498 1852 3569 υίοθετηθέντων

269 3580 348 3651 τῷ
377 3581 494 3652 Θεῷ
524 3583 956 3657 εὐῴραινομένην
1013 3586 1231 3652 ἔδειξεν·
1263 3585 1330 3662 ἦς
1379 3589 1553 3655 οὕτως
1584 3593 1772 3662 σαφῶς
1789 3595 1851 3649 τὸ

270 3671 566 3740 πρόσωπον
591 3675 859 3741 ὀἨσαῖας
880 3677 1176 3748 ιξήγαγεν·
1198 3681 1385 3749 Ἐρεῖς
1418 3682 1547 3754 γὰρ,
1569 3685 1756 3754 φησὶν,
1781 3687 1852 3740 ἐν

271 3764 347 3831 τῇ
365 3765 577 3834 καρδίᾳ
605 3783 743 3823 σου’
780 3769 876 3835 Τίς
889 3769 1182 3839 ἐγέννησε
1188 3789 1291 3840 μοι
1320 3774 1592 3841 τούτους
1611 3776 1752 3847 Ἐγὼ
1780 3777 1850 3832 δὲ

271 3856 544 3923 ἄτεκνος,
575 3857 673 3912 καί
701 3857 858 3930 χήρα
880 3859 1176 3929 πάροικος
1208 3863 1307 3918 καί
1355 3864 1846 3938 ἐγκεκλεισμένη.

271 3950 387 4004 Καὶ
443 3951 691 4018 τούτους
724 3954 814 4020 τίς
857 3954 1144 4026 ἐξέτρεψέ
1184 3975 1332 4026 μοι;
1383 3958 1531 4030 Ἐγὼ
1585 3959 1653 4014 δὲ
1712 3976 1851 4016 κατ-

270 4043 559 4113 ελείφθην
581 4042 760 4116 μόνη·
790 4042 957 4105 οὗτοι
989 4047 1058 4102 δέ
1084 4067 1186 4120 μοι
1224 4052 1343 4107 ποῦ
1371 4048 1569 4124 ἦσαν-ς

820 4162 1114 4217 ΨΑΔΜΟΣ
1142 4165 1289 4220 PII".

357 4267 375 4297 ι
427 4247 491 4302 Ἢ
523 4248 801 4306 θάλλασσα
831 4248 981 4317 εἶδε,
1005 4257 1099 4307 καὶ
1126 4255 1346 4324 ἔφυγεν.
1391 4276 1410 4309 ι

1915 815 2062 862 tatur
2095 806 2262 878 igitur
2309 805 2366 859 in
2405 799 2855 874 gloria,'quando
2900 796 3160 851 nimirum
3219 793 3274 847 in
3315 793 3523 847 futuro.

1913 898 2114 955 saeculo
2135 906 2354 967 quantae
2382 890 2776 964 magnitudinis
2802 888 3099 962 gloriaeque
3127 884 3295 942 fuerit
3325 885 3500 940 Inani-

1917 989 2227 1047 testabitur.

1987 1084 2154 1140 Vens.
2207 1082 2296 1135 I0.
2324 1099 2342 1132 ι
2372 1079 2636 1135 Peccator
2661 1075 2889 1140 videbit,
2914 1081 2969 1129 et
2989 1074 3274 1127 irascetur.
3316 1090 3334 1120 ι

1990 1171 2246 1227 Diabolus
2267 1168 2450 1224 fremit
2477 1167 2735 1223 dentibus
2772 1184 2785 1218 :
2828 1164 2998 1233 ipsius
3037 1162 3182 1217 enim
3221 1159 3500 1231 proprium

1920 1272 2004 1318 est
2034 1263 2290 1327 fremere,
2324 1270 2516 1330 utpote
2549 1257 2728 1313 leonis
2753 1253 3047 1311 truculenti
3077 1269 3090 1306 :
3123 1260 3500 1308 verumtamen

1923 1354 2042 1425 ipse
2093 1351 2257 1408 etiam
2313 1350 2670 1419 colliquescet
2717 1347 2842 1418 igne
2871 1345 3166 1416 gehennam
3200 1341 3288 1395 cui
3329 1341 3504 1411 depu-

1923 1453 2071 1500 tatus
2097 1452 2181 1499 est
2215 1443 2520 1498 tabescens.
2557 1441 2652 1497 Ubi
2695 1440 2794 1494 erit
2823 1437 3021 1492 stridor
3053 1429 3289 1489 dentium
3336 1432 3402 1494 ⁸⁸,
3445 1440 3511 1487 ut

1927 1537 2190 1593 Dominus
2219 1535 2315 1590 ait.
2847 1549 2850 1553 '

2456 1642 2780 1701 PSALMUS
2816 1640 2977 1697 CXII.

2005 1765 2162 1819 Vsus.
2206 1763 2258 1818 4.
2319 1780 2336 1813 ι
2377 1759 2638 1816 Excelsus
2691 1772 2858 1828 super
2911 1767 3106 1813 omnes
3165 1759 3358 1824 gentes
3406 1750 3511 1804 Do.-

1932 1857 2136 1913 minus.
2178 1875 2196 1907 ι

2003 1947 2115 2002 Etsi
2156 1946 2303 2001 enim
2352 1943 2442 1999 hic
2493 1940 2853 2014 gloriﬁcetur,
2903 1946 3145 1992 attamen
3205 1935 3259 1989 in
3313 1933 3510 1990 cmlum

1931 2042 2102 2113 gloria
2134 2038 2328 2104 tendit,
2370 2035 2463 2090 ubi
2511 2033 2678 2088 habet
2710 2032 2880 2085 altare
2926 2044 3034 2082 non
3082 2042 3246 2082 manu
3285 2025 3510 2086 factum,

1934 2136 1988 2189 in
2019 2148 2128 2204 quo
2155 2131 2430 2186 exercitus
2470 2125 2789 2198 angelorum
2822 2129 3087 2192 perpetuo
3128 2120 3305 2189 ipsum
3346 2116 3512 2190 glori-

1936 2227 2102 2280 ﬁcant.
2121 2240 2137 2288 ;
2159 2223 2234 2279 ad
2265 2234 2501 2293 quorum
2533 2215 2896 2271 imitationem
2922 2228 3024 2267 nos
3047 2210 3349 2282 gloriﬁcare
3376 2208 3515 2264 didia

1937 2316 2138 2388 cimus.
3341 2297 3344 2301 ’

2007 2406 2170 2462 Vsus.
2203 2405 2258 2461 5.
2306 2421 2324 2455 ι
2347 2401 2479 2468 Quis
2508 2399 2650 2455 sicut
2676 2395 2941 2455 Dominus
2961 2394 3106 2450 Deus
3128 2391 3357 2446 noster?
3387 2408 3404 2440 ι

2008 2501 2067 2555 In
2095 2495 2327 2554 excelsis
2382 2493 2528 2549 Deus
2579 2491 2814 2556 habitat,
2874 2504 2986 2544 non
3050 2487 3226 2542 solum
3295 2492 3516 2554 propter

1937 2592 2134 2649 emlum
2183 2585 2328 2658 quod
2392 2583 2671 2640 excelsum
2705 2591 2809 2644 est,
2860 2579 3090 2648 ejusque
3146 2573 3516 2631 habitaculum

1938 2689 2308 2752 nuncupatur,
2347 2677 2443 2733 sed
2489 2676 2616 2746 quia
2651 2675 2704 2728 in
2729 2673 2934 2728 sanctis
2968 2670 3196 2725 habitat.
3239 2666 3304 2722 Hi
3335 2674 3518 2720 autem

1940 2779 2102 2834 etiam
2139 2773 2340 2830 excelsi
2377 2780 2527 2832 sunt.
2560 2785 2628 2825 eo
2653 2767 2798 2838 quod
2839 2763 2976 2820 nihil
3009 2774 3285 2819 terrenum
3323 2773 3520 2815 conse-

1940 2877 2198 2924 ctentur:
2230 2866 2298 2919 de
2324 2863 2522 2934 quibus
2547 2861 2716 2916 Isaias
2737 2859 2854 2913 ait:
2886 2855 3112 2912 Sanctus
3146 2852 3399 2906 Dominus
3433 2849 3522 2919 qui

1943 2965 1999 3017 in
2036 2959 2250 3015 excelsis
2277 2956 2482 3009 habitat
2510 2954 2654 3017 ""7,
2683 2951 2929 3007 excelsos
2971 2945 3253 3018 appellans
3279 2951 3519 2998 sanctos.

1867 3020 1914 3079 C
2025 3053 2189 3107 Vsus.
2227 3050 2280 3105 9.
2320 3068 2338 3100 ι
2377 3046 2480 3113 Qui
2511 3044 2758 3100 habitare
2788 3041 2918 3097 facit
2947 3040 3187 3095 sterilem
3216 3037 3270 3090 in
3303 3035 3517 3090 domo.»

2015 3142 2142 3197 Sive
2171 3148 2426 3194 naturam
2453 3137 2789 3199 universam,
2827 3133 2940 3187 sive
2973 3129 3269 3186 Ecclesiam
3297 3143 3365 3182 ex
3392 3142 3523 3198 gen-

1946 3235 2091 3290 tibus
2121 3229 2364 3287 sterilem
2408 3227 2636 3292 dixeris,
2678 3225 2896 3294 utrique
2942 3220 3233 3293 quadrabit
3283 3218 3333 3272 id
3378 3215 3524 3286 (μιοᾱ

1946 3326 2150 3382 dictum
2183 3330 2284 3386 est,
2319 3320 2576 3391 quoniam
2609 3335 2708 3390 per
2749 3315 3108 3373 idololatriam
3148 3311 3364 3367 steriles
3396 3326 3524 3364 eva-

1948 3425 2149 3472 serant.
2178 3415 2327 3470 Illam
2358 3414 2503 3469 enim
2528 3412 2661 3467 foris
2689 3419 2975 3482 vagantem
3012 3410 3066 3463 in
3093 3408 3316 3462 domum
3346 3419 3524 3465 suam,

1950 3508 2156 3564 scilicet
2183 3508 2358 3580 legem
2382 3503 2706 3568 introduxit,
2738 3509 2794 3556 et
2821 3507 3051 3556 matrem
3092 3499 3325 3552 ﬁliorum
3354 3513 3383 3550 a
3416 3495 3527 3548 Deo

1949 3602 2330 3671 adoptatorum
2362 3598 2634 3652 laetantem
2672 3593 3065 3651 demonstravit
3093 3610 3105 3645 :
3147 3592 3307 3660 cujus
3337 3605 3526 3660 perso-

1949 3708 2074 3747 nam
2104 3692 2209 3746 hoc
2229 3690 2390 3745 modo
2411 3689 2554 3743 clare
2593 3687 2895 3742 introduxit
2931 3685 3098 3740 lsaias
3130 3701 3142 3734 :
3179 3683 3330 3736 Dices
3356 3681 3524 3744 enim,

1951 3783 2144 3853 inquit,
2192 3785 2245 3835 in
2282 3783 2436 3838 corde
2474 3790 2606 3835 tuo:
2648 3778 2775 3844 Quis
2813 3779 2988 3849 genuit
3043 3777 3169 3830 mihi
3210 3776 3375 3831 istos?
3417 3773 3528 3843 Ego

1950 3886 2127 3930 autem
2161 3876 2352 3945 absque
2392 3873 2586 3937 liberis,
2623 3882 2672 3925 et
2712 3873 2870 3925 uidua
2907 3870 3290 3938 transmigrata
3333 3875 3381 3920 et
3407 3880 3528 3932 cap-

1950 3966 2079 4019 tiva.
2122 3963 2189 4018 Et
2230 3965 2356 4016 istos
2385 3964 2502 4032 quis
2538 3961 2782 4014 enutrivit
2827 3961 2996 4013 mihi?
3030 3959 3140 4029 Ego
3164 3966 3343 4011 autem
3379 3957 3529 4009 dere-

1951 4059 2078 4113 licta
2108 4074 2222 4112 sum
2243 4056 2356 4111 sola
2372 4071 2392 4121 ;
2418 4065 2465 4108 et
2491 4056 2577 4108 isti
2608 4055 2737 4108 mihi
2763 4055 2851 4108 ubi
2879 4064 3031 4108 erant
3060 4053 3144 4105 ”?

2469 4168 2788 4225 PSALMUS
2825 4168 3008 4224 CXIII.

2024 4260 2182 4315 Vens.
2223 4260 2276 4314 5.
2322 4279 2339 4311 ι
2379 4257 2526 4313 Mare
2562 4258 2721 4325 vidit,
2755 4269 2810 4312 et
2842 4258 2994 4332 fugit.
3035 4277 3054 4309 ι

346 4339 532 4394 Ταῦτα
571 4343 668 4412 μὲν
705 4345 837 4408 ἴσως
863 4346 1004 4400 κατὰ
1036 4347 1097 4400 τὸ
1134 4347 1391 4419 αἰσθητὸν
1426 4349 1520 4403 ἐπὶ
1540 4351 1636 4423 τῆς
1667 4352 1842 4418 ἐξόδου

2023 4351 2152 4407 Haec
2195 4350 2335 4405 forte
2377 4350 2599 4419 quidem
2643 4349 2946 4404 secundum
3000 4364 3223 4402 sensum
3274 4347 3328 4400 in
3379 4346 3530 4401 exitu

273 4431 372 4485 τοῦ
407 4433 537 4486 λαοῦ
567 4436 675 4488 τῶν
720 4437 989 4490 Ἰουδαίων
1019 4439 1254 4506 ἐγένετο,
1284 4441 1462 4496 καίτοι
1501 4443 1620 4497 οὐδὲ
1648 4445 1850 4514 φυγοῦ-

276 4537 382 4572 σαν
448 4523 564 4575 ἐκεῖ
620 4525 719 4593 τὴν
779 4525 1076 4592 Θάλασσαν,
1138 4529 1276 4583 ἀλλὰ
1334 4532 1442 4602 γὰρ
1489 4533 1852 4605 διαιρεθεῖσαν

273 4612 544 4681 ἔγνωμεν.
573 4615 634 4668 Et
671 4615 728 4670 δὲ
766 4618 864 4671 καὶ
901 4618 1073 4674 ταῦτα
1096 4623 1406 4693 γεγένηται,
1433 4625 1547 4678 ἁλλ’
1571 4627 1756 4681 οὐκέτι
1785 4628 1854 4681 τὰ

276 4703 544 4772 ἑπόμενα.
592 4707 724 4762 Πότε
766 4709 875 4781 γὰρ
923 4710 1024 4782 ὅρη
1079 4713 1361 4781 ὑψωθὲντα
1415 4719 1546 4788 παρ’
1595 4719 1778 4782 αὐτοῖς
1819 4719 1852 4790 ἢ

278 4793 505 4863 βουνοὺς
551 4799 904 4872 ἠκούσαμεν;
939 4805 1080 4860 ὥστε
1111 4806 1292 4876 δῆλον,
1328 4809 1412 4860 ὅτι
1448 4810 1544 4861 καὶ
1569 4811 1710 4880 ᾶπερ
1755 4812 1854 4862 αὺ-

275 4887 392 4948 τοῖς
421 4887 701 4942 συνέὀαινε
723 4892 980 4962 θαύματα
1000 4937 1013 4958 ,
1041 4897 1242 4968 μερικὰ
1274 4897 1376 4968 μὲν
1394 4893 1482 4967 ἦν,
1510 4901 1590 4961 είς
1608 4900 1857 4953 ἐκτόπω-

279 4994 370 5030 σιν
405 4978 460 5031 δὲ
498 4981 606 5033 τῶν
645 4983 932 5055 ἡμετέρων
957 4987 1260 5043 συνέϐαινε.
1301 4989 1591 5043 Θάλασσαν
1624 4991 1733 5060 γὰρ
1757 4993 1857 5064 τὴν

279 5070 530 5138 πονηρὰν
558 5071 652 5124 τοῦ
683 5072 800 5142 βίου
849 5075 1145 5140 πολιτείαν,
1182 5077 1256 5140 ὡς
1293 5080 1526 5134 ἄστατον
1551 5120 1565 5144 ,
1611 5081 1850 5150 ναυάγιὰ

278 5178 343 5212 τε
379 5163 636 5217 ποιοῦσαν
687 5167 782 5219 καὶ
816 5168 1060 5237 χειμῶνα
1093 5171 1206 5232 τοῖς
1233 5171 1293 5223 ὲν
1319 5171 1458 5240 αὐτῇ
1492 5174 1758 5243 προσήκει
1781 5191 1861 5227 νο-

283 5252 543 5321 μίζεσθαι
564 5273 576 5286 ·
617 5257 892 5328 Ἰορδάνην
920 5257 977 5310 δέ
1008 5275 1071 5326 γε
1095 5259 1196 5329 τὴν
1225 5259 1385 5330 χάριν
1412 5262 1507 5314 τοῦ
1541 5261 1857 5334 βαπτίσμα-

279 5359 396 5406 τος.
421 5345 618 5413 Φεύγει
653 5347 834 5401 τοίνυν
862 5349 894 5418 ἡ
922 5347 1016 5401 τοῦ
1050 5349 1167 5419 βίου
1196 5351 1441 5404 θάλασσα
1471 5353 1564 5406 τὸν
1606 5355 1857 5424 ἐξομολο-

280 5433 572 5506 γούμενον,
612 5438 833 5511 ἁλμυρὰ
871 5457 956 5505 τις
983 5437 1117 5495 οὖσα
1140 5483 1154 5508 ,
1189 5444 1282 5496 καὶ
1309 5443 1384 5514 μή
1413 5443 1688 5516 δυναμένη
1723 5447 1860 5520 πρὸς

1955 4441 2140 4515 populi
2162 4439 2472 4495 Iudaeorum
2527 4435 2891 4512 contigerunt,
2943 4439 3201 4495 Iicetillie
3249 4453 3396 4492 mare
3423 4454 3530 4492 non

1959 4535 2181 4606 fugisse,
2213 4533 2310 4588 sed
2358 4531 2624 4588 diliissum
2655 4531 2823 4588 fuisse
2850 4532 3291 4603 cognoverimus.
3335 4532 3530 4585 Verum

1959 4635 2019 4680 ut
2062 4626 2164 4680 ista
2201 4625 2367 4680 etiam
2407 4624 2755 4696 contigerint,
2805 4639 3149 4695 nequaquam
3205 4633 3386 4679 tamen
3443 4639 3532 4678 se-

1959 4717 2200 4785 quentia.
2239 4715 2342 4771 Ubi
2384 4716 2531 4771 enim
2577 4715 2724 4785 apud
2757 4715 2903 4785 ipsos
2959 4724 3174 4770 montes
3232 4715 3313 4768 vel
3365 4713 3533 4767 colles

1960 4806 2225 4860 exaltatos
2254 4805 2421 4860 fuisse
2454 4805 2858 4860 intelleximus?
2885 4806 3028 4860 unde
3059 4803 3409 4860 manifestum
3450 4804 3530 4861 tit,

1957 4899 2049 4952 illa
2106 4900 2365 4953 miracula
2427 4915 2548 4969 qua:
2607 4900 2737 4969 ipsis
2790 4907 3118 4964 evenerunt,
3184 4895 3531 4968 particularia

1959 4989 2178 5058 quidem
2205 4989 2397 5054 fuisse,
2429 4992 2524 5045 sed
2563 4991 2631 5045 ad
2666 4989 2931 5045 nostratia
2969 4989 3322 5059 exprimenda
3353 4988 3532 5042 conti-

1959 5081 2122 5150 gisse.
2173 5079 2320 5134 Mare
2369 5082 2515 5136 enim
2565 5080 2991 5136 existimandum
3042 5089 3126 5134 est
3178 5094 3403 5148 pravum
3454 5081 3534 5133 vi-

1963 5171 2121 5226 vendi
2160 5172 2494 5238 institutum,
2532 5183 2723 5243 utpote
2765 5173 3102 5234 inconstans,
3140 5170 3534 5242 naulragiaque

1967 5275 2030 5315 ac
2065 5269 2416 5331 tempestates
2461 5263 2514 5316 in
2544 5277 2611 5316 eo
2643 5261 2985 5316 versantibus
3024 5262 3306 5329 excitans;
3338 5261 3534 5317 Iorda-

1964 5367 2090 5406 nem
2133 5366 2264 5405 vero
2299 5367 2422 5405 esse
2461 5353 2687 5420 gratiam
2738 5351 3098 5421 baptismatis.
3148 5352 3320 5424 Hujus
3370 5354 3534 5423 igitur

1965 5442 2087 5497 vita:
2112 5458 2259 5496 mare
2292 5442 2427 5514 fugit
2449 5459 2576 5496 eum
2611 5444 2700 5512 qui
2728 5443 3038 5511 conﬁtetur,
3068 5445 3538 5525 cumsitsalsuiu,

358 5635 404 5665 ”
435 5635 476 5692 ll
507 5637 634 5694 Cor.
669 5655 744 5708 ix,
776 5638 828 5693 6.
903 5640 944 5672 "
968 5637 1156 5696 Matth.
1189 5655 1304 5707 vni,
1343 5638 1424 5696 η.
1494 5639 1609 5674 "-"
1632 5638 1784 5694 Isaia:
1817 5654 1842 5694 ι

1982 5641 2059 5694 l5.
2146 5640 2188 5673 ’³
2222 5641 2304 5696 Isa
2361 5658 2503 5710 λιιι,
2531 5641 2618 5700 21.
