3936 6200
279 289 383 354 1337

1341 293 1806 355 FRAGMENTA
1844 295 1926 355 IN
1964 296 2328 359 PSALMOS.

3371 289 3512 356 1338

275 397 347 473 ᾔει
373 397 506 472 πρὸς
534 395 666 453 Θεὸν
695 395 724 451 ό
763 397 1006 471 Ἰσραήλ.
1033 397 1184 472 Πύλη
1226 401 1286 456 δὲ
1328 402 1426 456 νῦν
1452 404 1486 474 ἡ
1518 403 1726 470 πίστις,
1754 403 1822 457 δι’
1853 415 1868 468 Α

1991 407 2094 462 rael
2126 406 2196 462 ad
2237 404 2410 463 Deum
2443 403 2878 478 ingrediebatur.
2911 401 3069 460 Modo
3119 409 3306 458 autem
3353 380 3511 472 porta

275 487 331 567 ἧς
353 493 677 563 οἰκειότερον
696 492 796 549 νῦν
815 493 1232 568 προσαγόμεθα,
1259 497 1535 570 μαρτυρού
1543 515 1696 569 μενοι
1725 497 1836 552 ὑπὸ

279 586 354 640 τοῦ
378 586 542 659 νόμου
570 587 667 643 καὶ
691 588 1016 661 προφητῶν.

336 697 352 731 ι
382 677 514 743 Θεὸς
548 679 778 752 Κύριος,
811 681 909 734 καὶ
936 682 1215 753 ὲπέφανεν
1246 683 1400 752 ἡμῖν.
1441 701 1459 734 ι

341 767 595 824 Ἐνταῦθα
627 770 808 824 τοίνυν
839 773 870 825 δ
912 773 1210 844 Προφήτης
1258 771 1358 843 τὴν
1407 773 1688 843 σάρκωσιν
1718 770 1852 826 θαυ-

281 857 439 927 μάζει,
471 857 555 911 ὅτι
583 856 716 922 Θεὸς
754 857 832 912 ὢν
863 861 962 913 καὶ
1005 860 1211 932 Κύριος
1261 858 1361 924 ὢν,
1408 860 1504 916 καὶ
1529 861 1631 932 τῆς
1660 859 1852 924 οὐσίας

281 947 499 1016 ἐκείνης,
559 947 898 1019 κατηξίωσεν
957 952 1314 1023 ἐπιφανῆναι.
1366 953 1538 1007 Ὅταν
1589 952 1648 1006 δὲ
1689 951 1844 1022 εῐπῃ,

292 1039 589 1110 'Eaégoare,
623 1041 723 1112 τὴν
745 1042 1067 1112 ὀἰκονομίαν
1105 1043 1278 1111 λέγει,
1306 1041 1369 1095 τὸ
1396 1043 1477 1108 είς
1508 1042 1723 1114 μήτραν
1749 1039 1846 1093 ἑλ-

277 1131 382 1186 θεῐν
408 1131 765 1203 παρθενικὴν,
803 1135 899 1187 καὶ
954 1135 1068 1198 τοῖς
1117 1133 1426 1204 ἀνθρώποις
1477 1149 1847 1204 συναναστρα-

285 1224 450 1294 φῆναι.
473 1222 572 1277 Διὰ
595 1224 660 1294 δὴ
688 1225 867 1293 τοῦτο,
893 1226 1328 1296 Εὐλοτήκαμεν
1344 1226 1520 1296 ὑμᾶς,
1548 1224 1736 1297 φησὶν,
1763 1225 1848 1278 ὅτι

281 1314 522 1385 τοιαύτης
556 1315 907 1386 ἀπηλαύσατε
933 1317 1167 1390 δϊυρεᾶς·
1209 1317 1238 1373 δ
1278 1319 1375 1372 καὶ
1401 1319 1430 1370 ό
1464 1316 1706 1389 Χριστὸς
1737 1314 1852 1368 ἔλε-

285 1422 368 1474 γε’
399 1407 626 1462 Πολλοί
689 1408 992 1478 προφῆται
1044 1411 1143 1465 καί
1189 1409 1414 1465 δίκαιοι
1459 1408 1855 1478 ἐπεθύμησαν

283 1497 418 1554 ἰδεῖν
436 1497 473 1552 d
494 1497 706 1565 είδετε,
728 1500 826 1554 καί
850 1501 961 1555 οὐκ
980 1497 1170 1570 εἶδον,
1194 1500 1295 1555 καί
1313 1499 1574 1556 ἀκοῦσαι
1590 1496 1630 1553 d
1647 1496 1857 1554 ἀκούε-

285 1606 360 1657 τε,
388 1589 484 1644 καί
523 1591 636 1643 οὐκ
673 1589 973 1658 ἤκουσαν.

351 1701 369 1735 ι
398 1682 762 1753 -Συστήσασθε
795 1682 988 1752 ἑορτὴν
1019 1683 1079 1736 έν
1104 1684 1214 1746 τοῖς
1248 1673 1608 1745 πυκάζουσιν.
1649 1699 1668 1732 ι

1947 508 2031 555 est
2053 499 2208 566 ﬁdes,
2239 513 2339 570 per
2357 513 2521 569 quam
2553 497 2724 569 magis
2753 496 2972 567 proprie
2996 508 3145 549 nunc
3165 491 3513 558 adducimur,

1946 593 2083 665 legis
2115 607 2181 648 ac
2212 592 2607 664 praphetarum
2643 589 2958 645 testimonio
2985 585 3214 642 sul'fulti.
3280 637 3282 639 .

2016 686 2178 742 Vens.
2215 684 2306 741 27.
2335 703 2353 737 ι
2385 684 2526 740 Deus
2550 683 2836 748 Dominus,
2863 690 2919 735 et
2940 678 3118 736 illuxit
3147 677 3326 733 nobis.
3355 695 3375 728 ›

2021 777 2134 834 lloc
2183 777 2304 834 loco
2357 778 2525 848 igitur
2554 776 2830 846 Propheta
2875 770 3313 829 incarnationem
3346 768 3523 824 admi-

1949 879 2124 937 ratur,
2155 869 2300 939 quod
2340 884 2468 924 cum
2512 867 2655 923 Deus
2678 873 2825 922 esset
2871 879 2935 919 ac
2962 863 3245 924 Dominus,
3277 868 3332 915 et
3381 859 3525 914 illius

1951 971 2162 1017 natura:
2184 962 2488 1025 exsisteret,
2511 960 2762 1032 dignatus
2789 957 2955 1014 fuerit
2983 970 3271 1026 apparere.
3294 951 3528 1019 Quando

1951 1061 2133 1107 autem
2183 1051 2317 1108 dicit
2359 1051 2567 1115 Illuxit,
2621 1048 3084 1120 dispensationem
3143 1043 3436 1115 intelligit,
3468 1053 3529 1098 ut

1948 1145 2093 1216 quod
2119 1145 2178 1198 in
2208 1153 2426 1200 uterum
2457 1141 2760 1214 virgineum
2792 1140 3027 1203 venerit,
3049 1147 3255 1193 etcum
3290 1135 3531 1190 homini-

1950 1239 2051 1289 bus
2103 1243 2463 1290 conversatus
2496 1233 2586 1289 sit.
2637 1231 2907 1298 Quocirca
2953 1229 3108 1296 dicit,
3161 1227 3533 1282 Benediximus

1947 1323 2108 1389 vobis,
2140 1323 2286 1393 quod
2323 1323 2428 1378 tale
2459 1323 2667 1378 donum
2700 1321 2820 1377 sitis
2851 1319 3156 1376 consecuti.
3199 1316 3316 1373 Hoc
3359 1317 3532 1373 etiam

1949 1413 2204 1470 Christus
2255 1413 2423 1469 dixit:
2479 1413 2638 1468 Multi
2670 1413 2938 1482 prophetes
2985 1420 3034 1464 et
3072 1410 3209 1480 justi
3254 1411 3532 1479 cupierunt

1952 1504 2128 1559 uidere
2168 1520 2285 1574 qua:
2333 1504 2520 1558 uidetis
2560 1514 2607 1556 et
2648 1519 2750 1556 non
2781 1503 3046 1566 viderunt,
3093 1509 3142 1555 et
3179 1502 3368 1555 audire
3417 1515 3535 1572 qua!

1955 1595 2154 1650 auditis
2175 1603 2222 1648 et
2247 1610 2348 1648 non
2375 1593 2656 1647 audierunt
2680 1592 2748 1648 ³⁸.

2032 1704 2054 1739 ι
2087 1685 2415 1742 Constituite
2442 1685 2587 1741 diem
2622 1684 2928 1739 solemnem
2959 1681 3014 1737 in
3051 1679 3371 1736 condensis.
3405 1697 3424 1730 ι

347 1775 436 1840 Τὸ,
459 1773 530 1827 ἐν
552 1747 674 1839 τοῖς
710 1747 1107 1840 πυκάζουσιν,
1135 1773 1256 1827 ἀντὶ
1280 1771 1375 1826 τοῦ
1405 1769 1858 1842 πεπυκνωμένοις

2029 1774 2165 1831 illud
2208 1775 2264 1829 in
2319 1775 2590 1829 condensis
2639 1771 2822 1844 posuit
2875 1787 2975 1842 pro
3019 1769 3536 1840 constipatisznam

285 1865 505 1921 τέθεικεο
525 1864 586 1918 τὸ
609 1865 720 1934 γὰρ
749 1863 1197 1935 πεπυκασμένον,
1225 1863 1660 1935 πεπυκνωμένον
1681 1862 1776 1919 καὶ
1807 1863 1859 1918 οἱ

284 1957 381 2024 ἔξω
417 1956 510 2011 τοῦ
543 1955 667 2010 καθ’
691 1956 838 2026 ἡμᾶς
880 1953 1043 2023 λόγου
1081 1953 1362 2009 καλοῦσιν.

355 2067 373 2101 ι
413 2048 548 2110 Θεός
582 2063 682 2117 μου
724 2041 776 2099 εἷ
801 2047 887 2111 σὺ,
925 2045 1019 2100 καὶ
1043 2045 1516 2118 ἐξομολογησομαί
1550 2063 1652 2103 σοι.
1688 2065 1708 2100 ι

351 2139 468 2193 Τίνι
500 2139 557 2193 δὲ
590 2137 763 2192 ταῦτα
801 2137 973 2206 λέγει,
1020 2138 1053 2208 ἢ
1097 2138 1175 2208 τῷ
1207 2139 1463 2208 ἀνωτέρω
1505 2139 1862 2212 δεδηλωμένῳ

290 2229 472 2299 Κυρίῳ
495 2245 510 2294 ;
536 2228 614 2298 τῷ
635 2230 699 2280 ὲκ
724 2225 956 2296 θλίψεως
982 2227 1272 2298 ῥυσαμένῳ
1299 2227 1480 2293 αὐτὸν,
1510 2227 1587 2300 τῷ
1607 2230 1701 2283 καὶ
1735 2230 1861 2294 τοὺς

291 2319 516 2390 ἐχθροὺς
543 2317 709 2373 αὑτοῦ
746 2315 1169 2385 ταπεινώσαντι,
1221 2316 1300 2388 τῷ
1344 2319 1562 2372 καὶτὸν
1587 2319 1733 2375 λίθον
1769 2321 1864 2375 τὸν

291 2409 671 2479 amantium
695 2409 831 2481 πρὸς
861 2408 969 2462 τῶν
1005 2409 1305 2480 οἰκοδόμων
1336 2409 1636 2480 ύψώσαντι,
1669 2411 1744 2483 τῷ
1769 2413 1864 2466 καὶ

293 2500 614 2555 εύοδώσαντι
655 2501 749 2554 καὶ
791 2499 1026 2554 σώσαντι
1086 2501 1212 2564 τοὺς
1259 2501 1339 2565 είς
1379 2501 1543 2555 αὑτὸν
1580 2503 1865 2558 πιστεύον.

294 2611 411 2657 τας.

368 2701 386 2736 ι
432 2682 875 2754 Ἐξομολογεῖσθε
901 2682 978 2753 τῷ
1008 2683 1202 2754 Κυρίῳ
1229 2685 1312 2738 ὅτι
1344 2684 1568 2754 ἀγαθός.
1609 2703 1629 2737 ι

364 2775 528 2829 Ὅθεν
560 2778 588 2828 ὁ
618 2776 910 2846 Προφήτης
946 2773 1040 2828 τοῦ
1070 2775 1162 2828 νῦν
1195 2774 1414 2846 ψαλμοῦ
1451 2776 1556 2846 τῆς
1599 2775 1869 2848 μελῳδίας

295 2866 514 2938 ἧρξατο,
544 2866 752 2920 ἐκεῖθεν
806 2865 957 2937 αύτῷ
1000 2867 1095 2920 καὶ
1145 2866 1207 2919 τὸ
1246 2867 1398 2930 τέλος
1431 2866 1726 2938 ἐπέθηκεν,
1777 2868 1869 2924 ἵνα

293 2958 390 3028 τὴν
419 2947 807 3031 ἐξομολόγησιν
856 2957 1024 3030 μέχρι
1071 2958 1272 3024 παντὸς
1322 2958 1416 3012 τοῦ
1464 2959 1583 3030 βίου
1612 2959 1868 3030 φυλάξω-

297 3066 414 3122 μεν.

837 3140 1132 3195 ΨΔΛΜΟΣ
1165 3142 1320 3196 Plﬂ'.

370 3253 391 3287 ι
426 3233 704 3304 Μακάριοι
734 3231 785 3286 oi
811 3229 1200 3304 ἐξερευνῶντες
1239 3233 1309 3288 τὰ
1339 3235 1636 3306 μαρτύρια.
1670 3253 1690 3287 ι

367 3327 431 3380 Ol
460 3325 728 3397 δεύτεροι,
759 3324 834 3388 ὡς
872 3324 967 3377 ἐπὶ
990 3324 1278 3394 κρείττονα
1311 3326 1407 3378 καὶ
1436 3326 1708 3398 ἀνώτερον
1745 3329 1879 3382 ἀνα-

203 3442 206 3445 ·
296 3418 573 3481 ϐαίνοντες
623 3416 852 3487 βαθμὸν,
885 3415 1062 3480 ἄλλως
1099 3415 1341 3484 γίνονται
1370 3417 1654 3489 μακάριοι,
1683 3417 1774 3472 διὰ
1820 3417 1882 3472 τὸ

301 3509 380 3580 μὴ
433 3507 594 3577 μόνον
637 3505 940 3576 κατορθοῦν
987 3506 1082 3561 τὸν
1125 3506 1318 3575 ἠθικὸν
1355 3506 1586 3578 τρόπον,
1634 3507 1750 3564 ἀλλ’
1779 3507 1882 3580 ήδη

298 3607 399 3662 καὶ
424 3603 716 3676 ὲξερευνᾷν
741 3602 810 3656 τὰ
842 3601 979 3673 βάθη
1006 3600 1118 3656 τῶν
1163 3603 1484 3675 μαρτυρίων
1514 3603 1702 3660 αὐτοῦ.

379 3719 400 3754 ι
447 3699 536 3752 Ἐν
563 3696 666 3751 τίνι
696 3695 1033 3768 κατορθώσει
1068 3693 1336 3765 νεώτερος
1356 3695 1457 3764 τὴν
1485 3695 1645 3762 ὁδόν;
1684 3714 1703 3748 ι

375 3787 665 3858 Νεώτερος
689 3787 736 3855 ,ό
773 3784 883 3839 ἀπὸ
924 3783 1035 3838 τῶν
1077 3781 1248 3838 ἐθνῶν
1276 3782 1425 3848 λαὸς,
1459 3785 1488 3837 ὁ
1518 3783 1750 3848 σκολιῶς
1780 3783 1887 3856 πρὸ

297 3882 401 3952 τῆς
434 3879 670 3942 πίστεως
699 3875 954 3943 ὁδεύσας,
987 3876 1047 3930 ὲν
1079 3874 1186 3929 τίνι
1215 3874 1554 3947 κατορθώσει
1601 3878 1701 3946 τὴν
1748 3875 1886 3942 ὁδὸν,

299 3973 337 4044 ἢ
363 3971 443 4043 τῷ
476 3969 844 4041 φυλάσσεσθαι
870 3970 998 4033 τοὺς
1020 3968 1212 4038 λόγους
1231 3968 1328 4022 τοῦ
1359 3966 1532 4034 Θεοῦ;
1573 3968 1639 4022 Ἦ
1659 3968 1770 4039 γὰρ
1799 3967 1888 4022 έν·-

302 4077 431 4126 νοια
456 4058 552 4116 τοῦ
585 4057 730 4113 θείου
757 4059 926 4130 νόμου
955 4057 1264 4130 καθαρτικὴ
1295 4057 1390 4112 καὶ
1420 4057 1729 4127 φυλακτικὴ
1759 4057 1890 4110 πάν-

302 4169 420 4208 των
465 4151 602 4210 ἐστί.
651 4149 750 4218 Τὸ,
798 4151 902 4206 Ἐν
936 4150 1058 4204 τίνι
1107 4149 1163 4202 δὲ
1201 4145 1566 4216 κατορθώσει
1605 4147 1892 4218 νεώτερος

301 4244 428 4314 τὴν
458 4243 604 4299 ὁδὸν
637 4243 863 4308 αὐτοῦ;
916 4243 946 4296 ό
998 4241 1296 4312 Σύμμαχος
1335 4238 1526 4294 τοῦτον
1577 4241 1892 4312 ἡρμήνευσε

302 4337 405 4396 τὸν
448 4337 651 4409 τρόπον
672 4354 688 4370 ο
707 4334 819 4390 “Aid
848 4334 1014 4402 τινος
1047 4331 1393 4404 λαμπρυνεῖ
1425 4332 1568 4399 νέος
1601 4330 1716 4400 τὴν
1747 4331 1894 4388 ὁδὸν

1899 3085 1947 3151 C

1959 1867 2104 1938 quod
2133 1867 2527 1922 condensatum
2572 1873 2676 1932 est,
2710 1863 2768 1919 bi
2797 1878 3019 1934 quoque
3065 1862 3163 1933 qui
3206 1878 3237 1916 a
3286 1875 3541 1916 sermone

1959 1967 2150 2014 nostro
2179 1957 2423 2013 extranei
2453 1963 2583 2012 sunt
2606 1955 2972 2026 constipatum
2995 1964 3212 2010 vocant.

2033 2047 2198 2104 Vens.
2225 2048 2347 2104 28.:
2382 2047 2529 2103 Deus
2559 2061 2716 2102 meus
2747 2061 2808 2101 es
2830 2055 2913 2112 tu,
2944 2055 3001 2102 et
3034 2044 3334 2102 conﬁtebor
3363 2043 3480 2100 tibi.
3514 2059 3536 2093 ι

2030 2139 2130 2198 Cui
2171 2155 2337 2210 porro
2385 2140 2504 2195 haec
2551 2139 2704 2204 dicit,
2740 2139 2848 2192 nisi
2886 2137 3117 2194 Domino
3156 2135 3409 2206 superius
3447 2135 3544 2190 dc-

1963 2233 2200 2291 clarato?
2227 2232 2320 2304 qui
2367 2231 2436 2287 de
2481 2230 2837 2286 tribulatione
2881 2228 3058 2299 ipsum
3110 2228 3456 2291 liberaverat,
3488 2234 3545 2279 et

1965 2325 2219 2381 inimicos
2261 2323 2383 2393 ejus
2433 2320 2857 2378 bumiliaverat:
2909 2320 3004 2390 qui
3054 2317 3290 2389 lapidem
3325 2329 3544 2386 quoque

1964 2419 2034 2475 ab
2066 2416 2465 2474 aediﬁcantibus
2515 2413 2868 2485 reprobatum
2895 2410 3174 2475 exultavit,
3199 2408 3292 2479 qui
3323 2417 3377 2463 et
3401 2407 3545 2462 bene

1965 2508 2330 2582 prosperavit,
2360 2515 2415 2562 et
2445 2505 2684 2562 servavit
2708 2503 2995 2560 credentes
3015 2501 3071 2556 in
3097 2500 3299 2572 ipsum.

2039 2692 2206 2748 Vens.
2231 2690 2323 2747 29.
2349 2707 2368 2743 ι
2399 2684 2748 2746 Conﬁtemini
2771 2681 3006 2740 Domino
3031 2677 3290 2750 quoniam
3309 2677 3506 2733 bonus.
3523 2693 3542 2726 ι

2039 2785 2199 2842 Unde
2243 2781 2517 2852 Propheta
2581 2778 2747 2848 hujus
2792 2773 2986 2846 psalmi
3037 2770 3332 2826 melodiam
3393 2783 3553 2822 orsus

1969 2881 2171 2944 fuerat,
2223 2874 2523 2931 identidem
2554 2884 2774 2942 quoque
2823 2867 2903 2922 illi
2950 2865 3115 2920 linem
3165 2860 3449 2932 imposuit,
3494 2868 3556 2915 ut

1970 2969 2375 3031 confessionem
2402 2981 2502 3038 per
2525 2976 2747 3022 omnem
2775 2959 2942 3016 vitam
2971 2954 3371 3013 custodiamus.

2467 3139 2787 3198 PSALMUS
2827 3133 3059 3196 CXVIII.

2046 3242 2214 3298 Vens.
2249 3239 2305 3294 2.
2343 3255 2365 3290 ι
2394 3234 2547 3291 Beati
2570 3231 2663 3304 qui
2691 3236 3012 3287 scrutantur
3033 3222 3370 3282 testimonia.
3405 3238 3425 3274 ι

2050 3327 2292 3386 Secundi
2325 3333 2582 3394 tanquam
2615 3321 2682 3377 ad
2717 3317 3157 3391 praestantiorem
3191 3322 3247 3370 et
3275 3309 3560 3368 sublimio-

1980 3436 2097 3478 rem
2123 3417 2352 3492 gradum
2378 3413 2743 3470 ascendentes
2771 3408 2933 3463 aliter
2954 3406 3098 3462 beati
3119 3405 3276 3468 ﬁunt,
3295 3402 3421 3474 quia
3447 3416 3560 3456 non

1981 3513 2157 3571 solum
2203 3507 2469 3564 moralem
2512 3501 2733 3558 modum
2784 3507 2933 3555 recte
2983 3503 3228 3562 teneant,
3260 3494 3357 3549 sed
3394 3493 3560 3549 etiam

1983 3601 2422 3661 testimoniorum
2451 3596 2573 3669 ejus
2601 3592 2870 3666 profunda
2898 3590 3188 3645 rimentur.

2047 3694 2215 3750 Vens.
2247 3691 2301 3747 9.
2337 3711 2356 3743 ι
2388 3689 2450 3745 In
2476 3703 2585 3760 quo
2611 3684 2851 3756 corriget
2881 3677 3283 3737 adolescentior
3307 3674 3448 3732 viam
3474 3673 3501 3728 ?
3537 3692 3557 3726 ι

2055 3781 2472 3842 Adulescentior
2517 3779 2608 3833 ille
2650 3776 2886 3847 populus
2911 3789 2978 3829 ex
3014 3770 3290 3845 gentibus,
3313 3768 3406 3839 qui
3436 3775 3566 3821 ante

1987 3878 2148 3936 ﬁdem
2196 3875 2418 3943 oblique
2473 3869 2809 3933 ambulabat,
2870 3867 2925 3921 in
2974 3879 3083 3935 quo
3127 3862 3364 3932 corriget
3421 3859 3567 3914 viam

1987 3975 2167 4036 suam,
2185 3967 2291 4024 nisi
2321 3963 2682 4021 custodiendo
2712 3971 2995 4016 sermones
3016 3954 3155 4010 Dei?
3184 3952 3390 4008 Divina:
3417 3949 3568 4005 enim

1988 4062 2123 4133 legis
2153 4055 2522 4114 consideratio
2549 4051 2826 4124 purgatrix
2857 4057 2914 4104 et
2935 4042 3310 4103 conservatrix
3339 4050 3423 4096 est
3445 4053 3568 4094 om-

1990 4129 2166 4207 nium.
2215 4145 2353 4202 Illud
2403 4152 2608 4207 autem,
2659 4140 2722 4196 Ιιι
2768 4154 2870 4210 quo
2915 4137 3136 4206 corriget
3189 4129 3575 4187 adolescentior

1994 4241 2134 4296 viam
2184 4237 2386 4293 suam?
2422 4229 2783 4305 Symmachus
2827 4230 2934 4284 hoc
2965 4227 3130 4282 modo
3177 4223 3576 4292 interpretatus

1993 4338 2100 4395 est,
2129 4329 2194 4384 In
2224 4342 2325 4400 quo
2353 4323 2627 4380 mundabit
2656 4320 2956 4376 adolescens
2982 4319 3124 4372 uiam
3148 4313 3345 4370 suam?
3376 4311 3574 4367 Docuit

305 4402 535 4496 autcf};
580 4427 851 4494 Ἐδίδαξεν
891 4427 948 4481 δὲ
994 4427 1078 4481 ὅτι
1127 4402 1332 4498 πολλῆς
1366 4427 1516 4480 ἐστιν
1547 4425 1868 4498 ἀκαθαρσίαι

1993 4434 2192 4490 nempe
2227 4417 2416 4472 multis
2440 4413 2694 4470 sordibus
2721 4409 3145 4466 adolescentiam
3167 4420 3291 4462 esse
3313 4404 3529 4476 plenam
3550 4402 3578 4456 ’ἔ

307 4520 415 4576 καὶ
448 4521 722 4591 ρυπαρίας
746 4522 780 4591 ἡ
807 4519 999 4591 νεότης
1046 4519 1239 4590 μεστή·
1269 4518 1352 4573 διὸ
1372 4519 1467 4573 καὶ
1487 4518 1662 4574 δεῖται
1687 4519 1895 4593 καθάρ-

1991 4520 2331 4587 quaproptcr
2360 4508 2524 4564 etiam
2559 4505 2767 4577 indiget
2817 4499 3166 4573 purgatione.
3220 4498 3358 4556 Cum
3409 4497 3579 4569 igitur

309 4589 478 4676 σεως.
532 4589 703 4668 Τούτο
753 4589 847 4667 οὖν
887 4589 1246 4682 ἐπιζητήσας,
1271 4612 1568 4684 εὑρηκέναι
1620 4611 1759 4684 φησὶ
1803 4589 1868 4666 τό

1993 4608 2099 4664 hoc
2146 4604 2474 4676 inquireret,
2497 4599 2574 4654 ait
2603 4613 2662 4653 se
2695 4596 2918 4653 modum
2956 4593 3252 4665 reperisse,
3287 4589 3354 4644 ln
3405 4598 3578 4644 casto”

309 4705 543 4776 τρόπον,
585 4705 688 4759 Ἔν
715 4705 796 4771 τῷ
832 4703 1221 4776 φυλάξασθαι
1253 4703 1400 4772 τοὺς
1418 4706 1644 4776 λόγους
1683 4720 1825 4759 σου.

399 4814 422 4848 ι
461 4795 584 4849 Ὅτι
610 4795 681 4850 τὰ
712 4796 990 4870 μαρτύριά
1028 4813 1123 4849 σου
1151 4795 1475 4867 ἐξεζήτησα.
1511 4815 1530 4848 ι

394 4887 498 4947 Διὰ
526 4887 686 4942 τοῦτο
720 4889 919 4959 μηκέτι
955 4906 1023 4959 με
1053 4887 1249 4959 κρίνῃς
1298 4886 1448 4952 ἄξιον
1492 4885 1588 4939 τοῦ
1637 4885 1900 4950 ὀνειδίζει

1993 4698 2182 4753 diendo
2212 4706 2474 4750 sermones
2507 4701 2643 4745 tuos.

2065 4789 2231 4844 Vens.
2251 4787 2344 4842 22.
2375 4805 2393 4838 ι
2422 4785 2558 4851 Quia
2591 4778 2900 4838 testimonia
2924 4785 3016 4832 tua
3046 4772 3343 4845 exquisivi.
3386 4789 3407 4823 ι

2072 4880 2279 4935 Idcirco
2307 4892 2377 4932 ne
2405 4875 2641 4945 amplius
2659 4887 2749 4927 me
2778 4870 2993 4942 iudices
3022 4868 3248 4938 dignum
3283 4857 3582 4932 opprobrio

313 4981 453 5037 σθαι
492 4982 587 5035 καὶ
631 4949 733 5036 τοῦ.
758 4949 1320 5046 ε’ξουδενεῖσθαιοηκαὶ
1350 4949 1477 5050 ’γὰρ
1522 4978 1594 5033 τὰ
1624 4977 1868 5049 μαρτύρι

2002 4981 2059 5028 et
2079 4978 2416 5038 contemptu,
2455 4965 2659 5022 etenim
2691 4960 3007 5018 testimonia
3035 4965 3126 5012 tua
3157 4950 3462 5023 exquisivi;
3513 4949 3583 5004 de

313 5091 420 5128 σου
455 5072 758 5146 έξεζήτησα
782 5043 816 5105 ο*
830 5072 958 5144 περὶ
985 5064 1061 5127 ὧν
1081 5071 1240 5143 ἔφην,
1278 5043 1571 5140 Μακάριοι
1601 5043 1656 5123 δε
1677 5043 1868 5139 ἐξερει

2003 5063 2204 5132 quibus
2253 5061 2524 5124 dicebam,
2578 5055 2730 5112 Beati
2781 5054 2871 5124 qui
2916 5058 3227 5106 scrutantur
3279 5043 3580 5099 testimonia

309 5164 548 5231 νῶντες
584 5164 656 5218 τὰ
677 5164 972 5234 μαρτύρια
1003 5163 1215 5218 αὐτοῦ.

402 5273 422 5306 ι
475 5254 797 5321 Ἐνύσταξεν
826 5255 860 5325 ἡ
883 5252 1031 5324 ψυχή
1066 5269 1190 5323 μου.
1220 5271 1242 5303 ι

402 5345 615 5417 Ὥσπερ
644 5345 789 5417 ἀρχὴ
836 5341 1146 5415 κοιμὴσεώς
1194 5344 1314 5397 ἔστι
1361 5343 1696 5415 νυσταγμὸς,
1729 5340 1903 5406 οὕτως

2005 5154 2124 5224 ejus
2154 5153 2222 5207 ⁸⁷.

2083 5244 2248 5301 Vens.
2279 5243 2368 5300 28.
2410 5260 2428 5294 ι
2469 5239 2994 5298 Dormitavitanima
3024 5247 3165 5288 mea.
3207 5248 3226 5282 ›

2082 5334 2548 5406 Quemadmodum
2599 5329 2914 5387 dormitatio
2964 5323 3295 5396 principium
3353 5327 3435 5375 est
3484 5318 3586 5373 ob-

317 5433 464 5489 ποτὶ
514 5408 606 5490 καί
638 5408 865 5508 bduxi;
909 5408 968 5488 έν
989 5408 1142 5505 ’ἀρχῇ
1173 5432 1442 5503 γενομένη
1475 5408 1866 5503 ἁμαρτημάτω

2011 5427 2380 5490 durmitionis,
2418 5424 2498 5478 sic
2545 5423 2708 5477 etiam
2755 5419 2934 5475 anima
2987 5415 3315 5485 quandoque
3362 5409 3492 5465 dum
3529 5408 3586 5462 in

317 5525 552 5597 λέγεται
908 5563 925 5592 ,
979 5501 1355 5596 καθελκομένη
1411 5501 1528 5595 μὶν-
1576 5501 1765 5595 ὥσπερ
1823 5524 1868 5578 el

2018 5519 2288 5594 principio
2315 5524 2678 5588 opcccatorutn
2734 5519 2986 5566 versatur
3016 5504 3312 5562 dormitare
3361 5501 3583 5562 dicitur,

442 5703 488 5744 υ
508 5702 692 5765 Mat-th.
723 5716 844 5768 xm,
881 5700 966 5755 l7.
1076 5701 1119 5732 ³⁷
1149 5700 1348 5758 Psahn.
1381 5715 1567 5766 εχγιυ,
1594 5699 1651 5758 2.
