3936 6200
382 258 516 326 1343
1559 267 1919 328 HESYCIIII
1977 267 2450 328 PRESBYTER!
3496 258 3642 317 13H.

376 371 716 427 demonstrat
757 371 984 445 Aggzeus
1025 372 1104 428 sic
1138 372 1358 442 quidem
1399 375 1636 445 seipsum
1681 377 1760 432 sic
1789 377 1944 430 etiam

2054 377 2192 430 Θεοῦ
2223 377 2610 448 ἑρμηνεύεται,
2641 374 2924 446 ἄνθρωπος
2954 373 3100 440 ὅμως
3129 363 3218 438 ἦν.
3245 365 3503 436 Ἄγγελοι
3523 368 3638 436 γὰρ

374 474 433 518 et
458 463 594 518 alios
614 465 909 535 prophetas
921 478 1144 530 vocans,
1173 465 1371 534 quibus
1386 466 1686 536 prapbctia:
1707 483 1822 522 sua:
1851 467 1953 522 mi-

2057 469 2194 523 Θεοῦ
2227 470 2278 522 οί
2300 469 2579 540 προφῆται
2626 466 2902 534 ἐλέγοντο·
2936 463 3085 534 δηλοῖ
3115 461 3173 515 δὲ
3201 461 3458 528 Ἀγγαῖος
3490 459 3652 514 οὕτω.

375 554 564 610 nistris
583 555 855 609 utebatur.
881 555 1017 609 Dicit
1031 555 1198 609 enim:
1221 574 1239 608 ι
1259 555 1327 610 Et
1341 555 1714 627 dixitAggreus
1731 558 1944 628 angelus

2060 563 2160 632 μὲν
2196 563 2410 625 ἐαυτὸν,
2457 560 2604 614 οὕτω
2633 559 2690 613 δέ
2715 557 2960 619 καὶτοὺς
3006 555 3198 617 ἄλλους
3233 553 3517 622 προφήτας
3543 569 3640 604 κε-

375 645 588 700 Domini
617 647 758 699 inter
779 647 999 717 angelos
1023 647 1232 702 Domini
1284 649 1505 718 populo.
1537 667 1556 700 ι
1591 649 1754 706 Forte
1785 653 1948 706 etiam

375 753 431 792 et
467 740 570 793 hoc
610 753 810 794 nomen
839 740 1118 810 proprium
1159 741 1427 812 pr0pbeta
1466 740 1692 798 sortitus
1715 753 1816 798 est.
1841 743 1950 798 Sed

375 829 598 898 insuper
628 829 757 884 illud
786 829 1156 901 adjiciendum
1191 841 1248 886 et
1287 833 1744 890 adsinceriorem
1779 836 1948 891 libro-

375 936 495 974 rum
555 922 999 992 prophetieorum
1053 923 1489 996 imelligentiam,
1545 924 1752 982 scilicet
1805 927 1949 982 anti—

372 1027 538 1082 quam
575 1028 696 1068 esse
724 1013 1026 1084 prophetiae
1055 1016 1320 1086 gratiam:
1353 1017 1558 1085 quippe
1586 1033 1706 1086 qua:
1733 1018 1801 1072 ab
1829 1017 1945 1086 ipsa

373 1103 626 1172 primitus
661 1105 944 1160 hominum
978 1107 1256 1162 creatione
1290 1106 1542 1177 incipiat;
1582 1108 1654 1163 ita
1687 1117 1746 1162 ut
1774 1109 1946 1164 Adam

296 1234 305 1242 .
372 1195 441 1248 de
497 1195 604 1249 Eva
657 1195 856 1250 dixerit
886 1197 1210 1265 prophetico
1251 1197 1410 1267 plane
1443 1198 1624 1253 dono:
1668 1218 1686 1250 ι
1721 1198 1947 1270 Propter

373 1286 482 1342 hoc
538 1287 884 1358 derelinquct
946 1289 1110 1344 homo
1147 1299 1355 1359 patrem
1411 1305 1571 1346 suum
1621 1301 1676 1346 et
1718 1300 1943 1347 matrem

370 1391 549 1442 suam,
576 1386 632 1432 et
664 1379 966 1434 adhaerebit
994 1381 1060 1434 ad
1092 1397 1319 1436 uxorem
1341 1397 1494 1437 suam
1522 1401 1536 1448 ;
1565 1393 1619 1437 et
1651 1392 1811 1438 erunt
1837 1384 1945 1439 duo

371 1469 426 1522 in
463 1483 684 1524 carnem
713 1487 899 1526 unam.
937 1491 955 1522 ι
981 1471 1255 1527 Abraham
1285 1475 1552 1544 propheta
1579 1476 1647 1529 ab
1676 1477 1795 1545 ipso
1832 1475 1942 1532 Deo

370 1560 488 1615 haec
506 1561 722 1616 dicente
747 1563 814 1616 ad
840 1562 1180 1629 Abimelech,
1214 1575 1563 1635 nuncupatus
1615 1576 1724 1620 est:
1755 1585 1773 1617 ι
1798 1565 1946 1623 Red-

369 1650 438 1704 de
472 1667 695 1706 uxorem
747 1652 885 1718 viro,
917 1653 1044 1722 quia
1075 1655 1342 1724 propheta
1373 1665 1475 1710 est.
1509 1655 1626 1712 Non
1677 1657 1842 1727 igitur
1880 1659 1938 1714 hi

367 1740 471 1794 soli
529 1742 809 1812 propheta:
860 1752 1012 1809 sunt,
1075 1759 1310 1813 quorum
1355 1745 1578 1800 nomine
1617 1747 1941 1803 inscribitur
1973 1732 2014 1786 Β

367 1831 676 1900 prophetia.
700 1832 831 1887 Nam
867 1835 1142 1904 quomodo
1172 1833 1391 1901 Samuel
1422 1837 1675 1907 princeps
1704 1839 1944 1909 prophe-

369 1935 546 1982 tarum
575 1929 873 1983 vocabatur
901 1930 924 1982 ?
954 1929 1240 1996 Quomodo
1271 1931 1366 1986 Iilii
1417 1933 1808 2003 prophetarum
1857 1936 1944 1991 di-

367 2018 632 2073 cebantur
677 2020 769 2090 qui
803 2021 958 2091 juxta
999 2021 1171 2076 Eliam
1234 2025 1757 2095 congregabantur?
1813 2025 1945 2082 Pro-

367 2109 554 2178 phetia
601 2109 747 2165 enim
792 2111 900 2165 ulla
931 2127 1036 2167 nec
1089 2113 1284 2167 horum
1318 2129 1420 2170 nec
1471 2115 1687 2170 illorum
1721 2118 1945 2172 nomine

368 2199 630 2271 inscripta
660 2201 917 2257 refertur.
947 2202 1225 2273 Quotquot
1258 2205 1420 2276 igitur
1479 2217 1634 2262 erant
1698 2209 1943 2279 philoso-

367 2291 512 2363 phia:
545 2291 729 2348 forsan
755 2303 882 2349 ante
907 2295 1042 2350 alios
1073 2296 1255 2365 periti,
1289 2297 1344 2352 hi
1377 2314 1593 2368 quoque
1623 2301 1946 2370 prophetico

367 2384 549 2439 studio
579 2384 820 2442 illustres
850 2385 980 2442 facti
1008 2425 1024 2450 ,
1078 2387 1197 2443 sive
1237 2389 1383 2458 quod
1452 2389 1728 2446 historicis
1788 2391 1944 2448 libris

368 2476 647 2546 inspirata
687 2477 983 2549 Scriptum
1009 2495 1348 2550 quascunque
1397 2483 1721 2552 prophetico
1747 2484 1941 2552 spiritu

368 2567 625 2622 dixerunt
675 2579 770 2624 aut
798 2571 1044 2626 fecerunt
1089 2573 1395 2643 conscripta
1452 2583 1615 2638 sunt,
1663 2574 1807 2628 sicut
1841 2575 1944 2629 Sa-

369 2659 546 2723 muel,
583 2658 728 2716 Eli-as
777 2670 833 2716 et
870 2662 1132 2728 Elizaaus;
1160 2663 1275 2719 sive
1296 2665 1440 2733 quod
1473 2666 1644 2721 libros
1695 2666 1795 2736 ipsi
1818 2682 1944 2736 pro-

368 2752 619 2823 phetis-os
645 2791 662 2818 ,
703 2751 920 2808 alliante
977 2754 1185 2823 Spiritu
1223 2795 1238 2821 ,
1283 2755 1694 2822 condiderunt,
1753 2759 1944 2827 quales

368 2843 523 2900 fuere
555 2844 842 2900 duodecim
871 2886 888 2912 ,
947 2854 1004 2900 et
1034 2846 1201 2902 Isaias
1229 2887 1244 2912 ,
1300 2856 1356 2902 et
1387 2846 1688 2914 Jeremias,
1722 2858 1778 2905 et
1811 2849 1945 2906 Eze-

367 2935 536 3003 chiel,
568 2946 622 2992 et
656 2936 866 2992 Daniel.
903 2937 1050 2993 lnter
1067 2953 1204 3008 quos
1231 2939 1483 2995 Ezechiel
1513 2941 1732 3010 quidem
1755 2949 1810 2997 et
1837 2943 1944 2997 Da-

2057 652 2271 723 κληκὼς
2299 646 2380 716 οἷς
2395 651 2695 722 ὑπηρέταις
2709 650 2807 720 τῆς
2827 646 3024 702 ἐαυτοῦ
3046 643 3384 716 προφητείας
3408 643 3640 711 ἐκέχρτπ

2053 761 2136 800 το.
2161 745 2299 814 Φησὶ
2328 744 2437 814 γάρ
2461 759 2474 773 ·
2515 762 2534 794 ι
2564 743 2676 796 Καὶ⁵
2704 735 2860 795 εἶπεν
2889 739 3142 807 Ἀγγαῖος
3171 735 3402 804 ἄγγελος
3421 733 3635 803 Κυρίου

2055 836 2113 888 ἐν
2133 836 2386 904 ἀγγέλοις
2421 833 2628 904 Κυρίου
2661 832 2740 905 τῷ
2782 831 2916 902 λαῷ.
2947 849 2969 882 θ
3013 829 3172 892 Ἴσως
3203 827 3261 880 δὲ
3311 827 3408 880 καὶ
3462 825 3634 895 ὖνομα

2052 926 2212 980 τοῦτο
2235 925 2423 997 κύριον
2445 928 2475 980 ὁ
2526 925 2812 996 προφήτης
2840 923 3126 991 ἐκέκτητο.
3172 918 3339 972 Ἀλλὰ
3370 917 3480 989 μὴν
3529 919 3631 969 κὰ-

2054 1024 2200 1075 κεῖνο
2227 1021 2544 1092 προσθεῖναι
2566 1021 2701 1092 πρὸς
2726 1017 3127 1090 ἀκριϐεστέραν
3165 1015 3370 1083 γνῶσιν
3401 1012 3514 1065 τῶν
3551 1012 3634 1080 βί-

2051 1112 2192 1166 ϐλων
2217 1113 2326 1166 τῶν
2353 1110 2706 1184 προφητικῶν
2732 1110 2902 1175 ἄξιον,
2927 1108 3003 1172 ὡς
3049 1107 3277 1178 ἀρχαῖον
3307 1104 3407 1174 μὲν
3439 1099 3510 1172 ἦν
3533 1106 3633 1170 τῆς

2051 1203 2391 1274 προφητείας
2440 1203 2501 1256 τὸ
2525 1202 2791 1273 χάρισμα,
2833 1200 2893 1266 ἐξ
2922 1197 3096 1268 αὐτῆς
3124 1195 3333 1251 ἄνωθεν
3369 1196 3475 1263 τῆς
3524 1192 3636 1245 τῶν

2050 1293 2354 1363 ἀνθρώπων
2387 1289 2756 1362 δημιουργίας
2781 1289 3113 1360 ἀρξάμενον.
3141 1287 3300 1338 Ὥστε
3335 1284 3427 1336 τὸν
3459 1282 3636 1349 ’Δδὰμ

2050 1386 2178 1451 περὶ
2205 1384 2306 1453 τῆς
2338 1383 2482 1446 Εὔας
2505 1383 2707 1451 λέγειν,
2729 1378 3053 1453 προφητικῷ
3079 1376 3324 1447 δηλονότι
3354 1375 3633 1445 χαρίσμα-

2047 1491 2120 1528 τι·
2145 1475 2400 1528 ι”Ενεκεν
2426 1474 2615 1528 τούτου
2636 1472 2953 1541 καταλείψει
2981 1470 3266 1540 ἄνθρωπος
3298 1467 3390 1520 τὸν
3420 1465 3633 1532 πατέρα

2047 1565 2234 1631 αὐτοῦ,
2267 1567 2361 1621 καὶ
2387 1567 2487 1638 τὴν
2522 1565 2732 1636 μητέρα
2779 1563 2967 1630 αὑτοῦ,
3024 1561 3119 1616 καὶ
3151 1557 3632 1631 προσκολληθήσε-

2045 1675 2134 1712 ται
2167 1659 2306 1729 πρὸς
2333 1659 2430 1730 τὴν
2454 1661 2689 1728 γυναῖκα
2727 1657 2924 1722 αὑτοῦ,
2962 1656 3055 1710 καὶ
3085 1654 3303 1707 ἔσονται
3333 1652 3382 1704 οἱ
3429 1650 3525 1704 δύο
3553 1650 3629 1711 είς

2045 1750 2224 1820 σάρκα
2253 1751 2400 1820 μίαν.
2444 1769 2464 1802 ι
2501 1749 2756 1820 Ἀδραὰμ
2773 1748 2829 1802 δὲ
2865 1747 3152 1818 προφήτης
3181 1743 3314 1816 παρ’
3347 1739 3514 1795 αὑτοῦ
3537 1738 3626 1793 τοῦ

2043 1841 2202 1906 Θεοῦ,
2235 1840 2408 1895 ταῦτα
2437 1842 2572 1911 πρὸς
2603 1841 2696 1894 τὸν
2725 1839 3020 1909 Ἀδιμέλεχ
3049 1836 3322 1898 εἰπόντος,
3352 1832 3628 1904 προσηγό-

2045 1951 2230 2006 ρευται
2249 1949 2266 1965 ·
2296 1952 2315 1986 ι
2337 1933 2562 1997 ’Δπόδος
2587 1932 2686 2002 τὴν
2706 1933 2940 2000 γυναῖκα
2966 1929 3044 1998 τῷ
3063 1927 3160 1982 ἀνθ
3170 1925 3360 1997 ρώπῳ,
3384 1926 3470 1978 ὃτι
3499 1940 3629 1991 προ-

2044 2029 2222 2100 φήτης
2264 2025 2435 2080 ἐστίν.
2469 2044 2488 2078 ι
2549 2025 2624 2079 οὐ
2658 2023 2810 2095 μόνοι
2873 2021 3053 2076 τοίνυν
3083 2019 3361 2090 προφῆται
3401 2015 3626 2084 γεγόνα-

2044 2136 2164 2184 σιν,
2197 2113 2271 2172 ὧν
2301 2117 2578 2188 ἔγγραφος
2606 2117 2640 2186 ἡ
2688 2113 2995 2185 προφητεία
3048 2111 3310 2181 φέρεται·
3342 2109 3466 2162 ἐπεὶ
3514 2107 3624 2168 1:13;

2046 2211 2143 2282 μὲν
2177 2213 2205 2263 ό
2224 2207 2479 2279 Σαμουὴλ
2511 2205 2806 2278 προφητῶν
2836 2205 3062 2275 ἔξαρχος
3091 2200 3482 2270 ἐπωνόμαστος
3512 2197 3627 2260 πῶς

2042 2301 2098 2355 δὲ
2135 2301 2243 2354 υἱοὶ
2277 2297 2573 2370 προφητῶν
2603 2298 2654 2349 οί
2679 2294 3034 2365 συναγόμενοι
3061 2292 3217 2363 παρὰ
3239 2291 3329 2344 τέν
3359 2289 3628 2342 Ἐλισαῖον

2042 2390 2326 2459 ἐλέγοντο;
2357 2389 2670 2462 Προφητεία
2717 2386 2826 2457 γὰρ
2875 2386 3150 2457 ἔγγραφος
3182 2383 3243 2436 ού
3286 2379 3492 2434 τούτων
3531 2379 3631 2448 μὲν

2041 2478 2156 2547 οὖν,
2185 2481 2309 2535 οὐδὲ
2343 2480 2564 2534 ἐκείνων
2597 2478 2843 2550 φέρεται.
2864 2478 3020 2531 Ὅσοι
3043 2476 3220 2529 τοίνυν
3249 2470 3387 2545 ἦσαν
3409 2472 3510 2540 τὴν
3538 2489 3630 2538 φι-

2042 2572 2296 2640 λοσοφίαν
2327 2571 2458 2634 ἴσως
2486 2568 2629 2639 ὑπὲρ
2651 2568 2781 2632 τοὺς
2807 2567 2998 2630 ἄλλους
3027 2563 3320 2630 ἐξαίρετοι,
3341 2556 3492 2615 οὗτοι
3536 2561 3630 2612 καὶ

2040 2664 2140 2737 τὴν
2165 2661 2510 2735 προφητικὴν
2543 2661 2779 2731 θεωρίαν
2800 2659 3082 2728 γεγονότες
3109 2657 3395 2726 ἐπίσημοι,
3429 2653 3463 2724 ἢ
3485 2655 3629 2724 ταῖς

2045 2756 2343 2825 ἱστορικαῖς
2394 2752 2594 2823 βίϐλοις
2633 2751 2732 2822 τῆς
2796 2750 3159 2804 θεοπνεύστου
3205 2746 3426 2817 Γραφῆς
3449 2784 3464 2807 ,
3529 2745 3633 2797 ὅσα

2043 2843 2372 2916 προφητικῷ
2396 2842 2682 2912 Πνεύματι
2703 2841 2951 2904 εἰπόντες
2978 2838 3334 2910 ἥπράξαντες
3356 2835 3631 2903 ὑπῆρχον,

2041 2933 2451 3004 ἀνεγράφησαν,
2473 2930 2662 3002 ὥσπερ
2696 2929 2972 3002 Σαμουὴλ,
3009 2930 3196 2990 Ἠλίας
3229 2944 3286 2980 τε
3318 2927 3420 2982 καὶ
3449 2925 3635 2978 Ἐλισ-

369 3024 499 3089 niel,
535 3025 762 3096 Aggmus
788 3035 844 3082 et
866 3026 1176 3092 Zacharias,
1211 3027 1512 3096 captivitati
1543 3029 1725 3098 populi
1751 3028 1942 3085 Judai-

2047 3027 2191 3088 σαῖος
2211 3040 2224 3054 ·
2258 3024 2291 3095 ἢ
2319 3023 2558 3093 βίϐλους,
2583 3021 2980 3092 ἐπιτραπέντες
2996 3019 3146 3116 παρὰ
3171 3017 3265 3071 τοῦ
3286 3017 3640 3084 Πνεύματος,

368 3114 418 3169 ci
447 3115 592 3185 apud
623 3115 878 3186 Assyrios
910 3117 1244 3186 posteriores
1277 3118 1626 3186 prophetam.
1677 3119 1944 3177 Jeremias

2047 3116 2201 3172 αύτοὶ⁵
2249 3114 2596 3186 προφητικὰς
2631 3112 2961 3178 συνέταξαν·
3003 3106 3105 3165 οἷοί
3135 3128 3276 3174 τινες
3307 3111 3359 3162 oi
3395 3109 3640 3174 δώδεκα,

369 3212 553 3260 autem
583 3205 727 3259 hanc
760 3205 933 3275 ipsam
962 3205 1335 3276 captivitatem
1357 3207 1705 3264 vaticinatur.
1733 3209 1946 3281 Sopho-

370 3296 492 3350 nias
536 3311 650 3351 non
704 3303 822 3351 toto
851 3305 1098 3366 tempore
1151 3312 1268 3352 sua:
1299 3299 1624 3370 prophetiae,
1666 3301 1760 3356 sed
1792 3311 1947 3371 parte

372 3396 624 3452 tantum,
672 3385 857 3442 ﬂoruit
905 3395 1167 3458 regnante
1240 3387 1424 3456 Josia;
1480 3406 1592 3460 quo
1628 3391 1795 3446 etiam
1855 3407 1945 3448 re-

370 3488 573 3550 gnante
604 3478 874 3535 Jeremias
895 3479 1179 3534 vaticinari
1209 3480 1524 3551 incipiebat.
1545 3483 1741 3538 Caeteri
1763 3492 1945 3540 autem

373 3570 526 3625 Isaiae
575 3571 795 3640 quidem
824 3571 1310 3642 contemporanei,
1361 3574 1458 3629 sed
1499 3574 1752 3630 Samuele
1775 3615 1791 3640 ,
1830 3577 1947 3632 Elia

370 3672 428 3716 et
460 3662 653 3718 Elisaeo
686 3663 1038 3718 recentiores.
1072 3661 1129 3720 Id
1163 3680 1229 3720 ex
1251 3678 1320 3719 eo
1367 3673 1520 3734 patet
1568 3667 1712 3736 quod
1752 3667 1947 3723 Elisaeo

372 3755 626 3810 morienti
655 3755 828 3811 adfuit
876 3755 1025 3823 Joas,
1049 3771 1148 3812 rex
1195 3756 1382 3812 Israel.
1425 3758 1482 3812 In
1509 3759 1705 3814 diebus
1762 3769 1945 3816 autem

371 3846 662 3902 Jeroboam
683 3887 698 3912 ,
730 3863 840 3902 non
871 3847 966 3902 ﬁlii
1021 3849 1234 3903 Nabath
1263 3888 1278 3913 ,
1311 3849 1407 3904 sed
1459 3849 1554 3905 Illii
1596 3849 1724 3906 Joas
1744 3893 1758 3918 ,
1809 3852 1948 3908 Osee

371 3939 713 4008 prophetiam
743 3939 874 3994 edit.
915 3939 1088 4004 Simul
1112 3956 1237 3995 cum
1267 3956 1333 3997 eo
1394 3940 1698 3997 ﬂoruerunt
1754 3942 1946 4007 Amos,

373 4031 629 4086 Michaeas
662 4039 718 4086 et
741 4030 946 4094 Isaias;
994 4031 1138 4087 sicut
1175 4033 1478 4088 enumerati
1519 4033 1574 4087 in
1606 4033 1788 4089 fronte
1833 4034 1949 4089 sin-

371 4123 620 4191 gulorum
650 4122 952 4192 prophetia:
980 4136 1140 4194 reges
1165 4124 1410 4180 studiose
1435 4125 1698 4194 querenti
1715 4135 1770 4181 et
1795 4141 1948 4181 scru-

372 4215 505 4268 tanti
544 4215 787 4270 indicare
855 4223 1108 4285 possunt.
1144 4215 1296 4281 Quod
1324 4226 1508 4272 autem
1544 4217 1700 4273 deest
1722 4218 1948 4288 prologo

370 4307 686 4363 necessario
737 4307 1034 4362 addemus:
1077 4307 1311 4372 scilicet,
1343 4307 1512 4362 Amos
1543 4316 1600 4363 et
1628 4306 1770 4363 Osee
1803 4308 1947 4377 apud

2056 3207 2288 3271 Ἠσαίας
2317 3225 2398 3273 τε,
2421 3207 2515 3260 καὶ¹
2545 3205 2834 3276 Ἱερεμίας.
2869 3204 2965 3259 καὶ
2986 3203 3269 3273 Ἰεζεκιὴλ,
3302 3201 3400 3256 καὶ⁵
3427 3200 3645 3271 Δανιὴλ

2045 3301 2333 3369 γεγόνασιν
2353 3315 2367 3331 ·
2394 3291 2470 3352 ὧν
2487 3295 2749 3366 Ἰεζεκιὴλ
2780 3297 2876 3367 μὲν
2915 3295 3008 3350 καὶ
3034 3295 3254 3364 Δανιὴλ,
3283 3293 3553 3361 ’Δγγᾶιός
3581 3309 3645 3346 τε

2046 3393 2140 3446 καὶ
2173 3390 2470 3462 Ζαχαρίας,
2505 3390 2604 3459 τῆς
2663 3387 2916 3452 ἁλώσεως
2959 3387 3057 3458 τῆς
3115 3387 3177 3452 ἐξ
3204 3385 3525 3456 Ἀσσυρίων
3566 3387 3646 3454 τῷ

2045 3483 2159 3554 λαῷ
2185 3483 2471 3553 συμϐάσης
2500 3481 2612 3535 τῶν
2640 3480 2932 3544 Ἰουδαίων,
2974 3478 3193 3549 ὕστεροι
3246 3477 3645 3550 προφητεύου-

2049 3592 2153 3629 σιν.
2197 3573 2468 3644 Ἰερεμίας
2493 3573 2552 3625 δὲ
2575 3571 2783 3642 ταύτην
2815 3569 3150 3642 προφητεύει
3181 3569 3281 3639 τὴν
3329 3569 3588 3622 ἅλωσιν·
3620 3572 3649 3622 ὁ

2047 3664 2308 3734 Σοφονίας
2334 3663 2396 3718 ού
2423 3663 2603 3718 πάντα
2636 3664 2726 3717 τὸν
2760 3663 2952 3734 καιρὸν
2982 3663 3082 3732 τῆς
3113 3664 3486 3732 προφητείας,
3528 3662 3648 3715 ἀλλ’

2045 3755 2155 3808 ἀπὸ
2187 3754 2389 3825 μέρους
2421 3754 2792 3825 συνήκμασεν,
2854 3751 2949 3805 ἐπὶ
2975 3751 3075 3821 τῆς
3099 3749 3302 3806 Ἰωσίου
3351 3750 3650 3818 βασιλείας

2049 3845 2472 3923 προφητεύσας·
2525 3845 2612 3914 ἐφ’
2667 3837 2730 3898 οὗ
2789 3844 2888 3914 τῆς
2945 3844 3285 3913 προφητείας
3357 3839 3651 3910 Ἱερεμίας

2047 3937 2276 4009 ῆρξατο·
2303 3937 2545 3992 οίλοιποὶ
2570 3936 2629 3991 δὲ
2657 3937 2878 3990 Ἡσαΐου
2903 3935 3001 4005 μὲν
3029 3934 3341 4004 σύγχρονοι,
3370 3932 3526 3986 ἀλλὰ
3559 3937 3653 3987 καὶ

2047 4029 2324 4098 Σαμουὴλ,
2349 4029 2443 4082 καὶ
2459 4026 2668 4092 Ἠλίου,
2691 4025 2786 4080 καὶ
2817 4024 3123 4078 Ἐλισσαίου
3148 4022 3430 4093 νεώτεροι.
3463 4026 3650 4093 Δῆλον

2047 4121 2158 4191 γὰρ
2185 4121 2279 4189 ἀφ’
2331 4113 2407 4175 ὧν
2443 4119 2520 4188 τῷ
2555 4119 2656 4189 μὲν
2701 4116 2993 4187 Ἐλισσαίῳ
3023 4115 3206 4186 παρῆν
3260 4114 3422 4178 Ἰωίς
3478 4118 3514 4169 ὁ
3555 4117 3651 4169 τοῦ

2047 4211 2264 4282 Ἰσραὴλ
2292 4211 2567 4281 βασιλεὺς,
2593 4209 2683 4263 τὸν
2715 4208 2830 4278 βίον
2863 4207 3218 4278 μεταλλάττει
3237 4223 3250 4236 ·
3280 4208 3342 4258 ἐν
3391 4207 3652 4278 ἡμέραις

2047 4305 2106 4358 δὲ
2137 4305 2438 4376 Ἰεροὸοὰμ,
2454 4304 2515 4357 οὐ
2537 4302 2632 4357 τοῦ
2657 4302 2775 4356 υίοῦ
2797 4301 3010 4366 Ναυὰτ,
3035 4291 3171 4354 ἀλλὰ
3189 4299 3284 4352 τοῦ
3309 4300 3438 4352 υίοῦ
3461 4300 3648 4363 Ἰωᾶς,

367 4399 612 4454 Judaeum
662 4408 718 4453 et
775 4397 1077 4453 Samariam
1131 4398 1597 4468 prephetaverunt
1641 4415 1656 4453 :
1718 4409 1775 4455 et
1821 4400 1944 4456 ideo

2061 4396 2224 4465 Ὠσηὲ
2275 4396 2378 4465 τὴν
2434 4394 2776 4466 προφητείαν
2829 4394 3143 4447 ἐκτίθεται·
3199 4391 3382 4462 τούτῳ
3434 4392 3502 4445 δὲ
3558 4397 3653 4446 καὶ

370 4492 514 4544 inter
577 4504 731 4560 reges
805 4489 960 4544 Judae
1021 4489 1356 4555 Jcroboam,
1426 4490 1518 4560 qui
1582 4491 1772 4547 decem
1842 4490 1944 4546 tri-

367 4581 538 4636 buum
574 4580 740 4635 Israel
785 4589 1156 4648 separatarum
1204 4582 1379 4636 tenuit
1415 4591 1714 4652 sceptrum,
1762 4600 1937 4639 annu-

370 4677 605 4724 merant.
645 4668 799 4723 Patet
827 4677 1010 4723 autem
1041 4669 1316 4723 Amasiam
1377 4671 1716 4727 sacerdotem
1751 4673 1942 4730 Bethel

369 4759 488 4816 hinc
519 4759 586 4814 ad
613 4757 780 4814 Amos
801 4758 1036 4814 dixisse:
1073 4778 1093 4812 ‹
1115 4759 1425 4830 Trasmigra
1483 4762 1538 4816 in
1579 4771 1778 4818 terram
1802 4765 1943 4821 Juda

371 4860 430 4907 et
473 4851 545 4904 ibi
583 4850 702 4904 vive
731 4889 747 4917 ,
779 4857 837 4904 et
865 4849 938 4905 ibi
1006 4851 1394 4922 prophetabis:
1427 4851 1488 4907 In
1524 4851 1712 4910 Bethel
1761 4865 1942 4912 autem

371 4957 484 4997 non
513 4941 761 5012 adiicias.
795 4961 816 4994 ι
853 4941 1130 5012 Quotquot
1155 4950 1337 4998 autem
1359 4942 1560 5000 futura:
1591 4943 1792 5001 Iudaeae
1810 4962 1942 5016 pro-

375 5035 617 5104 phetiam
675 5033 1144 5104 praedicaverunt,
1179 5035 1235 5091 hi
1261 5035 1439 5091 solum
1497 5051 1654 5108 rcges
1720 5039 1776 5093 in
1818 5054 1938 5094 eam

369 5137 663 5197 regnantes
691 5135 1136 5182 commemorant.

2061 4486 2243 4559 Ἀμὼς
2269 4489 2364 4542 καὶ
2389 4487 2628 4557 Μιχαίας
2659 4487 2752 4540 καὶ
2791 4485 3019 4549 Ἡσαΐας
3054 4485 3422 4556 συνήκμασαν
3443 4499 3460 4514 ·
3497 4485 3580 4548 ὡς
3603 4486 3652 4536 οξ

2049 4581 2486 4651 προτεταγμένοι
2544 4582 2645 4650 τῆς
2705 4578 2938 4632 ἑκάστου
2992 4576 3335 4647 προφητείας
3389 4574 3652 4644 βασιλεῖς

2048 4672 2338 4726 παιδεῦσαι
2368 4671 2459 4724 τὸν
2489 4671 2600 4724 ἀπὸ
2629 4670 2862 4737 σπουδῆς
2903 4668 3215 4740 μελετῶντά
3241 4684 3300 4719 τε
3340 4667 3443 4720 καὶ
3463 4671 3650 4736 ψηλαο

2048 4765 2235 4834 φῶντα
2256 4765 2534 4818 δύνανται.
2566 4764 2746 4833 Ὅπερ
2775 4763 2833 4815 δὲ
2863 4761 3048 4814 λοιπόν
3077 4761 3197 4814 ἐστι
3233 4760 3314 4829 τῷ
3354 4762 3648 4829 προλόγῳ,

2045 4856 2361 4924 ἀναγκαίως
2395 4854 2778 4926 προσθήσομεν
2799 4870 2814 4884 ·
2851 4852 2927 4916 ὡς
2951 4851 3135 4922 ’Δμὼς
3165 4851 3258 4905 καὶ
3293 4852 3466 4920 Ὠσηὲ
3506 4853 3650 4904 κατὰ

2045 4944 2144 5016 τὴν
2169 4944 2428 5000 Ἰουδαίαν
2452 4945 2549 4998 καὶ
2578 4943 2892 5015 Σαμάρειαν
2911 4943 3393 5013 προφητεύσαντες
3418 4942 3650 5012 ἔτυχον,

2046 5039 2143 5092 καὶ
2176 5041 2368 5093 τούτου
2419 5039 2580 5111 χάριν
2626 5040 2737 5100 τοῖς
2773 5035 3055 5107 βασιλεῦσι
3096 5036 3196 5106 τῆς
3231 5034 3515 5098 Ἰουδαίας
3556 5035 3650 5087 τὸν

2058 5131 2340 5204 Ἰεροσοὰμ
2366 5132 2460 5185 τὸν
2480 5131 2547 5185 τὰ
2565 5130 2700 5184 δέκα
2727 5129 2984 5200 σκῆπτρα
3016 5127 3118 5196 τῆς
3140 5124 3548 5196 ἀφορισθείσης
3568 5124 3650 5195 τῷ

371 5220 594 5292 Ἰσραὴλ
625 5219 898 5291 βασιλείας
947 5219 1223 5290 ἐσχηκότα
1259 5221 1591 5288 συνέταξαν·
1620 5223 1780 5294 δῆλον
1820 5223 1877 5278 δὲ
1905 5224 1987 5279 ὅτι
2029 5225 2300 5296 ’Δμασίας
2330 5227 2359 5280 ὁ
2407 5226 2587 5294 ἱερεὺς
2619 5223 2819 5293 Βαιθὴλ
2866 5221 3096 5276 τοιαῦτα
3137 5221 3272 5292 πρὸς
3319 5220 3415 5273 τὸν
3453 5219 3649 5290 Ἀμιὶς

371 5308 672 5379 ἐφθέγξατο
701 5322 718 5339 ·
756 5307 1143 5380 ιἘκχώρησον
1177 5313 1257 5375 είς
1299 5312 1404 5382 γῆν
1443 5311 1651 5379 Ἰούδα,
1710 5314 1804 5368 καὶ
1847 5316 1967 5368 ἐκεῖ
2017 5315 2312 5380 καταόίου,
2365 5315 2460 5369 καὶ
2490 5317 2609 5369 ἐκεῖ
2664 5311 3088 5384 προφητεύσεις.
3124 5331 3142 5363 ι
3192 5311 3287 5374 Εἰς
3334 5310 3391 5363 δὲ
3429 5309 3647 5382 Βαιθὴ)

373 5404 560 5460 οὐκέτι
587 5403 833 5474 προσθῇς
855 5420 872 5437 ·
902 5407 1018 5460 ὅσοι
1047 5405 1103 5459 δὲ
1146 5405 1246 5478 τῆς
1285 5406 1550 5472 Ἰουδαίας
1581 5407 1845 5479 ἐσομένης
1885 5407 1986 5480 τὴν
2025 5409 2358 5482 προφητείαν
2403 5407 2698 5480 ἐκήρυξαν,
2731 5400 2876 5460 οὗτοι
2901 5405 3061 5478 μόνον
3081 5404 3193 5460 τῶν
3209 5405 3268 5459 ἐν
3299 5403 3448 5476 αὐτῇ
3484 5405 3646 5472 βασις

371 5495 680 5550 Μυσάπων
711 5501 1038 5567 μέμνηνται.
