3936 6200
341 255 480 324 1345

591 401 941 461 ΚΕΦΑΛΑΙΛ
976 409 1054 481 (5)
1087 410 1263 465 ΩΣΗΕ
1295 412 1686 468 ΠΡΟΦΗΤΟΥ.

406 520 477 571 α’.
503 515 685 573 Είκὼν
719 520 819 591 τῆς
840 521 949 576 τῶν
999 523 1271 580 Ἰουδαίων
1316 527 1666 597 συναγωγῆς,
1718 525 1779 591 ἐξ
1805 521 1872 600 ἦς
1899 528 1928 579 6

340 607 574 680 Χριστὸς
591 605 808 668 τὸκατά
842 615 1020 685 σάρκα
1047 615 1290 672 τίκτεται
1312 634 1325 649 ο
1354 620 1447 671 καὶ
1481 618 1611 672 λαοῦ
1641 619 1702 672 τὸ
1733 619 1831 688 μὲν
1870 620 1928 672 ἐν

341 704 568 775 ἀπιστίᾳ
608 703 844 776 ἔμεινεν,
874 708 1012 763 τὸδὲ
1067 710 1289 782 ὕστερον
1318 712 1637 783 ἐπιστρέφει
1681 712 1776 767 καὶ
1819 711 1927 765 σώ-

341 811 514 854 εεται.

422 903 487 977 β’.
517 908 744 980 ’Λπειλὴ
766 911 907 966 κατά
931 911 1033 982 τῆς
1072 913 1395 985 συναγωγῆς
1416 954 1431 978 ,
1462 915 1543 970 ὅτι
1569 915 1788 971 πάντων
1817 917 1926 972 τῶν

339 998 603 1053 δοθέντων
625 1003 764 1073 αὑτῇ
792 1003 942 1074 παρά
966 1003 1103 1057 Θεοῦ
1134 1005 1376 1075 ἀγαθῶν,
1423 1006 1680 1062 ἀλλὰκαὶ
1713 1002 1788 1063 ὧν
1808 1009 1924 1064 ἐδο-

340 1089 432 1156 ξεν
461 1091 524 1144 ὲκ
547 1092 656 1146 τῶν
684 1093 919 1147 εἰδώλων
955 1095 1124 1166 ἔχειν,
1156 1099 1602 1169 γυμνωθήσεται.

408 1188 478 1249 γ’.
500 1183 834 1256 Πρόρῤησις,
861 1187 1009 1250 ὅπως
1035 1187 1188 1259 ήμὲν
1209 1190 1510 1262 Συναγωγή
1528 1191 1638 1265 τῶν
1654 1191 1925 1246 Ἰουδαίων

338 1273 708 1340 ταπεινοῦται,
732 1276 826 1330 καὶ
841 1273 939 1346 τῆξ
969 1278 1214 1344 δουλείας
1233 1280 1332 1349 τῆς
1352 1281 1462 1334 τῶν
1495 1281 1730 1335 εἰδώλων
1751 1281 1925 1336 παύε-

242 1390 244 1392 τ
339 1381 460 1418 ται·
489 1366 540 1418 ot
579 1365 638 1431 ὲξ
657 1367 833 1438 αὐτῆς
861 1368 918 1421 δὲ
973 1370 1366 1436 πιστεύσαντες
1410 1375 1802 1444 κοινωνήσουσι
1828 1375 1926 1446 τῆς

338 1455 468 1519 νέας
498 1455 786 1529 διαθήκης,
820 1459 914 1514 καὶ
945 1459 1053 1512 τῶν
1079 1462 1139 1514 ἐν
1165 1462 1385 1534 Χριστῷ
1437 1465 1759 1538 μυστηρίων
1811 1469 1927 1530 τοῖς

336 1546 537 1603 ἔθνεσι.

322 1733 324 1735 γ
404 1662 468 1716 δ’.
499 1663 820 1736 Κατηγορία
838 1668 938 1738 τῆς
966 1669 1418 1740 Συναγωγῆς,δτι
1447 1670 1603 1742 παρά
1623 1672 1758 1728 Θεοῦ
1787 1674 1923 1744 ἀγα⁴

336 1752 566 1823 πωμένη
593 1757 707 1818 τοῖς
744 1757 990 1823 εἰδώλοις
1041 1762 1395 1834 προσέδραμε
1414 1781 1436 1797 ⁸
1463 1766 1559 1819 καὶ
1589 1766 1917 1838 πρόρρησις,
1952 1744 1994 1799 Β

335 1843 485 1906 ὅπως
515 1844 828 1918 ὁλοκλήρως
854 1850 994 1922 αὐτῇ
1026 1853 1096 1907 τὰ
1132 1853 1232 1923 τῆς
1261 1855 1496 1926 ἀρχαίας
1517 1857 1794 1922 πολιτείας
1815 1859 1919 1932 ἁρ-

335 1935 502 2006 γήσῃ,
526 1936 663 2007 αὐτὴ
685 1937 744 1990 δὲ
777 1941 1081 2015 ἐπιστρέψῃ
1115 1945 1252 2016 πρὸς
1281 1946 1372 2001 τὸν
1394 1948 1632 2018 Χριστὸν
1653 1951 1734 2015 εἷς
1761 1949 1920 2006 ὕστε-

341 2041 453 2094 ρον.

405 2146 468 2197 ε¹.
500 2142 767 2214 Διήγησις
803 2139 878 2201 ὧν
897 2149 926 2201 6
951 2147 1080 2214 λαδς
1108 2149 1220 2204 τῶν
1246 2151 1518 2209 Ἰουδαίων
1543 2155 1636 2210 καὶ
1655 2156 1704 2211 οί
1731 2157 1920 2212 τούτου

339 2231 504 2301 ἰερεῖς
524 2233 762 2302 ἠσέϐουν
789 2237 883 2290 καὶ
904 2239 1249 2310 ἡμάρτανον.

412 2323 484 2389 ς’.
512 2325 837 2399 Κατηγορία
861 2331 970 2384 τῶν
997 2332 1307 2390 Ἰουδαϊκῶν
1329 2337 1610 2409 ἀρχόντων
1629 2357 1642 2371 ·
1665 2341 1746 2395 ὅτι
1771 2342 1923 2413 παρά

338 2415 438 2486 τὴν
465 2415 649 2471 αὐτῶν
679 2420 858 2473 αἰτίαν
885 2424 913 2474 ὀ
961 2422 1090 2488 λαὸς
1137 2424 1517 2499 ἐξημάρτανε·
1546 2432 1640 2484 καὶ
1683 2433 1924 2501 γνησίως

341 2508 442 2578 μὲν
459 2510 595 2580 πρὸς
621 2511 714 2566 τὸν
743 2511 877 2566 Θεὸν
926 2515 1028 2568 οὐκ
1057 2517 1415 2589 ἐπέστρεφον,
1465 2524 1603 2592 μετά
1633 2523 1837 2578 θυσιῶν
1867 2525 1924 2578 δὲ

337 2599 500 2654 αὐτὸν
523 2600 736 2672 ἀλόγων
772 2603 978 2676 ἐζήτει,
1010 2607 1104 2660 καὶ
1124 2609 1210 2662 διὰ
1235 2609 1392 2664 τοῦτο
1419 2613 1518 2682 οὺχ
1546 2612 1800 2687 ηὕρισκε.

408 2711 474 2777 ζ’.
504 2715 863 2788 Πρόσταγμα,
914 2721 1258 2792 κηρυχθῆναι
1307 2721 1397 2778 σία
1443 2725 1470 2778 6
1524 2725 1650 2791 λαὸς
1685 2728 1785 2798 μὲν
1816 2727 1924 2783 τῶν

337 2803 610 2860 Ἰουδαίων
641 2809 978 2882 ἐξήμαρτεν·
1030 2814 1060 2867 6
1089 2814 1325 2885 Χριστὸς
1357 2815 1414 2869 δὲ
1456 2815 1543 2870 διὰ
1573 2815 1671 2870 τοῦ
1710 2836 1924 2889 μυστη-

338 2894 456 2966 ρίου
489 2899 584 2952 καὶ
609 2899 709 2971 τῆς
741 2901 1096 2970 ἀναστάσεως
1123 2904 1218 2960 κα)⁸
1243 2906 1344 2978 τῆς
1378 2907 1699 2980 ἀναλήψεως
1727 2911 1828 2983 τῆς
1843 2914 1925 2977 είς

335 2988 596 3059 οὐρανοὺς
626 2991 880 3064 ἔπραξεν.

1404 271 1486 333 ΙΝ
1525 272 1641 332 XII
1681 272 2128 334 PROTHETAS
2168 273 2530 335 MINORES.

1951 398 1999 455 Α
2040 447 2050 457 .

3472 269 3606 336 1346

2383 415 2631 472 CAPITA
2665 415 2845 471 OSEE
2885 414 3298 470 ΡΒΟΡΙῘΕΤᾹΞ.

2098 528 2140 583 Ι.
2182 527 2397 604 Elligies
2422 530 2714 602 Syuagogae
2740 531 3052 586 Iudaeorum
3093 547 3155 586 ex
3207 545 3313 601 qua
3350 529 3603 585 Christus

2009 622 2327 676 secundum
2364 637 2587 676 carnem
2637 623 2905 686 nascitur,
2942 630 2996 677 et
3023 621 3210 693 populi
3245 619 3264 694 [
3296 621 3389 691 qui
3422 621 3441 693 1
3490 615 3606 691 pri-

2028 729 2176 767 mum
2221 714 2441 784 quidem
2494 715 2550 768 in
2603 714 2988 770 incredulitate
3049 713 3371 785 permansit,
3417 721 3604 784 postea

2017 819 2157 878 vero
2194 819 2254 860 se
2290 805 2560 860 convertit
2588 814 2642 860 et
2680 805 2940 861 salvatur.

2097 914 2164 970 ll.
2209 913 2368 970 Minae
2429 915 2694 971 adversus
2739 915 3100 989 Synagngam,
3157 915 3366 972 scilicet
3425 915 3606 971 omni-

2025 1007 2129 1062 bus
2188 1021 2220 1061 a
2271 1007 2380 1063 Deo
2413 1010 2654 1079 acceptis
2684 1009 2847 1064 bonis
2871 1049 2888 1075 ,
2923 1008 3054 1080 quin
3083 1008 3251 1064 etiam
3297 1008 3363 1062 iis
3391 1021 3511 1078 quae
3536 1007 3606 1062 ab

2026 1100 2184 1162 idolis
2211 1099 2459 1157 obtinere
2489 1102 2592 1156 sibi
2607 1103 2721 1158 visa
2748 1111 2856 1170 est,
2887 1103 3145 1158 nudatam
3165 1103 3251 1159 iri.
3316 1145 3320 1150 μ

2099 1191 2185 1246 Ill.
2235 1193 2529 1248 Praadictio
2587 1196 2863 1265 quomodo
2936 1195 3252 1251 Judmorum
3324 1194 3603 1266 Synagoga

2027 1282 2364 1348 humiliatur,
2395 1296 2453 1340 et
2485 1301 2519 1340 α
2553 1286 2818 1342 servitute
2871 1272 3139 1342 idolOrum
3186 1287 3467 1342 liberatur.
3502 1286 3604 1353 Qui

2025 1391 2092 1429 ex
2123 1389 2187 1442 ea
2217 1375 2554 1431 crediderint
2613 1377 3099 1433 communicabunt
3168 1393 3294 1434 cum
3353 1379 3606 1451 gentibus

2027 1482 2223 1523 novum
2257 1467 2437 1524 foedus
2468 1477 2524 1522 et
2575 1468 2630 1522 in
2665 1468 2882 1524 Christo
2927 1469 3205 1541 mysteria.

2097 1679 2190 1736 IV.
2229 1678 2524 1734 Aecusatio
2563 1677 2882 1750 Syuagogae,
2914 1678 3080 1748 quod.
3118 1692 3239 1733 cum
3279 1693 3309 1733 a
3342 1678 3450 1733 Deo
3479 1678 3604 1734 dili-

2024 1780 2242 1843 geretur
2268 1811 2284 1837 ,
2325 1771 2392 1826 ad
2433 1771 2578 1826 idola
2620 1786 2681 1826 se
2733 1770 3051 1826 contulerit.
3071 1771 3140 1824 Et
3161 1770 3439 1839 praedictio
3465 1785 3602 1839 qun-

2022 1864 2184 1919 modo
2215 1878 2376 1919 suum
2427 1863 2502 1918 illi
2531 1863 2813 1934 antiquum
2856 1862 3098 1934 regimen
3137 1862 3360 1916 omnino
3393 1861 3602 1917 irritum

2022 1957 2155 2024 ﬁet;
2191 1957 2308 2028 ipsa
2338 1970 2470 2012 vero
2507 1970 2566 2011 se
2596 1964 2880 2012 convertet
2908 1963 3093 2026 postea
3132 1954 3199 2010 ad
3241 1953 3545 2010 Christum.

2093 2143 2160 2198 V.
2200 2141 2456 2199 Narratio
2486 2157 2680 2198 eorum
2709 2143 2763 2197 in
2795 2143 2998 2213 quibus
3019 2141 3335 2198 Iudaeorum
3367 2144 3604 2213 populus

2023 2244 2080 2290 et
2104 2237 2224 2305 ejus
2251 2235 2562 2289 sacerdotes
2598 2233 2762 2304 impie
2785 2242 3013 2304 egerunt
3039 2243 3095 2289 et
3122 2243 3504 2304 peccaverunt.

2095 2326 2182 2382 γι.
2236 2326 2528 2381 Aecusatio
2569 2325 2885 2379 Iudaeorum
2939 2324 3248 2395 principum
3273 2367 3289 2391 ,
3325 2326 3470 2394 quod
3511 2341 3606 2396 per

1993 2445 2000 2448 -
2025 2433 2216 2474 eorum
2257 2419 2475 2487 culpam
2502 2416 2738 2487 populus
2766 2417 3046 2486 peccavit,
3083 2431 3188 2471 nec
3215 2418 3453 2488 ingenue
3484 2417 3606 2487 qui-

2025 2511 2146 2565 dem
2182 2511 2248 2564 ad
2287 2510 2457 2565 Deum
2523 2524 2582 2563 se
2615 2509 2907 2575 convertit;
2939 2509 3036 2564 sed
3069 2524 3194 2563 eum
3253 2524 3378 2564 cum
3431 2509 3605 2581 illegi-

2027 2602 2174 2657 timis
2219 2601 2455 2657 victimis
2505 2601 2704 2670 quaerit
2757 2609 2814 2655 et
2838 2608 3128 2670 propterea
3161 2616 3271 2656 non
3304 2601 3533 2657 invenit.

2095 2715 2208 2772 VII.
2247 2714 2429 2772 Jussio
2455 2725 2516 2772 ut
2570 2715 2926 2772 denuntietur
2963 2730 3084 2785 quae
3113 2716 3348 2786 populus
3388 2714 3607 2772 Judaeu-

2026 2825 2147 2864 rum
2193 2807 2540 2880 peccaverit;
2572 2823 2694 2878 qua:
2751 2817 2936 2864 autem
2990 2809 3250 2864 Christus
3295 2824 3393 2880 per
3427 2822 3608 2864 resur-

2027 2902 2288 2958 rectionis
2321 2911 2376 2957 et
2402 2901 2736 2958 ascensionis
2753 2901 3070 2973 mysterium
3093 2901 3358 2957 etl'ecerit.

405 3111 476 3172 η’.
519 3105 786 3172 Ἔνδειξις
805 3109 904 3178 τῆς
939 3109 1035 3164 τοῦ
1058 3109 1196 3165 Θεοῦ
1227 3113 1662 3185 φιλανθρωπίας,
1700 3117 1799 3172 καὶ
1825 3117 1925 3189 τῆς

2098 3106 2239 3163 Vlll.
2283 3107 2694 3165 Demonstratio
2763 3107 2932 3165 divini
2974 3109 3030 3164 in
3097 3107 3350 3164 homines
3405 3110 3608 3164 amoris

336 3195 446 3248 τῶν
477 3198 752 3253 Ἰουδαίων
809 3201 1208 3274 ἀγνωμοσύνης
1230 3221 1244 3234 ·
1286 3205 1382 3258 καὶ
1417 3208 1739 3278 παραίνεσις
1789 3209 1927 3281 πρὸς

339 3287 560 3354 αὐτοὺς,
586 3289 803 3354 ἴνατοῖς
842 3292 1020 3347 ἔθνεσι
1041 3294 1143 3365 τῆς
1177 3296 1521 3367 ἐπιστροφῆς
1550 3298 1644 3352 καὶ
1683 3299 1785 3370 τῆς
1835 3300 1926 3366 ἐξ·

340 3378 722 3450 ομολογήσεως
749 3382 828 3452 τῷ
845 3383 1018 3456 λῃστῇ
1032 3385 1110 3456 τῷ
1139 3387 1284 3441 κατὰ
1303 3387 1396 3442 τὸν
1419 3389 1614 3462 καιρὸν
1639 3391 1735 3444 τοῦ
1759 3409 1926 3447 σταυ-

343 3471 440 3541 ροῦ
469 3473 697 3526 σωθέντι
724 3476 1118 3546 κοινωνήσωσι.

381 3621 384 3623 λ
413 3563 478 3618 θ’.
504 3566 830 3637 Κατηγορία
878 3567 974 3622 τοῦ
1000 3568 1258 3640 αἰσθητοῦ
1306 3569 1546 3644 Ἰσραὴλ,
1587 3573 1690 3628 ὅσα
1719 3576 1802 3640 είς
1835 3577 1926 3633 τὸν

341 3657 577 3727 Χριστὸν
597 3658 870 3730 διαφόρως
905 3658 1213 3733 ἐξήμαρτεο
1260 3665 1356 3718 καὶ
1395 3667 1478 3720 ὅτι
1513 3667 1927 3740 παλαιωθείσης

342 3747 524 3801 αὐτῶν
545 3748 646 3814 τῆς
670 3747 946 3814 πολιτείας
961 3749 1062 3803 οὐκ
1087 3751 1409 3822 ᾐσθάνοντο,
1432 3753 1716 3827 ἐζήλωσαν
1736 3757 1795 3812 δὲ
1819 3758 1928 3811 τῶν

341 3839 512 3894 ἐθνῶν
554 3840 653 3911 τὴν
683 3841 916 3912 ἀρχαίαν
948 3841 1228 3913 ἀσέΰειαν,
1282 3845 1398 3900 ἀνθ’
1423 3839 1499 3902 ῶν
1524 3848 1710 3914 αὐτοῖς
1736 3849 1929 3903 ταπεί-

341 3949 508 3987 νωσιν
534 3930 822 4003 ἠπείλησε.

416 4032 467 4080 ι’.
507 4026 721 4097 Θρῆνος
747 4026 845 4080 τοῦ
875 4027 1005 4082 λαοῦ
1035 4026 1143 4084 τῶν
1177 4029 1469 4097 Ἰουδαίων,
1489 4029 1577 4087 οἷα
1612 4033 1711 4103 μὲν
1736 4033 1817 4098 είς
1836 4035 1928 4088 τὸν

341 4115 474 4170 Θεὺν
513 4116 844 4189 ἐξήμαρτεν,
877 4111 968 4172 οἵα
1011 4117 1067 4172 δὲ
1111 4119 1239 4191 παρ’
1262 4121 1434 4176 αὑτοῦ
1481 4122 1884 4195 ὲπαιδεύθησαν
1909 4141 1924 4156 ⁸

343 4209 438 4262 καὶ
462 4211 610 4274 ὅπως
641 4211 730 4266 διὰ
753 4211 856 4282 τὴν
881 4210 1096 4284 πλάνην
1126 4212 1232 4266 τῶν
1258 4211 1494 4268 εἰδώλων
1522 4215 1794 4286 ἀπόληται
1833 4218 1931 4271 αὐ-

2026 3198 2450 3270 Judaeorumque
2500 3200 2839 3257 immemoris
2873 3201 3062 3256 animi.
3111 3201 3178 3256 Et
3209 3202 3278 3257 ad
3327 3202 3469 3273 ipsos
3513 3217 3605 3256 ex-

2027 3289 2265 3346 hortatio
2297 3299 2357 3346 ut
2381 3291 2623 3362 gentium
2643 3291 3022 3347 conversionis
3053 3302 3108 3348 et
3130 3292 3359 3348 latronis
3390 3293 3444 3348 in
3471 3302 3609 3346 tem-

2028 3395 2161 3451 pore
2184 3379 2362 3436 crucis
2387 3378 2579 3438 salvati
2609 3380 2906 3450 participes
2937 3381 3088 3436 ﬁant.

2098 3567 2190 3622 IX.
2233 3568 2526 3624 Accusatio
2555 3568 2818 3624 adversus
2866 3566 3176 3622 sensualem
3210 3565 3378 3623 Israel
3400 3569 3611 3624 scilicet

2027 3671 2161 3730 quot
2193 3670 2251 3716 et
2303 3669 2510 3730 quanta
2557 3661 2612 3715 in
2655 3659 2934 3716 Christum
2995 3661 3333 3730 peccaverit,
3369 3670 3426 3716 et
3462 3662 3609 3731 quod

2027 3749 2370 3818 antiquatum
2399 3763 2559 3802 suum
2589 3747 2832 3818 regimen
2887 3762 2996 3804 non
3032 3749 3289 3816 senserit,
3320 3749 3417 3804 sed
3439 3764 3611 3806 aemu-

2027 3839 2169 3894 latus
2204 3839 2273 3893 sit
2300 3838 2544 3908 gentium
2578 3838 2860 3907 antiquam
2895 3838 3229 3909 impietatem
3254 3881 3270 3906 ,
3334 3854 3433 3910 pro
3487 3840 3611 3911 qui-

2028 3931 2132 3986 bus
2179 3928 2499 3985 criminibus
2539 3929 2972 3986 humiliationem
3022 3929 3155 4008 ipsis
3194 3931 3462 3986 minatur.

2100 4021 2170 4076 X.
2211 4019 2556 4076 Lamentatio
2584 4021 2770 4091 populi
2791 4017 3127 4088 Judaeorum,
3142 4009 3146 4012 ’
3163 4010 3608 4095 (ιυεηιαιιυίιιςηι

2030 4114 2086 4168 in
2121 4113 2292 4168 Deum
2327 4112 2660 4184 peccaverit,
2696 4114 2918 4184 quantis
2946 4129 3076 4170 vero
3105 4115 3174 4169 ab
3236 4115 3357 4186 ipso
3411 4115 3612 4172 multa-

2034 4215 2119 4260 tus
2166 4205 2258 4271 sit,
2311 4213 2367 4260 et
2399 4205 2673 4275 quomodo
2728 4213 2952 4275 propter
3009 4205 3331 4262 idololatriae
3368 4222 3612 4262 errorem

339 4299 450 4353 τῶν
481 4302 509 4353 6
533 4300 656 4364 ναδς
703 4301 797 4354 καὶ
841 4301 878 4372 ή
919 4298 1102 4373 χώραο
1130 4302 1223 4355 καὶ
1267 4300 1412 4372 ἅπερ
1438 4301 1629 4356 ἔλαϐον
1661 4304 1811 4377 παρά
1833 4305 1925 4360 τοῦ

2046 4299 2299 4371 perierint
2324 4314 2516 4356 eorum
2551 4299 2816 4371 templum
2848 4309 2903 4355 et
2933 4301 3134 4368 locum,
3160 4307 3217 4356 et
3267 4316 3390 4371 quas
3419 4315 3449 4355 a
3501 4301 3613 4357 Deo

342 4391 477 4445 Θεοῦ
503 4393 734 4463 νόμιμα.

2046 4390 2347 4462 receperint
2377 4389 2586 4462 lcgalia.

417 4511 506 4559 ια’.
532 4502 877 4575 ’Ἆπόγνωσις
905 4507 1004 4579 τῆς
1038 4509 1335 4581 Ἰουδαϊκῆς
1365 4511 1561 4582 χαρᾶς,
1590 4509 1706 4565 ἀνθ’
1733 4503 1808 4565 ὧν
1833 4528 1924 4582 μι-

2102 4504 2196 4560 XI.
2238 4501 2487 4560 Deiectio
2518 4500 2831 4558 Iudaeorum
2864 4502 3070 4575 gaudii,
3109 4512 3164 4558 et
3192 4517 3258 4558 ex
3289 4502 3436 4575 quod
3475 4517 3611 4573 gen-

345 4598 654 4670 μησάμενοι
679 4599 788 4654 τῶν
816 4600 986 4654 ὲθνῶν
1019 4601 1119 4674 τὴν
1160 4600 1436 4670 ἀσέϐειαν,
1465 4601 1565 4667 τὰς
1608 4601 1800 4666 θυσίας
1829 4605 1922 4656 τοῦ

2046 4599 2171 4654 tium
2205 4595 2545 4667 impietatem
2577 4594 2819 4658 imitati,
2875 4595 2970 4650 Dei
3007 4593 3295 4649 sacriﬁicia
3351 4601 3407 4647 ct
3463 4591 3612 4647 obla-
3651 4603 3660 4607 '

341 4689 481 4744 Θεοῦ
511 4692 606 4745 καὶ
630 4693 726 4757 τὰς
751 4692 984 4756 σπονδὰς
1006 4693 1294 4764 ἐμόλυναν,
1318 4693 1414 4748 καὶ
1438 4693 1539 4765 τὴν
1559 4692 1669 4747 τῶν
1689 4691 1924 4747 εἰδώλων

2046 4693 2210 4748 .iones
2233 4689 2727 4747 contaminaverint
2751 4696 2807 4742 et
2835 4686 3104 4743 idolorum
3128 4699 3372 4740 errorem
3400 4684 3456 4736 in
3483 4690 3614 4736 tem-

345 4785 557 4856 πλάνην
587 4786 666 4849 εἰς
695 4785 786 4840 τὸν
816 4785 944 4840 ναὸν
973 4787 1288 4857 εἰσήγαγον.

2046 4784 2184 4852 plum
2223 4780 2650 4837 introduxerint.
3642 4782 3670 4814 θ’

415 4897 504 4967 ιβ’.
529 4897 719 4960 Ὅπως
736 4896 827 4951 τὸν
860 4896 1078 4968 Ἰσραὴλ
1105 4896 1404 4969 ἀγαπητῶς
1425 4895 1600 4961 ὁΘεὺς
1626 4897 1925 4964 ἐξελέξατο,

2105 4893 2219 4950 Xll.
2267 4895 2552 4962 Quomodo
2587 4893 2750 4950 lsrael
2805 4893 2952 4948 Deus
2981 4893 3144 4948 unice
3199 4889 3304 4946 sibi
3337 4885 3560 4958 elegerit
3590 4903 3608 4954 ;

343 4987 500 5041 αὐτοὶ
523 4986 581 5040 δὲ
601 4985 843 5052 εἰδώλοις
870 4987 1271 5059 προσέδραμον,
1299 4985 1504 5040 καὶτοῦ
1526 4985 1662 5039 Θεοῦ
1685 4985 1784 5056 τῆς
1806 4986 1925 5039 δου·

2050 4987 2133 5056 psi
2199 5002 2330 5043 vero
2414 4988 2482 5044 ad
2531 4987 2822 5044 simulacra
2887 4990 3271 5043 cucurrerunt,
3333 4987 3389 5034 et
3440 4993 3470 5032 a
3512 4976 3609 5032 Dei

342 5077 494 5141 λείας
519 5077 861 5148 ἀπέστησαν,
892 5077 988 5130 καὶ
1007 5077 1128 5130 οὐδὲ
1150 5077 1208 5142 ἐξ
1230 5077 1410 5131 αὐτῶν
1436 5077 1528 5131 τὸν
1545 5076 1781 5148 Χριστὸν
1805 5094 1925 5148 σαρ-

2046 5078 2296 5133 servitute
2311 5078 2683 5142 desciverunt,
2702 5091 2805 5131 nec
2834 5076 2976 5130 inter
2998 5089 3094 5129 eos
3114 5072 3395 5128 Christum
3427 5069 3616 5124 incar-

345 5169 594 5228 κωθέντα
621 5169 958 5242 ᾐδέσθησαν
991 5169 1114 5223 ὅθεν
1145 5169 1328 5233 αὐτοῖς
1360 5167 1473 5239 ἀρὰ
1500 5167 1805 5240 ἀκαρπίας,
1834 5169 1925 5224 καὶ

2046 5179 2219 5224 talum
2254 5169 2476 5226 reveriti
2503 5179 2672 5234 sunt;
2705 5166 2852 5223 unde
2882 5166 3020 5236 ipsis
3048 5163 3373 5235 imprecatio
3404 5159 3609 5218 sterili-

344 5263 445 5334 τῆς
475 5263 556 5328 εἰς
583 5264 654 5318 τὰ
685 5263 816 5336 ἔθνη
844 5264 1144 5335 διασπορᾶς
1177 5261 1468 5332 ἐπάγεται.

2052 5261 2156 5317 alis
2191 5270 2248 5318 et
2284 5260 2339 5316 in
2371 5269 2562 5332 gentes
2589 5258 2952 5330 dispersionis
2986 5257 3283 5314 inducitur.

1878 5434 2112 5493 ΝΟΤΛΕ.

417 5582 495 5712 ('5‘)
545 5583 867 5656 Κεφάλαια.
903 5583 1042 5637 Cum
1107 5582 1193 5638 his
1241 5579 1478 5636 conferri
1523 5586 1755 5650 possunt
1808 5577 1896 5633 illa
1939 5579 2185 5650 Eusebii,
2226 5596 2348 5654 quze
2399 5579 2666 5652 Procopio
2699 5578 2924 5637 Parisiis
2973 5578 3122 5636 edito
3169 5576 3223 5633 in
3267 5573 3458 5633 Isaiam
3479 5579 3607 5628 sunt

417 5673 586 5712 :erxa.

345 5673 586 5731 przeuxa.
