3936 6200
261 307 369 375 I357

1297 298 1380 358 IN
1422 296 1536 357 XII
1580 291 2025 355 PROPHETAS
2063 293 2428 354 MINORES.

3347 289 3480 353 1258

258 421 371 492 αὕτη
413 421 512 491 μὲν
542 419 652 490 γὰρ
682 419 716 488 ή
739 414 1040 485 Ἐκκλησία
1067 411 1158 465 διὸ.
1191 408 1478 481 μετανοίας
1509 408 1810 503 ἀναστήσε-

1947 411 2006 450 er
2058 397 2444 465 paenitentiam
2500 413 2787 473 resurget;
2840 402 2931 456 illa
2979 410 3160 456 autem
3215 402 3480 473 legalibus

254 529 344 576 ται,
361 486 562 582 ’ἐκείνη
587 486 643 563 si
673 486 767 562 καὶ
797 507 909 560 τῶν
935 504 1184 575 νομίμων
1208 502 1547 565 ἐκπεσεῖται,
1571 498 1669 552 καὶ
1696 499 1808 560 τοῖς

1947 486 2139 552 :cidct,
2165 495 2222 542 et
2247 488 2629 558 spiritualibus
2660 491 2896 563 Assyriis
2927 491 3195 548 tradetur.

253 607 438 675 νοητοῖς
464 601 779 673 ’Λσσυρίοις
806 596 1276 669 παραδοθήσεται.

310 701 388 764 ιγ’.
427 692 762 768 Παραίνεσις
794 690 872 760 τῷ
895 687 1116 760 Ἰσραὴλ
1139 727 1154 750 ,
1187 687 1276 738 διὰ
1310 684 1545 756 σταυροῦ
1578 683 1807 754 ποιμαί-

250 786 446 841 νεσθαι’
486 786 582 839 καὶ
613 783 952 855 πρόρρησις,
986 781 1134 842 ὅπως
1172 779 1238 832 τὰ
1275 779 1375 849 μὲν
1408 777 1534 847 ἑθνη
1566 777 1675 830 τῶν
1696 777 1810 830 δαι-

253 880 408 948 μόνων
457 876 882 948 αἰσχυνθήσεται
910 914 926 938 ,
969 874 1134 944 ’ἡμεῖς
1185 871 1242 923 δὲ
1288 871 1376 924 διὰ
1430 869 1809 940 βαπτίσματος

250 971 425 1038 ἄφεσιν
464 967 884 1038 ἁμαρτημάτων
913 965 1066 1036 παρὰ
1092 962 1230 1016 Θεοῦ
1255 960 1561 1032 ληψόμεθα.

307 1077 536 1148 Μιχαίας
563 1074 931 1146 ἑρμηνεύεται
965 1074 1392 1142 ταπείνωσις,ἦ
1418 1072 1808 1140 ταπεινούμε-

249 1186 359 1234 νος.
385 1163 554 1231 Οὗτος
579 1163 650 1238 ἦν
675 1165 785 1220 ἀπὸ
809 1166 1054 1237 Μοραθεί
1080 1166 1155 1235 (9)
1184 1163 1424 1236 [Μοραθὶ
1457 1161 1808 1234 Τίιοορίιγη,

250 1262 302 1312 ὲκ
328 1259 498 1329 φυλῆς
521 1257 762 1328 Ἐφραίμ
781 1274 796 1289 ο
821 1252 978 1320 οὗτος
1004 1257 1175 1310 πολλὰ
1207 1257 1442 1326 ποιήσας
1472 1255 1551 1326 τῷ
1573 1254 1807 1324 Ἀχαὰϐ,

251 1350 574 1420 ύπὸῚωρὰμ
620 1348 716 1402 τοῦ
767 1347 890 1402 υίοῦ
937 1347 1105 1403 αὑτοῦ
1155 1347 1394 1420 ἀνῃρέθη
1444 1346 1698 1417 κρημνῷ,
1730 1347 1811 1399 ὅτι

249 1441 464 1510 ήλεγχεν
499 1441 664 1494 αὑτὸν
711 1442 805 1495 ἐπὶ
830 1443 949 1504 ταῖς
981 1439 1261 1513 ἀσεϐείαις
1289 1437 1394 1491 τῶν
1424 1440 1676 1510 πατέρων
1714 1439 1812 1491 αύ-

248 1532 329 1584 τού
348 1547 360 1560 ο
396 1533 492 1585 καὶ
523 1533 698 1602 ἑτάφη
731 1535 790 1586 ἑν
814 1535 879 1604 τῇ
905 1535 975 1603 γῇ
996 1531 1160 1586 αὐτοῦ
1197 1531 1379 1602 μόνος,
1413 1531 1680 1601 σύνεγγυς
1713 1547 1812 1583 πο-

249 1620 516 1692 Αυανδρίου
537 1621 818 1692 Ἐνακείμ.

404 1776 757 1831 ΚΕΦΔΛΑΙΔ
791 1776 1038 1830 ΝΑΟΥΜ
1076 1777 1216 1831 ΤΟΥ
1255 1777 1644 1832 ΠΡΟΦΗΤΟΥ.

308 1909 372 1959 α’.
404 1903 672 1970 Ἔνδειξις
701 1905 937 1976 ἀπειλῆς
967 1906 1129 1972 Θεοῦ,
1164 1908 1260 1962 καὶ
1291 1909 1391 1980 τῆς
1423 1909 1505 1972 εἰς
1542 1908 1605 1962 τὸ
1645 1927 1818 1980 τιμω-

249 1993 448 2064 ρεῖσθαι
475 1995 761 2066 δυνάμεως
779 2011 794 2026 °
817 1998 957 2051 κατὰ
979 1999 1248 2070 δαιμόνων
1270 1999 1404 2070 ὁμοῦ
1429 2000 1526 2054 καὶ
1549 1999 1819 2056 Ἰουδαίων

247 2085 518 2155 ἑκάτερον.

313 2175 376 2245 β’.
413 2175 638 2248 Ἀπειλή
683 2179 828 2232 κατὰ
873 2180 1159 2234 διαϐόλου*
1201 2183 1295 2235 καὶ
1338 2186 1727 2255 προσφώνησις
1750 2185 1819 2254 τῇ

251 2263 537 2335 Ἐκκλησία
567 2266 666 2337 τῆς
712 2267 823 2321 τῶν
867 2268 1101 2323 εἰδώλων
1141 2271 1498 2343 ἀπαλλαγῆς·
1536 2273 1628 2326 καὶ
1653 2273 1821 2340 εύαγ-

247 2357 497 2429 γελισμὸς
522 2360 617 2413 τοῦ
657 2362 929 2435 σωτηρίου
969 2365 1343 2435 κηρύγματος,
1381 2365 1588 2438 ἑορτῶν
1623 2383 1684 2419 τε
1713 2365 1822 2419 τῶν

247 2448 331 2502 διὰ
375 2450 613 2520 Χριστοῦ
639 2493 654 2517 ,
694 2456 790 2508 καὶ
823 2456 1134 2527 ἀφανισμοῦ
1169 2456 1442 2528 δαιμόνων
1488 2459 1583 2511 καὶ
1620 2455 1823 2529 συγχύ-

252 2557 406 2602 σεως.

317 2634 387 2704 γ’.
431 2636 746 2708 Πρόρῤησις
789 2639 1139 2704 ἀναστάσεως
1164 2641 1402 2713 Χριστοῦ
1434 2641 1664 2696 καὶτῶν
1697 2659 1825 2695 συν-

247 2729 626 2797 ανισταμένων
653 2730 804 2800 αύτῷ
829 2730 1041 2801 ψυχῶν,
1075 2733 1170 2786 καὶ
1214 2733 1316 2804 τῆς
1362 2733 1486 2786 τότε
1532 2734 1826 2806 γινομένης

248 2817 476 2874 θανάτου
512 2821 607 2875 καὶ
636 2821 881 2876 διαϐόλου
919 2824 1172 2895 ἁρπαγῆς
1199 2825 1294 2879 καὶ
1318 2824 1680 2904 σκυλεύσεως.

315 2933 378 2988 δ’.
416 2933 642 3004 ’Δπειλή
685 2935 827 2988 κατὰ
873 2934 966 2990 τοῦ
1020 2936 1317 2992 Ἰουδαϊκοῦ
1357 2936 1522 2998 λαοῦ.
1563 2936 1658 2991 καὶ
1704 2955 1827 3009 σχε-

245 3022 510 3093 τλιασμὺς
531 3023 1030 3097 τῆςἹερουσαλήμ·
1056 3020 1148 3080 καὶ
1173 3027 1478 3100 πρόρρησις
1507 3022 1582 3083 ὧν
1602 3028 1827 3098 ἔμελλεν

245 3115 304 3166 ἑν
333 3117 399 3184 τῇ
433 3112 635 3167 ἁλώσει
666 3118 730 3186 τῇ
762 3116 1045 3188 Ῥωμαϊκῇ
1097 3118 1410 3182 πείσεσθαι,
1447 3117 1566 3171 ἀνθ’
1593 3111 1669 3173 ὧν
1715 3121 1827 3184 τοῖς

246 3204 458 3259 ἔθνεσιν
487 3208 514 3258 ὀ
538 3205 665 3270 λαὸς
687 3207 906 3276 ἐγένετο
942 3209 1295 3280 πρόσκομμα.

319 3318 382 3371 ε’.
422 3319 646 3390 Ἀπειλὴ
702 3320 844 3374 κατὰ
907 3321 1006 3390 τῆς
1059 3321 1415 3393 Ἰερουσαλήμ
1471 3323 1558 3376 ἐπ’
1597 3324 1828 3396 αἰσχύνη

248 3411 586 3481 γυμνώσεως
605 3428 620 3441 ο
651 3411 748 3464 καὶ⁵
775 3413 922 3474 ὅπως
950 3412 1176 3482 ζητήσει
1217 3414 1316 3482 μὲν
1343 3415 1376 3484 ή
1411 3414 1708 3486 Ἐκκλησία
1732 3417 1830 3485 τῆς

261 3499 620 3572 Ἰερουσαλὴμ
653 3501 1024 3573 παράκλησιν,
1044 3503 1182 3574 αὐτὴ
1213 3503 1268 3556 δὲ
1292 3504 1553 3570 ποικίλοις
1581 3506 1832 3578 ὁμιλήσει

249 3596 447 3656 κακοῖς
478 3594 854 3665 Ἰερουσαλὴμ,
885 3595 975 3648 διὰ
1007 3595 1066 3648 τὸ
1093 3597 1324 3667 νοσῆσαι
1358 3598 1557 3652 κακίαν
1585 3599 1828 3670 ἀνυπέρ-

249 3686 472 3755 ϐλητον.

327 3777 526 3847 Ναοὺμ
573 3777 938 3848 ἑρμηνεύεται
969 3779 1356 3848 παράκλητος
1395 3780 1416 3853 [
1440 3783 1784 3854 παράκλησις
1814 3825 1828 3847 ,

250 3868 583 3941 Theophyl.]
613 3863 782 3933 Οὗτος
804 3867 872 3941 ἦν
901 3871 1012 3924 ἀπὸ
1039 3872 1314 3925 Ἐλκεσεὶν
1333 3871 1352 3944 [
1370 3873 1628 3928 Ἐλκασαῒ
1658 3874 1832 3947 πέραν

135 3961 142 3963 ’
245 3958 349 4013 τοῦ
389 3960 656 4030 Ἰορδάνου
706 3962 786 4023 είς
832 3961 1099 4033 Βιγαϐρὶ,
1134 3961 1462 4036 Theophyl.]
1507 3964 1685 4036 πέραν
1735 3966 1831 4020 τοῦ

245 4051 564 4122 Τηνϐαρεὶν
592 4050 724 4122 (l0),
760 4053 826 4106 ἑκ
866 4053 1036 4123 φυλῆς
1068 4053 1314 4124 Συμεών.
1348 4049 1518 4119 οὗτος
1561 4057 1700 4127 μετὰ
1741 4059 1831 4113 τὸν

259 4142 457 4196 Ἰωνᾶν
489 4144 655 4216 τέρας
701 4143 924 4208 ἔδωκεν,
953 4145 1036 4197 ὅτι
1073 4144 1179 4198 ἀπὸ
1221 4145 1430 4200 ὑδάτων
1457 4148 1705 4215 γλυκέων
1741 4151 1834 4203 καί¹

244 4235 427 4305 πυρὸς
454 4237 734 4290 ἀπολεῖται
763 4238 795 4307 ἡ
822 4237 1039 4289 Νινευῒ·
1062 4236 1092 4290 ὃ
1112 4236 1206 4290 καὶ
1226 4238 1417 4305 γέγονε
1437 4255 1450 4269 ο
1485 4239 1518 4307 ὴ
1549 4239 1656 4312 γὰρ
1676 4257 1832 4312 περι.

242 4327 456 4396 έχουσα
504 4328 674 4398 αὐτὴν
719 4327 881 4399 λίμνη
927 4329 1262 4383 κατέκλυσεν
1308 4330 1479 4401 αὐτὴν
1509 4335 1568 4385 ἑν
1597 4335 1827 4406 σεισμῷ,

1983 667 2120 724 XIII.
2155 667 2468 723 Exhortatio
2493 667 2559 722 ad
2594 667 2756 722 Israel
2787 675 2844 720 ut
2898 680 2996 732 per
3025 680 3242 720 crucem
3273 674 3488 738 regatur

1911 770 1967 816 et
2022 761 2298 831 quomodo
2330 771 2522 831 gentes
2574 760 2795 830 quidem
2825 775 2855 814 a
2883 758 3224 815 daemonibus
3255 759 3488 814 confun-

1909 853 2112 907 dentur
2150 868 2166 917 ;
2229 867 2332 906 nos
2376 863 2558 906 autem
2601 868 2700 922 per
2735 851 3064 922 baptismum
3117 849 3491 907 remissionem

1911 952 2260 1013 peccatorum
2285 957 2317 996 a
2348 943 2458 998 Deo
2481 944 2839 1013 accipiemur.

1980 1054 2234 1111 Michaeas
2265 1055 2537 1126 signiﬁcat
2564 1056 2837 1110 humilitas
2875 1055 2992 1111 sive
3025 1055 3360 1110 humiliatus.
3400 1055 3497 1109 Ille

1911 1156 2029 1200 erat
2066 1161 2133 1200 ex
2163 1146 2415 1213 Morathi,
2448 1148 2516 1207 de
2545 1147 2688 1203 tribu
2718 1145 3001 1217 prraim.
3053 1146 3103 1201 ls
3146 1163 3269 1202 cum
3327 1147 3494 1201 multa

1915 1239 2138 1294 fecisset
2185 1241 2395 1304 Achab,
2427 1258 2458 1294 a
2513 1240 2625 1295 ﬁlio
2672 1239 2793 1309 ejus
2827 1238 3011 1295 Joram
3057 1255 3303 1310 praeceps
3337 1239 3498 1294 datus

1913 1333 2096 1402 periit,
2133 1335 2263 1403 quia
2293 1334 2344 1389 ei
2391 1335 2688 1406 objiciehat
2719 1334 3029 1405 impietates
3086 1342 3302 1403 patrum
3355 1333 3496 1403 ejus.

1914 1425 1982 1478 Et
2013 1426 2261 1494 sepultus
2293 1436 2378 1482 est
2424 1427 2480 1481 in
2523 1437 2664 1482 terra
2695 1442 2793 1483 sua
2826 1427 2998 1493 solus,
3034 1441 3206 1498 prope
3240 1434 3500 1483 eamete-

1914 1515 2057 1570 rium
2090 1517 2344 1572 Enacim.

2196 1762 2451 1820 CAPITA
2503 1764 2747 1820 NAIIUM
2802 1764 3219 1823 ΡΒΟΡΗΕΤᾹΣ.

1989 1894 2031 1947 l.
2063 1893 2417 1950 Denuntiatio
2444 1896 2718 1952 minarum
2752 1896 2844 1952 Dei
2876 1907 2933 1953 et
2958 1899 3080 1968 ejus
3111 1899 3179 1954 ad
3210 1899 3498 1956 vindican-

1918 1983 2048 2037 dum
2079 1983 2379 2052 potestatis,
2427 1993 2540 2039 tum
2581 1995 2767 2041 contra
2813 1987 3117 2055 daemones,
3171 1997 3284 2043 tum
3337 1991 3500 2046 etiam

1919 2085 2107 2130 contra
2127 2074 2375 2131 Iudaeos.

1992 2167 2058 2221 ll.
2101 2166 2259 2223 Mina:
2288 2169 2555 2226 adversus
2581 2170 2886 2235 diabolum,
2918 2181 2972 2226 et
2999 2173 3263 2228 allocutio
3295 2175 3364 2230 ad
3396 2173 3502 2230 Ec-

1921 2258 2147 2314 clesiam
2208 2260 2275 2315 de
2307 2261 2636 2318 liberatione
2688 2264 2756 2318 ab
2793 2263 2999 2320 idolis:
3047 2275 3104 2321 et
3160 2267 3505 2324 annuntiatlo

1923 2348 2333 2418 praedicationis
2368 2351 2562 2408 salutis
2589 2360 2645 2408 et
2673 2353 3034 2410 l‘estivitatum
3070 2371 3168 2427 per
3198 2355 3503 2424 Christum,

1923 2448 1979 2493 et
2005 2439 2319 2496 abolitionis
2348 2441 2656 2498 daemonum
2703 2453 2760 2499 et
2788 2443 3150 2504 confusionis.

2000 2620 2085 2676 III.
2118 2621 2408 2678 Praedictio
2433 2626 2854 2682 resurrectionis
2885 2626 3092 2684 Christi
3124 2639 3179 2685 et
3204 2645 3506 2687 animarum

1925 2727 2049 2767 cum
2072 2713 2190 2783 ipso
2212 2716 2786 2784 conresuscitatarum,
2816 2727 2872 2775 et
2904 2720 3075 2777 ruina:
3095 2731 3150 2778 et
3169 2723 3511 2794 spoliationis

1927 2806 2118 2860 mortis
2135 2815 2192 2860 et
2216 2805 2417 2861 diaboli
2454 2815 2588 2864 tunc
2617 2808 2832 2866 futurae.

1999 2919 2089 2973 IV.
2125 2919 2282 2976 Minae
2307 2921 2361 2976 in
2388 2923 2650 2994 populum
2682 2923 2996 2994 Judaicum,
3031 2936 3088 2983 et
3121 2929 3387 2986 desolatio
3415 2931 3511 2986 Je-

1928 3011 2189 3077 rusalem,
2220 3022 2276 3068 et
2295 3015 2578 3083 praedictio
2607 3032 2797 3072 eorum
2820 3035 2940 3089 quae
2976 3021 3032 3076 in
3061 3021 3304 3079 Romana
3327 3025 3513 3095 direp-

1933 3102 2084 3157 tione
2126 3119 2359 3174 passura
2397 3116 2505 3170 est,
2541 3125 2639 3178 pro
2675 3126 2744 3166 eo
2769 3113 2912 3182 quod
2946 3116 3201 3185 gentibus
3264 3118 3501 3188 populus

1928 3192 2104 3249 factus
2133 3205 2218 3251 est
2264 3198 2603 3256 scandalum.

2001 3307 2066 3362 V.
2096 3309 2255 3365 Mirus:
2275 3324 2466 3368 contra
2492 3316 2794 3372 Jerusalem
2815 3319 2883 3374 de
2903 3324 3197 3392 opprobrio
3219 3325 3482 3381 nuditatis
3504 3339 3520 3387 ;

1930 3411 1987 3456 et
2014 3409 2288 3471 quomodo
2313 3414 2521 3473 qureret
2563 3407 2805 3462 Ecclesia
2854 3408 3156 3467 Jerusalem
3184 3415 3516 3469 consolatio-

1931 3508 2080 3560 nem,
2106 3493 2221 3562 ipsa
2252 3502 2434 3549 autem
2465 3495 2522 3550 in
2556 3497 2723 3550 variis
2766 3499 2925 3553 malis
2966 3502 3398 3568 conversabitur,
3433 3515 3514 3558 ut-

1913 3592 2060 3654 pote
2093 3599 2215 3654 quae
2236 3585 2450 3641 laboret
2475 3587 2685 3642 malitia
2715 3588 3167 3660 inexsuperabili.

2002 3769 2222 3824 Nahum
2253 3769 2526 3840 signiﬁcat
2577 3773 2878 3827 consolator
2915 3775 3032 3830 sive
3077 3778 3382 3834 consolatio.
3420 3780 3517 3835 Illo

1933 3869 2051 3914 erat
2071 3876 2139 3915 ex
2164 3860 2443 3924 Helcesin,
2470 3861 2612 3917 ultra
2661 3863 2967 3930 Timbarin,
2992 3868 3060 3922 de
3088 3870 3231 3925 tribu
3265 3870 3509 3928 Simeon.

1933 3950 2028 4006 Ille
2050 3961 2174 4030 post
2200 3952 2392 4007 Ionam
2425 3953 2642 4024 signum
2675 3956 2864 4024 edidit,
2901 3958 3111 4015 scilicet
3157 3965 3314 4030 aquis
3339 3965 3518 4021 dulci-

1934 4044 2038 4098 bus
2076 4027 2132 4098 et
2183 4045 2307 4115 igne
2357 4047 2654 4114 perituram
2686 4046 2920 4104 Niniven
2960 4068 2974 4117 ;
3025 4054 3168 4122 quod
3207 4027 3276 4110 et
3309 4057 3514 4113 evenit.

1935 4135 2113 4189 Lacus
2145 4135 2290 4190 enim
2317 4137 2411 4206 qui
2444 4153 2567 4192 eam
2599 4140 2972 4198 circumdabat
2995 4144 3256 4201 demersit
3297 4163 3415 4203 eam
3459 4150 3515 4205 in

1937 4234 2098 4280 terrae
2139 4234 2310 4290 motu,
2353 4236 2410 4281 et
2459 4227 2599 4299 ignis
2633 4245 2698 4284 ex
2733 4230 2954 4287 deserto
3007 4235 3346 4303 superiorem
3397 4239 3518 4308 ejus

1937 4326 2144 4387 partem
2175 4316 2496 4375 combussit;
2538 4320 2782 4378 Mortuus
2837 4333 2923 4380 est
2953 4335 3136 4381 autem
3171 4329 3226 4383 in
3271 4345 3426 4402 pace,
3462 4340 3518 4386 et

240 4419 348 4471 καὶ
378 4419 490 4489 πῦρ
519 4421 581 4472 ἑκ
612 4397 708 4487 τῆς
736 4397 944 4490 ἐρήμου
977 4421 1250 4494 [ἐπελθὸν]
1276 4422 1339 4475 τὸ
1369 4397 1702 4496 ὑψηλότερον
1721 4397 1823 4480 ἀύ-

1947 4410 2188 4480 sepultus
2212 4419 2296 4467 est
2332 4412 2388 4467 in
2413 4422 2554 4468 terra
2581 4429 2700 4470 sua.

237 4507 351 4576 τῆς
399 4509 564 4577 μέρος
613 4509 959 4580 ἑνέπρησενυ
1011 4511 1250 4565 ἀπέθανε
1296 4511 1341 4566 δ’
1375 4516 1433 4567 ἑν
1475 4515 1690 4588 εἰρήνῃ,
1743 4519 1838 4571 καὶ

189 4625 191 4627 ι
237 4598 428 4668 ἐτάφη
457 4601 514 4651 ἑν
543 4601 607 4670 τῇ
640 4603 710 4672 γῇ
745 4601 931 4659 αὑτοῦ.

341 4750 694 4806 ΚΕΦΑΛΑΙΑ
732 4713 1128 4808 ΛΜΒᾸΚΟΥΜ
1167 4755 1307 4808 τοΥ
1344 4759 1740 4815 ΠΡΟΦΗΤΟΥ.

323 4869 398 4916 α’.
441 4862 809 4933 Σχετλιασμὸς
836 4864 931 4941 τοῦ
957 4868 1240 4936 προφήτου
1266 4869 1514 4938 περὶτῆς
1545 4871 1603 4922 ἑν
1627 4869 1704 4941 τῷ
1729 4871 1830 4943 βίῳ

233 4953 680 5025 πολιτευομένης
731 4953 976 5016 ἀδικίαςο
1028 4957 1122 5010 καί
1179 4958 1486 5029 πρόρρησις
1544 4959 1638 5012 τοῦ
1688 4965 1830 5016 κατὰ

230 5045 490 5116 Χριστὸν
521 5046 847 5116 μυστηρίου,
881 5047 976 5100 καί
1005 5050 1104 5118 τῆς
1131 5049 1239 5100 τῶν
1265 5050 1437 5104 ἐθνῶν
1463 5051 1708 5122 κλήσεως
1737 5057 1832 5108 καὶ

227 5135 593 5200 δυναστείας,
625 5139 682 5189 ἑν
783 5136 1000 5202 παίζειν
1028 5138 1122 5191 καὶ
1151 5137 1436 5209 καθαίρειν
1461 5140 1554 5193 τὸν
1587 5140 1832 5197 διάϐολον

232 5225 532 5296 μέλλουσι.

2198 4759 2452 4817 CAPITA
2483 4761 2801 4824 IIABACUC
2845 4767 3261 4827 PROPIIE'I‘IE.

2006 4869 2048 4922 1-
2071 4869 2301 4935 Querela
2329 4877 2608 4946 propheta:
2639 4880 2708 4935 de
2739 4881 3025 4950 iniquitate
3055 4884 3433 4938 administrata
3461 4887 3516 4939 iu

1937 4958 2047 5013 vita
2078 4977 2095 5015 :
2126 4969 2182 5015 et
2216 4964 2539 5020 vaticinium
2575 4970 2819 5039 mysterii
2846 4971 2900 5024 in
2932 4971 3173 5036 Christo,
3193 4980 3249 5026 et
3271 4974 3516 5044 gentium

1919 5050 2256 5116 .vocationis.
2286 5064 2342 5109 et
2372 5056 2589 5114 virtutis
2642 5075 2747 5129 qua
2783 5061 3011 5117 illudent
3035 5063 3252 5118 diabolo
3281 5080 3517 5136 eumque

1938 5142 2240 5199 destruent.

1778 5415 1984 5470 NOTAS
1995 5453 2011 5467 .

321 5547 404 5616 (9)
437 5547 713 5616 Μοραθεί.
752 5543 996 5616 Μαραθί,
1029 5543 1315 5616 Epiph._et
1346 5546 1574 5604 Dorotb.
1621 5547 1758 5604 lbid.
1789 5549 1827 5604 1.

222 5614 462 5673 xxxvii.
504 5615 595 5687 Τῷ
643 5614 871 5687 Ἀχαάϐ,
917 5614 1102 5687 iidem.
1131 5614 1288 5672 ibid.
1323 5619 1360 5671 I‘.
1415 5635 1637 5675 xxxvm.
1692 5618 1831 5684 Ταῖς

219 5685 578 5749 ἀσεϐείαιςζ
637 5685 810 5742 Αὐτοῦ
848 5685 942 5738 καὶ
972 5685 1082 5740 τῶν
1124 5688 1377 5758 πατέρων
1406 5688 1591 5752 αὐτοῦ,
1629 5689 1828 5760 Epiph.

2011 5551 2121 5634 (Ψ)
2165 5552 2888 5634 Πέρςιν,,τ⁷ἷς,ῌηθρεϐᾳρᾴ.
2942 5561 3163 5618 Dorotb.
3201 5562 3380 5634 Πίραν
3422 5560 3516 5616 τοῦ

1949 5621 2217 5693 Ἰορδάνου
2254 5625 2334 5688 εἰς
2360 5621 2641 5699 Βηγαϐάρ,
2681 5621 2878 5700 Epiph.
