3936 6200
303 323 424 392 1361

1320 325 1403 385 IN
1439 325 1554 384 xu
1593 306 2032 383 PROPHE‘TA'S
2061 324 2419 386 Ml-NORES.

3381 316 3515 388 13$

303 435 631 508 μυστηρίων,
658 435 802 505 άπερ
825 436 886 489 ἐν
906 435 1044 506 αὐτῇ
1070 431 1223 505 παρὰ
1246 431 1485 503 Χριστοῦ
1514 432 1822 485 τετέλεσται
1837 445 1851 460 ο

1984 433 2213 502 nysteria
2234 446 2357 502 quae
2389 433 2443 487 in
2465 432 2580 502 ipsa
2607 447 2637 487 a
2667 430 2885 487 Christo
2900 429 3139 501 perlecta
3158 439 3305 494 sunt,
3328 440 3391 487 et
3401 433 3517 503 glo-

299 529 384 580 καὶ
417 529 513 598 τῆς
558 526 739 597 δόξης,
762 528 828 597 ἢν
861 528 896 595 ἡ
940 523 1239 594 Ἐκκλησία
1267 522 1411 576 κατὰ
1442 522 1624 574 πᾶσαν
1649 521 1750 591 τὴν
1778 521 1857 573 οἰ-

300 618 596 689 κουμένην,
667 616 1107 689 ἐπιστρεφούσης
1161 615 1261 684 τῆς
1319 612 1696 684 αἰχμαλωσίας
1750 610 1857 663 τῶν

297 707 404 777 ἅμα
411 706 649 778 ρτωλῶν,
678 706 859 777 ἔλαχε.

363 797 530 866 Σοφον
540 798 625 862 ίας
653 795 1017 871 ἑρμηνεύεται
1034 786 1511 861 σκοπῶ-Κυρίου.
1531 787 1775 863 Οὗτος-ῆν
1791 793 1856 845 ἐκ

299 891 466 961 φυλῆς
494 889 746 960 Συμεὼν,
787 886 958 961 ἀγροῦ
1004 884 1263 957 Σαϐαρὼθ
1316 884 1441 954 (12)
1472 884 1566 938 καὶ
1610 883 1854 953 προεφή-

299 999 453 1036 τευσε
498 981 758 1053 περὶτῆς
791 979 999 1041 πόλεως
1049 975 1406 1048 Ἰερουσαλὴμ
1451 973 1547 1028 καὶ
1588 971 1727 1043 περὶ.
1760 971 1855 1025 τέο

300 1070 687 1145 λους.’1σραῂλ,
704 1070 799 1123 καὶ
820 1068 1347 1138 ἀντεισαγωγῆςκαὶ
1367 1065 1641 1137 σωτηρίας
1664 1063 1853 1130 ἐθνῶν,

301 1163 389 1218 καί
440 1160 703 1233 αἰσχύνης
747 1160 982 1227 ἀσεϐῶν,
1015 1160 1111 1231 καί
1140 1158 1298 1227 δόξης
1323 1157 1569 1220 δικαίων,
1615 1155 1708 1208 καὶ
1735 1170 1857 1225 κρι-

299 1252 388 1306 τοῦ
436 1253 625 1323 πάσης
659 1253 829 1323 πνοῆς
844 1268 869 1285 ο·
894 1250 990 1305 καὶ
1036 1247 1218 1305 θανὼν
1262 1248 1437 1319 ἐτάφη
1482 1249 1541 1302 ἐν
1581 1246 1659 1317 τῷ
1701 1243 1857 1315 ἀγρῷ

299 1343 481 1398 αὐτοῦ.

516 1502 861 1558 ΚΕΦΔΔΔΙΑ
896 1500 1191 1555 ΔΓΓΑῘΟΥ
1242 1498 1632 1554 ΠΡΟΦΉΤΟΥ.

360 1620 430 1669 α’.
492 1614 889 1684 ’Δγανάκτησις
932 1612 1069 1667 Θεοῦ
1119 1613 1263 1667 κατὰ
1306 1611 1416 1667 τῶν
1471 1609 1857 1683 ῥᾳθυμούντων

1958 526 2052 579 riae
2071 541 2191 595 qua:
2216 527 2475 581 Ecclesiae
2504 541 2601 596 per
2639 525 2953 580 universum
2994 525 3200 587 orbem,
3252 540 3517 580 conversa

1956 614 2221 670 servitute
2246 625 2612 685 peccaturum,
2643 613 2854 685 obtigit.

2027 797 2337 866 Sophonias
2364 796 2639 873 signiﬁcat
2666 794 2878 866 specula
2915 793 3143 848 Domini.
3176 791 3425 849 Ilieverat
3449 812 3516 851 ex

1957 888 2100 942 tribu
2132 888 2374 952 Simeon,
2400 903 2430 942 e
2450 888 2669 958 regione
2686 886 2971 941 Sabaroth.
3009 885 3075 940 Et
3094 884 3421 941 vaticinatus
3437 896 3521 943 est

1955 978 2023 1033 de
2056 978 2189 1034 urbe
2215 976 2539 1041 Jerusalem,
2570 988 2626 1032 et
2654 978 2722 1032 de
2745 976 3035 1032 ﬁnelsrael
3066 983 3124 1030 et
3151 976 3219 1031 de
3247 975 3521 1031 sull‘ectio—

1956 1069 2282 1139 negantium
2296 1068 2355 1123 in
2374 1068 2497 1138 ejus
2510 1066 3148 1137 locoeanumquesalute,
3169 1074 3225 1122 et
3240 1066 3309 1121 de
3327 1065 3520 1121 confu—

1956 1159 2110 1214 sione
2138 1158 2450 1230 impiorum,
2476 1166 2532 1213 et
2559 1158 2627 1213 de
2649 1157 2819 1229 gloria
2842 1156 3218 1226 justorum,et
3245 1155 3315 1210 de
3338 1155 3521 1225 judice

1954 1250 2147 1304 omnis.
2166 1248 2411 1319 spiritus.
2463 1247 2535 1303 Et
2559 1256 2808 1304 mortuus
2836 1244 3081 1317 sepule
3105 1253 3190 1301 est
3214 1244 3269 1299 in
3302 1244 3521 1315 regione

1957 1357 2076 1396 sua.

2235 1500 2484 1563 CAPITA
2542 1501 2775 1569 AGGIEI
2823 1497 3240 1555 ΡΒΟΡΙΙΕΤΑΞ.

2029 1613 2069 1668 1.
2096 1613 2401 1685 Indignatio
2430 1612 2528 1666 Dei
2552 1620 2745 1665 contra
2780 1609 3105 1679 pigritantes
3132 1607 3186 1660 in
3211 1604 3523 1660 aediﬁcatio—

294 1706 388 1775 τῆς
417 1705 700 1776 οἰκοδομῆς
743 1703 839 1758 τοῦ
886 1703 1051 1759 ναοῦο
1104 1704 1200 1757 καί⁵
1247 1702 1501 1774 διήγησις
1540 1702 1643 1757 ὅσα
1672 1702 1858 1767 αὐτοῖς

1984 1722 2032 1762 ιο
2060 1707 2270 1777 templi;
2287 1716 2344 1764 et
2356 1705 2671 1785 _exponitcr
2689 1703 2985 1777 quotip‘sis
3007 1701 3138 1758 inde
3159 1699 3299 1757 mala
3325 1714 3521 1772 snper-

295 1797 537 1851 ἐντεῦθεν
564 1796 760 1869 συνέϐη
790 1796 965 1860 κακὰ,
997 1796 1098 1850 ὅσα
1122 1795 1181 1850 δὲ
1209 1796 1305 1850 καὶ
1333 1793 1694 1867 συμϐήσεται.

361 1887 426 1958 β’.
486 1886 730 1959 Ὑπακοὴ
774 1886 884 1941 τῶν
914 1886 1216 1957 ἀρχόντων,
1266 1884 1432 1939 αὐτοῦ
1463 1902 1523 1938 τε
1554 1884 1648 1939 τοῦ
1688 1883 1855 1939 λαοῦ·

294 1979 385 2034 καὶ
427 1978 632 2050 σπουδὴ
663 1978 795 2048 περὶ
824 1978 899 2032 τὰ·
934 1978 1072 2049 ἔργα
1112 1976 1208 2032 τοῦ
1256 1976 1418 2031 ναοῦο
1455 1977 1553 2032 καὶ
1583 1976 1678 2031 τοῦ
1721 1976 1857 2031 Θεοῦ

294 2069 429 2137 πρὸς
454 2069 649 2134 αὐτοὺς
675 2066 1080 2140 προσφώνησις,
1111 2067 1457 2138 ἀνδρίζεσθαι
1484 2067 1580 2121 καὶ
1609 2067 1855 2141 θαρρεῖν,

296 2160 383 2211 καὶ
411 2157 700 2227 γινώσκειν
733 2160 826 2213 τὸν
857 2157 993 2213 Θεὸν
1020 2158 1186 2213 αὑτὸν
1230 2157 1460 2231 [αὐτῶν]
1497 2159 1860 2230 ἐφιστάμενον

294 2251 534 2321 ἔχοντας.

362 2346 431 2408 γ’.
464 2340 772 2413 Πρόρῤησις
805 2340 915 2397 τῶν
941 2342 1034 2395 ἐπὶ
1060 2339 1154 2395 τοῦ
1181 2340 1417 2411 σταυροῦ
1437 2343 1553 2405 τοῖς
1577 2339 1858 2411 στοιχείοις

298 2432 761 2502 συμϐησομένων·
799 2432 895 2486 καὶ
937 2433 1035 2503 τῆς
1084 2433 1192 2485 τῶν
1242 2431 1413 2486 ἐθνῶν
1460 2432 1855 2503 καρποφορίας,

298 2522 391 2576 καί⁵
418 2522 516 2593 τῆς
547 2523 640 2576 τοῦ
674 2523 796 2577 νέου
824 2522 955 2578 ναοῦ
979 2522 1138 2594 δόξης
1162 2539 1178 2555 ·
1212 2524 1306 2578 καὶ
1332 2524 1433 2594 τῆς
1460 2524 1704 2596 εἰρήνης,
1737 2525 1860 2596 ῆτις

307 2612 457 2683 παρὰ
484 2613 578 2666 τοῦ
625 2614 861 2685 Χριστοῦ
889 2614 977 2669 διὰ
1023 2615 1118 2670 τοῦ
1165 2616 1400 2686 σταυροῦ
1435 2617 1546 2680 τοῖς
1578 2614 1861 2670 εὐσεϐοῦσι

302 2703 678 2775 κατώρθωται.

361 2798 425 2853 δ’.
481 2797 802 2868 Κατηγορία
854 2797 1142 2866 Ἰουδαίων,
1189 2797 1264 2861 ὡς
1310 2795 1435 2850 οὔτε
1479 2795 1861 2868 άγιαζομένων

291 2889 408 2951 ταῖς
457 2888 687 2956 θυσίαις,
724 2890 815 2943 καὶ
843 2891 1167 2960 μιαινόντων
1196 2891 1316 2953 ταῖς
1361 2888 1543 2944 αὐτῶν
1577 2892 1861 2962 πονηρίαις

290 2980 417 3041 τοὺς
458 2979 805 3048 ἐγγίζοντας·
847 2980 945 3034 καὶ
991 2980 1245 3052 διήγησις
1277 2975 1352 3036 ὧν
1399 2982 1553 3036 αὐτοί
1577 3000 1636 3037 τε
1678 2985 1772 3037 καὶ
1811 2984 1860 3038 οἰ

1887 1773 1929 1829 Β
1958 1773 2191 1855 ventura
2226 1773 2356 1853 sint.

2025 1886 2095 1943 ll.
2124 1886 2421 1944 Obauditio
2434 1886 2745 1957 principum
2760 1876 2980 1941 “necnon
3006 1892 3062 1938 et
3101 1881 3384 1951 ipsiusmet
3423 1896 3522 1952 po-

1956 1980 2094 2050 puli,
2121 1988 2177 2035 et
2213 1981 2454 2037 studium
2486 1995 2635 2051 opus
2653 1978 2862 2048 templi.
2893 1977 2973 2032 Et,
3004 1974 3257 2033 allocutio
3314 1973 3407 2029 Dei
3454 1961 3521 2027 ad

1957 2068 2104 2139 ipsos
2146 2078 2205 2124 ut
2222 2069 2601 2125 conlcrtentur
2620 2077 2675 2124 et
2688 2068 2915 2124 viriliter
2937 2073 3165 2138 agantet
3185 2064 3361 2119 sciant
3397 2064 3522 2134 quia

1958 2160 2233 2218 Dominus
2262 2162 2378 2233 ipse
2406 2170 2703 2232 stat-super
2726 2174 2824 2217 eos
2844 2159 2945 2230 qui!
2968 2166 3340 2230 perseverant.

2028 2345 2116 2401 ΙΙΙ.
2151 2344 2441 2402 Praedictio
2473 2358 2666 2400 eorum
2692 2356 2816 2413 qum
2839 2340 2907 2396 int
2925 2353 3092 2395 cruce
3118 2337 3404 2394 elementis
3430 2352 3522 2393 su-

1962 2439 2362 2508 pervenient,et
2386 2434 2628 2508 gentium
2654 2430 3024 2497 fecunditatis,
3070 2438 3127 2484 et
3172 2428 3353 2500 gloriae
3395 2425 3523 2481 novi

1963 2528 2179 2600 templi,
2190 2535 2246 2582 et
2275 2527 2425 2597 pacis
2443 2541 2567 2597 quas
2590 2540 2629 2579 ο
2647 2522 2879 2579 Christo
2895 2537 2995 2591 per
3012 2517 3524 2589 Crucem-disposita

1959 2630 2046 2677 est
2070 2619 2290 2676 sanctis.

2031 2806 2121 2861 ιν.
2148 2803 2441 2860 Accusatio
2462 2799 2799 2864 Judteorum,
2824 2771 3036 2869 quippe.
3057 2796 3152 2867 qui
3184 2810 3296 2851 non
3323 2795 3525 2851 sancti~

1961 2900 2124 2956 ﬁcant
2152 2899 2452 2965 sacriﬁciis,
2489 2900 2586 2956 sed
2628 2897 2993 2968 coinquinant;
3008 2895 3122 2950 suis
3150 2893 3375 2962 malitiis
3399 2908 3526 2964 pro-

1961 2990 2153 3045 ximos.
2179 2989 2244 3044 Et
2272 2989 2539 3061 expositio
2565 3004 2754 3044 eorum
2776 2986 2977 3058 quibus
3005 2993 3062 3040 et
3093 2983 3201 3054 ipsi
3226 2991 3282 3038 et
3317 2981 3527 3038 fructus

291 3073 493 3142 καρποὶ
523 3073 622 3143 τῆς
649 3072 751 3143 γῆς
778 3071 865 3127 διά
893 3071 990 3144 τὴν
1018 3071 1111 3126 τοῦ
1142 3071 1272 3127 λαοῦ
1322 3074 1588 3145 πονηρίαν
1617 3075 1858 3145 ὑπέστη-

1984 3097 2120 3136 erras
2137 3090 2361 3152 propter
2388 3082 2572 3152 populi
2606 3079 2881 3137 malitiam.
2912 3077 3325 3147 subiacuerunt,
3353 3081 3410 3129 et
3435 3073 3524 3128 fu-

292 3180 428 3218 σανο
465 3166 558 3217 καὶ
598 3166 697 3235 τῆς
741 3165 1007 3236 ἐσομένης
1047 3163 1136 3218 διὰ
1175 3165 1414 3237 Χριστοῦ
1445 3165 1695 3236 εὐλογίας
1720 3168 1856 3224 ὑπό-

292 3273 498 3327 σχεσις.
1050 3308 1055 3313 .

362 3352 424 3400 ε’.
478 3346 788 3418 Πρόρρησις
839 3347 1228 3419 καταστροφῆς
1271 3348 1563 3419 δαιμόνων,
1607 3353 1708 3406 καὶ
1747 3353 1857 3407 τῶν

294 3437 426 3508 παρ’
471 3437 699 3490 ἐκείνων
747 3439 1191 3509 ἐνεργουμένων·
1247 3440 1552 3511 προφητεία
1602 3442 1662 3497 δέ
1707 3446 1859 3515 παρὰ

294 3525 408 3598 [ἷσ.
442 3544 503 3580 τε
533 3527 682 3601 περὶ]
711 3528 973 3600 Χριστοῦ,
1004 3531 1095 3584 καὶ
1120 3530 1219 3602 τὴν
1246 3532 1559 3603 οἰκονομίαν
1586 3534 1685 3605 τῆς
1723 3554 1857 3609 σαρ-

294 3620 391 3684 κὸς
420 3620 513 3673 καὶ
547 3620 650 3691 τῆς
679 3620 930 3692 θεότητος
965 3622 1261 3693 μηνύουσα.

378 3712 628 3779 Ἀγγαῖος
650 3710 943 3781 ἑορτάζων
958 3713 1340 3786 ἑρμηνεύεται.
1374 3708 1543 3783 Οὗτος
1565 3719 1756 3791 ἐτέχθη
1781 3725 1860 3788 εἰς

292 3799 611 3864 Βαϐυλῶνα,
645 3796 712 3872 ἦν
752 3801 811 3856 δὲ
843 3803 908 3856 ἐκ
941 3802 1115 3873 φυλῆς
1159 3805 1292 3859 Aeci
1313 3822 1328 3837 ·
1378 3807 1473 3862 καὶ
1510 3808 1590 3862 ἔτι
1622 3811 1741 3874 νέος
1784 3811 1861 3866 ὢν

291 3887 458 3963 ἦλθεν
483 3891 928 3958 ἀπδιΒαϐυλῶνος
957 3896 1038 3958 εἰς
1076 3895 1458 3970 Ἰερουσαλήμο
1485 3900 1578 3954 καὶ
1610 3903 1862 3974 φανερῶς

294 3981 558 4051 περὶτῆς
605 3983 939 4055 ἐπιστροφῆς
992 3985 1086 4039 τοῦ
1129 3986 1259 4042 λαοῦ
1311 3991 1717 4062 προεφήτευσε·
1768 3996 1863 4048 κιιί⁸

291 4067 433 4127 εἶδεν
460 4074 524 4129 ἐκ
554 4076 752 4146 μέρους
779 4075 877 4147 τὴν
907 4077 1196 4149 οἰκοδομὴν
1222 4079 1316 4134 τοῦ
1344 4080 1475 4136 ναοῦ
1495 4096 1508 4111 ·
1542 4083 1863 4140 καὶάποθα-

290 4164 403 4219 νὼν
438 4168 497 4221 ἐν
542 4166 921 4239 Ἰερουσαλὴμ,
944 4169 1118 4241 ἐτάφη
1172 4170 1402 4242 πλησίον
1437 4174 1609 4243 τάφου
1657 4174 1765 4229 τῶν
1788 4178 1863 4231 is-

293 4260 441 4330 ρέων
458 4260 704 4326 ἐνδόξως,
735 4261 809 4324 ὡς
841 4261 1016 4325 αὐτοὶ,
1051 4263 1238 4336 ἐπειδὴ
1278 4267 1371 4319 καὶ
1398 4265 1561 4331 αὐτὸς
1585 4262 1653 4337 ἦν
1680 4267 1744 4320 ἐκ
1778 4270 1864 4337 γέ·

288 4366 416 4413 νους
445 4351 738 4422 ἱερατικοῦ.

490 4507 836 4563 ΚΕΦΔΛΑῙΑ
872 4508 1216 4565 ΖΑΧΑΡΙΟΥ
1263 4511 1649 4571 ΠΡΟΦΗΤΟΥ.

360 4625 429 4673 α’.
478 4619 777 4705 Προτροπη
830 4620 966 4692 πρὸς
1022 4621 1344 4693 μετάνοιαν,
1403 4625 1498 4678 καὶ
1555 4626 1858 4699 ὀνειδισμὸς

282 4709 384 4764 τοῦ
428 4711 716 4766 Ἰουδαϊκοῦ
760 4712 911 4781 λαοῦ,
959 4714 1042 4768 ὅτι
1079 4714 1201 4770 τῶν.
1221 4715 1499 4787 προγόνων
1527 4717 1626 4788 τὴν
1657 4720 1857 4777 κακίαν

281 4801 591 4874 ἐζήλωσαν.

361 4894 429 4966 β’.
482 4894 796 4965 Προφητεία
824 4895 1041 4967 δρόμων
1064 4896 1459 4965 άποστολικῶν,
1492 4902 1586 4954 καὶ
1615 4902 1862 4957 ἀνανεώιι

282 5001 448 5050 σεως,
487 4986 592 5049 ἐως
618 4985 719 5055 τῆς
755 4983 1128 5058 Ἰερουσαλὴμ,
1157 4989 1279 5061 ἥτις
1314 4989 1463 5060 αὐτὴν
1484 4989 1573 5047 διὰ
1602 4992 1702 5062 τῆς
1730 4991 1856 5056 νέας

278 5079 605 5147 γεγένηται.

355 5176 427 5236 τί.
480 5171 720 5240 Δίνιγμα
747 5169 853 5224 τῶν
884 5170 1251 5239 Εύαγγελίων,
1276 5171 1336 5239 ἐξ
1367 5165 1442 5229 ὧν
1468 5172 1681 5246 τὰέθνη
1715 5175 1854 5230 κατὰ

275 5262 387 5331 τῆς
433 5260 782 5331 Ἰερουσαλὴμ
828 5261 927 5333 τῆς
958 5261 1191 5333 ἀρχαίας
1217 5261 1549 5334 ὠξύνθησαν.

353 5350 420 5404 δ’.
473 5351 805 5422 Προφητεία,
827 5354 926 5424 τὴν
952 5352 1079 5407 νέαν
1121 5353 1469 5427 Ἰερουσαλὴμ
1498 5357 1587 5412 διὰ
1616 5359 1852 5430 Χριστοῦ

1881 4437 1947 4499 D.

1959 3183 2093 3228 turae
2131 3189 2230 3244 per
2255 3173 2531 3229 Christum
2562 3170 2956 3230 benedictionis
2977 3167 3285 3240 promissio;

2030 3356 2096 3411 ν.
2119 3357 2404 3415 Prmdiclio
2442 3360 2616 3413 ruinae
2637 3357 3035 3412 daemoniorum
3061 3362 3115 3410 et
3140 3352 3209 3407 ab
3239 3350 3374 3421 ipsis
3394 3363 3524 3420 pos-

1959 3466 2257 3516 sessorum,
2291 3462 2347 3507 et
2382 3449 2669 3521 prophetia
2702 3449 2769 3503 de
2785 3447 3026 3511 Christo,
3069 3444 3377 3516 signiﬁcans
3411 3442 3524 3497 disc

1960 3545 2283 3617 positionem
2333 3543 2513 3600 carnis
2544 3551 2598 3597 et
2619 3539 2932 3597 divinitatis.

2027 3726 2256 3796 Aggaaus
2293 3720 2569 3795 significat
2587 3717 2861 3789 festinans.
2891 3714 2990 3770 Hic
3018 3720 3181 3768 natus
3206 3718 3293 3765 est
3322 3708 3376 3764 in
3422 3707 3526 3763 Ba-

1962 3816 2177 3887 bylone,
2204 3824 2261 3869 et
2298 3821 2419 3869 erat
2439 3812 2506 3868 de
2547 3810 2694 3866 tribu
2731 3807 2881 3863 Levi.
2915 3807 2982 3862 Et
3012 3820 3149 3876 puer
3176 3818 3298 3860 eum
3350 3801 3527 3857 adhuc

1962 3915 2126 3970 esset,
2180 3905 2333 3960 venit
2376 3918 2445 3958 ex
2491 3901 2761 3972 Babylone
2795 3900 2851 3953 in
2889 3896 3209 3963 Jerusalem,
3242 3903 3299 3949 et
3350 3894 3525 3965 palam

1963 3994 2311 4068 prophetavit
2341 3994 2412 4049 de
2445 3991 2802 4049 conversione
2828 3988 3016 4061 populi
3043 3996 3099 4044 et
3125 3986 3263 4042 vidit
3293 3985 3347 4039 in
3372 3992 3526 4054 parte

1962 4088 2378 4146 aediﬁcationem
2407 4085 2616 4155 templi.
2644 4083 2714 4140 Et
2732 4091 2980 4137 mortuus
3003 4080 3059 4135 in
3090 4078 3411 4142 Jerusalem,
3441 4091 3527 4131 seu

1963 4180 2148 4252 pultus
2174 4189 2257 4234 est
2280 4192 2448 4249 prope
2470 4176 2802 4246 sepulturam
2825 4171 3188 4237 sacerdotum,
3212 4169 3403 4225 eodem
3427 4169 3525 4223 bo-

1963 4284 2115 4324 nore
2134 4284 2245 4339 quo
2270 4268 2448 4338 etipsi
2478 4285 2491 4321 :
2521 4271 2710 4336 utpote
2758 4264 2857 4334 qui
2882 4269 3002 4318 erat
3028 4276 3093 4318 ex
3121 4274 3322 4332 genere
3347 4270 3526 4316 sacer-

1962 4360 2151 4417 dotali.

2205 4513 2456 4572 CAPITA
2478 4507 2850 4569 ZACHARIJE
2874 4506 3279 4568 PROPHETIE.

2034 4629 2074 4685 L
2113 4627 2436 4685 Exhortatio
2462 4627 2539 4682 ad
2564 4626 2964 4698 pmniteatiam,
2992 4632 3050 4681 et
3085 4625 3388 4697 obiurgatio
3426 4639 3525 4694 po-

1965 4719 2077 4789 puli
2111 4718 2343 4784 Judaici,
2376 4733 2444 4774 eo
2464 4717 2610 4789 quod
2632 4726 2849 4788 patrum
2871 4731 3097 4773 suorum
3127 4716 3386 4771 malitiam
3416 4714 3534 4768 imi-

1964 4807 2058 4862 tati
2097 4816 2245 4862 sunt.

2026 4896 2095 4952 ll.
2129 4896 2464 4953 Vaticinium
2507 4912 2765 4953 cnrsuum
2804 4893 3177 4967 apostolorum
3208 4901 3266 4947 et
3297 4905 3526 4946 renova-

1966 4990 2129 5045 tionis
2165 4990 2462 5046 Jerusalem
2488 5005 2609 5059 quae
2634 4989 2750 5058 ipsa
2773 4984 2984 5042 novalis
3003 4982 3146 5040 facta
3175 4990 3279 5038 est.

2035 5172 2126 5230 lli.
2159 5172 2425 5230 Indicium
2454 5174 2773 5230 nuntiorum
2812 5187 2885 5227 ex.
2907 5170 3106 5240 quibus
3122 5177 3311 5241 gentes
3336 5177 3524 5224 contra

1962 5267 2237 5337 antiquam
2266 5264 2568 5321 Jerusalem
2602 5265 2828 5321 infensa:
2850 5271 3001 5320 sunt.

2033 5356 2118 5412 IV.
2145 5355 2473 5413 Vaticinium
2509 5370 2706 5411 novam
2743 5353 3041 5412 Jerusalem
3067 5368 3098 5408 a
3132 5353 3350 5410 Christo
3396 5352 3518 5407 fun-

271 5439 694 5512 κτισθήσεσθαι,
724 5441 819 5495 καὶ
853 5442 1054 5512 πλῆθος
1098 5442 1385 5500 οἰκούντων
1417 5446 1558 5511 ’ἐξειν
1578 5466 1591 5481 ο
1626 5451 1720 5504 καὶ
1751 5449 1845 5502 τοῦ

1984 5450 2137 5504 latam
2168 5449 2256 5517 iri,
2288 5457 2349 5504 et-
2388 5444 2793 5511 multitudinem
2824 5444 3191 5503 habitantium
3232 5442 3334 5516 ipsi
3366 5441 3516 5498 futu-

1818 5596 2051 5655 NOTAE.

355 5726 473 5800 (12)
503 5728 796 5799 Σαϐαρώθ.
857 5729 1172 5801 Σαραϐαθά,
1217 5731 1409 5803 Epiph.
1471 5735 1846 5801 Sabartltatlta,
1876 5735 2101 5794 Dorollt.
