3936 6200
454 310 592 378 1363

1651 315 2010 376 IIESYCHII
2045 316 2517 378 PRESBYTERI

3568 319 3703 384 1364

450 447 564 486 ram
605 443 752 494 esse,
782 438 838 485 et
866 428 1103 500 Spiritus
1143 428 1560 501 inspirationem
1603 428 1703 499 ipsi
1737 445 1834 498 pro
1859 429 2030 482 'muro

2164 429 2452 498 Ινεὺματος
2484 431 2620 502 αὐτῇ
2667 431 2764 504 τὴν
2809 432 3091 504 ἐνέργειαν
3139 432 3262 488 ἀντὶ
3306 433 3518 504 τείχους
3545 440 3704 504 γενή-

446 571 451 578 .
472 537 586 578 ore.

523 614 588 670 V.
634 614 858 671 Vocatio
885 613 1126 686 gentium
1159 613 1216 668 in
1245 629 1439 670 novam
1465 614 1632 680 Sion,
1677 625 1734 671 et
1769 615 1930 672 minae
1973 617 2028 671 in

451 706 748 771 damones,
772 714 828 761 et
852 705 1199 762 annuntiatio
1235 706 1507 762 adventus
1551 706 1766 763 Domini
1799 707 1853 761 in
1895 706 2028 762 Sion

450 811 576 851 cum
607 811 796 862 carne,
827 812 926 867 per
953 812 1116 868 quem
1147 805 1339 869 gentes
1379 797 1448 854 ad
1478 794 1658 868 ipsum
1703 807 2030 854 converten-

452 896 561 941 Illl'.

524 974 616 1031 Vl.
645 976 899 1032 Narratio
928 977 1256 1048 expiationis
1275 977 1406 1032 Jesu
1451 978 1595 1049 apud
1617 977 1765 1050 ipsos
1791 987 1922 1034 tunc
1946 993 2030 1033 sa-

451 1065 706 1127 cerdotis,
725 1075 782 1121 et
812 1068 1135 1136 protestatio
1159 1067 1226 1122 ad
1251 1067 1526 1134 eumdem,
1559 1083 1806 1138 quaenam
1837 1068 2027 1123 obser—

452 1171 583 1210 vare
611 1156 823 1212 deceat.

521 1246 636 1302 VII.
691 1247 1023 1304 Vaticinium
1094 1250 1364 1306 adventus
1416 1247 1732 1314 Salvatoris,
1765 1251 1818 1304 in
1865 1266 2028 1321 quem

416 1356 433 1372 ι
454 1348 665 1409 septem
683 1339 825 1397 dona
855 1341 1093 1411 Spiritus
1120 1343 1471 1411 requiescunt
1500 1359 1514 1406 ;
1551 1350 1604 1396 et
1636 1343 1918 1411 praedictio
1947 1343 2031 1397 fu-

455 1436 590 1483 tura:
622 1445 720 1499 per
748 1429 1042 1486 Salvatoris
1067 1432 1375 1504 passionem
1407 1432 1744 1486 remissionis
1774 1441 2028 1502 peccato-

456 1535 600 1585 rum,
633 1522 1079 1592 etpossessionis
1110 1523 1466 1594 mysticorum
1491 1525 1778 1580 bonorum.

524 1697 660 1754 VIII.
696 1700 898 1756 Notitia
918 1702 1210 1775 imaginum
1246 1704 1404 1775 pretii
1432 1713 1487 1760 et
1511 1704 1844 1775 operationis
1863 1704 2029 1775 Spiri-

2143 521 2346 574 σεσθαι.

2205 611 2268 664 ε’.
2325 611 2534 680 κλῆσις
2583 611 2690 664 τῶν
2724 611 2894 665 ἐθνῶν
2946 615 3026 677 εἰς
3072 614 3171 684 τὴν
3220 614 3348 668 νέαν
3399 614 3575 668 Σιὼνο
3613 617 3705 670 καὶ

2134 701 2332 771 ἀπειλὴ
2379 700 2522 754 κατά
2556 699 2861 771 δαιμόνων
2899 705 2992 756 καὶ
3041 704 3438 774 εὐαγγελισμὸς
3484 706 3584 776 τῆς
3611 707 3702 760 τοῦ

2137 794 2341 866 Κυρίου
2364 794 2501 864 μετά
2537 793 2738 865 σαρκὸς
2763 795 2842 860 εἰς
2868 794 2964 865 τὴν
2997 794 3138 847 Σιὼν
3163 795 3418 866 ἀφίξεως,
3447 796 3516 850 δι’
3543 793 3612 870 ῆς
3642 799 3704 850 τὰ

2136 883 2261 954 ἔθνη
2292 884 2430 955 πρδς
2461 885 2624 937 αὑτὸν
2653 884 3092 955 ἐπιστρέφουσιν.

2207 983 2282 1041 ς’.
2328 977 2589 1046 Διήγησις
2621 975 2723 1046 τῆς
2764 974 2938 1046 Ἰησοῦ
2967 975 3062 1029 τοῦ
3091 975 3222 1047 παρ’
3249 976 3433 1039 αὐτοῖς
3463 977 3586 1030 τότε
3633 977 3704 1028 ia-

2138 1067 2276 1138 ρέως
2309 1068 2629 1137 καθάρσεως
2653 1083 2668 1096 ⁶
2698 1069 2794 1121 καὶ
2825 1067 3194 1138 διαμαρτυρία
3223 1067 3362 1138 πρὸς
3392 1067 3482 1120 τὸν
3518 1069 3702 1132 αὑτὸν,

2133 1159 2256 1213 τίνα
2287 1158 2577 1226 φυλάττειν
2607 1159 2870 1229 προσῆκε.

2208 1246 2275 1310 ζ’.
2321 1247 2635 1318 Προφητεία
2676 1247 2775 1317 τῆς
2809 1246 3047 1316 ἀφίξεως
3087 1244 3183 1300 τοῦ
3233 1245 3508 1319 Σωτῆρος,
3541 1248 3705 1316 ἐφ’ὄν

2135 1341 2191 1394 αἱ
2226 1339 2364 1392 ἑπτὰ
2403 1339 2498 1391 τοῦ
2543 1337 2860 1407 Πνεῦματος
2905 1339 3106 1409 δωρεαὶ
3154 1339 3562 1392 ἀναπαύονται·
3623 1343 3704 1394 καὶ

2136 1433 2442 1506 πρόρρησις
2472 1432 2569 1502 τῆς
2621 1431 2885 1502 ἐσομένης
2912 1431 3000 1487 διά
3045 1431 3140 1484 τοῦ
3184 1433 3454 1502 σωτηρίου
3501 1433 3704 1496 πάθους

2135 1522 2550 1595 ἁμαρτημάτων
2583 1521 2852 1592 ἀφέσεως,
2883 1522 2976 1574 καὶ
3016 1522 3295 1592 μυστικῶν
3323 1521 3550 1590 ἀγαθῶν
3586 1524 3704 1577 ἀπο-

2134 1615 2398 1678 λαύσεως.

2205 1714 2277 1776 η’.
2325 1707 2538 1779 Θεωρία
2569 1706 2678 1760 τῶν
2708 1706 2930 1759 εἰκόνων
2963 1705 3063 1776 τῆς
3095 1706 3254 1770 ἀξίας
3287 1707 3381 1759 καὶ
3429 1707 3702 1778 ἐνεργείας

459 1797 547 1844 tus
589 1799 646 1845 et
671 1791 806 1862 legis
830 1792 976 1848 circa
1008 1794 1210 1864 ipsum,
1237 1803 1294 1850 et
1327 1796 1512 1866 gratiae
1541 1805 1598 1851 et
1626 1795 1843 1850 virtutis
1871 1797 2028 1852 Chri-

2164 1800 2229 1853 ὀῦ
2260 1799 2595 1870 Πνεῦματος,
2646 1799 2741 1852 καὶ
2787 1799 2952 1868 νόμου
3005 1798 3132 1869 περὶ
3161 1798 3312 1859 αὐτὸ,
3354 1800 3446 1852 καὶ
3487 1801 3703 1869 χάριτος

455 1878 547 1934 sti.
585 1879 653 1934 Et
682 1882 1038 1951 reprehensio
1071 1885 1334 1942 adversus
1385 1888 1682 1956 diabolum,
1711 1891 1866 1960 quasi
1907 1902 2033 1948 ten-

459 1979 664 2026 tantem
689 1973 958 2044 impedire
982 1976 1431 2046 praedicationem
1462 1981 1674 2036 salutis.

525 2155 618 2210 IX.
651 2155 979 2214 Vaticinium
995 2159 1065 2216 de
1089 2160 1311 2219 Christo
1337 2173 1394 2219 et
1418 2167 1827 2236 operationibus
1854 2167 2030 2239 Spiri-

459 2253 545 2300 tus
572 2245 625 2300 in
645 2247 760 2316 ipso
783 2258 871 2314 ;et
892 2251 1096 2322 elligies
1121 2252 1253 2324 legis
1282 2264 1338 2309 et
1367 2257 1576 2326 gratiae,
1603 2267 1659 2313 et
1687 2275 1877 2314 eorum
1907 2275 2030 2330 quae

456 2336 922 2395 subministranda
947 2349 1074 2396 sunt
1107 2341 1160 2397 in
1199 2345 1540 2414 apparitione
1571 2345 1824 2418 Spiritus.

520 2519 589 2577 X.
629 2521 788 2579 Minas
819 2524 874 2578 in
905 2524 1054 2582 fures
1078 2537 1134 2583 et
1159 2529 1435 2599 periuros,
1459 2533 1615 2602 quasi
1641 2549 1749 2588 una
1784 2549 1907 2590 cum
1933 2535 2031 2592 do-

458 2626 549 2666 mo
570 2613 900 2678 perdendos.

531 2703 619 2758 XI.
653 2705 870 2776 Elligies
905 2707 1210 2778 iniquitatis
1257 2712 1400 2768 inter
1436 2713 1690 2772 homines
1733 2720 2026 2791 regnantis,

455 2810 617 2863 «illam
649 2797 869 2866 pariunt
891 2799 1054 2855 simul
1075 2812 1360 2870 peccatum
1386 2813 1442 2859 et
1466 2805 1718 2876 impietas
1746 2822 1801 2864 et
1832 2827 1952 2880 qua:
1975 2811 2026 2866 in

453 2885 778 2942 confusione
811 2891 1017 2946 erroris
1051 2893 1444 2951 habitationem
1467 2899 1655 2953 sortita
1679 2909 1782 2954 est.

529 2973 643 3032 XII.
669 2980 882 3052 Elligies
913 2984 1192 3061 regiminis
1208 2987 1351 3057 quod
1382 2991 1762 3061 generationes
1793 2996 2028 3064 prophe-

461 3077 635 3122 tarum
661 3081 718 3126 et
743 3071 898 3145 legis,
921 3077 1355 3146 patriarcharum
1390 3090 1444 3136 et
1471 3085 1860 3154 prophetarum
1901 3104 2026 3158 per-

455 3171 767 3217 ουιτεηιηι.

524 3251 668 3308 XIII.
698 3254 964 3313 Indicium
1013 3273 1342 3315 coronarum
1374 3278 1494 3332 qua:
1523 3262 1720 3318 futura:
1752 3274 1881 3320 sunt
1946 3266 2031 3320 his

455 3345 549 3414 qui
579 3361 643 3401 ex
680 3357 906 3417 peccato
933 3352 1182 3407 conversi
1216 3351 1441 3416 fuerint,
1486 3369 1716 3424 quorum
1757 3355 2028 3425 specimen

455 3436 640 3492 Iesum
671 3447 800 3493 tunc
832 3440 1197 3510 sacerdotem,
1224 3442 1375 3498 velut
1404 3457 1500 3513 per
1529 3443 1903 3513 pmnitentiam
1935 3460 2033 3514 pu-

457 3526 749 3593 riﬁcatam,
780 3529 1010 3600 profert.

527 3618 672 3675 XIV.
707 3622 954 3678 Narratio
996 3639 1188 3679 eorum
1212 3640 1332 3696 qua:
1361 3625 1581 3696 quidam
1614 3640 1769 3697 reges
1791 3626 2030 3698 gentium

452 3710 521 3768 ad
544 3727 722 3768 arcam
739 3713 1016 3770 mittentes
1034 3715 1419 3773 siscitabantur
1440 3727 1524 3781 ;et
1543 3719 1821 3773 accusatio
1843 3717 2029 3783 Israel,

455 3805 600 3873 quod
630 3822 740 3861 non
771 3807 1072 3863 secundum
1103 3823 1330 3879 scopum
1366 3811 1456 3864 Dei
1486 3809 1738 3881 jejunant
1771 3818 1827 3866 et
1873 3826 2031 3865 man-

456 3891 680 3946 ducant.

529 3982 644 4038 XV.
678 3984 990 4040 Admonitio
1037 4002 1285 4057 quaenam
1322 3987 1432 4041 sint
1458 3988 1655 4058 quibus
1705 3987 1847 4044 Deus
1898 4004 2030 4043 cono

456 4085 663 4141 tentus,
706 4085 761 4132 et
790 4078 1066 4134 accusatio
1107 4079 1486 4134 inobedientia:
1536 4080 1743 4151 populi,
1776 4090 1831 4136 et
1869 4080 2032 4136 minae

455 4168 819 4238 dispersionis
834 4185 1024 4227 eorum
1067 4171 1486 4242 etperditionis.

524 4259 662 4314 XVI.
703 4260 987 4316 Prmdictio
1017 4263 1287 4318 bonorum
1319 4278 1440 4333 qua:
1485 4261 1792 4318 Jerusalem
1850 4261 2030 4318 futura

455 4361 584 4409 Sunt
602 4368 696 4421 per
729 4353 1026 4410 Salvatoris
1052 4354 1375 4411 adventum.

2055 3131 2099 3189 (Ξ

530 4443 692 4498 XVII.
727 4445 1006 4517 Expositio
1037 4463 1285 4520 quamam
1311 4447 1482 4503 veteri
1512 4447 1714 4520 populo
1746 4457 1874 4504 ante
1898 4449 2030 4504 zedi-
2061 4468 2106 4524 ι)

457 4537 764 4592 tlcationem
799 4538 985 4608 templi
1025 4538 1142 4604 Dei,
1172 4555 1419 4610 quaenam
1463 4555 1593 4595 vero
1632 4555 1773 4595 novo
1829 4542 2030 4611 pepqu

454 4638 580 4701 post
626 4629 774 4684 illius
801 4629 1238 4696 tediﬁcatlonem,
1273 4646 1301 4685 a
1336 4631 1445 4686 Deo
1489 4631 1633 4687 facta
1671 4631 1876 4687 fuerint
1909 4649 1926 4699 ;
1976 4641 2032 4686 et

455 4721 748 4778 Instructio
771 4721 1032 4792 quidnam
1056 4723 1333 4795 corrigere
1359 4724 1622 4780 debeant.

525 4814 716 4870 XVIII.
748 4816 1069 4875 Exhortatio
1093 4815 1161 4871 ad
1187 4815 1457 4887 jejunium
1511 4817 1598 4872 his
1627 4816 1720 4887 qui
1760 4817 2027 4872 conﬁten-

456 4917 565 4972 tur,
589 4907 742 4978 quasi
773 4909 827 4962 in
854 4923 920 4963 eo
951 4907 1211 4979 gaudium
1233 4907 1446 4963 nacturi
1482 4907 1593 4964 sint
1629 4925 1644 4973 ;
1674 4917 1728 4963 et
1750 4909 2030 4979 praedictio

454 5001 829 5057 conversionis
855 5001 1099 5070 gentium
1119 5017 1215 5071 per
1241 5001 1541 5057 Salvatoris
1567 5000 1887 5055 adventum.

525 5093 668 5148 XIX.
712 5094 1038 5149 Vaticinium
1078 5094 1393 5149 abolitionis
1425 5092 1632 5148 erroris
1662 5091 1804 5162 apud
1839 5098 2029 5162 gentes

455 5185 621 5240 futuri
665 5203 678 5250 ;
711 5195 768 5240 ct
801 5185 1081 5255 prmdictio
1112 5185 1235 5240 Iidei
1273 5200 1394 5254 qum
1424 5183 1477 5236 in
1511 5183 1641 5253 ipsis
1670 5182 2024 5254 plantabitur,

455 5293 550 5347 per
577 5293 740 5350 quam
762 5293 869 5332 non
887 5278 1003 5348 jam
1025 5279 1346 5335 diabolicam
1367 5278 1724 5348 direptionem
1752 5285 2024 5332 metuunt.

526 5463 646 5518 XX.
667 5462 1000 5519 Vaticinium
1032 5465 1102 5520 de
1130 5464 1374 5530 Christo,
1400 5463 1673 5535 quomodo
1693 5463 1860 5517 asinae
1889 5459 2026 5515 insi-

454 5553 592 5606 dens
616 5551 896 5608 Judaicam
915 5557 1228 5625 superbiam
1258 5555 1715 5624 destruit,pacem
1736 5566 1867 5608 vero
1891 5566 2026 5610 con-

455 5642 607 5695 ciliat
632 5642 908 5710 gentibus,
941 5645 1204 5701 ministris
1231 5662 1364 5700 usus
1385 5644 1650 5714 apostolis
1696 5644 1755 5698 in
1791 5657 2026 5712 evange-

458 5730 616 5785 licam
656 5730 1121 5802 praedicationem,
1163 5735 1219 5789 in
1253 5735 1680 5791 destructionem
1710 5733 1933 5800 erroris,
1969 5733 2024 5787 in

2139 1892 2234 1945 καὶ
2273 1891 2556 1961 δυνάμεως
2599 1889 2834 1959 Χριστοῦ
2857 1905 2870 1918 ⁸
2904 1889 2999 1942 καὶ
3025 1889 3274 1958 ἐπιτιμία
3299 1889 3441 1942 κατά
3467 1889 3566 1942 τοῦ
3602 1891 3703 1944 δια-

2138 1983 2316 2047 δόλου,
2347 1981 2424 2045 ὡς
2451 1981 2764 2052 ἐμποδίζειν
2792 1979 3194 2052 ἐπιχειροῦντος
3222 1979 3301 2050 τῷ
3327 1981 3595 2051 σωτηρίῳ
3623 1998 3705 2051 κη-

2140 2073 2401 2146 ρύγματι.

2209 2164 2273 2218 θ’.
2328 2162 2640 2232 Προφητεία
2689 2160 2817 2230 περὶ
2848 2159 3088 2232 Χριστοῦ
3134 2161 3228 2214 καὶ
3268 2160 3377 2215 τῶν
3414 2161 3706 2232 ἐνεργειῶν

2135 2254 2244 2308 τῶν
2275 2257 2332 2308 ἐν
2362 2253 2511 2323 αὐτῷ
2542 2252 2636 2306 τοῦ
2671 2250 3023 2321 Πνεύματοςο
3053 2251 3148 2304 καὶ
3188 2249 3353 2303 εἰκὼν
3397 2250 3580 2319 νόμου
3627 2250 3710 2302 καὶ

2136 2348 2378 2419 χάριτος,
2409 2347 2504 2400 καὶ
2531 2345 2639 2400 τῶν
2687 2344 2990 2414 μελλόντων
3016 2341 3406 2414 ὑπηρετεῖσθαι
3435 2345 3506 2413 τῇ
3552 2358 3710 2410 φανε-

2140 2439 2308 2510 ρώσει
2337 2438 2431 2492 τοῦ
2464 2437 2803 2508 Πνεῦματος.

2209 2536 2259 2584 ι’.
2329 2529 2547 2600 Ἀπειλὴ
2580 2529 2718 2583 κατὰ
2747 2527 2995 2581 κλεπτῶν
3025 2528 3118 2580 καὶ
3140 2527 3436 2597 ἐπιόρκων,
3466 2527 3556 2591 ὡς
3593 2544 3720 2580 παν-

2136 2623 2246 2676 οικὶ
2281 2621 2586 2692 μελλόντων
2616 2621 3022 2694 όλοθρεὺεσθαι.

2208 2713 2298 2770 ια’.
2349 2714 2527 2769 Εἰκὼν
2561 2713 2658 2782 τῆς
2688 2715 2746 2766 ἐν
2787 2710 3095 2784 ἀνθρώποις
3139 2710 3587 2782 πολιτευομένης
3613 2709 3714 2763 ἀδι-

2137 2807 2281 2870 κίας,
2315 2807 2382 2878 ἢν
2421 2805 2666 2877 ἁμαρτία
2703 2805 2801 2875 μὲν
2831 2807 3125 2874 συγκροτεῖ
3156 2805 3250 2856 καὶ
3280 2803 3544 2863 ἀσέὁεια,
3582 2804 3638 2854 ἐν
3663 2797 3716 2852 δέ

2135 2902 2201 2969 τῇ
2239 2895 2497 2966 συγχύσει
2531 2896 2632 2964 τῆς
2666 2896 2873 2966 πλάνης
2907 2896 3008 2966 τὴν
3037 2894 3320 2947 κατοικίαν
3354 2892 3652 2961 κέκτηται.

2207 2989 2295 3060 ιβ’.
2344 2988 2520 3041 Είκὼν
2550 2988 2846 3051 πολιτεῖας,
2877 2986 2944 3056 ἦν
2974 2986 3031 3039 αἱ
3068 2985 3252 3052 γενεαὶ
3283 2985 3598 3055 προφητῶν
3634 2981 3721 3035 καὶ

2136 3083 2324 3154 νόμου,
2355 3081 2709 3153 πατριαρχῶν
2746 3080 2840 3133 καὶ
2870 3077 3203 3143 ἀποστόλων,
3235 3077 3504 3147 ἔδραμον.

2208 3263 2296 3325 ιγ’.
2358 3257 2599 3324 Δῖνιγμα
2650 3255 2759 3307 τῶν
2818 3255 3088 3326 ἐσομένων
3146 3255 3431 3324 στεφάνων
3488 3258 3617 3319 τοῖς
3671 3255 3725 3319 ἐξ

2133 3350 2409 3421 ἁμαρτίας
2439 3347 2879 3417 ἐπιστρέφουσιν,
2909 3344 2985 3402 ὧν
3012 3347 3104 3400 τὸν
3143 3347 3355 3418 Ἰησοῦν
3381 3349 3516 3401 τότε
3554 3348 3720 3416 ἱερέα,

2132 3443 2206 3503 ὼς
2244 3439 2331 3494 διὰ
2358 3438 2642 3510 μετανοίας
2685 3437 3054 3510 καθαρθέντα,
3098 3437 3430 3509 χαρακτῆρα
3476 3438 3724 3510 προσάλο

2131 3534 2302 3587 λεται.

2204 3622 2284 3676 ιδ’.
2328 3621 2607 3692 Διήγησις,
2637 3616 2726 3675 οἷα
2755 3621 3005 3693 περὶτῆς
3035 3621 3267 3676 κιϐωτοῦ
3298 3622 3568 3692 βασιλεῖς
3594 3640 3727 3686 τινες

2131 3713 2299 3768 ἐθνῶν
2355 3712 2673 3783 πέμψαντες
2729 3712 3116 3768 ἐπυνθάνοντο·
3177 3714 3273 3768 καὶ
3324 3713 3579 3786 ἔλεγχος
3644 3713 3728 3769 τοῦ

2144 3803 2383 3874 Ἰσραὴλ,
2412 3805 2494 3857 ὅτι
2535 3805 2610 3877 μὴ
2663 3804 2806 3857 κατὰ
2855 3804 3056 3858 σκοπὸν
3089 3803 3225 3858 Θεοῦ
3273 3807 3662 3878 νηστεύουσιν
3702 3809 3730 3875 ἦ

2131 3895 2401 3948 ἐσθίουσιν
2510 3886 2512 3889 ’

2204 3989 2283 4042 ιε’.
2323 3988 2612 4052 Νουθεσία,
2638 3990 2746 4043 τίσι
2767 3989 2900 4054 Θεὸς
2935 3990 3259 4060 ἀρέσκεται·
3281 3990 3377 4042 καὶ
3404 3991 3739 4062 κατηγορία

2129 4079 2230 4148 τῆς
2255 4078 2350 4132 τοῦ
2389 4079 2520 4132 λαοῦ
2565 4080 2848 4150 παρακοῆς
2871 4095 2884 4109 °
2917 4080 3010 4134 καὶ
3037 4080 3234 4151 ἀπειλὴ
3264 4080 3606 4155 διασπορᾶς
3636 4082 3737 4134 τῶν

2132 4168 2312 4222 αὐτῶν
2343 4169 2438 4223 καὶ
2465 4170 2802 4240 πορθήσεως.

2207 4259 2302 4324 ις’.
2361 4260 2672 4332 Πρόῤῥησις
2726 4260 2834 4314 τῶν
2887 4262 3160 4332 ἐσομένων
3209 4264 3275 4332 τῇ

2135 4352 2355 4421 ἀγαθῶν
2384 4351 2470 4405 διὰ
2499 4353 2596 4422 τῆς
2623 4353 2716 4405 τοῦ
2741 4352 2994 4424 Σωτῆρος
3019 4354 3274 4423 ἀφίξεως.

2208 4444 2292 4510 ιζ’.
2346 4445 2626 4515 Διήγησις,
2658 4438 2746 4498 οἷα
2791 4444 2870 4514 τῷ
2915 4445 3127 4515 ἀρχαίῳ
3156 4444 3290 4515 λαῷ,
3325 4447 3475 4518 πρὶν
3529 4451 3747 4504 οἰκοδο-

2136 4537 2372 4608 μηθῆναι
2406 4536 2496 4590 τὸν
2527 4535 2618 4590 τοῦ
2649 4537 2783 4589 Θεοῦ
2814 4537 2960 4602 ναὸν,
2987 4532 3072 4590 οἷα
3106 4537 3163 4590 δέ
3199 4537 3341 4608 μετὰ
3379 4541 3503 4612 τὴν
3538 4542 3753 4596 οἰκοδο-

2134 4629 2243 4698 μὴν
2274 4627 2374 4699 τὴν
2406 4627 2620 4694 τούτου,
2645 4627 2720 4698 τῷ
2749 4629 2854 4699 νέῳ
2883 4627 2998 4697 λαῷ
3030 4628 3180 4699 παρὰ
3205 4627 3342 4682 Θεοῦ
3378 4634 3748 4705 γεγένηται·

2131 4721 2225 4775 καὶ
2257 4719 2574 4774 διδασκαλία
2601 4718 2654 4772 τί
2687 4717 2987 4789 κατορθοῦν
3015 4719 3312 4786 ὀφείλουσι.

2203 4811 2290 4881 ιη’.
2323 4811 2612 4883 Προτροπὴ
2642 4811 2896 4880 νηστείας
2923 4812 3033 4873 τοῖς
3059 4809 3641 4882 ἐξομολογουμένοις,
3684 4814 3756 4877 ὡς

2129 4906 2188 4958 ἐν
2219 4903 2356 4974 αὐτῇ
2388 4902 2484 4972 τὴν
2515 4901 2853 4972 εὐφροσύνην
2877 4900 3058 4971 ἔχουσι
3077 4917 3091 4932 ·
3125 4902 3218 4954 καὶ
3245 4904 3598 4975 πρόρρησις
3639 4909 3759 4960 ἐπι.

2131 4998 2371 5068 στροφῆς
2401 4993 2570 5047 ἐθνῶν
2595 4993 2685 5047 διὰ
2712 4993 2810 5062 τῆς
2839 4992 2932 5046 τοῦ
2969 4993 3219 5063 Σωτῆρος
3248 4994 3544 5061 ἀφίξεως.

2203 5087 2286 5141 ιϐ’.
2337 5086 2649 5157 Προφητεία
2685 5085 2994 5156 ἀφανισμοῦ
3041 5085 3247 5155 πλάνης
3293 5087 3613 5162 ἐσομένης
3649 5093 3763 5154 mg;

2130 5179 2343 5234 ἔθνεσι·
2389 5177 2486 5231 καὶ
2532 5179 2836 5249 πρόρρησις
2866 5178 2963 5248 τῆς
3011 5179 3070 5230 ἐν
3098 5178 3280 5240 αὐτοῖς
3326 5185 3762 5254 φυτευομὲνης

2130 5271 2386 5335 πίστεως,
2433 5269 2502 5323 δι’
2547 5270 2614 5341 ἢν
2659 5272 2758 5323 οὐκ
2798 5269 2878 5322 ἔτι
2920 5269 3020 5340 τὴν
3058 5268 3368 5340 διαδολικὴν
3403 5271 3763 5330 ἀπελασέαν

3353 4263 3422 4316 Ἳε
3435 4265 3741 4336 imos-liis

2126 5362 2416 5416 δεδοίκασι.

2201 5455 2271 5509 κ’.
2298 5439 2614 5525 Προφητεία
2652 5451 2780 5523 περὶ
2812 5451 3070 5522 Χριστοῦ,
3091 5453 3239 5514 ὅπως
3273 5451 3376 5523 τὴν
3427 5455 3590 5511 ὄνον
3627 5458 3768 5514 καθ-

2131 5546 2272 5610 ίσας,
2309 5544 2409 5617 τὴν
2471 5544 2766 5614 Ἰουδαῖκὴν
2795 5545 3110 5610 ἀλαζονείαν
3139 5545 3402 5597 ἀπόλλυσι
3438 5563 3458 5576 ο
3507 5553 3770 5622 εἰρήνην

2127 5640 2184 5694 δὲ
2228 5638 2556 5710 πρυτανεύει
2582 5638 2693 5701 τοῖς
2727 5635 2926 5699 ἔθνεσι,
2955 5637 3208 5708 ὀργάνοις
3236 5640 3352 5700 τοῖς
3376 5636 3770 5708 ἀποστείλας

2127 5732 2206 5795 εἰς
2232 5731 2293 5786 τὸ
2317 5729 2674 5801 εὐαγγελικδν
2700 5731 2983 5802 κήρυγμα,
3025 5730 3119 5784 καὶ
3147 5731 3250 5801 τὴν
3283 5729 3620 5791 ἀπώλειαν
3659 5741 3763 5808 τῆς
