3936 6200
279 319 424 385 1365

1304 320 1385 378 IN
1416 320 1530 379 XII
1569 318 2010 379 PROPHETAS
2049 321 2410 383 MINOIIES.

3368 315 3504 380 1366

277 432 486 498 πλάνης,
521 429 614 484 καὶ
644 430 752 484 τῶν
790 430 1106 501 μυστηρίων
1135 429 1233 502 τὴν
1261 430 1589 501 φανέρωσιν,
1623 429 1717 482 καί
1737 430 1832 500 τὴν

1957 433 2316 502 nysteriornm
2375 433 2911 491 manifestalionem.
2983 433 3036 488 in
3089 431 3501 486 conversionem

277 524 596 593 ἐπιστροφὴν
616 522 726 576 τῶν
751 523 1186 594 πεπλανημένων
1216 523 1582 593 χρησάμενος.

334 619 434 667 κα’.
487 614 608 666 Ὅτι
646 615 798 683 παρά
841 614 976 666 Θεοῦ
1013 615 1106 668 καὶ
1155 615 1255 684 τὴν
1303 616 1464 685 χάριν
1494 617 1576 670 δεῖ
1609 619 1704 671 καὶ
1741 617 1831 670 τὸν

275 706 419 773 νόμον
457 705 892 774 προσδέχεσθαιο
928 705 1022 758 καὶ
1073 706 1291 776 διαϐολὴ
1339 707 1450 761 τῶν
1503 709 1831 779 Ἑλληνικῶν

278 795 535 863 μάντεων,
588 795 683 846 καὶ
739 794 937 865 ἀπειλὴ
991 796 1098 849 τῶν
1156 798 1464 854 Ἰουδαϊκῶν
1521 799 1827 868 ποιμένων·

275 889 357 940 καὶ·
383 891 689 958 προφητεία
710 891 811 959 τῆς
839 889 926 944 διά
946 890 1052 942 τῶν
1081 891 1394 942 ἀποστόλων
1425 891 1690 961 ἐσομένης
1720 892 1834 942 ἐπι.

278 980 501 1049 στροφῆς
522 981 609 1034 διά
639 980 1012 1051 βαπτίσματος
1043 983 1134 1034 καὶ
1174 983 1460 1050 μετανοίας
1485 983 1547 1035 ἐκ
1577 983 1676 1050 τῆς
1701 981 1831 1034 πλά-

275 1087 360 1138 νης
387 1074 498 1134 τοῖς
530 1071 730 1125 ἔθνεσι.

335 1185 430 1254 κβ’.
481 1187 792 1256 Πρόρρησις
845 1187 1049 1241 εἰσόδου
1086 1186 1224 1256 πρὸς
1267 1187 1334 1239 τὰ
1372 1186 1499 1256 ἔθνη
1533 1185 1626 1238 τοῦ
1665 1185 1832 1239 Πνεῦ-

277 1288 429 1339 ματος
450 1288 464 1302 ’
499 1274 592 1324 καὶ
623 1272 858 1326 εἰδώλων
893 1273 1151 1337 πτώσεως
1171 1289 1184 1302 ·
1207 1275 1303 1327 καί
1331 1274 1530 1345 θρήνου
1561 1273 1666 1327 τῶν
1703 1276 1831 1327 Ἰου-

272 1361 459 1415 δαϊκῶν
490 1363 784 1432 ποιμένων,
816 1365 902 1433 ἐφ’
934 1359 1014 1428 οἷς
1048 1367 1403 1435 καταργεῖται
1451 1365 1520 1417 τὰ
1567 1366 1704 1435 παρ’
1732 1365 1832 1417 αὐ-

272 1454 371 1514 τοῖς
401 1453 694 1524 καθάρσια.
1731 1513 1740 1518 _

257 1569 263 1579 -
335 1541 435 1608 κγ’.
485 1545 798 1614 ῐΙροφητεία
832 1545 958 1615 περὶ
990 1545 1246 1614 Χριστοῦ,
1279 1546 1586 1614 ποιμαίνειν
1615 1545 1831 1618 εὐδοκία

269 1633 352 1686 τοῦ
399 1635 614 1703 Πατρός
667 1636 733 1689 τὰ
777 1635 966 1706 πρώην
1016 1637 1331 1690 ἀπολωλότα
1376 1637 1678 1706 μέλλοντος.
1735 1638 1831 1690 καὶ

1933 538 2120 577 eorum
2149 525 2240 595 qui
2274 533 2611 580 erraverant.

2005 614 2144 669 XXI.
2168 616 2322 682 Quod
2355 634 2381 671 a
2411 619 2521 672 Deo
2554 629 2667 673 tum
2690 618 2796 681 Iex,
2824 625 2936 670 tmn
2966 615 3158 686 gratia,
3179 618 3500 684 acetpienda

1933 706 2020 759 sit.
2043 705 2106 759 Et
2135 708 2395 763 detractio
2430 710 2711 780 gentilium
2736 717 2940 770 vatum,
2973 717 3029 761 et
3056 708 3217 760 mina:
3255 707 3508 760 Jtnlaictu-

1935 809 2054 845 rum
2086 803 2390 862 pastorum.
2418 798 2748 851 Vaticinium
2791 795 3164 848 conversionis
3203 811 3268 847 ex
3321 810 3504 847 errore

1933 895 2030 947 per
2047 884 2319 948 apostolos
2343 884 2595 952 gentibus
2622 884 2817 937 tutum
2843 897 2940 952 per
2962 881 3290 950 baptismum
3322 889 3375 933 et
3395 896 3507 948 po:-

1934 968 2242 1027 nitentium.

2003 1173 2167 1228 XXII.
2195 1173 2482 1231 Praedictio
2502 1177 2854 1248 ingressionis
2881 1175 3116 1246 Spiritus
3143 1173 3198 1228 in
3226 1181 3434 1244 gentes,
3453 1179 3510 1226 et

1933 1265 2103 1320 ruina:
2140 1265 2427 1331 idolorum,
2461 1277 2517 1322 et
2550 1268 2959 1322 lamentationis
3000 1265 3352 1321 Judaicorum
3412 1279 3506 1333 pa—

1930 1362 2159 1416 storum,
2189 1369 2253 1407 co
2273 1357 2412 1423 quod
2433 1366 2608 1410 cessat
2636 1355 2775 1425 apud
2801 1355 2948 1424 ipsos
2963 1352 3142 1408 hostia
3162 1350 3504 1421 expiationis.

2002 1535 2195 1590 XXIII.
2220 1535 2547 1590 Vaticinium
2579 1537 2646 1590 de
2676 1538 2916 1600 Christo,
2945 1538 3039 1606 qui
3060 1551 3125 1591 ex
3146 1537 3288 1591 bona
3313 1536 3508 1590 volun-

1937 1635 2045 1682 tate
2079 1627 2258 1680 Patris
2291 1641 2512 1694 pascere
2543 1626 2787 1680 debctea
2809 1643 2930 1695 quae
2959 1636 3086 1680 ante
3113 1625 3407 1695 perierant.
3440 1625 3508 1678 Et

269 1725 451 1794 ἀπειλὴ
484 1726 585 1796 τῆς
613 1725 721 1779 τῶν
759 1727 1024 1781 Ἰουδαίων
1045 1728 1382 1798 πορθήσεως,
1410 1729 1630 1797 Καῖάφα
1647 1745 1705 1781 τε
1737 1729 1830 1782 καὶ

1957 1714 2097 1767 uina:
2125 1713 2449 1782 direptionis
2490 1713 2821 1778 Judmorum,
2853 1723 2908 1767 et
2956 1712 3246 1766 ablationis
3285 1711 3508 1781 Caipbze

269 1816 489 1870 Πιλάτου
524 1819 617 1871 καὶ
657 1817 898 1888 Ἡρώδου
965 1818 1260 1889 ὲξάρσεως,
1327 1820 1492 1890 νόμου
1537 1837 1596 1873 τε
1625 1819 1830 1890 ἐγγρά-

267 1922 361 1974 φου
395 1908 486 1960 καὶ
527 1905 755 1976 φυσικοῦ
807 1909 1149 1979 μεταθέσεως
1198 1913 1278 1974 εἰς
1325 1911 1522 1964 αὐτόν’
1567 1911 1830 1982 ἐκατέρου

266 1994 565 2064 διόρθωσιν.

335 2102 410 2158 κδ’
418 2145 432 2160 .
485 2107 798 2176 Προφητεία
827 2107 926 2177 τῆς
956 2109 1218 2178 ἐσομένης
1249 2110 1308 2162 ἐν
1340 2111 1452 2173 τοίς
1483 2110 1658 2164 ἔθνεσι
1690 2109 1832 2179 γνώ-

272 2212 423 2260 σεως,
474 2198 572 2251 καὶ
619 2199 716 2267 τῆς
764 2199 856 2266 τρῦ
903 2199 1108 2270 Κυρίου
1158 2202 1492 2269 φαντασίαςο
1547 2202 1640 2256 καὶ
1687 2203 1832 2267 ὅπως

266 2287 432 2357 αὐτῆς
469 2288 568 2358 μὲν
608 2287 866 2358 ἀδόκιμον
912 2289 1127 2360 ἐδείχθη
1173 2290 1232 2342 τὸ
1279 2290 1563 2362 ἀργύριον,
1613 2294 1656 2363 ή,
1696 2293 1836 2364 πρὸς

264 2380 353 2431 τὸν
387 2379 515 2433 λαὸν
539 2379 596 2432 δὲ
629 2380 738 2432 τῶν
783 2381 1050 2435 Ἰουδαίων
1076 2381 1306 2453 διαθήκη
1343 2385 1668 2455 κατηγορία.

333 2475 430 2522 κε’.
483 2471 818 2540 Προφήτεία,
849 2471 902 2524 τί
934 2473 1032 2542 μὲν
1060 2475 1088 2526 ὁ
1120 2473 1486 2544 Ἀντίχριστος
1517 2476 1757 2546 ποιήσει,
1786 2478 1836 2530 τί
1887 2544 1894 2545 ί

1849 2609 1857 2617 ,
1936 2557 2071 2627 quid
2111 2572 2241 2613 vero
2274 2572 2556 2626 passurus.

265 2557 320 2612 δὲ
358 2560 449 2613 καὶ
482 2559 666 2629 μέλλει
697 2562 1004 2616 πείσεσθαι.

333 2678 444 2737 κς·’.
493 2674 800 2747 Πρόρρησις
828 2675 938 2730 τῶν
969 2676 1269 2747 μελλόντων
1289 2680 1354 2748 τῇ
1391 2677 1748 2752 Ἰερουσαλὴμ
1780 2683 1837 2735 ἐν

265 2767 328 2834 τῇ
381 2763 645 2835 πορθήσει
697 2766 1078 2838 συμϐήσεσθαι
1128 2769 1369 2822 καὶτῶν
1420 2769 1697 2840 ἐσομένων
1750 2772 1838 2826 διὰ

265 2855 557 2923 μετανοίας
602 2857 932 2925 σωζομένοις
962 2858 1202 2926 ἀγαθῶν,
1237 2860 1385 2923 ὅπως
1432 2861 1588 2914 αὐτοί
1629 2863 1728 2932 μὲν
1757 2865 1836 2926 εἰς

261 2949 360 3016 τὴν
391 2946 545 3011 τάξιν
572 2947 680 3000 τῶν
720 2948 943 3010 δικαίων
975 2948 1355 3020 ἀναϐήσονται,
1391 2953 1474 3014 εἰς
1502 2952 1559 3006 δὲ
1599 2954 1698 3021 τὴν
1731 2956 1838 3007 τῶν

261 3037 504 3105 ἀγγέλων
535 3040 583 3090 oi
621 3037 838 3091 δίκαιοι.
1117 3066 1126 3068 τ

329 3131 430 3193 κζ’.
486 3131 795 3200 Προφήτεία
823 3132 1097 3197 ἀπωλείας
1122 3133 1410 3205 δαιμόνων,
1441 3137 1653 3207 καὶτῆς
1678 3137 1828 3208 ἰσχύ-

262 3238 396 3284 σεως
425 3221 526 3291 τῆς
558 3222 652 3275 ἐπὶ
680 3224 806 3286 τοὺς
850 3223 1076 3288 πιστοὺς
1108 3214 1399 3296 γινομένης
1436 3226 1532 3279 τοῦ
1582 3229 1833 3300 Πνεύμα-

257 3329 348 3374 τος
367 3328 382 3342 ·
413 3315 508 3366 καὶ
550 3312 658 3366 τῶν
698 3314 971 3383 ἐσομένων
998 3317 1056 3367 ἐν
1080 3315 1159 3384 τῷ
1201 3315 1379 3385 καιρῷ
1403 3317 1500 3387 τῆς
1529 3319 1840 3383 συντελείας

258 3404 374 3466 cui;
419 3403 692 3465 Ἰουδαίοις
719 3404 942 3457 κακῶνο
973 3404 1209 3458 εἰδώλων
1232 3421 1292 3458 τε
1332 3407 1426 3459 καὶ
1452 3407 1548 3459 τοῦ
1592 3409 1840 3479 πνεύμα-

259 3510 352 3556 τος
384 3494 484 3564 τῆς
517 3493 726 3564 πλάνης
771 3495 1168 3568 όλοθρεύσεωςο
1208 3497 1302 3549 καί.
1352 3493 1443 3550 οἷα
1488 3497 1566 3569 τῷ
1615 3500 1841 3570 Χριστῷ

258 3583 518 3655 ἐξαίρετα
547 3586 944 3657 προφητεύοντι
969 3588 1121 3660 παρὰ
1146 3588 1240 3642 τοῦ
1268 3587 1400 3642 λαοῦ
1429 3588 1537 3642 τῶν
1571 3590 1840 3645 Ἰουδαίων

259 3678 572 3748 γενήσεται.

333 3775 443 3840 κη’.
498 3771 810 3843 Προφητεία
839 3771 933 3825 τοῦ
967 3772 1301 3826 Δεσποτικοῦ
1333 3773 1602 3845 σταυροῦ,
1621 3774 1714 3828 καὶ
1742 3777 1840 3846 τῆς

256 3858 545 3930 ἀρνήσεως
577 3859 673 3914 τοῦ
705 3861 934 3933 Πέτρου,
979 3863 1074 3916 καί.
1111 3862 1212 3932 τῆς
1236 3862 1354 3915 τῶν.
1379 3864 1695 3920 ἀποστόλων
1722 3866 1840 3919 δια-

258 3950 495 4020 σπορᾶς,
543 3950 636 4003 καὶ
684 3950 781 4019 τῆς
829 3953 938 4006 τῶν
996 3952 1264 4007 Ἰουδαίων
1305 3953 1694 4024 όλοθρεόσεως,
1747 3957 1842 4010 καὶ

254 4041 624 4112 προσλήψεως
647 4042 755 4097 τῶν
787 4045 846 4098 ἐν
875 4044 1056 4108 αὐτοῖς
1086 4045 1370 4099 σωθέντων
1405 4046 1474 4099 δι’
1507 4046 1839 4118 ἐξομολογή-

254 4146 424 4194 σεως,
455 4131 551 4186 καὶ
572 4131 809 4203 Χριστοῦ
839 4135 1192 4205 στρατηγίας,
1221 4134 1289 4204 ήν
1320 4135 1456 4206 πρὸς
1480 4137 1606 4199 τοὺς
1646 4137 1839 4208 δαίμο-

250 4241 357 4288 νας
393 4225 531 4296 ὑπὲρ
555 4228 652 4296 τῆς
679 4226 954 4297 σωτηρίας
982 4226 1288 4281 τῶν.ὲθνῶν
1318 4229 1741 4298 παρατάττεται.

328 4314 435 4369 κθ’.
477 4317 792 4388 Πρόρρησις
832 4319 930 4388 τῆς
971 4317 1064 4370 τοῦ
1115 4318 1352 4388 Χριστοῦ
1397 4319 1739 4390 ἀναλήψεως,
1780 4322 1840 4388 ἐξ

1935 1814 1989 1858 et
2043 1804 2292 1869 Herodis,
2333 1804 2466 1874 legis
2530 1813 2642 1857 tum
2697 1803 2914 1874 scripta:
2960 1811 3073 1857 tum
3140 1799 3406 1855 naturalis
3453 1800 3507 1852 iu

1934 1896 2210 1949 Christum
2247 1895 2744 1954 transl'ormati‘onis
2763 1913 2793 1960 ;_
2813 1895 3100 1964 utriusque
3129 1891 3476 1948 instauratio.

2003 2099 2192 2155 XXIV.
2225 2097 2554 2154 Vaticinium
2581 2097 2778 2152 futurae
2797 2096 2850 2150 in
2885 2095 3140 2166 gentibus
3162 2092 3510 2164 cognitionis.

1935 2201 1988 2247 et
2010 2192 2368 2262 apparitionis
2397 2190 2612 2248 Domini
2651 2198 2750 2256 ;,et
2777 2187 3052 2243 accusatio
3076 2187 3349 2256 quomodo
3387 2187 3509 2241 nul-

1937 2283 2041 2338 lius
2090 2284 2246 2352 pretii
2278 2283 2456 2337 visum
2499 2291 2585 2337 est
2625 2289 2908 2351 argentum
2947 2279 3090 2349 eius,
3123 2279 3336 2334 scilicet
3384 2294 3510 2334 cum

1935 2375 2136 2444 populo
2165 2373 2476 2428 Judaeornm
2509 2373 2708 2428 fcedus.

2008 2463 2171 2518 XXV.
2204 2445 2531 2519 Vaticinium
2559 2466 2689 2535 quid
2728 2463 3094 2520 Antichristus
3122 2461 3367 2518 facturus
3416 2459 3509 2524 sit,

2011 2666 2198 2725 XXVI.
2230 2669 2515 2725 Przedictio
2541 2684 2729 2724 eorum
2747 2685 2868 2740 qua:
2888 2669 3189 2725 Jerusalem
3216 2667 3271 2721 iu
3299 2665 3514 2721 destru-

1939 2761 2123 2816 ctione
2163 2769 2568 2830 superventnra
2608 2769 2759 2826 sunt,
2789 2769 2845 2816 et
2881 2762 3153 2816 bonorum
3204 2759 3511 2813 futurorum

1941 2854 2028 2908 his
2053 2853 2144 2923 qui
2189 2869 2288 2923 per
2323 2853 2702 2924 penitentiam
2733 2855 2866 2909 salvi
2900 2853 3138 2908 faciendi
3178 2859 3340 2915 sunt;
3371 2863 3510 2918 quo-

1943 2945 2102 2999 modo
2132 2945 2186 2998 hi
2209 2944 2430 3014 quidem
2464 2945 2518 3004 in
2551 2945 2801 3000 ordinem
2828 2945 3124 3014 iustorum,
3161 2941 3294 3013 justi
3328 2947 3511 2994 autem

1945 3036 1999 3089 in
2033 3036 2284 3091 ordinem
2307 3038 2622 3107 angelorum
2661 3037 2979 3092 ascendent.

2016 3125 2229 3185 XXVIL
2264 3127 2598 3184 Vaticinium
2627 3127 2950 3198 perditionis
2973 3127 3304 3189 daemonum,
3323 3136 3379 3181 et
3399 3125 3513 3181 for-

1945 3219 2193 3274 titudinis
2219 3233 2318 3287 per
2343 3219 2607 3289 Spiritum
2647 3219 2899 3275 fidelibus
2919 3218 3137 3285 futurae,
3171 3218 3512 3273 etmalorum

1939 3310 2140 3368 Iudaeis
2168 3311 2472 3366 futurorum
2516 3311 2569 3364 in
2594 3319 2838 3380 tempore
2901 3309 3409 3376 consummationis,
3459 3316 3514 3362 et

1940 3404 2116 3459 ruinae
2156 3404 2424 3460 idolorum
2485 3411 2540 3458 et
2583 3402 2820 3472 Spiritus
2865 3402 3084 3466 erroris,
3150 3411 3206 3456 et
3263 3414 3512 3469 quaenam

1938 3497 2160 3554 Christo
2211 3498 2412 3552 eximia
2465 3495 2813 3568 prephetanti
2862 3509 2891 3548 a
2940 3494 3141 3564 populo
3199 3493 3511 3548 Judzeornm

1940 3590 2090 3645 fient.

2011 3770 2254 3828 XXVIII.
2275 3771 2606 3828 Vaticinium
2639 3773 2819 3829 crucis
2850 3773 3167 3839 Dominicze,
3191 3785 3247 3830 et
3268 3778 3513 3848 negatio-

1939 3861 2025 3917 nis
2052 3861 2222 3928 Petri,
2259 3871 2315 3916 et
2344 3862 2699 3932 dispersionis
2729 3863 3120 3932 apostolorum,
3167 3873 3222 3919 et
3249 3866 3512 3936 perditio«

1939 3953 2026 4009 nis
2053 3952 2388 4016 Iudaeorum,
2436 3954 2856 4023 etacceptionis
2885 3971 3074 4010 eorum
3127 3957 3220 4026 qui
3274 3971 3337 4011 ex
3380 3957 3512 4028 ipsis

1939 4058 2037 4114 per
2090 4042 2486 4100 confessionem
2527 4043 2717 4098 salvati
2765 4044 2987 4109 fuerint,
3055 4054 3110 4099 et
3153 4045 3513 4115 expeditionis

1939 4134 2143 4189 Christi
2172 4149 2332 4204 quam
2355 4146 2544 4190 contra
2583 4135 2860 4190 daemones
2894 4146 3117 4207 propter
3149 4138 3390 4208 gentium
3419 4153 3505 4192 sa-

1938 4227 2105 4280 lutem
2140 4227 2401 4294 disponit.

2011 4316 2204 4373 XXIX.
2229 4319 2514 4375 Praedictio
2566 4318 2973 4390 Assumptionis
3021 4320 3245 4385 Christi,
3303 4337 3369 4375 ex
3403 4336 3509 4390 qua

249 4400 326 4475 ἧς
352 4405 416 4458 τὸ
449 4410 743 4478 μυστήριον
773 4410 853 4472 εἰς
890 4409 987 4463 ὅλα
1037 4410 1316 4480 μερίζεται
1370 4411 1472 4480 τῆς
1511 4412 1833 4484 οἰκουμένης

1957 4411 2255 4482 nystcrium
2303 4411 2646 4466 distribuitur
2678 4412 2730 4465 in
2779 4411 3031 4467 universa
3087 4412 3233 4467 orbis
3273 4411 3508 4478 climata,

248 4495 324 4550 τὰ
351 4496 594 4567 κλίματα
615 4514 627 4529 ·
656 4502 749 4552 καὶ
774 4503 1079 4572 προφητεία
1117 4501 1226 4556 τῶν
1252 4503 1525 4572 ἐσομένων
1553 4505 1611 4556 ἐν
1639 4507 1833 4577 ἐκείνῳ

245 4584 335 4656 τῷ
365 4587 544 4659 καιρῷ
575 4589 888 4660 θαυμάτων,
922 4595 1015 4647 καὶ
1058 4595 1157 4662 τῆς
1189 4594 1500 4649 τῶν-ἐθνῶν
1532 4596 1832 4666 ὑποταγῆς,

245 4679 352 4732 καὶ
407 4680 759 4754 Ἰερουσαλὴμ
785 4685 883 4756 τῆς
927 4685 1052 4747 νέας
1087 4687 1478 4758 κατοικήσεως.

324 4788 397 4845 λ’.
455 4791 680 4861 Ἀπειλὴ
713 4796 853 4849 κατά
885 4797 993 4849 τῶν
1041 4797 1116 4867 μὴ
1145 4799 1588 4869 ἐπιστρεψάντων
1621 4800 1793 4854 ἐθνῶν
1816 4815 1831 4830 ⁸

241 4879 352 4933 καὶ
403 4880 657 4952 διήγησις
695 4884 789 4936 τοῦ
846 4886 1076 4940 πλούτου
1127 4888 1237 4941 τῶν
1284 4889 1832 4960 ἐξομολογουμένων

241 4972 350 5024 καὶ
383 4974 661 5042 ἀπόφασις
690 4976 831 5029 κατά
861 4976 968 5030 τῶν
997 4979 1360 5049 ἁμαρτωλῶν,
1387 4980 1464 5044 ώς
1495 4983 1834 5049 πεισομένων

237 5067 368 5129 τοῖς
405 5065 662 5121 ἀσεϐέσιν
693 5069 873 5135 ὃμοια.

321 5155 430 5208 λα’.
488 5157 805 5229 Προφήτεία
838 5159 1146 5228 ἀφανισμοῦ
1182 5160 1391 5229 πλάνης
1421 5160 1691 5232 ἐσομένης
1725 5163 1835 5225 τοῖς

236 5244 473 5300 ἔθνεσιο
511 5250 608 5302 καὶ
654 5251 963 5323 πρόρρησις
996 5252 1095 5320 τῆς
1143 5253 1201 5304 ἐν
1231 5252 1416 5315 αὐτοῖς
1460 5254 1834 5322 φυτευομένης

233 5339 518 5398 πίστεως.
557 5341 623 5393 δι’
657 5343 723 5411 ἢν
773 5343 873 5394 οὐκ
918 5342 999 5394 ἐτι
1041 5342 1140 5413 τήν
1177 5342 1488 5413 διαϐολικήν
1533 5343 1831 5397 ἀπελασίαν

227 5427 580 5484 δεδοίκασιν.

320 5517 429 5588 λβ’.
495 5520 718 5592 Ἀπειλὴ
750 5523 891 5575 κατά
918 5523 1025 5575 τῶν
1055 5523 1128 5594 μή
1155 5524 1614 5595 παραϐαλλόντων
1639 5529 1704 5597 τῇ
1733 5526 1830 5597 νέᾳ

241 5611 647 5685 Ἰερουσαλήμ,
676 5613 820 5668 ὥστε
850 5615 919 5668 τὰ
947 5615 1043 5670 νέα
1073 5616 1166 5669 τοῦ
1192 5617 1430 5686 Χριστοῦ
1464 5619 1830 5688 πανηγυρίσαι

221 5706 567 5778 μυστήρια⁸
616 5707 710 5761 καὶ
742 5708 1065 5781 πρόρρησις,
1100 5709 1178 5781 τῷ
1215 5709 1560 5778 εὐαγγελικῷ
1596 5708 1740 5779 λόγῳ
1761 5709 1828 5762 τὰ

1939 4510 1995 4556 et
2024 4502 2340 4557 vaticinium
2381 4502 2690 4558 futurorum
2736 4519 2803 4558 eo
2832 4512 3075 4574 tempore
3099 4505 3508 4570 miraculorum,

1937 4605 1993 4650 et
2019 4596 2379 4666 subiectionis
2413 4597 2682 4668 gentium,
2705 4605 2761 4652 et
2789 4597 3156 4652 habitationis
3173 4611 3328 4651 novae
3353 4595 3508 4650 Jeru-

1937 4687 2135 4743 salem.

2005 4797 2174 4851 XXX.
2205 4797 2364 4854 Minae
2391 4801 2446 4853 in
2493 4815 2587 4854 eos
2621 4804 2713 4870 qui
2744 4817 2810 4855 ex
2840 4799 3090 4871 gentibus
3122 4813 3231 4852 non
3261 4796 3507 4852 conversi

1937 4889 2160 4954 fuerint,
2203 4901 2258 4944 et
2279 4892 2546 4960 expositio
2576 4893 2884 4946 divitiarum
2926 4905 3114 4945 eorum
3151 4889 3242 4958 qui
3274 4886 3506 4941 confessi

1939 4978 2162 5044 fuerint,
2200 4990 2254 5035 et
2281 4985 2550 5036 sententia
2578 4994 2768 5038 contra
2791 4991 3127 5053 peccatores.
3154 4981 3343 5034 eadem
3395 4980 3506 5034 sci-

1937 5069 2064 5124 licet
2092 5087 2348 5140 passuros
2368 5089 2491 5127 esse
2518 5090 2638 5144 quae
2669 5074 2840 5145 impii.

2005 5160 2194 5216 XXXI.
2234 5163 2560 5218 Vaticinium
2592 5166 2659 5219 de
2677 5180 2860 5219 errore
2878 5163 3152 5234 gentilium
3185 5161 3504 5222 auferendo,

1934 5260 1990 5306 et
2022 5251 2302 5321 praedictio
2329 5253 2396 5306 de
2419 5254 2706 5322 plantanda
2742 5255 2885 5308 inter
2913 5268 3007 5306 eos
3037 5252 3162 5316 lide,
3203 5267 3364 5322 quam
3395 5268 3506 5306 am-

1934 5346 2074 5416 plexi
2107 5345 2254 5401 haud
2286 5345 2519 5415 amplius
2548 5345 2749 5399 diaboli
2776 5347 3208 5415 persecutionem
3251 5345 3464 5399 timent.

2000 5526 2216 5582 XXXII.
2239 5526 2396 5583 Minae
2415 5536 2602 5582 contra
2620 5541 2715 5583 eos
2735 5528 2826 5597 qui
2841 5544 2949 5581 non
2965 5527 3323 5582 adhaerebunt
3344 5543 3500 5583 nowe

1928 5613 2256 5682 Jerusalem,
2290 5615 2361 5670 ita
2399 5625 2459 5670 ut
2489 5631 2626 5669 nova
2653 5615 2856 5669 Christi
2889 5615 3166 5670 celebrent
3213 5617 3500 5685 mysteria,

1930 5718 1984 5764 et
2004 5708 2287 5778 praedictio
2312 5716 2504 5780 gentes
2529 5707 2841 5780 evangelico
2865 5708 3034 5765 verbo
3053 5707 3343 5764 frenandas
3361 5709 3498 5765 fore.
