3936 6200
263 219 395 285 1373

1684 223 1762 283 IN
1804 220 2085 284 ISAIAM.
2108 217 2127 233 ’

3356 182 3518 293 ’1374

259 335 533 397 δοκτονῐας
562 332 837 407 ἐνήργησε
864 351 878 367 ·
915 337 1010 391 καὶ
1042 336 1389 408 παράκλησις
1418 335 1555 407 πρὸς
1590 333 1692 404 τὴν
1716 333 1824 385 νέαε

1952 342 2106 387 ratus
2157 342 2279 398 est;
2335 342 2390 389 ct
2447 335 2749 389 consolatio
2794 337 2863 391 ad
2905 350 3103 391 novam
3153 338 3305 403 Sien,
3368 346 3513 407 quot

263 428 421 495 Σιὼν,
445 426 522 494 ὡς
555 426 866 499 όλοθρεύειν
896 429 993 481 τοῦ
1022 428 1260 498 Χριστοῦ
1297 428 1389 482 τὸν
1422 428 1833 499 ψευδόχριστον,

262 519 352 574 καὶ
382 519 510 584 τοὺς
532 519 630 572 σὺν
650 518 797 589 αὐτῷ
819 519 1129 590 μέλλοντος.
1280 522 1285 527 ’

329 610 414 664 tW.
455 610 876 680 Εὐαγγελισμδς
901 612 1238 682 σαρκώσεως
1268 610 1533 683 Χριστοῦ,
1556 611 1651 664 καὶ
1687 611 1841 673 ὅπως

258 703 308 756 ἐν
342 700 495 772 αὐτῷ
530 702 594 755 τὸ
626 700 904 773 πλήρωμα
954 704 1275 773 κατοικήσει
1322 701 1418 755 τοῦ
1477 702 1835 772 Πνεῦματος⁶

258 795 351 848 καλ⁸
377 796 527 857 ὅπως
565 795 694 857 τοὺς
728 795 831 865 μὲν
863 796 1140 858 ἐναντίους
1167 794 1472 867 διαφθερεῖ,
1504 794 1735 867 ἀληθείᾳ
1775 794 1835 848 δὲ

259 885 350 936 καὶ
387 882 704 955 δικαιοσύνῃ
738 882 877 955 πρὸς
912 885 1041 947 τοὺς
1071 883 1399 956 ἀνθρώπους
1419 886 1706 956 χρήσεται,
1739 886 1837 938 καὶ

262 974 397 1045 μετά
433 973 663 1029 δικαίων
704 974 954 1046 ἀθροίσει
995 977 1124 1039 τοὺς
1163 975 1226 1041 ἐξ
1263 976 1542 1048 ἁμαρτίας
1575 976 1835 1048 ἐπιστρέ-

259 1084 457 1135 φοντας
479 1081 495 1096 ⁶
534 1067 630 1120 καὶ
669 1067 769 1138 τὴν
816 1069 880 1121 ἐκ
920 1068 1194 1139 δαιμόνων
1231 1069 1573 1140 καταργήσει
1604 1068 1833 1142 βλάῦην,

260 1157 673 1230 πληθυνομίνης
701 1160 802 1229 τῆς
831 1159 1090 1223 πίστεως.

328 1256 398 1303 κ’.
443 1251 565 1303 Ὀτι
626 1250 799 1304 ἐθνῶν
845 1254 875 1306 ό
925 1252 1164 1324 Χριστὸς
1216 1254 1552 1326 προσδοκία·
1583 1255 1833 1317 καὶτοὺς

258 1340 595 1411 πανταχόθεν
626 1345 706 1407 είς
743 1345 1020 1415 σωτηρίαν
1050 1346 1289 1413 συνάξει,
1326 1346 1421 1400 καὶ
1464 1350 1574 1410 τοῖς
1602 1347 1833 1409 δικαίοις

257 1431 381 1495 τοὺς
427 1432 958 1505 ἑξομολογουμένους
999 1436 1362 1507 ἁμαρτωλοὺς
1422 1436 1684 1507 συνάψει·
1740 1439 1833 1492 καὶ

255 1524 366 1585 τοῖς
406 1522 504 1592 μὲν
536 1521 747 1577 ἔθνεσιν
782 1525 1060 1597 ἐκπέμψει
1096 1528 1225 1592 τοὺς
1275 1529 1611 1593 ἀποστόλους
1658 1532 1831 1600 κήρυ-

254 1630 389 1677 κας·
424 1617 482 1667 ἐν
522 1615 784 1687 Δίγύπτῳ
821 1617 880 1671 δὲ
925 1620 959 1690 ἡ
993 1618 1195 1688 γνῶσις
1228 1621 1701 1694 πληθυνθήσελιται⁸
1734 1622 1831 1675 καὶ

253 1707 532 1777 προτροπὴ
581 1709 872 1773 κοινωνίας
929 1709 1347 1782 βαπτίσματος·
1398 1713 1517 1767 καὶηη
1550 1713 1829 1782 δοξολογία

252 1795 511 1867 Χριστοῦ,
534 1796 618 1865 ἐφ’
646 1790 730 1860 οἷς
755 1797 814 1851 ἐν
832 1800 907 1870 τῇ
926 1797 1066 1854 Σιὼν
1092 1799 1523 1872 ἐμυσταγώγησε
1559 1802 1824 1874 θαύμασι.

320 1883 427 1939 κα’.
468 1886 785 1956 Ηροφητεία
830 1887 1079 1959 κλήσεως
1120 1889 1291 1943 ἐθνῶν
1314 1891 1404 1945 διά
1444 1892 1708 1963 Χριστοῦ,
1734 1894 1830 1947 καὶ

251 1974 515 2045 ἀφίξεως,
546 1978 641 2030 καὶ
666 1978 776 2031 τῶν
800 1979 1075 2049 ἐσομένων
1104 1982 1163 2034 ἐν
1196 1981 1273 2052 τῷ
1301 1982 1480 2055 καιρῷ
1511 1983 1613 2055 τῆς
1640 2001 1830 2038 συντε-

251 2065 401 2130 λείας
440 2069 499 2120 ἐν
531 2070 599 2140 τῇ
644 2070 716 2139 γῇ
769 2071 863 2123 καὶ
887 2073 1002 2135 τοῖς
1040 2071 1330 2144 στοιχείοις
1375 2074 1575 2128 ἅπασι·
1610 2075 1830 2146 καὶτῆς

251 2158 363 2213 τῶν
393 2160 609 2231 ἀνόμων
639 2159 961 2232 διαφθορᾶς,
1004 2162 1101 2216 καὶ
1126 2164 1229 2234 τῆς
1256 2164 1366 2218 τῶν
1387 2164 1615 2221 δικαίων
1645 2166 1833 2237 δόξης⁸

252 2250 347 2304 καὶ
372 2245 464 2304 οἷα
508 2251 788 2305 πείσονται
826 2254 879 2306 οι
918 2253 1211 2311 ὑπεύθυνοι
1235 2256 1357 2311 τότε
1403 2259 1475 2330 τῇ
1515 2257 1642 2332 δίκῃ
1682 2260 1831 2331 εὑρι-

254 2341 528 2412 σχόμενοι.

322 2436 432 2505 κβι.
470 2435 810 2507 Προφητεία,
841 2438 924 2492 ὅτι
952 2438 1021 2492 τὰ
1055 2439 1182 2510 ἔθνη
1212 2440 1355 2494 κατὰ
1384 2440 1659 2512 δαιμόνων
1697 2442 1831 2496 ἀνα-ι

254 2524 536 2596 στήσεται,
564 2526 659 2579 καὶ
677 2527 1107 2597 ἀφανισθήσεται
1126 2530 1256 2600 παρ’
1273 2528 1454 2583 αὐτῶν
1487 2531 1521 2599 ἡ
1554 2529 1664 2583 τῶν
1684 2528 1831 2583 εἰδώ-

251 2616 360 2670 λων
380 2615 664 2689 σύγχυσις,
678 2617 895 2690 Ἰσραὴλ
910 2618 967 2672 δὲ
987 2620 1170 2682 αὐτοῖς
1188 2621 1221 2673 ὁ
1241 2618 1510 2673 πιστεύων
1521 2620 1828 2691 ἀναμιχθῆ-

250 2724 424 2775 σεται,
456 2712 552 2764 καὶ
584 2709 780 2782 θρῆνος
807 2710 1056 2764 ἐντεῦθεν
1083 2711 1160 2782 τῷ
1182 2711 1413 2782 διαϐόλῳ
1443 2712 1756 2783 γενήσεται.

319 2798 428 2869 κγ’.
467 2800 631 2871 Χαρὰ
666 2798 776 2854 τῶν
802 2800 992 2867 ἐθνῶν,
1020 2802 1116 2855 καὶ
1148 2802 1510 2873 σχετλιασμδς
1550 2801 1658 2855 τῶν
1698 2802 1827 2855 ἀσε-

248 2891 358 2945 ϐῶν
385 2892 477 2945 ἐπὶ
509 2890 589 2963 τῷ
628 2892 887 2963 πτώματι
921 2891 1019 2945 τοῦ
1048 2892 1299 2947 διαϐόλου
1317 2907 1338 2923 δ
1358 2893 1454 2946 καί
1504 2893 1825 2964 ἐπιτίμησις

247 2984 369 3038 κατ⁹
394 2982 562 3038 αὐτοῦ
586 2984 741 3055 παρά
761 2982 858 3037 τοῦ
877 2983 1037 3049 Θεοῦ,
1070 2984 1309 3056 παντελῆ
1342 2986 1442 3055 μὲν
1475 2984 1698 3057 ὄλεθρον
1722 2986 1821 3039 αὐ·
1847 3017 1890 3075 c

244 3074 338 3129 τοῦ
365 3092 423 3130 τε
448 3076 544 3130 καὶ
568 3076 679 3131 τῶν
712 3075 902 3143 αὐτοῦ,
940 3075 1236 3146 βεϐαίωσιν
1266 3076 1325 3130 δὲ
1358 3078 1457 3148 τῆς
1486 3076 1685 3148 βουλῆς
1719 3078 1820 3147 τῆς

247 3164 398 3229 θείας
430 3167 899 3237 καταγγέλλουσα.

317 3256 419 3312 κδ’.
464 3259 854 3331 Προσφώνησις
902 3265 1013 3326 τοῖς
1060 3263 1308 3332 δαίμοσι,
1344 3262 1420 3334 μὴ
1469 3262 1696 3334 θαρρεῖν
1742 3259 1823 3330 τῷ

260 3347 540 3421 Ἰουδαῖκῴ
574 3350 855 3421 πτώματι,
890 3352 1076 3424 ἐπειδὴ
1107 3354 1324 3424 χαλεπά
1372 3354 1523 3425 παρά
1566 3353 1677 3407 τῶν
1711 3354 1824 3417 τοῖς

250 3439 570 3504 ἀποστόλοις
596 3442 1041 3512 μαθητευθέντων
1071 3444 1374 3499 πείσονται.

322 3530 423 3590 κε’.
465 3534 780 3604 Προφητεία
812 3537 949 3589 κατὰ
980 3537 1080 3606 τῆς
1103 3536 1547 3609 είδωλολατρείας
1570 3539 1630 3592 ἐν
1654 3539 1824 3608 αἰνίγ-

186 3638 195 3645 ·
249 3644 384 3701 ματι
414 3626 513 3697 τῆς
541 3624 748 3681 Μωάϐ·
775 3621 845 3697 ἧν
875 3626 985 3699 γὰρ
1022 3627 1160 3699 αὐτὴ
1208 3628 1536 3693 κατείδωλος
1556 3646 1570 3660 ο
1599 3629 1697 3684 καὶ
1723 3630 1825 3700 τῆς

244 3721 541 3793 ἐπιδημίας
580 3719 681 3789 τῆς
726 3719 820 3773 τοῦ
862 3722 1069 3792 Κυρίου
1095 3710 1432 3799 πρόρρησις’
1467 3723 1687 3796 καὶτῆς
1714 3724 1823 3777 τῶν

244 3816 683 3887 πεπλανημένων
703 3814 874 3871 ἐθνῶν
904 3815 1250 3889 διορθώσεως
1276 3818 1527 3889 μήνυσις.

313 3915 429 3975 κςθ.
470 3907 805 3981 Προφητεία,
855 3908 955 3981 τὴν
998 3909 1209 3980 πλάνην
1259 3908 1354 3962 καὶ
1403 3911 1469 3964 ἐκ
1525 3907 1820 3981 Δαμασκοῦ

244 3999 549 4056 παύεσθαι·
585 3999 683 4054 καὶ
728 4002 1035 4073 πρόρρησις
1063 4001 1165 4073 τῆς
1220 4000 1315 4055 τοῦ
1369 4001 1501 4056 λαοῦ
1534 4001 1647 4056 τῶν
1684 4004 1819 4055 ἰου-

240 4094 406 4149 δαίων
459 4091 826 4161 ἐλαττώσεως,
877 4092 1049 4146 ἐθνῶν
1089 4110 1150 4147 τε
1203 4093 1577 4167 ἐπιστροφῆς’
1604 4094 1698 4147 καὶ
1730 4088 1819 4149 οἷα

240 4183 351 4237 τῶν
395 4182 665 4237 Ἰουδαίων
714 4184 763 4236 oi
822 4182 1009 4245 παῖδες
1040 4180 1126 4235 διὰ
1153 4180 1252 4253 τὴν
1279 4182 1360 4245 είς
1400 4179 1636 4252 Χριστὸν
1688 4181 1818 4234 ἀπι-

242 4276 396 4329 στίαν
424 4274 747 4329 πεπόνθασι.

1936 427 2189 481 Cliristus
2257 427 2727 496 pscudoeltristum
2775 435 2831 482 ct
2884 428 2980 498 qui
3027 445 3153 484 cum
3198 446 3266 486 eo
3307 441 3512 497 erunt,

1935 521 2217 575 occisurus
2238 522 2329 575 sit.

2006 613 2149 668 XIX.
2185 613 2548 669 Annuntialio
2586 613 2983 668 incarnationis
3023 615 3250 682 Christi,
3285 627 3334 671 et
3372 634 3515 688 quo-

1934 707 2100 761 modo
2161 705 2216 758 in
2260 705 2379 773 ipso
2430 705 2758 760 inbabitabit
2809 706 3090 773 plenitudo
3143 707 3413 776 Spiritus;
3458 719 3516 765 et

1934 797 2207 867 quomodo
2235 795 2487 850 inimicos
2514 796 2736 865 quidem
2767 797 3036 861 destruet,
3070 800 3302 853 veritate
3330 808 3512 855 autem

1934 895 1990 940 ct
2015 886 2225 956 iustitia
2269 885 2329 939 in
2359 886 2610 940 homines
2653 894 2860 951 utetur,
2908 898 3118 942 etcum
3156 887 3321 957 iustis
3377 906 3512 945 con-

1933 978 2177 1051 gregabit
2210 992 2307 1033 eos
2347 976 2440 1047 qui
2480 993 2549 1030 ex
2592 986 2823 1047 peccato
2862 978 3116 1033 conversi
3167 978 3417 1046 fuerint;
3456 991 3516 1036 et

1934 1069 2246 1124 daemonum
2332 1067 2539 1122 delebit
2612 1066 3069 1137 perversitatem,
3154 1070 3515 1141 multiplicata

1936 1160 2066 1215 ﬁde.

2002 1249 2122 1304 XX.
2163 1247 2321 1315 Quod
2366 1246 2620 1303 Christus
2641 1247 2747 1302 erit
2779 1249 3117 1319 exspectatio
3146 1250 3411 1320 gentium,
3454 1259 3513 1305 et

1932 1355 2125 1398 omnes
2162 1339 2405 1408 undique
2449 1338 2507 1393 in
2539 1337 2771 1392 salutem
2823 1339 3199 1410 congregabit,
3240 1350 3296 1395 et
3345 1341 3512 1410 justis

1931 1443 2249 1508 peccatores
2278 1432 2605 1488 confitentes
2636 1432 2915 1502 adiunget,
2960 1442 3017 1487 et
3053 1434 3305 1504 gentibus
3333 1434 3512 1489 mittet

1933 1540 2214 1597 przecones
2246 1524 2547 1594 apostolos,
2584 1532 2641 1578 et
2666 1523 2722 1577 in
2764 1523 3001 1595 Egypto
3034 1525 3227 1579 nutitia
3272 1536 3505 1580 crescet.

1933 1618 1999 1675 Et
2047 1616 2356 1674 exhortatio
2399 1616 2467 1670 ad
2508 1615 2983 1685 participationem
3036 1617 3412 1685 baptismatis;
3452 1629 3511 1673 et

1931 1712 2099 1785 gloria
2128 1710 2330 1767 Christi
2363 1719 2585 1781 propter
2614 1708 2876 1764 miracula
2907 1724 3029 1778 qua
3055 1710 3111 1763 in
3145 1708 3277 1765 Sion
3305 1726 3508 1780 opera-

1932 1815 2019 1860 tus
2049 1814 2154 1860 est.
3496 1872 3505 1881 ο

2003 1896 2145 1951 XXI.
2191 1893 2520 1950 Vaticinium
2564 1893 2869 1950 vocationis
2916 1892 3163 1965 gentium
3210 1906 3311 1962 per
3346 1892 3511 1949 Citri-

1931 1997 2098 2057 stum,
2130 1998 2185 2045 et
2217 1989 2504 2051 adventus,
2525 1999 2580 2042 et
2624 1986 2932 2042 futurorum
2970 1986 3036 2041 in
3076 1995 3332 2055 tempore
3374 2001 3511 2041 con-

1932 2081 2315 2139 summationis
2351 2080 2409 2135 in
2458 2089 2601 2134 terra
2636 2088 2691 2134 et
2732 2078 2785 2132 in
2816 2078 3071 2133 omnibus
3114 2078 3418 2145 elementis,
3454 2087 3509 2134 et

1931 2161 2240 2242 iniquorum
2273 2170 2620 2241 perditionis,
2660 2178 2713 2224 et
2733 2169 3006 2238 iustorum
3030 2170 3252 2240 gloriae;
3284 2178 3339 2224 et
3361 2184 3510 2240 qua:-

1932 2277 2061 2316 nam
2101 2261 2380 2331 patientur
2427 2259 2482 2314 hi
2517 2259 2608 2327 qui
2655 2265 2784 2313 tunc
2821 2259 3031 2329 judicio
3078 2260 3302 2315 obnoxii
3352 2260 3507 2315 inve-

1931 2354 2173 2408 nicntur.

1999 2445 2174 2501 XXII.
2215 2442 2547 2499 Vaticinium
2598 2449 2792 2510 gentes
2827 2441 2883 2496 in
2929 2440 3207 2497 daemones
3260 2442 3502 2497 insurre-

1929 2546 2115 2595 cturas
2145 2550 2288 2599 esse,
2320 2542 2376 2589 et
2402 2535 2471 2589 ab
2508 2534 2591 2589 eis
2620 2532 2904 2589 delendam
2935 2532 3203 2587 idolorum
3233 2533 3508 2587 confusio-

1930 2644 2079 2685 nem.
2132 2627 2300 2704 Israel
2348 2634 2533 2681 autem
2579 2623 2754 2679 ﬁdelis
2783 2637 2906 2678 cum
2952 2622 3034 2677 eis
3072 2622 3409 2687 miscebitur,
3450 2629 3513 2678 et

1931 2722 2168 2796 gemitus
2192 2718 2319 2773 inde
2339 2715 2557 2773 diabolo
2580 2715 2692 2769 ﬂet.

2000 2807 2194 2864 XXIII.
2234 2805 2507 2861 Gaudium
2551 2801 2795 2874 gentium
2825 2810 2881 2855 et
2908 2798 3177 2855 desolatio
3212 2798 3510 2869 impiorum

1928 2904 1983 2959 in
2022 2900 2183 2955 ruina
2218 2895 2458 2960 diaboli;
2512 2902 2569 2948 et
2600 2889 3006 2945 animadversio
3034 2889 3089 2943 in
3124 2903 3253 2944 eum
3285 2905 3314 2941 a
3372 2890 3508 2953 Deo,

1928 2993 2252 3064 completam
2296 2986 2443 3042 illius
2475 2983 2840 3056 perditionem
2880 2982 3111 3052 ejusque
3142 2980 3501 3044 asseclarum,

1924 3082 2400 3149 confirmationem
2478 3093 2610 3133 vero
2675 3076 2877 3132 divina:
2928 3074 3220 3131 sententiae
3282 3089 3503 3130 annuu-

1923 3192 2184 3324 Μὲἓιν.
2221 3262 2494 3320 Allocutio
2539 3260 2609 3316 ad
2638 3260 2934 3322 daemones,
2963 3259 3176 3316 scilicet
3213 3276 3286 3315 ne
3331 3260 3511 3316 conti-

1922 3359 2055 3415 dant
2093 3356 2407 3412 Iudaeorum
2450 3350 2644 3411 ruinae,
2674 3347 2932 3417 quoniam
2974 3349 3157 3418 gravia
3188 3350 3257 3404 ab
3293 3349 3378 3405 bis
3407 3350 3509 3421 qui

1922 3452 1990 3505 ab
2019 3447 2279 3519 apostolis
2313 3442 2494 3499 edocti
2523 3440 2752 3504 fuerint,
2782 3438 3089 3508 patientur.

1991 3538 2161 3594 XXV.
2196 3535 2529 3592 Vaticinium
2574 3540 2765 3587 contra
2807 3531 3168 3586 idololatriam
3199 3534 3302 3587 sub
3331 3533 3508 3605 ﬁgura

1922 3631 2114 3697 Moab;
2156 3637 2275 3684 erat
2324 3627 2473 3683 enim
2508 3626 2626 3695 ipsa
2666 3623 2826 3678 idolis
2861 3622 3066 3678 dedita.
3113 3621 3179 3677 Et
3220 3625 3509 3694 praedictio

1921 3724 2192 3779 adventus
2235 3719 2473 3782 Domini,
2513 3730 2570 3771 et
2612 3715 2879 3770 indicium
2918 3716 3328 3771 restaurationis
3366 3731 3504 3788 gen-

1924 3816 2058 3871 tium
2083 3814 2138 3868 in
2170 3811 2453 3868 erroribus
2481 3808 2844 3864 versantium.

1991 3904 2181 3961 XXVI.
2218 3902 2569 3967 Vaticinium,
2611 3915 2854 3955 errorem
2895 3900 3060 3955 etiam
3115 3915 3183 3955 ex
3241 3899 3503 3954 Damasco

1920 3997 2227 4054 desituram
2266 4008 2424 4061 esse;
2452 4002 2506 4048 et
2545 3992 2826 4064 praedictio
2878 3992 3276 4048 imminutionis
3313 3991 3499 4063 populi

1918 4089 2235 4146 Judmorum
2282 4095 2337 4142 et
2392 4085 2770 4143 conversionis
2812 4086 3094 4155 gentium;
3159 4098 3215 4142 et
3253 4101 3499 4156 quasnam

1918 4175 2230 4232 Iudaeorum
2261 4175 2379 4240 ﬁlii,
2411 4190 2477 4230 eo
2506 4173 2655 4245 quod
2680 4173 2734 4228 in
2766 4172 3044 4229 Christum
3103 4190 3213 4229 non
3250 4175 3501 4230 credide-

1922 4272 2058 4336 rint,
2096 4271 2305 4342 passuri
2330 4279 2475 4326 sunt.

312 4362 415 4428 κζ’.
456 4363 687 4435 Κατάρα
714 4328 860 4417 κατά
893 4362 1002 4417 τῶν
1041 4361 1211 4416 ἐθνῶν
1235 4362 1370 4433 ὁμοῦ
1398 4328 1539 4417 κατά
1563 4362 1673 4416 τῶν
1701 4362 1815 4417 δαι·

1992 4328 2209 4418 Χᾶίλίῐι.
2253 4362 2390 4417 Dim
2429 4362 2483 4416 in
2515 4369 2703 4433 gentes
2729 4361 2890 4416 simul
2928 4370 2985 4416 et
3019 4360 3072 4416 in
3108 4362 3413 4431 damones;
3448 4373 3504 4419 et

244 4455 457 4525 μόνων·
480 4457 578 4510 καλ⁸
607 4457 916 4529 πρόρρησις
942 4455 1311 4510 ἀποστολικοῦ
1348 4456 1551 4528 δρόμου
1579 4456 1716 4529 πρὸς
1745 4454 1816 4509 τὰ

240 4547 391 4617 ἔθνη,
415 4547 511 4601 καὶ
538 4548 635 4617 τῆς
659 4548 767 4602 τῶν
796 4549 1043 4603 ἀπίστων
1078 4547 1470 4620 ὀλοθρεύσεως,
1501 4547 1611 4602 τῶν
1641 4547 1703 4612 ἐξ
1729 4546 1816 4600 ἐθ-

240 4638 349 4691 νῶν
376 4637 434 4690 δὲ
456 4640 863 4695 πιστευσάντων
888 4639 1028 4712 πρὸς
1048 4638 1119 4693 τὰ
1148 4640 1425 4712 μυστήρια
1449 4639 1517 4694 τὰ
1541 4639 1640 4711 τῆς
1676 4636 1816 4692 Σιὼν

238 4727 501 4801 ἀφίξεως.

310 4827 420 4892 κη’.
458 4820 794 4894 Πρόρῤησις,
843 4821 931 4879 οἷα
979 4825 1107 4889 τοὺς
1166 4822 1500 4893 Αἰγυπτίους
1536 4824 1565 4876 ό
1612 4821 1817 4894 Κύριος

240 4911 443 4985 βρέφος
475 4913 613 4985 πρὸς
644 4915 841 4979 αὐτοὺς
871 4916 1116 4979 καταόἀς
1148 4914 1553 4988 εὐηργέτησεν·
1580 4913 1729 4975 ὅπως
1755 4929 1813 4965 τε

238 5006 425 5062 αὐτῶν
461 5008 570 5061 πᾶν
598 5007 757 5076 γένος
782 5007 884 5077 τῆς
918 5007 1134 5077 ἀπάτης
1178 5006 1499 5076 ὲξηφάνισε,
1543 5005 1638 5058 καὶ
1688 5004 1818 5063 τοὺς

239 5099 441 5168 σοφοὺς
470 5101 597 5161 τοὺς
646 5099 776 5170 παρ’
808 5100 992 5161 αὐτοῖς
1040 5096 1435 5168 νομιζομένους
1470 5096 1691 5169 ᾔσχυνε,
1721 5095 1818 5148 καί⁸

238 5189 484 5261 φοϐερὰν
515 5192 698 5253 αὐτοῖς
729 5191 824 5261 τὴν
855 5190 1054 5261 βουλῦιν
1099 5188 1197 5261 τὴν
1228 5189 1437 5243 οἰκείαν
1487 5188 1834 5262 κατέστησε..

315 5368 419 5426 κθ’.
460 5372 777 5443 Προφητεία
817 5372 917 5442 τῆς
963 5369 1281 5439 Αἰγυπτίων
1344 5369 1481 5440 πρὸς
1530 5366 1624 5422 τὸν
1682 5367 1817 5421 Θεὸν

236 5463 617 5532 ἐπιστροφῆς·
653 5462 747 5517 καὶ
780 5463 930 5525 ὅπως
981 5460 1119 5532 μετά
1151 5460 1261 5513 τῶν
1313 5459 1491 5514 ἄλλων
1535 5456 1708 5511 ἐθνῶν
1748 5457 1817 5511 τὰ

236 5553 487 5625 πρωτεῖα
508 5552 649 5606 κατά
671 5552 765 5607 τοῦ
799 5550 1012 5622 Ἰσραὴλ
1042 5551 1245 5617 ἕξουσι.

308 5642 378 5701 λ’.
420 5644 818 5719 Προσφὼνησις
840 5642 919 5715 τῷ
962 5642 1181 5713 Ἡσαΐᾳ,
1208 5641 1443 5713 κηρύξαι
1463 5640 1559 5713 τὴν
1588 5643 1814 5712 γενομε-

1917 4456 2199 4527 prredictio
2235 4455 2607 4527 apostolorum
2651 4469 2846 4511 cursus
2903 4455 2956 4510 in
2994 4465 3204 4526 gentes,
3237 4465 3292 4511 et
3320 4456 3501 4512 incre-

1916 4547 2168 4602 dulorum
2201 4545 2555 4618 perditionis,
2585 4555 2640 4600 et
2665 4560 2855 4601 eorum
2882 4546 2970 4616 qui
2995 4563 3060 4601 cx
3100 4547 3354 4618 gentibus
3376 4562 3500 4602 crc-

1917 4636 2177 4692 diderunt
2211 4636 2545 4693 accessionis
2583 4635 2653 4692 ad
2687 4636 2943 4709 mysteria
2978 4634 3132 4693 Sion.

1991 4836 2229 4893 XXVIII.
2271 4837 2603 4892 Vaticinium
2653 4837 3047 4894 beneﬁciorum
3085 4851 3206 4907 qua:
3240 4835 3292 4889 in
3333 4833 3499 4905 Egy-

1920 4928 2062 4997 ptios
2106 4928 2371 4984 Dominus
2432 4928 2611 4981 adhuc
2674 4942 2813 4997 puer
2840 4927 2906 4980 ad
2956 4925 3106 4995 ipsos
3158 4925 3497 4980 descendens

1917 5018 2168 5083 contulit,
2229 5029 2283 5073 et
2328 5019 2604 5088 quomodo
2648 5018 2717 5071 ab
2761 5016 2842 5072 eis
2871 5031 3034 5071 omne
3082 5032 3257 5087 genus
3295 5017 3499 5071 erroris

1918 5108 2143 5172 amovit,
2182 5116 2238 5163 et
2278 5108 2369 5179 qui
2416 5108 2560 5162 inter
2610 5108 2781 5178 ipsos
2810 5107 3089 5177 sapientes
3128 5108 3487 5163 censebantut

1918 5198 2187 5264 confudit,
2235 5209 2288 5255 et
2339 5198 2615 5268 pmpriam
2658 5197 2791 5268 ipsis
2820 5197 3149 5254 sententiam
3192 5197 3493 5253 terribilem

1918 5290 2123 5345 eﬂ'ecit.

1992 5381 2180 5436 XXIX.
2223 5379 2554 5437 Vaticinium
2600 5381 2978 5438 conversionis
3011 5381 3390 5456 Egyptiorum
3423 5382 3496 5442 ad

1919 5473 2112 5538 Deum,
2145 5484 2200 5530 et
2222 5473 2497 5545 quomodo
2529 5488 2651 5529 cum
2679 5471 2804 5529 aliis
2842 5476 3058 5547 populis
3101 5477 3398 5549 primatum
3435 5477 3494 5536 in

1919 5564 2173 5619 Israelem
2197 5564 2543 5622 obtinebunt.

1989 5652 2157 5709 XXX.
2195 5655 2462 5714 Allocutio
2489 5659 2556 5714 ad
2588 5657 2782 5717 Isaiam
2824 5672 2881 5717 ut
2906 5660 3193 5719 denuntiet
3215 5676 3336 5718 eam
3367 5670 3491 5734 qua!
