3936 6200
434 272 568 341 I375
1606 270 1964 332 IIESYCIIII
2005 270 2476 330 PBESBYTERI
2931 344 2947 348 _
3534 262 3674 329 I376

428 385 685 456 gentibus
705 383 958 441 lidelibus
986 381 1202 438 eveniet
1233 395 1302 436 ex
1335 379 1605 436 idolorum
1637 379 1901 435 servitute
1926 381 1995 434 li-

2119 394 2197 446 νην
2235 381 2344 442 τοῖς
2393 381 2604 441 πιστοῖς
2645 378 2854 432 ἔθνεσιν
2899 377 2964 431 ἐκ
2991 377 3094 446 τῆς
3132 377 3242 430 τῶν
3275 377 3512 431 εἰδώλων
3551 379 3670 447 αἰχ-

383 550 386 554 ,
428 479 502 534 be
531 478 793 534 ationem.

2119 469 2389 535 ααλωσίας
2419 468 2720 540 γύμνωσιν.

376 557 388 623 ί
504 567 700 621 XXXI.
740 566 902 621 Mina'.
941 565 996 618 in
1037 563 1254 633 impios,
1287 574 1344 617 et
1372 563 1611 633 mysticae
1654 578 1854 618 mensa:
1878 563 2002 616 vati-

2173 559 2274 613 λα’.
2323 561 2546 633 Ἀπειλὴ
2598 561 2740 614 κατά
2761 563 2870 615 τῶν
2914 559 3162 615 ἀσεϐῶν·
3217 561 3314 614 καὶ
3362 557 3673 630 προφητεία

429 659 669 719 ciuium;
700 666 756 712 et
775 667 1030 726 aspectus
1052 655 1454 725 praedicationis
1482 653 1626 710 Petri
1657 663 1711 708 et
1740 655 1932 720 Pauli,-
1951 664 2006 708 et

431 750 630 804 Christi
673 747 728 802 in
781 749 898 803 suis
957 747 1428 810 commorationis,
1461 762 1560 816 per
1598 761 1759 815 quam
1797 747 2005 815 dejecta

431 849 560 896 sunt
591 841 901 893 daamouum
927 839 1240 894 simulacra.

503 930 718 986 XXXII.
758 929 981 985 Vocatio
1031 931 1274 1001 gentium
1318 940 1374 986 et
1430 930 1712 1000 prtedictio
1757 945 2004 984 commu-

431 1023 626 1078 niouis-
644 1021 1044 1092 mysteriorum,
1087 1032 1153 1076 et
1183 1023 1574 1091 praenuntiatio
1620 1022 2007 1078 destructionis

435 1115 666 1170 telorum
701 1113 990 1168 idolorum.

501 1205 746 1260 XXXIII.
785 1203 1070 1274 Tragmdia
1097 1202 1296 1257 veteris
1323 1202 1644 1267 Jerusalem,
1674 1211 1730 1258 et
1759 1218 2004 1273 quaenam

434 1298 510 1352 illi
541 1297 856 1367 agentibus
879 1311 999 1364 quae
1033 1294 1369 1350 crediderint
1414 1296 1712 1365 patientur,
1759 1310 1826 1351 eo
1863 1297 2003 1366 quod

433 1406 625 1446 eorum
653 1389 872 1459 quidem
907 1385 1289 1457 paenitentiam
1334 1387 1652 1455 celaverint,
1702 1387 1881 1443 minas
1907 1403 2007 1443 au-

436 1493 545 1537 tem
574 1482 671 1535 Dei
702 1480 1032 1550 spreverint.

506 1571 746 1626 XXXIV.
785 1570 1070 1627 Prmdictio
1119 1570 1484 1627 sacerdotium
1522 1568 1832 1626 Iudaeorum
1878 1587 2006 1641 per-

437 1665 664 1727 iturum,
693 1660 900 1716 Christi
949 1668 1134 1715 autem
1183 1659 1238 1714 in
1287 1659 1409 1730 ejus
1449 1659 1571 1715 loco
1619 1675 2000 1716 successurum

435 1765 578 1806 6386.

505 1839 723 1895 XXXV.
764 1839 1057 1910 Prophetia
1098 1839 1407 1910 perdendos
1455 1853 1575 1894 esse
1621 1855 1816 1894 avaros
1868 1855 2006 1909 quos

438 1931 543 1988 sub
590 1932 762 2004 ﬁgura
807 1939 1178 1987 mercatorum
1230 1930 1397 1985 maris
1443 1930 1730 2000 exposuit;
1782 1945 2007 1985 casuros

431 2036 557 2078 esse
585 2022 749 2076 etiam
778 2021 1052 2092 Assyrios,
1094 2019 1367 2090 spiritales
1407 2020 1683 2086 videlicet,
1712 2029 1768 2074 et
1801 2020 2006 2075 daemo-

434 2127 554 2176 nes,
586 2113 824 2168 minatus
848 2120 951 2168 est.
992 2113 1315 2168 Salvandam
1350 2127 1473 2168 esse
1503 2128 1602 2182 per
1632 2113 2004 2182 paenitentiam

434 2201 733 2258 Ecclesiam
761 2203 1003 2275 gentium
1028 2202 1296 2272 promisit,
1332 2203 1434 2258 sub
1470 2201 1640 2273 figura
1683 2201 1810 2274 Tyri
1861 2203 2005 2256 illam

434 2293 741 2350 delineans.

499 2383 746 2441 XXXVI.
815 2385 1063 2440 Narratio
1132 2383 1441 2439 futurorum
1502 2384 1886 2453 peccatoribus
1953 2393 2008 2438 et

425 2475 598 2544 justis
624 2475 678 2528 in
702 2475 902 2529 saculo
941 2484 1196 2538 venturo,
1240 2483 1299 2528 et
1338 2483 1864 2544 supervenwrorum
1893 2471 2007 2527 ele-

433 2565 632 2620 mentis
667 2567 724 2620 in
763 2566 1259 2630 consummatione,
1300 2574 1357 2619 et
1399 2564 1584 2634 gloria:
1627 2564 1852 2628 Christi,
1900 2580 2006 2636 qua

433 2655 766 2733 gloriﬁcatus
788 2664 879 2712 est
893 2657 1203 2731 appareudo
1225 2659 1280 2709 in
1305 2671 1488 2711 carne.

499 2837 768 2896 XXX—VII.
811 2836 1052 2910 Hymnus
1085 2839 1152 2894 ad
1183 2837 1350 2894 Deum
1377 2853 1480 2910 pro
1511 2854 1578 2894 eo
1610 2842 1756 2910 quod
1781 2839 2006 2897 Jerusa-

431 2931 538 2985 lem
583 2940 748 2986 vetus
783 2939 1007 3001 propter
1045 2930 1382 3000 impietatem
1419 2931 1649 3014 cecidit,
1702 2931 2006 2988 ﬂoruerunt

2038 1704 2090 1758 Β

2105 650 2202 720 τῆς
2229 651 2498 720 μυστικῆς
2522 651 2805 722 τραπέζης
2825 667 2838 681 ·
2877 653 2972 703 καὶ
3003 649 3211 721 θεωρία
3243 650 3337 702 τοῦ
3369 651 3669 719 κηρύγμα-

2103 759 2193 805 τος
2223 743 2432 812 Πέτρου
2467 744 2560 796 καὶ
2595 743 2832 806 Παύλου,
2863 743 2960 795 καὶ
2998 742 3096 812 τῆς
3125 740 3386 812 ἐνδημίας
3413 741 3508 793 τοῦ
3538 744 3670 809 X9:-

2106 833 2256 896 στοῦ,
2279 835 2345 886 δι’
2372 829 2439 905 ἦς
2464 835 2772 906 κατεϐλήθη
2802 836 2871 887 τά
2895 835 3004 886 τῶν
3034 833 3305 901 δαιμόνων
3331 833 3544 888 εἴδωλα.

2165 924 2271 992 .λβ’.
2315 925 2525 994 Κλῆσις
2552 924 2740 989 ἐθνῶν,
2777 925 2985 994 καὶτῆς
3014 924 3299 986 κοινωνίας
3328 924 3433 977 τῶν
3464 941 3671 993 μυστη-

2108 1015 2238 1082 ρίων
2279 1014 2602 1086 πρόρρησις,
2638 1017 2732 1068 καὶ
2766 1016 2864 1085 τῆς
2913 1015 3022 1068 τῶν
3058 1014 3365 1079 ⁸είδωλικῶν
3408 1014 3675 1086 τοξευμά-

2105 1120 2212 1154 των
2240 1103 2516 1168 ἀπωλείας
2548 1106 2969 1176 προαγόρευσις.

2175 1193 2274 1262 λγ’.
2315 1191 2607 1266 Τραγῳδία
2673 1197 2771 1266 τῆς
2818 1197 3050 1267 ἀρχαίας
3122 1198 3520 1268 Ἰερουσαλήμ·
3584 1202 3677 1253 καὶ

2107 1281 2434 1348 προφητεία,
2485 1277 2572 1334 οἷα
2613 1284 2760 1350 παρά
2807 1283 2914 1336 τῶν
2964 1283 3132 1336 ἐθνῶν
3163 1286 3272 1338 τῶν
3305 1287 3677 1341 πιστευόντων

2107 1371 2405 1437 πείσονται,
2432 1373 2548 1426 ἀνθ’
2575 1367 2648 1427 ὧν
2682 1373 2926 1445 ἔκρυψαν
2955 1375 3053 1446 μὲν
3074 1376 3136 1441 ἐξ
3165 1377 3345 1430 αὐτῶν
3375 1379 3480 1449 τὴν
3512 1381 3677 1448 μετά-

2105 1478 2275 1528 νοιαν,
2306 1463 2406 1532 τῆς
2433 1464 2662 1534 ἀπειλῆς
2694 1464 2751 1516 δὲ
2778 1465 2872 1518 τοῦ
2899 1465 3035 1519 Θεοῦ
3067 1470 3514 1539 κατεφρόνησαν.

2175 1551 2271 1605 λδν.
2314 1551 2648 1623 Πρόρρησις,
2716 1553 2815 1624 τὴν
2865 1553 2976 1606 τῶν
3046 1555 3312 1610 Ἰουδαίων
3373 1558 3677 1628 ἱερωσύνην

2109 1639 2510 1713 φθαρήσεσθαι,
2556 1643 2653 1714 τὴν
2698 1643 2792 1696 τοῦ
2841 1645 3078 1718 Χριστοῦ
3113 1645 3170 1699 δὲ
3195 1647 3310 1702 ἀντ’
3339 1649 3520 1716 αὐτῆς
3553 1653 3680 1702 ἀνα-

2110 1731 2421 1801 στήσεσθαι.

2174 1821 2269 1875 λε’.
2310 1823 2647 1896 Προφητεία,
2696 1828 3010 1884 ἀπολεῖσθαι
3095 1832 3222 1894 τοὺς
3281 1832 3678 1905 φιλαργύρους,

2105 1912 2307 1977 cile-el;
2325 1914 2555 1986 αἴνιγμα
2580 1917 2687 1971 τῶν
2717 1920 2973 1990 ἐμπόρων
2999 1923 3098 1991 τῆς
3124 1922 3399 1994 θαλάσσης
3423 1926 3677 1991 ἐξέθετο·

2107 2005 2390 2058 πεσεῖσθαι
2437 2007 2498 2060 δέ
2551 2009 2646 2061 καὶ
2679 2011 2807 2073 τοὺς
2847 2012 3165 2082 Ἀσσυρίους
3209 2015 3503 2086 ἠπείλησε,
3555 2019 3681 2079 τοὺς

2106 2101 2330 2168 νοητοὺς
2379 2100 2646 2170 δηλονότι,
2700 2105 2825 2166 τοὺς
2875 2104 3175 2175 δαίμονας·
3212 2107 3566 2178 σωθήσεσθαι
3593 2109 3682 2163 διὰ

2110 2189 2399 2256 μετανοίας
2451 2193 2550 2263 τὴν
2598 2194 2662 2245 ἐκ
2716 2193 2822 2248 τῶν
2871 2195 3041 2249 ἐθνῶν
3102 2197 3450 2269 Ἐκκλησίαν,
3490 2204 3570 2265 είς
3623 2202 3683 2255 τὸ

2108 2281 2402 2349 πρόσωπον
2433 2283 2606 2352 αὐτὴν
2637 2283 2815 2354 Τύρου
2844 2289 3276 2359 χαρακτηρίσας,
3310 2292 3612 2361 ὑπέσχετο.

2177 2371 2284 2436 λς’.
2326 2376 2592 2444 Διήγησις
2616 2377 2724 2430 τῶν
2763 2378 3034 2448 ἐσομένων
3060 2384 3169 2444 τοῖς
3205 2383 3558 2452 ἁμαρτωλοῖς
3592 2390 3686 2440 καί

2107 2464 2217 2525 τοῖς
2248 2465 2476 2528 δικαίοις
2513 2468 2569 2518 ἐν
2629 2466 2704 2538 τῷ
2728 2467 2910 2544 γαὶῶνι
2932 2469 3009 2541 τῷ
3044 2470 3325 2540 μέλλοντι·
3363 2474 3462 2525 καὶ
3485 2477 3600 2528 τῶν
3630 2479 3685 2528 ἐν

2106 2557 2171 2624 τῇ
2197 2555 2479 2626 συντελείᾳ
2506 2561 2618 2621 τοῖς
2657 2561 2922 2630 στοιχέοις
2951 2561 3390 2634 συμϐησομένων
3410 2583 3425 2596 ·
3468 2568 3566 2620 καὶ
3591 2571 3685 2637 τῆς

2106 2645 2267 2716 δόξης
2289 2649 2382 2701 τοῦ
2414 2638 2672 2719 Χριστοῦ,
2706 2651 2774 2722 ἣν
2801 2652 2890 2707 διά
2920 2655 3124 2726 σαρκὸς
3163 2656 3330 2710 αὑτὸν
3376 2659 3685 2729 ἐμφανίσε-

2109 2738 2231 2791 σθαι
2259 2739 2607 2805 δεδόξασται,

2179 2829 2278 2895 λζ’.
2331 2833 2659 2904 ’Υμνολογία
2709 2835 2867 2900 Θεοῦ,
2897 2837 2982 2907 ἐφ’
3007 2833 3087 2902 οἷς
3129 2840 3495 2913 Ἰερουσαλὴμ
3520 2845 3554 2913 ἡ
3583 2847 3682 2915 ἀρ-

2107 2919 2238 2988 χαία
2287 2920 2363 2983 ὡς
2411 2923 2684 2978 ἀσεϐοῦσα
2735 2926 2952 2994 ἔπεσεν,
2989 2928 3191 2999 ῆνθησε
3229 2931 3284 2984 δέ
3331 2932 3435 3002 τῆς
3482 2936 3683 3006 Ἰερου-

431 3031 616 3078 autem
672 3034 826 3078 novae
869 3021 1170 3078 Jerusalem
1250 3010 1538 3092 mysteria,
1587 3032 1652 3080 et.
1691 3025 1868 3080 deleta
1922 3032 2002 3081 est

2119 3010 2291 3082 σαλὴμ
2323 3013 2423 3083 τῆς
2455 3013 2576 3078 νέας
2602 3016 2670 3069 τὰ
2702 3020 3002 3090 μυστήρια·
3030 3021 3122 3072 καὶ
3167 3027 3500 3096 κατηργήθη
3533 3029 3636 3098 μὲν
3658 3031 3684 3082 ό

433 3129 602 3181 ntors,
633 3123 690 3170 et
719 3115 1036 3170 conculcata
1066 3124 1152 3170 est
1177 3114 1444 3170 idolorum
1479 3116 1748 3186 impietas,
1785 3131 2002 3172 necnon

429 3214 487 3262 et
514 3207 676 3276 hujus
705 3216 898 3263 auctor
929 3207 1217 3274 diabolus;
1251 3217 1448 3277 praeter
1479 3208 1623 3276 quod
1662 3209 2002 3263 vocationem

431 3300 676 3370 gentium
737 3316 834 3373 per
881 3317 1033 3372 spem
1085 3301 1146 3357 in
1193 3299 1362 3356 Deum
1411 3301 1661 3370 praedixit
1722 3309 2004 3372 prophetae

431 3391 694 3446 calamus.
1768 3439 1770 3442 .

504 3484 788 3540 XXXVIII.
828 3484 1106 3542 Canticum
1155 3485 1437 3555 prophetat
1486 3486 1852 3556 perditionem
1883 3489 2002 3544 dia-

433 3577 565 3643 boli,
598 3577 982 3633 etJudteorum
1012 3578 1369 3649 ignorantiam
1397 3587 1452 3632 et
1492 3579 1751 3634 invidiam
1781 3597 1997 3636 annun-

434 3665 593 3730 tians,
634 3676 690 3722 et
739 3667 1040 3737 praedicans
1098 3668 1316 3737 piorum
1375 3683 1527 3738 spem
1573 3670 1628 3723 in
1673 3669 1862 3737 Deum,
1909 3672 2001 3741 qui

431 3755 659 3812 suscitat
684 3765 928 3813 mortuos
953 3773 1092 3830 quos
1119 3758 1315 3814 medici
1346 3773 1457 3814 non
1484 3770 1732 3832 possunt.

499 3936 740 3995 XXXIX.
781 3939 1116 4006 Consolatio,
1164 3939 1259 3996 Dei
1304 3941 1513 3997 scilicet
1558 3942 1692 3998 iram
1724 3943 2000 4011 imminui,

430 4033 512 4088 ita-
533 4041 593 4088 ut
632 4033 905 4088 diabolum
953 4034 1239 4100 destruat;
1286 4044 1344 4088 et-
1387 4035 1664 4090 accusatio
1699 4039 2002 4094 sterilitatis

427 4121 781 4189 Iudaeorum;
801 4133 862 4178 et
887 4123 1202 4178 vaticinium
1232 4133 1434 4179 terram
1473 4125 1538 4179 ad
1565 4125 1840 4181 Christum
1869 4144 2008 4183 νοητ-

429 4224 649 4282 turam;
683 4226 739 4271 et
757 4217 1049 4287 promissio
1077 4217 1344 4272 salvatum
1376 4216 1492 4279 fore
1519 4232 1550 4271 a
1582 4217 1800 4274 Christo
1834 4221 2011 4278 Israel!

429 4322 778 4369 conversum.
814 4317 869 4363 ct
893 4308 1222 4364 destruenda
1260 4309 1423 4371 idola.
1449 4317 1506 4365 et
1542 4308 1871 4367 d—edicandas
1913 4329 2001 4368 ra-

431 4397 726 4456 tionabiles
741 4414 893 4455 oves.
2037 4372 2070 4421 μ

500 4564 616 4620 XL.
657 4564 883 4621 V—ocatio
931 4566 1220 4622 mulierum
1257 4583 1378 4638 quae
1449 4568 1703 4624 viderunt
1749 4586 1998 4628 resurre-

427 4658 662 4714 ctionem
691 4656 893 4713 Christi
918 4666 1014 4724 ;_et
1035 4658 1314 4728 praedictio
1344 4660 1616 4728 quomodo
1647 4677 1745 4731 per
1774 4677 2002 4736 evange-

427 4751 588 4807 licam
640 4748 1078 4820 praedicationem
1122 4749 1318 4817 peribit
1368 4751 1641 4820 impietas.
1685 4752 1770 4807 Ira
1814 4764 1996 4810 autem

427 4845 485 4898 in
534 4839 774 4905 Iudaeos,
808 4853 876 4895 eo
923 4840 1069 4910 quod
1108 4855 1218 4895 non
1267 4841 1445 4896 solum
1495 4842 1762 4899 idolorum
1808 4860 1998 4904 errore

427 4931 682 4989 inebriati
741 4939 913 4997 sunt,
955 4931 1049 4987 sed
1108 4939 1166 4987 et
1215 4931 1584 5003 prmdicationi
1617 4937 1992 5006 apostolorum

423 5035 532 5074 non
561 5018 928 5086 crediderunt,
952 5019 1097 5075 unde
1128 5019 1425 5077 incredulis
1446 5024 1704 5095 perditio,
1726 5027 1874 5083 salus
1901 5044 2000 5084 au.

427 5121 536 5168 tem
569 5109 920 5166 credentibus
941 5119 1212 5180 speratur.
1329 5097 1340 5108 ’

407 5227 411 5232 ·
494 5202 630 5259 XLI.
672 5202 829 5259 Minae
874 5205 931 5260 in
969 5218 1064 5260 eos
1096 5204 1194 5276 qui
1241 5205 1557 5262 existimant
1614 5222 1674 5264 se
1718 5211 1997 5281 impietate

426 5294 760 5363 adjuvandus
819 5295 968 5362 fore;
1026 5303 1083 5352 et
1134 5297 1444 5355 exhortatio
1507 5300 1585 5355 ad'
1631 5301 1994 5360 obediendum

425 5383 665 5448 Christo,
689 5384 802 5454 qui,
842 5392 967 5454 post
997 5387 1475 5453 resurrectionem,
1508 5390 1645 5444 iram
1680 5391 1994 5460 incredulis,

426 5473 656 5527 salutem
702 5488 842 5530 vero'
879 5491 1149 5532 summam
1205 5480 1321 5535 orbi
1358 5490 1515 5537 terra:
1568 5483 1761 5548 mittit,
1797 5494 1850 5539 ct
1903 5487 1994 5556 qui

424 5560 665 5702 primum
714 5562 831 5633 lege
874 5575 929 5620 et
975 5577 1163 5636 postea
1208 5573 1496 5642 praeceptis
1523 5577 1848 5646 evangelicis
1897 5596 1994 5640 nos

429 5648 614 5702 couit.

429 5648 614 5704 coluit.

2109 3099 2358 3167 θάνατος,
2396 3105 2708 3174 πεπάτηται
2752 3107 2809 3160 δὲ
2857 3108 2964 3162 τῶν
2996 3110 3229 3164 εἰδώλων
3259 3115 3291 3184 ἡ
3326 3115 3563 3170 ἀσέϐεια
3593 3124 3686 3172 καὶ

2104 3192 2133 3245 ό
2156 3194 2362 3263 ταύτην
2392 3196 2691 3264 ἐνεργήσας
2713 3198 2953 3261 διάϐολος
2973 3217 2986 3231 ·
3014 3203 3098 3268 ἐφ’
3125 3199 3206 3266 οἷς
3237 3205 3337 3274 τὴν
3371 3207 3488 3260 τῶν
3511 3211 3686 3264 ἐθνῶν

2105 3284 2296 3354 κλῆσιν
2328 3285 2415 3338 διὰ
2434 3288 2532 3370 τῆς
2564 3289 2642 3350 είς
2669 3287 2802 3340 Θεὸν
2823 3290 3037 3353 ἐλπίδος
3066 3295 3093 3345 ὁ
3121 3299 3475 3367 προφητικδς
3510 3321 3682 3372 προς-

2103 3373 2351 3445 εφώνησε
2381 3375 2645 3446 κάλαμος.

2173 3465 2274 3537 λη’.
2327 3466 2446 3537 ’ῼδὴ
2478 3467 2570 3520 τοῦ
2604 3471 2910 3540 προφήτου,
2955 3473 3236 3528 ἀπώλειαν
3287 3478 3382 3531 τοῦ
3431 3481 3681 3537 διαϐόλου

2104 3556 2199 3608 καὶ
2225 3556 2332 3608 τῶν
2377 3556 2645 3611 Ἰουδαίων
2675 3561 2896 3628 ἄγνοιαν
2927 3562 3020 3615 καὶ
3046 3565 3237 3631 φθόνον
3269 3574 3678 3640 καταγγέλλου-

2106 3666 2172 3702 σα
2191 3667 2203 3680 ·
2237 3650 2330 3703 καὶ
2369 3650 2477 3703 τῶν
2506 3652 2746 3705 εὐσεϐῶν
2769 3655 2866 3726 τὴν
2896 3656 3088 3710 ἐλπίδα
3125 3661 3206 3720 είς
3232 3661 3368 3714 Θεὸν
3397 3661 3542 3719 εἶναι
3583 3687 3677 3737 κη-

2105 3739 2390 3813 ρύττουσα,
2425 3742 2517 3797 τὸν
2559 3745 2843 3816 ἐγείροντα
2883 3749 3010 3812 τοὺς
3053 3754 3304 3820 νεκροὺς,
3352 3755 3453 3819 οὓς
3505 3759 3679 3830 ἰατροὶ

2108 3831 2182 3902 μὴ
2215 3833 2492 3888 δύνανται.
2517 3854 2530 3857 ·’

2175 3923 2270 3979 λθ’.
2315 3926 2665 3996 Παραίνεσις,
2699 3925 2798 3999 τὴν
2831 3929 3001 4001 ὀργὴν
3038 3931 3129 3984 τοῦ
3171 3931 3310 3988 Θεοῦ
3348 3935 3680 3993 ὑποστέλλε-

2105 4013 2249 4075 σθαι,
2280 4016 2354 4080 ὡς
2385 4017 2478 4069 καὶ
2505 4017 2670 4071 αὐτὸν
2704 4019 2944 4090 ἀναιρεῖν
2969 4022 3058 4075 τὸν
3083 4023 3333 4077 διάϐολον
3351 4026 3676 4095 μέλλουσαν·

2102 4106 2197 4158 καὶ
2245 4109 2550 4179 κατηγορία
2602 4109 2703 4179 τῆς
2752 4111 2859 4163 τῶν
2910 4113 3180 4168 Ἰουδαίων
3237 4117 3556 4188 ἀκαρπίας·
3592 4128 3681 4174 καὶ

2103 4201 2431 4268 προφητεία,
2484 4202 2584 4272 τὴν
2633 4205 2736 4274 γῆν
2783 4203 2858 4274 τῷ
2895 4206 3118 4276 Χριστῷ
3168 4211 3678 4279 προσελεύσεσθαι·

2104 4291 2198 4344 καὶ
2233 4292 2546 4362 ὑπόσχεσις,
2593 4293 2934 4365 σωθήσεσθαι
2969 4299 3120 4369 παρὰ
3163 4301 3407 4373 Χριστοῦ
3432 4305 3527 4358 τὸν
3561 4309 3680 4360 ἐπι-

2103 4384 2402 4456 στρέφοντα
2440 4386 2678 4457 Ἰσραὴλ,
2730 4387 2825 4440 καὶ
2867 4389 3193 4445 ἀπολεῖσθαι
3241 4395 3311 4447 τά
3363 4396 3593 4462 εἴδωλα,
3618 4401 3684 4452 τὰ

2099 4475 2292 4544 λογικά
2317 4475 2372 4530 δὲ
2394 4477 2764 4549 ἀναϐήσεσθαι
2789 4480 3057 4552 πρόϐατα.

2172 4573 2247 4637 μ’.
2287 4568 2495 4639 Κλῆσις
2581 4572 2876 4640 γυναικῶν,
2931 4575 3131 4638 αἵτινες
3201 4577 3527 4648 ἐθεώρησαν
3594 4583 3686 4635 τοῦ

2101 4661 2341 4731 Χριστοῦ
2367 4662 2467 4732 τὴν
2505 4663 2838 4718 ἀνάστασιν·
2888 4667 2980 4719 καὶ
3033 4667 3340 4738 πρόρρησις
3387 4672 3550 4736 ὅπως
3603 4676 3692 4727 διὰ

2099 4752 2192 4805 τοῦ
2219 4752 2575 4822 εὐαγγελικοῦ
2617 4754 2971 4825 κηρύγματος
3020 4757 3301 4812 ἀπολεῖται
3337 4762 3372 4831 ή
3418 4763 3690 4819 ἀσέϐεια·

2099 4845 2235 4914 ὀργὴ
2265 4845 2323 4898 δέ
2355 4848 2469 4910 τοῖς
2510 4847 2805 4911 Ἰουδαίοις,
2840 4849 2956 4902 ἀνθ’
2988 4843 3062 4902 ὧν
3091 4851 3153 4902 οὐ
3197 4851 3361 4919 μόνον
3398 4858 3467 4925 τῇ
3505 4857 3698 4930 πλάνῃ

2097 4935 2210 4990 τῶν
2253 4937 2484 4991 εἰδώλων
2527 4938 2926 5009 ἐμεθύσθησαν,
2951 4937 3088 4994 ἀλλά
3123 4943 3216 4995 καὶ
3237 4941 3317 5012 τῷ
3350 4946 3702 5018 κηρύγματι

2096 5025 2209 5080 τῶν
2240 5028 2554 5082 ἀποστόλων
2595 5031 2698 5082 οὐκ
2732 5029 3091 5101 ἐπείσθησαν·
3116 5031 3175 5095 ἐξ
3198 5024 3257 5084 οὗ
3280 5037 3397 5096 τοῖς
3427 5038 3702 5102 ἀπίστοις

2098 5119 2366 5183 ἀπώλεια,
2404 5121 2648 5193 σωτηρία
2676 5120 2731 5175 δέ
2759 5125 2872 5186 τοῖς
2904 5124 3116 5187 πιστοῖς
3148 5124 3461 5188 ἐλπίζεται.

2172 5207 2283 5280 μα’.
2338 5211 2560 5282 Ἀπειλὴ
2609 5213 2750 5266 κατά
2804 5211 2930 5264 τῶν·
2964 5211 3226 5282 οἰομένων
3269 5215 3378 5268 ὑπὸ
3426 5218 3538 5285 τῆς
3573 5226 3716 5276 ἀπ-

2099 5300 2248 5364 ϐείας
2300 5301 2640 5370 βοηθεῖσθαι·
2688 5303 2780 5355 καὶ
2828 5302 3172 5371 παραίνεσις,
3226 5305 3568 5362 ὑπακοῦσαι
3629 5314 3715 5382 τῷ

2099 5394 2339 5465 Χριστῷ,
2375 5393 2454 5464 τῷ
2486 5394 2625 5463 μετὰ
2682 5393 2781 5464 τὴν
2830 5395 3130 5450 ἀνάστασιν
3177 5395 3356 5468 ὀργὴν
3391 5405 3515 5464 τοῖς
3576 5406 3723 5458 ἀπε-

2102 5503 2268 5551 στοις,
2300 5486 2573 5555 σωτηρίαν
2603 5485 2661 5538 δέ
2690 5484 2953 5555 σύντομον
2982 5481 3379 5543 ἀποστέλλοντι
3410 5496 3482 5564 τῇ
3510 5498 3722 5551 olnt-ou.

2102 5577 2261 5648 μένῃ,
2304 5578 2562 5646 κήρυγμα
2605 5578 2698 5632 καὶ
2743 5577 3133 5647 πρότερον’τῷ
3184 5579 3364 5652 νόμῳ,
3411 5588 3518 5640 καὶ
3565 5589 3726 5658 μετὰ

2097 5669 2254 5721 τοῦτο
2272 5671 2393 5731 ταῖς
2420 5667 2803 5736 εὐαγγελικαῖς
2829 5669 2972 5738 ἡμᾶς
3002 5669 3244 5735 ἐντολαῖς
3269 5678 3730 5750 γεωργήσαντι,
