3936 6200
272 205 402 272 1377

1692 215 1774 274 1N
1816 217 2103 276 lSAIAM.

3375 224 3513 288 1378

336 315 445 388 pﬁ',
488 317 856 387 Σχετλιασμὸς
889 318 1029 370 κατά
1051 318 1151 388 τῆς
1172 318 1408 388 ἀρχαίας
1448 319 1832 391 Ἰερουσαλήμ·

2009 320 2166 376 XLII.
2209 321 2441 387 Querela
2484 323 2750 379 adversus
2785 335 3028 382 veterem
3078 325 3405 396 Jerusalem,
3455 343 3512 387 et

267 413 357 464 καὶ
383 411 581 480 ἀπειλὴ
621 411 764 462 κατά
801 409 1096 479 δαιμόνων,
1130 410 1239 462 τῶν
1267 409 1439 479 αὐτὴν
1463 413 1838 480 τυραννησάν-

266 521 371 556 των
390 519 403 532 ο
432 503 527 554 καὶ
555 500 863 570 κατηγορία
895 501 996 569 τῆς
1022 500 1132 552 τῶν
1170 499 1445 553 Ἰουδαίων
1477 501 1793 572 πωρώσεως
1821 519 1834 533 ·

267 595 358 648 καὶ
385 595 534 656 ὅπως
571 594 633 646 τὸ
683 591 1019 659 Εὐαγγὲλιον
1063 593 1178 653 τοῖς
1240 591 1521 654 Ἰουδαίοις
1565 593 1839 662 ἐσφράγι-

268 705 407 753 σται,
439 687 719 754 ἀγνοεῖται
751 685 806 737 δὲ
839 685 970 753 πρὶν
993 683 1061 736 τά
1095 683 1212 737 θεῖα
1247 683 1622 754 παιδευθῆναι.

337 785 448 848 μγ’.
489 777 816 848 Κατηγορία
861 776 971 848 [tau
1015 775 1351 848 προφητεία]
1400 776 1498 846 τῆς
1549 776 1659 829 τῶν
1706 776 1837 830 ’1ου-

259 871 426 927 δαίων
455 871 860 940 κατακρίσεως,
892 869 990 922 καὶ
1025 869 1331 939 πρόρρησις
1387 867 1487 937 τῆς
1523 868 1633 924 τῶν
1664 868 1836 922 ἐθνῶν

268 963 617 1032 θεογνωσίας,
653 965 747 1014 καὶ
775 962 876 1030 τῆς
911 959 1191 1017 ἀπωλείας
1219 959 1328 1013 τῶν
1371 959 1518 1029 ἔργῳ
1564 961 1660 1013 καὶ
1691 961 1836 1031 λόγῳ

267 1055 355 1107 τὸν
397 1053 527 1105 λαὸν
578 1051 1079 1114 σκανδαλιζόντωνο
1116 1053 1211 1103 καὶ
1240 1050 1391 1113 ὅπως
1419 1053 1533 1112 τοῖς
1564 1051 1659 1103 τοῦ
1700 1053 1835 1120 Χρι-

269 1144 393 1199 στοῦ
428 1144 672 1214 θαύμασι
708 1144 775 1195 τὰ
809 1143 909 1212 μὲν
937 1141 1063 1210 ἔθνη
1100 1141 1544 1212 παιδευθήσεται,
1587 1143 1834 1197 Ἰουδαῖοι

266 1237 321 1289 δὲ
357 1235 835 1305 αἰσχυνθήσονται,
885 1232 960 1294 ὡς
1010 1233 1347 1294 ἀποστάντες
1405 1231 1566 1296 Θεοῦ,
1591 1232 1686 1288 καὶ
1738 1233 1832 1290 τοῦ

267 1326 457 1397 νοητοῦ
485 1325 585 1394 τὴν
619 1323 941 1394 συμμαχίαν
977 1323 1250 1391 ἑλόμενοι.

335 1417 439 1487 μδν,
481 1418 670 1478 Ὅπως
717 1415 787 1467 τὰ
841 1413 992 1483 παρά
1039 1413 1154 1466 τῶν
1203 1412 1482 1483 δαιμόνων
1533 1413 1831 1482 ἀνωφελῆ⁰

261 1509 491 1570 τούτους
529 1509 637 1576 γὰρ
685 1508 796 1567 τοῖς
835 1503 1053 1574 ’θηρίοις
1110 1504 1472 1572 παρείκασεν,
1504 1503 1641 1572 ὅπερ
1671 1504 1730 1554 ἐν
1757 1504 1835 1554 εί-

1941 412 2101 464 ηιίηςε
2134 411 2188 464 in
2213 412 2492 468 daemones
2508 414 2602 483 qui
2627 428 2748 469 eam
2777 417 3138 487 subegerunt;
3161 423 3514 478 et‘aocusatio

1939 503 2158 558 duritiaa
2181 502 2513 570 Iudaeorum,
2554 516 2610 561 et
2641 507 2912 576 quomodo
2933 508 3284 580 Evangelium
3311 511 3514 568 Iudaeis

1939 595 2214 650 sancitum
2239 607 2354 662 est;
2386 615 2494 653 non
2534 601 2802 670 accipitur
2843 611 3025 655 autem
3069 603 3386 674 priusquam
3423 607 3514 661 di-

1939 687 2063 741 vina
2095 687 2332 742 edocean
2341 698 2448 745 tur.

2012 775 2196 831 XLIII.
2235 779 2528 848 Prophetia
2555 782 3101 851 judiciiJudmorum,
3142 794 3199 838 et
3229 786 3514 854 praedictio

1936 867 2142 922 notitia:
2181 867 2275 922 Dei
2313 871 2456 938 apud
2484 883 2694 940 gentes,
2727 881 2782 927 et
2822 875 3145 944 perditionis
3187 890 3376 930 eorum
3421 878 3514 946 qui

1936 957 2104 1011 verbo
2136 967 2191 1011 et
2214 973 2381 1026 opere
2412 961 2673 1028 populum
2704 964 3115 1028 scandalizant;
3155 972 3211 1018 et
3241 967 3519 1033 quomodo

1924 1057 2126 1118 gentes
2155 1049 2358 1103 Christi
2396 1051 2678 1106 miraculis
2719 1053 3084 1114 docebuntur.
3131 1055 3302 1110 Judaei
3331 1065 3515 1114 autem

1936 1139 2366 1204 confundentur,
2392 1140 2596 1209 quippe
2626 1142 2775 1210 quia
2801 1142 2912 1200 Deo
2931 1145 3267 1212 defecerint,
3315 1147 3518 1203 diaboli

1937 1236 2120 1284 autem
2150 1231 2810 1302 auxiliumpraetulerint.

2007 1409 2190 1466 XLIV.
2227 1411 2512 1477 Quomodo
2556 1430 2676 1483 quae
2712 1432 2742 1470 a
2784 1417 3146 1482 dazmonibus,
3188 1431 3319 1477 sunt
3351 1435 3514 1480 vana.

1937 1500 2046 1555 llos
2073 1501 2218 1555 enim
2251 1501 2382 1554 feris
2406 1502 2673 1558 assimilat
2697 1522 2710 1570 ;
2735 1507 2875 1575 quod
2909 1508 2960 1560 in
2995 1509 3164 1580 ﬁgura
3191 1510 3312 1564 libri
3346 1527 3517 1567 evan-

264 1601 379 1654 κόνι
423 1599 525 1668 τῆς
564 1594 932 1666 εύαγγελικῆς
977 1593 1163 1663 βίϐλου
1197 1593 1410 1664 γράψαι
1467 1595 1495 1646 6
1542 1594 1832 1664 προφήτης

1951 1591 2092 1657 gelici
2149 1591 2391 1646 scribere
2428 1593 2691 1662 pr0pheta
2730 1596 2974 1666 jubetur.
3015 1598 3082 1653 Et
3109 1601 3382 1668 quomodo
3421 1618 3518 1657 au-

265 1691 574 1744 κελεύεται’
613 1689 708 1741 καὶ¹
737 1689 885 1750 ὅπως
913 1686 1137 1739 ἀκούειν
1169 1687 1414 1739 Ἰουδαῖοι
1441 1686 1511 1738 τὰ
1535 1684 1663 1739 ’θεῖα
1694 1702 1832 1755 παρ-

1951 1680 2053 1735 lire
2074 1681 2255 1734 divina
2280 1678 2449 1734 Judaei
2495 1698 2620 1738 cum
2662 1687 2971 1752 tenuerint,
3023 1688 3181 1744 ruina
3226 1691 3516 1748 insanabili
3604 1744 3608 1746 .

265 1781 603 1852 αιτούμενοι,
645 1779 848 1850 πτῶμα
877 1779 1098 1831 ἀνίατον
1124 1778 1410 1830 πίπτουσι.

335 1881 440 1944 με’.
482 1871 812 1943 Παραίνεσις
850 1869 1142 1940 μετανοίας
1179 1869 1260 1940 τῷ
1305 1867 1543 1938 Ἰσραὴλ,
1583 1868 1679 1920 καὶ
1707 1866 1838 1919 ἀνά-

173 1994 179 2000 ·
267 1981 463 2034 μνησις
493 1959 582 2016 οἷα
611 1962 770 2015 αὐτοὶ
797 1959 1135 2022 ἀποστάντες
1165 1959 1275 2012 ἀπὸ
1309 1956 1445 2010 Θεοῦ
1482 1955 1837 2010 ὲϐουλεύσαν·

262 2067 343 2116 το,
373 2056 401 2107 6
427 2053 663 2124 Χριστὸς
690 2053 748 2105 δὲ
776 2051 863 2104 διὰ
893 2053 993 2121 τῆς
1014 2049 1224 2112 οἰκείας
1265 2047 1598 2120 σαρκώσεως
1625 2050 1834 2101 οἰκονο-

267 2148 387 2216 μεῖν
417 2144 796 2215 εὐτρέπισται.

337 2267 456 2331 pg’.
501 2259 816 2330 Πρόρρησις
851 2257 948 2311 τοῦ
1002 2251 1250 2326 Χριστοῦ
1285 2255 1384 2324 τῆς
1422 2252 1688 2324 δευτέρας
1733 2254 1838 2321 ἀφ-

267 2353 422 2418 ίξεως
439 2367 452 2381 °
475 2353 568 2403 καὶ
584 2349 784 2420 ἀπειλὴ
813 2349 951 2402 κατὰ
973 2347 1082 2400 τῶν
1101 2346 1383 2416 ἀποκεχρη
1393 2343 1568 2413 μένων
1597 2343 1675 2414 τῷ
1704 2343 1838 2414 οἴκῳ

263 2443 356 2496 τοῦ
387 2441 545 2505 Θεοῦ,
580 2442 676 2494 καὶ
703 2440 845 2494 κατά
889 2438 982 2490 τοῦ
1017 2437 1264 2490 διαϐόλου
1307 2436 1402 2488 καὶ
1432 2434 1541 2488 τῶν
1564 2437 1651 2488 ἐπ’
1685 2436 1837 2506 αύτῷ

257 2534 638 2588 πεποιθότων
675 2533 769 2585 καὶ
814 2531 962 2593 ὅπως
993 2531 1027 2600 ὴ
1081 2527 1175 2582 τοῦ
1233 2527 1490 2597 Σωτῆρος
1547 2527 1833 2597 ἐπιδημία,

261 2629 548 2697 ἀναίρεσις
583 2627 683 2696 τῆς
707 2622 917 2686 πλάνης
944 2621 1054 2675 τῶν
1083 2618 1340 2685 εἰδώλων,
1367 2620 1472 2672 ικαὶ
1500 2619 1595 2672 τοῦ
1628 2619 1836 2690 ταύτην

263 2723 348 2774 ὲνε
361 2720 666 2789 ργήσαντος
693 2714 926 2782 γίνεται.

332 2807 443 2880 μζ’.
484 2805 986 2878 Μακαρισμὸςκτῶν
1017 2802 1395 2872 φυλαττόντων
1426 2801 1526 2872 τὴν
1553 2799 1690 2871 πρὸς
1734 2799 1831 2854 Ἱε-

261 2900 542 2974 ρουσαλὴμ
580 2899 679 2970 τὴν
710 2898 908 2968 νοητὴν
955 2895 1300 2964 συγγένειαν,
1333 2889 1449 2966 ἐνῇ
1486 2895 1714 2963 φανεροῖ
1734 2893 1834 2962 τῆς

1939 1771 2163 1826 cadent.

2009 1863 2169 1917 XLV.
2213 1863 2534 1922 Exhortatio
2556 1868 2892 1937 poenitentiae
2919 1870 2986 1924 ad
3017 1871 3216 1938 Israel;
3251 1881 3307 1928 et
3347 1889 3519 1929 reme-

1939 1955 2171 2009 moratio
2199 1956 2382 2026 qualia
2409 1957 2539 2028 ipsi,
2583 1973 2708 2012 cum
2744 1975 2775 2012 a
2822 1959 2932 2015 Deo
2972 1962 3297 2028 defecerint,
3329 1966 3518 2020 consi«

1938 2045 2048 2098 liati
2079 2045 2216 2113 sint;
2254 2047 2507 2104 Christus
2532 2058 2714 2104 autem
2745 2065 2845 2120 per
2882 2067 3033 2107 suam
3089 2055 3516 2112 incarnationem

1939 2136 2136 2190 bonam
2162 2137 2564 2197 institutionem
2600 2149 2777 2211 parat.

2011 2249 2193 2305 XLVI.
2253 2251 2544 2309 Praedictio
2589 2256 2816 2312 secundi
2867 2259 3131 2313 adventus
3183 2258 3416 2323 Christi;
3460 2271 3518 2316 et

1938 2339 2099 2396 mina:
2129 2343 2182 2395 in
2212 2357 2308 2398 eos
2335 2345 2426 2413 qui
2457 2345 2612 2399 abusi
2648 2356 2778 2401 sunt
2801 2348 2964 2402 domo
3005 2349 3120 2413 Dei,
3156 2359 3205 2404 et
3241 2351 3291 2403 in
3325 2351 3519 2407 diabo-

1937 2433 2048 2487 lum
2084 2443 2139 2488 et
2179 2435 2235 2488 in
2275 2451 2371 2489 eos
2419 2437 2508 2506 qui
2561 2439 2843 2493 conﬁdunt
2878 2441 2933 2493 in
2985 2456 3071 2495 eo.
3124 2442 3193 2496 Et
3238 2445 3515 2512 quomodo

1935 2521 2234 2578 Salvatoris
2263 2525 2531 2581 adventus
2557 2527 2649 2582 fiat
2675 2529 2982 2584 destructio
3010 2533 3210 2587 erroris
3252 2533 3520 2590 idolorum

1929 2622 1991 2668 et
2012 2613 2134 2684 ejus
2158 2615 2252 2684 qui
2273 2629 2392 2670 eam
2419 2616 2668 2688 inspirat.

2007 2797 2211 2854 XLVII.
2251 2799 2540 2858 Beatitudo
2587 2818 2776 2858 eorum
2821 2805 2913 2874 qui
2955 2817 3176 2862 servant
3217 2808 3520 2878 spiritalem

1934 2906 2058 2946 cum
2105 2890 2404 2948 Jerusalem
2475 2897 2894 2966 cognationem,
2945 2899 3146 2968 inqua
3198 2902 3516 2958 manifestat

257 2990 466 3052 οἰκείας
495 2987 790 3058 ἐπιδημίας
831 2987 859 3038 ὁ
909 2984 1146 3054 Χριστὸς
1174 2983 1245 3037 τά
1281 2985 1581 3054 μυστήρια,
1613 2982 1709 3036 καὶ⁹
1732 2981 1832 3052 τὴν

1951 2979 2189 3035 Christus
2227 2982 2311 3036 sui
2347 2983 2618 3038 adventus
2655 2986 2928 3057 mysteria,
2976 2996 3031 3041 et
3073 2988 3383 3046 Iudaeorum
3419 3007 3516 3048 su-

256 3084 367 3138 τῶν
413 3081 686 3134 Ἰουδαίων
738 3076 1059 3142 ἀλαζονείαν
1111 3075 1297 3143 παύει,
1349 3075 1557 3145 βεϐαιοῖ
1617 3075 1675 3129 δὲ
1723 3073 1832 3126 τῶν

255 3174 468 3229 πιστῶν
497 3160 597 3242 τὴν
624 3169 934 3223 εὐσέϐειαν.

335 3294 449 3358 μην.
491 3282 908 3352 Εὐαγγελισμδς
949 3281 1062 3334 τῶν
1103 3280 1465 3349 Ἐκκλησιῶν,
1499 3281 1594 3333 καὶ
1633 3280 1832 3349 θρῆνος

259 3378 368 3430 τῶν
400 3376 711 3429 Ἰουδαϊκῶν
748 3371 1082 3440 συναγωγῶν
1106 3388 1118 3401 ·
1143 3371 1238 3424 καὶ
1268 3371 1468 3441 ἀπειλὴ
1492 3373 1589 3437 τῆς
1630 3372 1831 3441 Ἰερου-

262 3466 447 3534 σαλὴμ
477 3463 830 3533 ἐρημώσεως,
866 3461 1062 3530 μέχρις
1081 3459 1147 3513 ἂν
1175 3459 1394 3529 δέξηται
1424 3458 1522 3528 τὴν
1552 3459 1832 3511 κοινωνίαν

257 3557 354 3612 τοῦ
385 3554 720 3624 Πνεύματος,
749 3554 816 3622 ἢν
842 3551 912 3604 τὰ
949 3551 1079 3619 ἔθνη
1099 3550 1396 3620 δεχόμενα,
1431 3549 1698 3619 ἐλεύθερα
1727 3550 1831 3604 πά-

259 3667 362 3721 σης
398 3648 602 3718 βλάϐης
631 3646 983 3716 φυλάττεται,
1031 3643 1276 3696 Ἰουδαῖοι
1324 3643 1380 3696 δὲ
1427 3641 1730 3715 διασπορὰς
1757 3642 1832 3707 ὡς

256 3727 614 3803 ἀπειθοῦντες
640 3738 938 3792 πείσονται.

331 3855 442 3928 μθ’.
482 3852 771 3920 Δοξολογία
802 3849 940 3904 Θεοῦ
970 3849 1188 3904 καὶτῶν
1213 3848 1453 3918 ἀγαθῶν,
1493 3849 1636 3920 ἀπερ
1667 3847 1832 3912 αὐτὸς

256 3947 575 4020 χαρίζεται·
617 3943 712 3998 καὶ
765 3943 1088 4015 πρόρρησις,
1134 3940 1518 4012 φθαρήσεσθαι
1554 3942 1655 4010 τὴν
1699 3939 1830 3993 ἀσέ-

257 4040 412 4092 ϐειαν
444 4038 511 4091 δι’
537 4035 888 4097 ἀναστάσεως
929 4031 1172 4104 Χριστοῦ
1211 4031 1308 4086 καὶ
1344 4030 1688 4102 ἀναλήψεως,
1734 4031 1831 4084 καὶ

257 4136 367 4188 τῶν
397 4133 571 4190 ἄλλων
609 4130 950 4203 μυστηρίων,
992 4127 1137 4200 ἂπερ
1178 4128 1259 4190 είς
1302 4126 1610 4196 ἀφανισμὸν
1649 4125 1830 4193 πάσης

257 4227 468 4292 πλάνης
515 4224 759 4280 ἐπιτελεῖ
811 4221 1222 4293 σαρκούμενοςο
1253 4219 1314 4283 ἐξ
1345 4213 1418 4271 ὧν
1475 4217 1614 4272 Σιὼν
1665 4217 1765 4289 μὲν
1795 4219 1828 4287 ἡ

1934 3072 2140 3139 perbiae
2186 3072 2348 3128 ﬁnem
2405 3075 2657 3146 imponit,
2697 3087 2752 3133 et
2793 3078 3085 3136 confirmat
3121 3081 3364 3140 ﬁdelium
3401 3086 3517 3156 pie-

1937 3169 2121 3216 tatem.

2005 3271 2234 3328 XLVIII.
2277 3273 2485 3334 Laztitia
2509 3276 2871 3334 Ecelesiarum
2894 3290 2948 3335 et
2974 3282 3297 3342 lamentatio
3321 3288 3510 3346 Judai-

1933 3376 2122 3416 carum
2174 3379 2562 3437 synagogarum
2592 3377 2648 3422 et
2690 3369 2850 3424 minae
2900 3371 3254 3430 d'esolationis
3286 3376 3510 3434 Jerusa-

1933 3453 2076 3518 lem,
2125 3455 2298 3510 donec
2356 3457 2582 3526 recipiat
2636 3460 3192 3516 communicationem
3237 3465 3508 3535 Spiritus.

1933 3557 2094 3611 quam
2122 3545 2449 3614 recipientes
2471 3555 2684 3629 gentes,
2707 3546 2978 3604 immunes
3006 3564 3296 3606 servantur
3323 3557 3508 3612 omnis

1933 3651 2122 3704 noxae;
2166 3637 2344 3692 Judaei
2390 3647 2574 3692 autem
2622 3653 2721 3708 pro
2751 3654 2850 3697 sua
2881 3639 3261 3701 incredulitate
3300 3645 3510 3717 disper-

1933 3725 2150 3781 sionem
2183 3728 2483 3796 patientur.

2001 3839 2189 3904 XLIX.
2232 3841 2566 3900 Glorificatio
2593 3841 2689 3899 Dei
2710 3851 2770 3903 et
2799 3843 3070 3902 bonorum
3099 3863 3221 3918 quae
3251 3849 3368 3921 ipse
3402 3851 3506 3906 lar-

1930 3931 2112 4004 gitur;
2139 3942 2194 3986 et
2221 3933 2504 4002 praedictio
2538 3933 2958 4008 disperdeudam
2989 3937 3106 3993 fore
3147 3939 3506 4013 impietatem,

1930 4039 2027 4094 per
2049 4023 2250 4078 Christi
2281 4026 2735 4080 resurrectionem
2782 4035 2838 4081 et
2872 4031 3248 4088 ascensionem
3288 4032 3502 4102 aliaque

1933 4115 2186 4185 mysteria
2209 4131 2331 4186 qua;
2364 4117 2420 4172 in
2443 4117 2789 4174 abolitionem
2823 4121 3004 4176 omnis
3027 4122 3231 4178 erroris
3260 4125 3509 4192 perﬁciet

1931 4206 2268 4272 incarnatus,
2323 4222 2422 4277 per
2462 4223 2583 4277 quae
2631 4223 2774 4264 nova
2817 4208 2950 4266 Sion
2997 4211 3323 4276 inconcussa
3378 4217 3508 4282 erit,

256 4319 352 4372 νέα
382 4317 678 4380 ἀσάλευτος
699 4314 873 4380 ἔσται,
906 4315 961 4368 αί
995 4312 1313 4381 συναγωγαὶ
1339 4309 1396 4363 δὲ
1416 4308 1527 4362 τῶν
1562 4309 1829 4362 Ἰουδαίων

1951 4313 2214 4370 ιγιιιιεοεω
2244 4311 2427 4356 autem
2457 4299 2766 4358 Iudaeorum
2799 4301 3132 4371 quatientur.

259 4409 514 4462 σείονται.

327 4525 391 4574 ν’.
435 4518 746 4589 Πρόρρησις
778 4514 1088 4577 συντελείας
1116 4512 1214 4583 τῆς
1249 4512 1534 4582 ὁρωμένης
1569 4511 1828 4575 κτίσεως,

258 4609 381 4662 καθ’
409 4609 474 4679 ἢν
506 4607 865 4676 ἀφανίζονται
912 4607 1072 4678 θυμῷ
1110 4605 1204 4659 τοῦ
1235 4606 1370 4660 Θεοῦ
1407 4606 1549 4676 μετά
1573 4605 1677 4674 τῆς
1707 4607 1834 4656 ἀσε-

257 4701 411 4765 ϐείας
441 4702 490 4753 οἱ
525 4701 696 4771 ταύτῃ
743 4699 1264 4770 προσχωρήσαντες,
1319 4699 1433 4759 τοῖς
1480 4696 1728 4748 εὐσεϐέσι
1773 4696 1830 4747 δὲ

256 4792 593 4865 κληρονομία
623 4791 847 4844 δίδοται.

328 4884 428 4940 να’.
469 4883 883 4953 Εύαγγελισμὺς
943 4877 1041 4934 τοῦ
1087 4880 1188 4951 τῆς
1235 4876 1562 4948 Ἐκκλησίας
1611 4875 1827 4940 ἄνθους,

256 4979 350 5030 καὶ
377 4979 488 5031 τῶν
519 4976 817 5045 θαυμάτων
848 4974 884 5028 ὃ.
923 4972 1232 5043 σαρκωθεὶς
1253 4974 1283 5025 6
1315 4969 1549 5040 Χριστὸς
1586 4966 1828 5034 ἐδέξατο,

254 5071 355 5124 καὶ
384 5069 492 5123 τῶν
524 5066 744 5138 ἀγαθῶν
778 5066 875 5135 τῆς
896 5065 1105 5135 δωρεᾶς
1131 5062 1226 5116 τοῦ
1254 5061 1653 5131 βαπτίσματος.

326 5181 427 5252 νβ’.
505 5183 793 5251 Διήγησις,
849 5175 936 5231 οἷα
994 5175 1278 5246 Ῥαψάκης
1330 5175 1398 5244 τῇ
1471 5169 1830 5242 Ἰερουσαλὴμ

254 5277 412 5343 παρά
465 5271 560 5325 τοῦ
604 5270 969 5340 Σεναχειρεὶμ
1016 5258 1348 5326 ἀποσταλεὶς
1379 5262 1682 5333 ἠπείλησευ
1735 5261 1828 5314 καὶ

249 5364 403 5427 ὅπως
433 5363 532 5434 τὴν
568 5361 798 5430 ἀπειλὴν
841 5358 1088 5424 Ἐζεκίας
1143 5353 1351 5426 μαθὼν,
1411 5352 1548 5423 πρὸς
1607 5351 1830 5404 Ἡσαΐαν

249 5457 381 5519 τοὺς
408 5455 548 5526 ὑπὲρ
577 5453 747 5522 αὐτῆς
770 5451 1027 5522 δεηθῆναι
1059 5445 1510 5519 παρακαλοῦντας
1544 5443 1639 5496 ἕπε
1652 5443 1791 5512 μψεν
1813 5461 1826 5475 ·

248 5547 280 5599 6
312 5545 372 5601 δὲ
398 5544 708 5613 ἀσφάλειαν
745 5541 893 5612 παρά
917 5538 1051 5592 Θεοῦ
1077 5542 1143 5608 τῇ
1177 5535 1356 5599 πόλει,
1385 5535 1740 5603 ἀποστροφὴν
1771 5533 1827 5585 δὲ

248 5635 351 5690 τοῦ
377 5636 707 5706 Σεναχειρὶμ
733 5637 811 5697 είς
843 5633 938 5703 τὴν
969 5631 1153 5703 χώραν
1192 5628 1292 5700 τὴν
1322 5626 1533 5681 οίκείαν
1563 5625 1825 5695 ἐμήνυσε.

2002 4501 2067 4555 L.
2110 4501 2401 4564 Prmdietio
2421 4503 2910 4564 consummationis
2929 4506 3224 4564 ereationis
3256 4508 3506 4576 visibilis,

1931 4593 1987 4647 in
2021 4611 2126 4664 qua
2150 4593 2240 4648 Dei
2270 4593 2456 4649 furore
2486 4595 2742 4649 delentur
2764 4605 2820 4650 et
2850 4597 3101 4668 impietas
3134 4609 3190 4654 et
3219 4600 3254 4654 ii
3279 4601 3370 4670 qui
3399 4602 3508 4655 im-

1930 4683 2113 4750 pietati
2150 4682 2524 4747 adhaeserunt,
2564 4683 2666 4752 piis
2706 4693 2888 4747 autem
2933 4687 3168 4744 donatur
3193 4687 3504 4744 hau-editas.

2006 4881 2092 4936 LI.
2132 4883 2339 4938 Laetum
2371 4883 2623 4938 nuntium
2657 4883 2805 4938 ﬂoris
2843 4883 3126 4950 Ecclesiae,
3174 4894 3229 4942 et
3267 4886 3508 4942 miracu-

1930 4972 2105 5025 lorum
2131 4989 2252 5041 qme
2272 4973 2520 5026 Christus
2547 4973 2862 5028 incarnatus
2883 4974 3132 5043 perfecit,
3157 4987 3214 5031 et
3236 4976 3504 5036 bonorum

1932 5063 2058 5118 doni
2097 5062 2456 5131 baptismatis.

2003 5175 2113 5229 LII.
2155 5175 2429 5243 Expositio
2464 5177 2727 5232 malorum
2757 5193 2877 5246 qua:
2915 5177 3206 5242 Rahsaces,
3239 5194 3269 5234 a
3299 5178 3504 5255 Senna-

1929 5267 2118 5322 cherib
2154 5267 2373 5330 missus,
2397 5265 2700 5322 Jerusalem
2730 5270 2966 5323 minatus
2988 5278 3092 5332 est,
3129 5280 3184 5324 et
3209 5274 3499 5341 quomodo,

1932 5359 2016 5413 his
2043 5359 2261 5420 auditis,
2298 5357 2560 5412 Ezechias
2591 5358 2655 5412 ad
2696 5359 2888 5414 Isaiam
2940 5361 3088 5416 misit
3118 5364 3206 5432 qui
3237 5380 3363 5420 eum
3405 5365 3503 5419 de-

1931 5459 2284 5519 precarentur
2310 5457 2370 5503 ut
2389 5457 2574 5503 oraret
2603 5465 2703 5517 pro
2731 5451 2812 5513 eis
2842 5469 2855 5505 :
2902 5453 2991 5508 ille
3021 5464 3199 5510 autem
3241 5455 3500 5514 securita-

1929 5551 2039 5596 tem
2074 5557 2104 5596 a
2129 5542 2242 5595 Deo
2281 5541 2508 5606 civitati,
2544 5556 2844 5609 regressum
2874 5561 3013 5601 -vero
3043 5547 3417 5608 Sennaeherih
3446 5550 3502 5603 in

1931 5639 2085 5687 suam
2121 5631 2399 5702 regionem
2422 5630 2788 5688 annuntiavit.
