3936 6200
408 251 544 317 I379

1607 243 1971 302 IIESYCIIII
2010 243 2482 305 PRESBYTERI

3544 249 3684 312 i380

473 363 610 420 LIII.
649 362 900 418 Narratio
923 359 1257 415 inﬁrmitatis
1306 357 1569 421 Ezechiae,
1599 358 1655 412 in
1699 375 1808 428 qua
1842 375 1992 412 mor-

2167 369 2266 426 νγσ.
2308 365 2575 431 Διήγησις
2617 362 2718 431 τῆς
2764 364 3080 436 ἀρρωστίας
3119 365 3390 432 Ἐζεκίου,
3424 368 3484 418 ἐν
3585 368 3682 422 θά-

405 467 515 512 tem
551 456 652 526 ipsi
697 453 967 525 propheta
1015 450 1391 514 denuntiavit;
1443 450 1762 519 deprecanti
1808 463 1988 502 autem

407 547 550 602 Deus
584 558 798 614 tempus
825 543 950 598 vitae
981 541 1209 606 addidit;
1244 549 1298 595 et
1331 541 1602 595 canticum
1637 541 1908 610 ejusdem,
1940 549 1994 592 et

405 650 631 690 munera
662 649 691 686 a
725 631 906 686 Persis
939 639 1198 700 accepta;
1241 639 1462 699 propter
1511 645 1654 699 quae.
1699 645 1824 684 cum
1877 628 1995 681 the-

404 740 594 780 sauros
623 723 978 784 ostendisset,
1003 722 1270 790 pr0pheta
1303 721 1406 792 ipsi
1428 721 1666 777 futuram
1687 720 1992 777 Jerusalem

404 815 775 885 captivitatem
806 813 1154 869 vaticinatur.

473 1025 611 1081 LIV.
653 1025 948 1079 Promissio
975 1025 1040 1077 ad
1070 1024 1241 1079 Israel
1272 1025 1612 1080 remissionis
1644 1034 1993 1094 peccatorum

403 1126 459 1171 ct
487 1118 756 1171 adventus
782 1114 1020 1178 Christi;
1053 1125 1108 1168 et
1143 1116 1490 1170 annnntiatio
1523 1131 1712 1170 eorum
1743 1130 1872 1185 qua:
1900 1131 1994 1170 ve-

405 1212 564 1266 niens
596 1211 958 1275 instanrabit;
992 1221 1045 1266 et
1078 1210 1328 1280 ejusdem
1362 1207 1704 1280 gloriﬁcatio,
1728 1210 1996 1265 detractio

404 1311 587 1357 autem
624 1318 816 1356 eorum
851 1303 945 1371 qui
983 1301 1194 1356 faciunt
1227 1301 1539 1356 simulacra.

479 1412 586 1468 LV.
630 1413 899 1468 Allocutio
933 1414 1000 1467 ad
1037 1413 1225 1478 Israel,
1261 1427 1330 1466 ne
1359 1427 1513 1466 suam
1545 1411 1886 1482 prmtendant
1911 1415 1997 1465 in-

408 1505 784 1560 credulitatem
812 1505 867 1558 in
896 1506 1202 1569 Christum,
1238 1504 1425 1558 mundi
1450 1503 1669 1573 quidem
1702 1503 1994 1568 factorem,

408 1598 648 1652 ﬁdelium
680 1607 862 1652 autem
902 1595 1342 1654 benefactorem;
1382 1604 1437 1650 et
1484 1594 1767 1649 renovatio
1808 1593 1989 1648 Eccle-

2099 470 2258 508 νατον
2289 455 2389 524 μὲν
2415 455 2567 524 αὐτῷ
2592 457 2620 508 6
2659 458 2950 526 προφήτης
2977 458 3276 528 ἐμήνυσεν,
3313 459 3608 531 εὐξαμένῳ
3630 462 3682 513 δὲ

2095 548 2123 598 6
2149 547 2283 609 Θεὸς
2313 549 2505 618 χρόνον
2529 548 2674 618 ζωῆς
2707 549 3020 618 προσέθηκε
3040 565 3055 578 ·
3088 550 3184 602 καὶ
3219 549 3334 621 ᾠδὴ
3365 551 3459 604 τοῦ
3489 553 3679 605 αὐτοῦ·

2097 641 2192 692 καὶ
2221 639 2372 710 δῶρα
2397 642 2461 693 ἐκ
2497 641 2749 711 Περσῶν,
2784 642 2869 710 ἐφ’
2900 635 2985 704 οἷς
3011 641 3174 705 αὐτὸς
3207 643 3306 713 μέν
3328 644 3457 707 τοῦς
3483 645 3682 714 θησαυ-

2098 732 2226 801 ροὺς
2277 731 2406 795 τοὺς
2455 733 2697 793 οἰκείους
2744 732 2934 802 ἐπειδὴ
2982 731 3176 797 ἔδειξε,
3214 735 3245 786 6
3285 736 3578 804 προφήτης
3625 736 3681 789 δέ

2097 823 2248 888 αύτῷ
2279 824 2381 892 τήν
2413 824 2684 894 ἐσομένην
2713 826 2813 894 τῆς
2855 824 3222 896 Ἰερουσαλὴμ
3267 827 3682 897 προεφήτευσεν

2097 912 2318 966 ἅλωσιν.

2167 1029 2261 1082 νδ’.
2313 1027 2645 1097 ’Υπόσχεσις
2713 1027 2794 1097 τῷ
2832 1028 3054 1099 Ἰσραὴλ
3115 1029 3536 1099 ἁμαρτημάτων
3589 1031 3687 1099 ὰφ-

2098 1120 2288 1183 ἑσεως,
2327 1121 2425 1174 καὶ
2466 1119 2772 1191 παρουσίας
2813 1119 3082 1191 Χριστοῦ·
3142 1122 3239 1174 καὶ
3283 1123 3688 1191 εύαγγελισμδς

2100 1204 2175 1265 ὧν
2207 1211 2558 1282 ἐπιδημήσας
2597 1212 2960 1281 κατώρθωσεο
3006 1213 3100 1265 καὶ
3139 1211 3306 1266 αὐτοῦ
3343 1215 3448 1284 μὲν
3483 1213 3689 1278 605010-

2099 1304 2212 1372 γία,
2247 1303 2470 1374 διαϐολὴ
2497 1302 2554 1356 δὲ
2581 1303 2692 1356 τῶν
2733 1305 3034 1357 ποιούντων
3065 1305 3132 1357 τὰ
3161 1304 3380 1360 εἴδωλα.

2172 1425 2267 1470 νε’.
2313 1415 2713 1486 Προσφώνησις
2756 1415 2835 1484 τῷ
2881 1415 3123 1487 Ἰσραὴλ,
3164 1416 3242 1486 μὴ
3282 1416 3688 1486 προεαλλεσθαι

2099 1509 2199 1578 τὴν
2235 1509 2314 1571 είς
2348 1507 2586 1578 Χριστὸν
2633 1506 2884 1573 ἄγνοιαν,
2911 1506 3006 1559 τοῦ
3043 1505 3252 1575 κόσμου
3297 1507 3398 1576 μὲν
3433 1507 3687 1576 Ποιητὴν,

2100 1601 2210 1653 τῶν
2244 1597 2453 1652 πιστῶν
2503 1597 2562 1649 δέ
2604 1597 2904 1668 εὐεργέτην
2931 1597 3296 1666 ὑπάρχοντα·
3345 1598 3449 1650 καὶ
3514 1599 3689 1664 ἐγκαι-

409 1690 612 1745 siarum
657 1706 756 1760 per
788 1689 1071 1745 Christum
1111 1689 1204 1759 qui
1246 1688 1585 1759 impietatem
1621 1687 1917 1746 destruxit,
1947 1695 2000 1741 et

2116 1689 2300 1760 νισμὺς
2328 1687 2440 1742 τῶν
2485 1688 2826 1758 Ἐκκλησιῶν
2855 1689 2942 1742 διὰ
2970 1687 3213 1759 Χριστοῦ
3237 1688 3572 1753 καθελόντος
3605 1689 3689 1758 τὴν

410 1790 600 1852 gentes
659 1781 974 1851 stupefecit.
1033 1779 1102 1833 Et
1151 1779 1425 1850 expositio
1487 1777 1783 1834 debilitatis
1843 1777 2004 1833 idolo-

416 1889 560 1927 ιἰιηι.

484 1981 621 2037 LVI.
662 1981 952 2037 Przedictio
993 1981 1280 2036 electionis
1307 1979 1433 2034 novi
1470 1979 1658 2042 Israel,
1698 1981 1788 2050 qui
1829 1981 2000 2036 conﬁ-

413 2075 542 2128 dere
583 2073 827 2143 jubetur.
880 2070 1040 2126 Minae
1088 2070 1362 2124 autem-in
1414 2084 1510 2124 eos
1563 2071 1654 2139 qui
1698 2072 1748 2125 ei
1799 2071 1999 2127 infensi

411 2176 560 2222 sunt.
611 2165 678 2218 Et
721 2164 980 2220 Ecclesia:
1033 2163 1281 2234 praedicit
1343 2164 1643 2234 mysteria:
1689 2172 1745 2219 et
1807 2165 2004 2220 irridet

411 2260 708 2323 diemones,
742 2266 803 2311 ut
849 2257 942 2327 qui
983 2256 1121 2325 nihil
1172 2256 1350 2311 sciant
1401 2271 1582 2325 neque
1615 2256 1682 2310 de
1715 2258 2005 2326 praeteritis

413 2367 590 2422 neque
622 2351 690 2406 dc
719 2350 938 2417 futuris,
967 2349 1240 2420 simulque
1295 2364 1417 2406 cum
1469 2350 1551 2404 eis
1597 2349 1912 2416 simulacra,
1946 2358 2007 2404 ut

413 2458 578 2498 sensu
612 2441 877 2498 carentia.

488 2555 645 2611 LVII.
683 2554 960 2609 Allocutio
985 2554 1162 2610 Patris
1191 2555 1261 2610 de
1295 2555 1588 2610 dilectione
1618 2552 1764 2620 Filii,
1795 2563 1851 2608 et
1879 2569 2003 2608 cum

413 2655 616 2716 quanta
655 2647 840 2701 veniet
866 2646 1036 2702 Filius
1073 2632 1450 2719 benignitate;
1474 2655 1529 2701 et
1554 2656 1754 2716 quanta
1778 2687 1793 2711 ,
1827 2645 2004 2702 Patris

418 2737 557 2790 bona
581 2735 880 2794 voluntate,
908 2733 1238 2787 instaurabit
1276 2751 1288 2785 :
1332 2741 1387 2788 et
1411 2732 1476 2788 ad
1506 2732 1798 2787 Ecclesiam
1823 2733 2002 2786 laetum

417 2825 671 2880 nuntium
701 2825 768 2878 de
795 2823 953 2878 bouis
980 2839 1102 2892 quae
1140 2823 1242 2893 ipsi
1283 2821 1536 2878 Christus
1577 2821 1876 2891 pnestabit,
1905 2821 2005 2875 de-

417 2917 660 2986 lebitque
685 2915 956 2970 idolorum
983 2913 1346 2983 impietatem.

492 3097 675 3151 LVIII.
712 3094 1027 3167 Obiurgatio
1055 3095 1121 3150 ad
1162 3095 1330 3150 Israel
1361 3103 1584 3166 propter
1618 3095 1822 3149 mentis
1847 3093 2001 3148 duri-

425 3191 582 3250 tiam,
630 3204 695 3242 ex
749 3204 815 3242 eo
849 3187 1018 3257 quod,
1083 3202 1207 3240 cum
1260 3187 1570 3241 divinorum
1621 3184 2003 3255 spoliationem

420 3277 788 3341 sustinuisset,
847 3276 1151 3345 permansit
1203 3283 1386 3329 tamen
1441 3289 1604 3330 sensu
1661 3288 1878 3328 carens.
1943 3271 2006 3325 Et

421 3369 605 3422 laetum
640 3365 919 3429 nuntium,
955 3365 1163 3419 scilicet
1205 3380 1407 3419 novum
1440 3364 1603 3419 Israel
1637 3379 1668 3418 a
1704 3363 1816 3418 Deo
1845 3363 2004 3432 adju-

419 3461 610 3514 variet
635 3459 993 3528 undequaque
1023 3458 1222 3529 colligi.
1255 3457 1318 3512 Et
1346 3458 1656 3512 testiﬁcatio
1677 3458 1744 3513 de
1765 3457 2003 3524 Christo,

419 3551 584 3620 quod,
615 3566 738 3604 cum
757 3559 902 3606 esset
926 3558 1052 3608 ante
1072 3551 1256 3604 omnia
1284 3549 1487 3606 saecula
1524 3549 1688 3616 Deus,
1721 3550 2005 3605 hominum

421 3642 651 3697 instituit
677 3642 1138 3712 redemptionem.

491 3733 631 3790 LIX.
686 3734 1007 3789 Exhortatio
1047 3733 1117 3788 ad
1162 3732 1329 3788 Israel
1372 3747 1443 3787 ne
1498 3733 1777 3789 adhaereat
1827 3735 2001 3790 veteri

421 3824 546 3894 legi,
577 3824 673 3879 sed
703 3823 962 3878 Ecclesia:
983 3822 1275 3894 mysteriis,
1312 3837 1438 3877 cum
1471 3821 1614 3878 Deus
1640 3839 1750 3879 non
1778 3822 2006 3880 Judaica

421 3916 688 3970 sacriﬁcia
714 3915 968 3985 accipiat,
999 3929 1096 3985 per
1119 3914 1498 3985 paenitentiam
1525 3924 1708 3970 autem
1739 3916 2008 3972 adeuntes

420 4009 614 4064 salvet.
664 4009 730 4064 Et
791 4013 1080 4081 promissio
1142 4027 1286 4068 novo
1332 4011 1498 4068 Israel
1545 4013 1692 4084 quod
1735 4013 2007 4070 eIIlorebit

420 4099 568 4156 dono
593 4100 957 4170 baptismatis.

2109 1782 2393 1848 ἀσέϐειαν,
2423 1781 2520 1835 καὶ
2547 1780 2616 1834 τὰ
2649 1780 2780 1852 ἔθνη
2815 1780 3263 1851 καταπλήξαντος
3284 1795 3298 1809 ⁸
3335 1782 3438 1833 καὶ
3467 1781 3572 1850 τῆς
3594 1783 3690 1834 τῶν

2110 1871 2346 1926 εἰδώλων
2376 1873 2665 1935 ἀσθενείας
2701 1871 2977 1941 διήγησις.

2097 2015 2110 2032 ε
2181 1992 2289 2050 νς·’.
2333 1983 2727 2055 Προσφώνησις
2767 1984 2867 2053 τῆς
2896 1982 3130 2052 ἐκλογῆς
3159 1982 3254 2034 τοῦ
3283 1983 3407 2036 νέου
3459 1983 3690 2052 Ἰσραήλ,

2109 2079 2168 2142 ὃς
2207 2079 2434 2147 θαρρεῖν
2469 2073 2856 2144 ἐγκελεύεται·
2886 2074 3086 2144 ἀπειλὴ
3117 2074 3176 2126 δέ
3205 2078 3321 2137 τοῖς
3363 2074 3509 2146 πρὸς
3539 2074 3694 2127 αὑτὸν

2111 2169 2432 2240 ἐκθρένουσι
2465 2168 2816 2240 [ἐχθρεύουσι
2915 2169 3026 2238 (15)
3057 2168 3154 2221 καὶ
3193 2168 3294 2238 τῆς
3326 2168 3430 2237 μὲν
3469 2169 3696 2238 ἐκχληο

2113 2261 2236 2324 σίας
2274 2260 2537 2332 προλέγει
2588 2259 2659 2312 τὰ
2706 2261 3006 2330 μυστήρια,
3041 2261 3240 2312 σκοπεῖ
3280 2259 3338 2310 δὲ
3373 2257 3553 2328 μηδὲν
3587 2259 3699 2310 ἐπι-

2113 2350 2414 2420 σταμένους
2438 2351 2499 2404 οὑ
2533 2349 2643 2402 τῶν
2667 2349 2936 2421 ἀρχαίων,
2968 2349 3030 2402 οῦ
3061 2350 3173 2401 τῶν
3203 2348 3541 2418 μελλόντων,
3581 2349 3700 2411 τοὺς

2111 2443 2396 2516 δαίμονας,
2425 2442 2521 2496 καὶ
2557 2439 2628 2494 τὰ
2653 2441 2851 2494 εἴδωλα
2885 2442 2982 2494 σὺν
3015 2441 3225 2502 αὐτοῖς,
3256 2439 3335 2502 ὡς
3363 2439 3698 2509 ἀναίσθητα.

2183 2556 2282 2622 νζ’.
2325 2553 2725 2626 Προσφὼνησις
2774 2553 2872 2607 τοῦ
2913 2553 3127 2624 Πατρδς
3172 2553 3308 2624 περὶ
3350 2553 3456 2623 τῆς
3478 2555 3697 2622 ἀγάπης

2109 2650 2208 2705 τοῦ
2239 2648 2370 2704 Υίοῦ
2391 2666 2406 2680 ο
2438 2648 2534 2702 καὶ
2572 2645 2691 2718 μεθ’
2721 2647 2853 2716 ὅσης
2877 2646 3018 2716 μένὸ
3051 2644 3182 2708 re;
3227 2645 3497 2716 ἐπιδημεῖ
3530 2645 3697 2713 πραό-

2110 2760 2296 2815 τητος,
2331 2743 2430 2795 ὅσα
2485 2740 2544 2794 δέ
2594 2737 2818 2808 εὐδοκία
2865 2737 2963 2790 τοῦ
3013 2737 3226 2808 Πατρὺς
3274 2737 3577 2808 κατορθοῖ·
3608 2736 3698 2788 καὶ

2111 2837 2518 2909 εὐαγγελισμὺς
2555 2838 2622 2905 τῇ
2668 2835 2992 2905 Ἐκκλησία,
3035 2835 3121 2901 ἐφ’
3151 2827 3233 2896 οἷς
3265 2836 3295 2886 6
3318 2833 3562 2903 Χριστὸς
3602 2833 3696 2910 αῦ-

2110 2935 2209 3006 την
2247 2933 2347 3004 μέν
2381 2932 2678 3002 εὐεργετεῖ,
2707 2930 2926 3000 ἀναιρεῖ
2951 2928 3008 2982 δὲ
3037 2927 3137 3000 τὴν
3163 2927 3274 2981 τῶν
3303 2927 3547 2980 εἰδώλων
3575 2927 3700 2980 ὁ.σὲ-

2111 3025 2286 3081 ὅειαν.

2177 3113 2280 3187 νη’.
2333 3112 2670 3182 Ὅνειδισμὸς
2707 3111 2787 3182 τῷ
2844 3109 3060 3182 Ἰσραὴλ
3110 3111 3210 3182 τῆς
3264 3115 3412 3167 κατὰ
3474 3113 3703 3183 γνώμην

2109 3205 2442 3276 πωρώσεως,
2479 3202 2541 3267 ἐξ
2591 3197 2660 3274 ἦς
2706 3203 2808 3272 τὴν
2839 3201 2949 3254 τῶν
2992 3201 3153 3255 θείων
3196 3203 3523 3273 διαρπαγὴν
3572 3205 3704 3256 ὐπο-

2112 3300 2322 3370 μείνας,
2353 3295 2572 3368 ἔμεινεν
2591 3296 2744 3364 ὅμως
2764 3295 3122 3366 ἀναίσθητος·
3150 3296 3246 3348 καὶ
3270 3295 3696 3367 εὐαγγελισμὸς,

2106 3391 2200 3445 τὸν
2234 3390 2356 3444 νέον
2405 3389 2626 3460 Ἰσραὴλ
2656 3388 2808 3458 παρὰ
2855 3386 2993 3440 Θεοῦ
3046 3386 3391 3457 βοηθεῖσθαι,
3429 3389 3531 3440 καὶ
3567 3406 3697 3441 παν-

2107 3482 2339 3554 ταχόθεν
2367 3480 2748 3552 ἁθροίζεσθαιο
2770 3479 2865 3534 καὶ⁵
2889 3479 3267 3551 διαμαρτυρία
3301 3478 3401 3532 τοῦ
3436 3479 3697 3550 Χριστοῦ.

2105 3576 2182 3640 ὡς
2216 3574 2384 3630 αὐτοῦ
2422 3574 2520 3644 μὲν
2564 3571 2717 3635 όντος
2766 3571 3098 3642 προαιωνίου
3118 3572 3279 3636 Θεοῦ,
3306 3572 3483 3626 αὐτοῦ
3517 3573 3579 3624 δὲ
3608 3574 3699 3640 τὴν

2085 3665 2216 3741 ⁵τιῖῐιν
2253 3664 2561 3736 ἀνθρώπων
2593 3664 3058 3735 οίκονομήσαντος
3091 3663 3392 3734 λύτρωσιν.

2179 3758 2278 3812 νϐ’.
2321 3755 2654 3825 Παραίνεσις
2705 3754 2804 3825 τῷ
2846 3754 3089 3826 Ἰσραὴλ,
3148 3755 3222 3826 μὴ
3273 3756 3588 3826 προσέχειν
3639 3759 3699 3823 τῇ

2108 3849 2314 3922 ἀρχαίᾳ
2357 3847 2629 3916 πολιτείᾳ,
2664 3845 2802 3900 ἀλλὰ
2827 3849 2941 3910 τοῖς
2968 3847 3068 3916 τῆς
3111 3846 3453 3916 Ἑκκλησίας
3489 3865 3701 3916 μυστηο

2113 3941 2292 4014 ρίοιςο
2331 3939 2408 4002 ὡς
2434 3937 2528 3993 τοῦ
2571 3937 2708 3991 Θεοῦ
2755 3935 2856 4000 τὰς
2901 3936 3198 3999 Ἰουδαῖκὰς
3251 3938 3351 4007 μὲν
3403 3938 3610 4000 θυσίας
3648 3938 3703 3989 οὐ

2109 4031 2456 4094 καθελόντος,
2488 4029 2577 4084 διὰ
2611 4028 2906 4099 μετανοίας
2956 4028 3014 4081 δὲ
3047 4029 3175 4091 τοῦς
3221 4028 3573 4096 προσιόντας
3607 4029 3705 4080 σεξυ-

2111 4123 2296 4188 ζοντος
2315 4140 2329 4154 ο
2364 4122 2458 4175 καὶ
2489 4121 2781 4190 ὑπόσχεσις
2813 4119 2890 4190 τῷ
2919 4120 3024 4190 νέῳ
3065 4118 3302 4191 Ἰσραήλ,
3333 4118 3433 4173 διὰ
3481 4123 3590 4190 τῆς
3616 4119 3710 4172 δω-

2114 4217 2242 4286 ρεᾶς
2274 4213 2538 4284 ἀνθήσειν
2564 4212 2660 4266 τοῦ
2693 4211 3098 4282 βαπτίσματος.

493 4279 605 4334 LX.
641 4281 914 4336 Allocutio
945 4283 1012 4338 de
1048 4282 1268 4338 Christo
1313 4292 1572 4353 tanquam
1613 4292 1823 4339 aaterno
1871 4283 2000 4338 Deo.

2116 4279 2128 4286 -
2183 4308 2247 4373 ξ’.
2289 4279 2849 4378 Προσφώνησις-περὶ
2881 4279 3146 4374 Χριστοῦ,
3177 4303 3254 4366 ὡς
3295 4302 3367 4356 ἂν
3417 4305 3525 4358 τοῦ
3576 4303 3712 4357 Θεοῦ

421 4369 785 4428 Et-detractio
816 4387 1003 4428 eorum
1038 4373 1128 4442 qui
1192 4373 1484 4428 simulacra
1533 4373 1756 4438 faciunt,
1790 4383 1844 4429 et
1873 4374 2000 4429 ado-

2116 4369 2737 4468 αἰωνίουπυγχάνοντος
2761 4369 2908 4449 ’-καὶ
2935 4369 3164 4466 διαϐολὴ
3215 4393 3327 4448 τῶν
3375 4396 3451 4449 τὰ
3511 4397 3714 4450 εἴδωλα

423 4470 548 4514 rant
577 4477 641 4515 ea
665 4478 784 4532 qum
819 4463 886 4517 de
925 4464 1149 4519 materia
1199 4465 1364 4521 debili
1403 4464 1780 4522 confecerunt.
1813 4465 1881 4520 Et
1918 4472 2000 4521 ex-

2116 4489 2432 4552 ποιούντων,
2481 4489 2577 4540 καὶ
2625 4485 3082 4558 προσκυνούντων
3110 4485 3258 4554 ἅπερ
3285 4485 3451 4538 αὐτοὶ
3479 4487 3552 4551 ἐξ
3587 4477 3746 4552 ῦληξ

423 4551 660 4606 hortatio
697 4553 768 4606 ad
807 4553 993 4620 Israel,
1028 4570 1099 4610 ne
1121 4555 1216 4611 Dei
1247 4556 1619 4611 obliviscatur.

2116 4581 2374 4642 ἀσθενοῦς
2404 4551 2820 4634 κατεσκεύασαν
2843 4594 2857 4608 ο
2879 4579 2974 4632 καὶ
2991 4551 3315 4648 παραίνεσις
3346 4577 3433 4648 τῷ
3461 4578 3718 4649 Ἰσραὴλ,

2109 4673 2281 4744 λήθην
2306 4669 2444 4724 Θεοῦ
2479 4670 2554 4739 μὴ
2582 4668 2912 4739 κτήσασθαι.

492 4753 632 4809 LXI.
696 4755 905 4811 Laetum
976 4758 1233 4814 nuntium
1309 4759 1742 4830 redemptionis,
1816 4778 2000 4832 quam,

2185 4761 2282 4825 ξα’.
2326 4759 2742 4829 Εὐαγγελισμδς
2769 4757 2871 4828 τῆς
2914 4756 3260 4828 λυτρώσεως,
3296 4758 3390 4827 ἣν,
3420 4761 3726 4828 urant.

420 4845 613 4900 ablatis
638 4845 944 4902 damonum
988 4849 1296 4921 praestigiis,
1340 4849 1591 4906 Christus
1646 4852 1898 4922 perfecit,
1948 4865 2000 4911 et

2116 4870 2212 4916 σας
2243 4851 2342 4915 τὰς
2373 4850 2484 4904 τῶν
2509 4849 2782 4920 δαιμόνων
2843 4849 3208 4919 μαγγανείας,
3242 4851 3272 4902 ὀ
3323 4850 3590 4920 Χριστὸς
3627 4855 3730 4903 ἑπ-

418 4952 623 4992 novum
652 4937 912 5008 populum
957 4941 1239 5007 stabilivit,
1273 4957 1438 5011 quem
1477 4943 1579 4998 sub
1607 4958 1838 5013 persona
1877 4943 2000 5016 Cyri

2116 4943 2346 5008 ετὲλεσε,
2386 4943 2480 4995 καὶ
2529 4941 2622 4996 τὸν
2665 4940 2794 4994 λαὸν
2825 4939 2919 4996 τὸν
2968 4941 3090 4994 νέον
3126 4939 3470 4995 ἐδεόαίωσεν
3495 4959 3512 4973 ·
3555 4943 3620 4995 ὃν
3649 4943 3732 5000 εἰς

419 5026 706 5096 prephetia
734 5027 944 5098 ﬁgurat,
972 5039 1258 5100 postquam
1285 5029 1591 5086 Jerusalem
1617 5043 1853 5089 veterem
1882 5035 1999 5104 ipse

2116 5033 2402 5105 πρόσωπον
2426 5031 2612 5104 Κύρου
2638 5033 2672 5101 ὴ
2694 5030 3003 5102 προφητεία
3030 5031 3353 5098 αἰνίττεται,
3379 5032 3594 5103 ἐπειδὴ
3625 5033 3733 5084 Ίεο

418 5115 475 5169 in
508 5130 706 5171 novam
739 5120 1113 5191 congregavit.

2116 5123 2504 5196 ρουσαλὴμτὴν
2525 5123 2760 5196 ἀρχαίαν
2786 5123 3016 5188 ἐκεῖνος,
3041 5116 3198 5187 οὗτος
3213 5123 3314 5193 τὴν
3340 5124 3479 5178 νέαν
3499 5125 3734 5195 ἤγειρε.

1941 5297 2170 5356 NOTAE.

495 5441 614 5522 ςιδλ
649 5441 1048 5510 Ἐκθρένουσι.
1091 5444 1404 5522 Legendum
1435 5446 1894 5522 νείηέχθρεύουσι,
1918 5449 2000 5502 vel

2116 5452 2238 5522 rei;
2274 5451 2652 5522 Μαδιηναὶοις.
2714 5451 2971 5521 Ejusdem
3029 5451 3277 5506 notionis
3334 5468 3465 5507 com

415 5507 818 5596 exbpagvfu‘ct:
880 5507 1448 5596 ptrumquevﬁverbum
1498 5507 1787 5596 Ilibiiéum,
1830 5507 1998 5596 Ekgd.

2116 5507 2265 5575 illud.
2294 5507 2456 5596 Prov:
2491 5538 2572 5586 tu,
2729 5507 2821 5596 lii-l1
2873 5521 3246 5596 tp‘tchOPﬁqn;
3301 5526 3450 5596 πρὸς
3473 5507 3750 5596 τάνορέιὲέ

420 5539 766 5579 ιχυραινυυυι
803 5539 818 5545 '
880 5539 1169 5582 utrumque
1220 5539 1448 5570 νιπυυιιι
1498 5539 1787 5579 υιυιιυυιιι,
1830 5539 1998 5572 ιυςυιι.

420 5593 583 5665 iam,
594 5578 982 5665 ἓξῆθρευύσρ
1001 5587 1115 5665 τοῖς
1136 5584 1492 5665 ἐχθροίςησου.
1517 5585 1676 5665 Nutu.
1691 5604 1891 5665 anxur,
1909 5590 2000 5650 55,

2116 5539 2265 5575 mnu.
2294 5539 2456 5604 ιςτον.
2491 5539 2572 5586 tu,
2605 5539 2702 5574 ου..
2729 5539 2821 5591 Μη
2873 5539 3196 5643 φὶιλεχυρησε

2116 5606 2216 5640 πον
2265 5605 2481 5659 ματ-ην,
2530 5592 2678 5662 quod
2735 5592 2957 5648 Laertto
3000 5608 3061 5661 φι
3100 5591 3191 5660 έχθ

423 5644 818 5712 ἐχθρεύσουσιν
849 5651 996 5718 ὑμῖν.
1036 5644 1441 5725 Ιὺιάξὶξιρίὲὄ,
1469 5672 1520 5712 v.
1565 5657 1652 5723 I7,
1686 5644 2000 5728 ἐχθραίνετέ

2116 5675 2248 5713 τινα.

3473 5456 3743 5524 positum

3100 5591 3312 5662 ἐχθρως
3352 5591 3534 5666 ’ἔχειν
3596 5591 3750 5667 πρὸς
