3936 6200
297 223 432 294 1381

1727 223 1808 281 1N
1851 225 2158 284 ISAIAM.‘

3414 228 3555 298 1382

371 335 468 402 ξβκ
515 331 908 402 Προσφώνησις
974 333 1085 392 τοῖς
1141 330 1446 399 στοιχείοις,
1500 331 1590 383 διὰ
1631 323 1752 401 τῆν’
1780 332 1869 386 τοῦ

2051 335 2213 390 LXII.
2255 337 2524 393 Allocutio
2559 339 2628 394 ad
2678 340 2944 394 elementa
2996 350 3055 394 ut
3097 354 3316 411 propter
3355 345 3450 402 Dei
3499 349 3554 403 in

301 423 435 478 Θεοῦ
489 423 620 490 περὶ
659 421 768 473 τῶν
811 419 1114 491 ἀνθρώπων
1142 420 1559 490 φιλανθρωπίαν
1587 421 1872 493 εὐφραίνε-

303 512 454 565 σθαι⁸
489 512 582 563 καὶ
610 511 867 579 ἐπιτιμία
900 513 1012 573 τοῖς
1043 510 1337 577 ἐγκαλοῦσι
1373 511 1448 582 τῷ
1496 513 1720 585 Χριστῷ
1745 515 1874 585 περὶ

300 597 372 655 ὧν
399 605 697 676 οἰκονομεῖ,
737 603 858 654 δέον
894 601 1199 670 δοξολογεῖν
1229 598 1291 656 οὑ
1324 605 1488 674 μόνου
1519 606 1873 676 προγνώστου

301 694 393 746 καὶ
422 692 645 762 ποιητοῦ
678 672 1041 760 τυγχάνοντος
1066 709 1079 722 ⁸
1116 695 1210 746 καὶ
1258 696 1346 747 διὰ
1382 695 1542 748 τοῦτο
1573 698 1874 767 τρεχόντων

301 785 437 854 πρὸς
463 784 624 836 αὑτὸν
650 783 759 836 τῶν
788 783 960 836 ἐθνῶν
991 785 1073 847 είς
1105 788 1506 857 προσκύνησιν.

373 897 472 968 ξγ’.
536 899 855 970 Προφήτεία
917 899 1258 971 Ἐκκλησιῶν
1341 902 1732 974 ἑγκαινισμοῦ⁸
1779 907 1876 959 καὶ

301 991 449 1052 ὃπως
474 993 501 1043 6
555 991 788 1060 Χριστὸς
819 989 894 1052 ὡς
935 989 1068 1052 Θεὸς
1109 989 1206 1042 καὶ
1253 993 1596 1062 Δημιουργὸς
1646 995 1882 1064 μάταιον

305 1084 404 1151 μὲν
438 1082 589 1134 οὐδὲν
617 1081 695 1151 τῷ
739 1082 958 1152 Ἰσραὴλ
991 1081 1323 1148 ἐντέλλεται,
1355 1085 1422 1137 τὰ
1457 1085 1584 1152 ἔθνη
1619 1087 1677 1140 δὲ
1709 1089 1872 1141 καλεῖ

301 1174 396 1225 καὶ
417 1172 602 1240 σώζειιο
625 1174 722 1225 καὶ
745 1173 894 1242 αὐτῷ
927 1174 1024 1243 μὲν
1047 1176 1156 1227 πᾶν
1181 1175 1310 1242 γόνυ
1333 1175 1568 1246 κάμψευ
1590 1177 1658 1230 τὰ
1675 1179 1871 1233 είδωλα

299 1262 356 1315 δὲ
388 1263 520 1331 παρ’
555 1264 720 1316 αὑτοῦ
771 1267 1193 1334 συντριϐήσεται
1225 1283 1238 1297 ⁸
1270 1267 1364 1319 καὶ
1407 1270 1718 1339 κατηγορία
1773 1271 1868 1322 τοῦ

315 1352 530 1424 Ἰσραὴλ
579 1354 674 1406 ἐπὶ
717 1357 782 1424 τῇ
833 1355 1086 1426 είδωλικῇ
1142 1357 1360 1428 πλάνῃ⁸
1391 1358 1488 1410 καὶ
1519 1359 1869 1430 παραίνεσις,

303 1443 675 1515 προσδραμεῖν
695 1446 772 1515 τῷ
803 1446 1024 1517 Χριστῷ
1045 1447 1122 1511 ὼς
1148 1451 1455 1519 οἰκονομεῖν
1488 1450 1556 1503 τὰ
1597 1454 1873 1524 μυστήρια

305 1536 570 1606 μέλλοντι,
631 1537 777 1607 ἅπερ
827 1541 907 1602 είς
972 1539 1246 1609 σωτηρίαν
1313 1541 1393 1612 τῷ
1429 1542 1682 1614 ’Ἰσραὴλ
1743 1564 1875 1617 προ-

302 1624 473 1677 έθετο.

372 1739 465 1802 ξδ’.
497 1737 891 1807 Προσφώνησις
921 1743 985 1810 τῇ
1030 1741 1241 1811 ἀρχαίᾳ
1309 1742 1665 1817 Ἰερουσαλὴμ
1689 1787 1702 1812 ,
1739 1765 1872 1799 πεν-

301 1831 416 1884 θεῖν
444 1830 530 1884 διὰ
552 1830 651 1898 τὴν
672 1830 948 1894 ἀσέϐειαν,
984 1833 1108 1884 ὅθεν
1135 1833 1274 1905 αὑτῇ
1320 1835 1380 1887 τὸ
1413 1837 1515 1905 τῆς
1554 1837 1872 1902 Βαδυλῶνος

301 1921 626 1993 περιέθηκεν
677 1922 990 1992 πρόσωπον,
1023 1923 1099 1987 ὡς
1139 1925 1207 1978 τά
1255 1926 1474 1996 ἐκείνης
1513 1933 1873 2004 μιμησαμένη

303 2013 480 2065 κακά·
513 2015 609 2065 καὶ
658 2015 880 2083 ἀπειλὴ,
913 2015 1005 2068 τὸν
1062 2016 1312 2070 διάϐολον
1363 2019 1444 2082 είς
1495 2021 1558 2073 τὸ
1614 2022 1724 2092 πῦρ
1772 2027 1874 2094 τῆς

302 2107 528 2175 γεέννης
563 2105 1006 2176 πεμφθήσεσθαι.

375 2218 466 2284 ξε’.
518 2219 839 2288 Κατηγορία
885 2218 981 2288 τῆς
1036 2219 1130 2272 τοῦ
1168 2219 1386 2292 Ἰσραὴλ
1439 2223 1780 2293 ὑποκρίσεὼς
1815 2241 1874 2278 τε

305 2310 402 2363 καὶ
426 2309 860 2380 σκληροκαρδίας
882 2325 896 2339 ⁸
937 2311 1032 2362 καὶ
1061 2309 1429 2383 διαμαρτυρία
1453 2314 1562 2366 τῶν
1599 2315 1876 2384 ἐσομένων

305 2402 372 2471 τῇ
422 2399 721 2470 Ἐκκλησία
773 2400 1112 2470 μυστηρίων,
1147 2403 1242 2454 καὶ
1296 2403 1392 2471 τῆς
1437 2402 1532 2455 τοῦ
1583 2402 1872 2456 Ἰουδαϊκοῦ

305 2488 433 2541 λαοῦ
458 2487 948 2558 ἀπαλλοτριώσεως
972 2503 988 2519 ⁸
1030 2491 1124 2542 καὶ
1152 2490 1228 2564 ὠς
1257 2492 1285 2543 6
1311 2492 1548 2561 Χριστὸς
1573 2493 1733 2556 αὐτὸς
1768 2493 1875 2562 πρὸ

304 2579 516 2634 αἰώνων
569 2578 665 2631 καὶ
709 2579 798 2632 ἐπ’
821 2579 1067 2650 ἐσχάτων
1111 2582 1384 2634 ἐστί⁸καὶ
1433 2583 1741 2654 ὀνειδισμὸς
1796 2584 1874 2654 τῷ

314 2671 549 2742 Ἰσραὴλ,
568 2672 642 2734 ὡς
667 2669 766 2742 οὑχ
787 2671 1164 2725 ὑπακούσαντι
1185 2688 1198 2702 ⁸
1227 2673 1418 2743 κλῆσις
1439 2674 1494 2728 δὲ
1525 2679 1636 2739 τοῖς
1673 2676 1870 2742 ἔθνεσι,

302 2764 392 2816 καὶ
423 2763 713 2833 ὑπόσχεσις
741 2763 841 2833 τῆς
867 2763 1053 2834 πηγῆς
1077 2763 1172 2817 τοῦ
1195 2765 1590 2837 βαπτίσματος.

369 2873 474 2938 Eg’.
511 2872 721 2944 Κλῆσις
779 2873 972 2941 ἐθνῶν,
1004 2875 1098 2926 καὶ
1139 2876 1442 2946 προφητεία
1486 2877 1581 2931 τοῦ
1611 2877 1870 2950 Χριστοῦ,

297 2965 374 3026 ὡς
403 2965 484 3028 είς
525 2964 713 3018 δούλου
746 2965 962 3037 μορφὴν
993 2965 1186 3020 ἐαυτὸν
1226 2967 1320 3019 ἐπὶ
1367 2969 1614 3039 σωτηρίᾳ
1640 2971 1750 3023 τῶν
1778 2971 1870 3024 ἐθ-

1982 427 2230 482 homines
2255 428 2691 484 benevolentiam
2717 431 2985 485 laetentur.
3013 433 3076 488 Et
3101 438 3462 504 reprehensio
3497 440 3551 493 in

1980 534 2074 572 eos
2103 519 2193 587 qui
2228 519 2523 576 detrahunt
2549 521 2768 577 Christo
2797 523 2864 577 de
2893 523 2978 578 his
3005 541 3125 594 quae
3163 528 3400 595 ordinat,
3426 546 3552 585 cum

1981 611 2364 681 gloriﬁcandus
2389 614 2460 667 sit
2499 621 2754 684 tanquam
2792 615 2986 670 unicus
3015 616 3181 672 futuri
3218 622 3478 688 praescius
3501 632 3550 675 ct

1982 713 2216 767 creator,
2253 712 2308 758 et
2353 715 2641 774 propterea
2683 707 2748 760 ad
2779 721 2904 760 eum
2940 718 3273 762 concurrant
3295 711 3553 766 nationes

1982 793 2048 847 ad
2084 793 2447 848 adorandum.

2052 901 2235 956 LXIII.
2281 903 2603 960 Vaticinium
2646 906 3016 961 renovatiouis
3067 906 3458 972 Ecelesrarum,
3501 919 3555 964 et

1981 995 2256 1063 quomodo
2287 995 2559 1061 Christus,
2584 1008 2644 1051 ut
2672 997 2812 1052 Deus
2839 1007 2894 1052 et
2913 1008 3148 1061 creator,
3173 999 3311 1053 nihil
3337 1000 3553 1068 quidem

1982 1085 2104 1137 vani
2135 1087 2200 1139 ad
2233 1085 2393 1139 Israel
2415 1087 2591 1156 jubet,
2633 1097 2822 1158 gentes
2859 1097 3041 1142 autem
3073 1100 3230 1142 vocat
3268 1099 3322 1143 et
3347 1090 3552 1158 salvat;

1983 1186 2037 1228 et
2075 1175 2175 1244 ipsi
2224 1190 2384 1229 omne
2429 1191 2571 1246 genu
2613 1177 2894 1243 ﬂectetur;
2950 1178 3091 1232 idola
3142 1195 3272 1233 vero
3315 1181 3383 1234 ab
3435 1181 3554 1250 ipso

1983 1275 2356 1320 conterentur.
2399 1269 2462 1321 Ir.‘t
2502 1269 2778 1324 accusatio
2820 1268 2981 1322 Israel
3020 1278 3243 1338 propter
3286 1270 3553 1327 idolorum

1980 1373 2256 1423 errorem;
2291 1369 2345 1412 et
2372 1361 2678 1414 exhortatio
2707 1361 2771 1414 ad
2801 1361 3128 1414 currendum
3151 1361 3218 1414 ad
3251 1361 3551 1430 Christum,

1980 1453 2180 1522 quippe
2213 1455 2304 1520 qui
2339 1452 2748 1521 dispensaturus
2783 1451 2855 1507 sit
2891 1455 3144 1521 mysteria
3184 1469 3304 1522 quae
3353 1470 3554 1525 propo-

1980 1545 2090 1598 suit
2114 1545 2178 1598 ad
2209 1542 2439 1599 salutem
2471 1543 2655 1598 Israel.

2046 1739 2233 1795 LXIV.
2274 1742 2548 1796 Allocutio
2577 1741 2642 1794 ad
2669 1751 2909 1795 veterem
2931 1738 3252 1805 Jerusalem,
3287 1750 3343 1795 ut
3367 1740 3552 1796 doleat

1976 1850 2130 1889 suam
2168 1835 2524 1904 impietatem,
2561 1833 2700 1888 unde
2729 1833 2828 1903 ipsi
2854 1833 3138 1904 Babylonis
3168 1833 3382 1888 induxit
3417 1835 3549 1906 ligu-

1975 1942 2112 1992 ram,
2173 1935 2428 1997 tanquam
2479 1925 2753 1980 imitatrici
2818 1924 3040 1978 malitiae
3069 1925 3208 1994 ejus.
3270 1924 3333 1979 Et
3387 1925 3552 1979 minae

1976 2021 2250 2076 diabolum
2279 2020 2607 2075 mittendum
2635 2019 2752 2075 fore
2776 2019 2828 2074 iu
2861 2019 3043 2091 ignem
3068 2020 3348 2092 gehenna‘.

2048 2215 2208 2270 LXV.
2261 2216 2554 2272 Accusatio
2612 2215 2913 2286 hypocrisis
2983 2225 3038 2270 et
3097 2215 3310 2271 duritiae
3367 2217 3548 2272 ccrdis

1979 2307 2160 2372 Israel,
2195 2319 2247 2362 et
2283 2307 2655 2362 testiinonium
2697 2307 3006 2361 futurorum
3055 2306 3312 2362 Ecclesiae
3358 2320 3550 2379 myste-

1977 2402 2179 2453 riorum
2220 2407 2270 2452 et
2314 2397 2527 2452 Judaici
2583 2399 2766 2468 populi
2811 2399 3260 2466 abalienationis;
3300 2409 3356 2455 et
3401 2402 3549 2471 quod

1975 2489 2225 2544 Christus
2242 2497 2326 2543 est
2346 2499 2474 2543 ante
2501 2489 2697 2543 Stecula
2726 2499 2780 2544 et
2801 2491 2852 2543 in
2884 2489 3066 2544 ﬁnem.
3099 2489 3164 2545 Et
3190 2493 3540 2561 exprobratio

1975 2580 2042 2634 ad
2086 2579 2274 2644 Israel,
2307 2595 2371 2635 eo
2403 2581 2549 2650 quod
2593 2595 2700 2634 non
2736 2579 3060 2634 obediverit.
3109 2579 3333 2637 Vocatio
3362 2591 3548 2639 autem

1975 2673 2240 2744 gentium,
2265 2681 2320 2727 et
2343 2674 2633 2743 promissio
2656 2673 2823 2728 fontis
2853 2673 3216 2743 baptismatis.

2047 2874 2229 2930 LXVI.
2272 2873 2497 2929 Vocatio
2548 2873 2790 2945 gentium
2838 2882 2894 2927 et
2947 2870 3262 2926 vaticinium
3322 2870 3546 2937 Christi,

1979 2977 2231 3035 tauquam
2271 2966 2324 3020 iu
2362 2965 2588 3020 formam
2616 2964 2757 3019 servi
2791 2964 3031 3034 seipsum
3061 2965 3116 3017 in
3151 2965 3378 3018 salutem
3411 2979 3547 3035 geu-

298 3057 404 3111 νῶν
443 3057 800 3129 κηρύξαντος,
835 3057 1015 3130 καιρῷ
1053 3075 1113 3111 τε
1148 3058 1320 3130 αὑτὴν
1353 3059 1768 3130 οίκονομοῦντος
1795 3063 1869 3134 τῷ

1989 3059 2109 3112 ;iuru
2158 3057 2554 3122 annuntiautis,
2607 3068 2662 3111 et
2706 3071 2829 3110 eam
2876 3055 3244 3125 dispensantis
3303 3065 3546 3129 tempore

297 3147 493 3202 δέοντι.

370 3239 471 3306 ξζ’.
506 3239 900 3310 Προσφώνησις
949 3243 1063 3304 τοῖς
1115 3243 1422 3312 στοιχείοις,
1452 3245 1732 3314 ἑορτάζειν
1770 3246 1871 3315 τῆς

303 3332 577 3400 σωτηρίας
611 3331 718 3384 τῶν
743 3331 1048 3400 ἀνθρώπων
1077 3333 1242 3385 ἕνεκα
1269 3348 1282 3361 ⁸
1315 3335 1408 3386 καὶ
1436 3335 1728 3406 ὑπόσχεσις
1772 3337 1871 3406 τῆς

300 3423 566 3493 ἐσομένης
619 3423 1004 3488 πολυπαιδίας,
1045 3423 1216 3478 ἐθνῶν
1256 3443 1314 3478 τε
1373 3428 1718 3498 συναγωγὴς,
1776 3429 1872 3482 καὶ

297 3511 548 3565 διαϐόλου
572 3513 933 3576 σκυλεύσεως,
961 3514 1236 3579 ἀπωλείας
1253 3533 1312 3568 τε
1333 3516 1624 3588 δαιμόνων,
1650 3521 1744 3572 καὶ
1763 3518 1871 3572 τῶν

299 3603 508 3683 πιστῶν
536 3604 882 3676 λυτρὼσεως.

371 3713 473 3783 ξη’.
519 3713 852 3783 Ὀνειδισμός
872 3713 950 3784 τῷ
991 3715 1232 3786 Ἰσραὴλ,
1266 3717 1360 3770 καὶ
1391 3717 1491 3787 τῆς
1523 3718 1654 3787 παρ’
1686 3719 1869 3782 αὐτοῖς

299 3805 625 3874 συναγωγῆς
647 3805 888 3875 ἀποϐολή
915 3820 930 3834 ⁸
964 3806 1060 3860 καὶ
1090 3805 1316 3873 ἔνδειξις
1351 3807 1534 3878 ίσχύος
1569 3808 1704 3862 Θεοῦ
1731 3827 1745 3841 ⁸
1773 3810 1871 3862 καὶ

297 3894 606 3967 προφητεία
635 3894 742 3948 τῶν
767 3894 863 3947 τοῦ
891 3895 1098 3962 Κυρίου
1134 3895 1320 3948 παθῶν
1341 3911 1355 3926 ⁸
1379 3897 1474 3949 καὶ
1507 3898 1704 3966 ἀπειλὴ
1727 3898 1868 3952 κατὰ

294 3984 405 4037 τῶν
443 3983 737 4049 Ἰουδαίων,
770 3984 848 4048 ὡς
871 3986 1052 4037 αὐτῶν
1088 3986 1472 4041 σκευασάντων
1519 3989 1618 4058 τὴν
1663 3989 1868 4042 οἰκείαν

295 4075 593 4129 ἀπώλειαν.

368 4187 466 4252 ξθ’.
500 4187 896 4259 Προσφώνησις
921 4188 998 4259 τῷ
1032 4191 1271 4260 Ἰσραὴλ,
1305 4192 1599 4261 προσέχειν
1637 4195 1749 4254 τοῖς
1772 4192 1864 4245 τοῦ

292 4279 467 4348 τάφου
517 4280 610 4332 τοῦ
653 4281 986 4335 Δεσποτικοῦ
1026 4281 1266 4350 θαύμασι
1299 4298 1313 4313 ⁸
1350 4282 1570 4336 καὶτοῦ
1613 4283 1863 4355 Ἀϐραὰμ
1896 4333 1938 4388 D

296 4368 392 4388 _L_.
422 4368 600 4388 -A".s-_l
698 4370 717 4388 ς
807 4371 852 4388 η-
922 4371 948 4388 Λ
1154 4372 1168 4388 \
1237 4373 1259 4384 ιι
1332 4373 1369 4388 ιη
1409 4371 1422 4388 ε
1506 4377 1518 4388 ι
1807 4376 1819 4388 ι

293 4368 392 4436 τὴν
416 4368 668 4437 εὐλογίαν
698 4370 1010 4438 λογίζεσθαι
1032 4389 1045 4401 ⁸
1081 4372 1177 4426 καὶ
1202 4373 1303 4443 τῆς
1332 4371 1472 4429 Σιὼν
1503 4376 1861 4446 ἐγκαινισμὸν

296 4460 712 4531 προσδέχεσθαι,
753 4463 925 4516 ἐθνῶν
976 4465 1358 4534 προσέλευσιν,
1417 4467 1511 4518 καὶ
1557 4467 1666 4521 τῶν
1719 4485 1864 4520 στοι-

290 4551 456 4621 χείων
489 4553 802 4607 συντέλειαν
834 4572 847 4586 ⁸
884 4558 978 4608 καὶ
1003 4557 1330 4626 παραίνεσις
1358 4559 1472 4621 τοῖς
1507 4562 1752 4623 πιστοῖς,
1788 4559 1862 4629 μή

291 4641 576 4709 φοϐεῖσθαι
603 4643 712 4696 τῶν
736 4645 981 4698 ἀπίστων
1011 4647 1076 4698 τὰ
1109 4645 1442 4716 σκώμματα.

361 4749 424 4804 o'.
477 4751 832 4822 Παράκλησις
861 4757 925 4824 τῇ
967 4754 1343 4826 Ἰερουσαλὴμ,
1375 4757 1450 4818 ὡς
1495 4757 1624 4810 λαοῦ
1666 4757 1862 4809 πιστοῦ

288 4845 349 4897 ἐν
377 4844 516 4914 αὑτῇ
543 4844 954 4898 συνελεύσεσθαι
989 4847 1293 4915 μέλλοντος·
1319 4849 1413 4900 καὶ
1442 4850 1744 4918 προτροπὴ,
1771 4852 1864 4902 ἐπὶ

288 4934 410 5004 6εῷ
449 4935 796 4987 πεποιθέναι⁸
849 4938 943 4988 καὶ
1000 4937 1323 5006 ὑπόσχεσις,
1375 4938 1474 5008 τὴν
1517 4939 1637 4991 κατ’
1692 4940 1864 5008 αὐτῆς

289 5027 462 5096 ὀργήν
486 5026 628 5078 κατά
663 5025 933 5094 δαιμόνων
961 5027 1358 5096 τραπήσεσθαι.

363 5143 462 5190 οαθ.
515 5138 848 5207 Παραίνεσις
901 5140 967 5208 τῇ
1022 5137 1193 5200 Σιὼν,
1230 5139 1305 5201 ὡς
1336 5139 1436 5208 τῆς
1487 5140 1862 5210 αἰχμαλωσίας

290 5225 562 5298 μελλούσῃ
582 5227 1036 5280 ἀπαλλάττεσθαι·
1062 5229 1155 5280 καὶ
1181 5229 1507 5300 ἀνάμνησις,
1529 5227 1615 5284 οἷα
1647 5234 1862 5302 Ἰσραὴλ

287 5321 316 5370 ὁ
361 5316 589 5380 παλαιὸς
632 5319 895 5389 ὴνόμησε⁸
935 5320 1029 5371 καὶ
1057 5320 1396 5392 πρόρρησις,
1427 5322 1500 5386 ὡς
1556 5325 1802 5395 ἐνδημῶν
1834 5329 1863 5379 ό

287 5407 522 5477 Χριστὸς
552 5408 646 5460 καὶ
672 5409 929 5480 γνωρίζει
953 5411 1020 5463 τά
1050 5412 1226 5466 οἰκεῖα
1253 5416 1548 5485 μυστήρια,
1571 5417 1665 5471 καὶ
1691 5418 1864 5470 ἀπαλ-

284 5497 460 5569 λαγήν
507 5498 688 5562 αὑτοῖς
740 5499 844 5568 τῆς
888 5500 1122 5570 ἀρχαίας
1171 5503 1525 5578 Ἰερουσαλήμ
1553 5507 1628 5573 ὡς
1655 5525 1861 5579 τυγχα-

285 5584 484 5657 νούσης
513 5587 824 5659 ἀκαθάρτου
859 5589 1164 5660 χαρίζεται.

1973 3159 2302 3220 opportuno.

2045 3241 2254 3296 LXVII.
2290 3241 2560 3296 Allocutio
2589 3240 2658 3294 ad
2693 3239 2960 3294 elementa
2986 3248 3046 3294 ut
3068 3239 3305 3310 jubilcnt
3325 3249 3547 3310 propter

1974 3336 2256 3389 hominum
2299 3335 2549 3398 salutem,
2582 3343 2636 3387 et
2657 3332 2943 3400 promissio
2960 3331 3157 3386 futurae
3191 3331 3548 3388 fecunditatis

1971 3433 2025 3478 et
2061 3423 2299 3494 gentium
2339 3420 2794 3490 congregationis,
2840 3429 2894 3473 et
2945 3419 3144 3474 diaboli
3182 3421 3544 3489 spoliationis,

1971 3516 2279 3569 daemonum
2339 3523 2520 3568 autem
2563 3509 2904 3580 perditionis,
2950 3519 3006 3564 et
3056 3511 3296 3564 ﬁdelium
3334 3511 3543 3566 redcn'to

1972 3605 2193 3675 ptionis.

2044 3715 2272 3771 LXVIII.
2299 3712 2658 3784 Exprobratio
2671 3712 2736 3766 ad
2763 3710 2947 3774 Israel,
2971 3720 3026 3766 et
3043 3710 3336 3782 Synagoga:
3355 3727 3543 3766 eorum

1969 3807 2256 3878 abnegatio
2298 3815 2396 3869 ;et
2421 3803 2818 3860 demonstratio
2855 3803 3112 3872 potentia:
3147 3801 3241 3855 Dei
3265 3842 3279 3863 ,
3317 3811 3372 3855 et
3403 3801 3544 3856 vati-

1969 3899 2174 3953 cinium
2210 3896 2420 3952 Domini
2445 3895 2779 3965 passionum,
2817 3904 2873 3950 et
2905 3894 3064 3948 ruinae
3100 3896 3154 3948 in
3189 3893 3430 3960 Judtnos,
3484 3903 3572 3950 ut.

1968 3987 2059 4057 qui
2087 3987 2188 4056 ipsi
2229 3985 2330 4042 sibi
2364 3985 2674 4055 paraverint
2702 4000 2856 4039 suam
2887 3985 3276 4054 perditionem.

2040 4191 2227 4247 LXIX.
2265 4191 2532 4246 Allocutio
2558 4190 2625 4244 ad
2650 4188 2836 4254 Israel,
2874 4198 2932 4244 ut
2987 4189 3233 4244 attendat
3263 4187 3539 4244 miraculis

1968 4287 2204 4357 sepulcri
2257 4285 2471 4339 Domini
2499 4293 2554 4338 et
2595 4283 2864 4337 rationem
2895 4282 3092 4335 habeat
3133 4282 3533 4336 benedictiouis

1965 4379 2228 4444 Abrahae;
2264 4377 2671 4432 reuovationem
2700 4376 2854 4440 Sion,
2879 4376 3120 4446 gentium
3145 4375 3536 4438 accessionem,

1965 4480 2018 4526 et
2056 4471 2450 4541 elementorum
2475 4467 3002 4522 consummationem
3033 4473 3331 4535 exSpectat.
3355 4466 3544 4521 Etex-

1966 4561 2205 4616 hortatio
2236 4560 2300 4614 ad
2335 4558 2518 4614 ﬁdeles
2552 4554 3039 4612 ut'incredulorum
3072 4557 3304 4612 ludibria
3335 4571 3444 4610 non
3478 4555 3539 4610 ti-

1965 4660 2168 4706 meant.

2035 4762 2195 4816 LXX.
2229 4762 2544 4818 Consolatio
2569 4762 2635 4816 ad
2661 4760 2984 4824 Jerusalem,
3007 4773 3070 4812 ex
3096 4773 3163 4811 eo
3187 4757 3330 4826 quod
3364 4769 3538 4824 popu-

1963 4857 2050 4909 Ius
2077 4854 2247 4908 ﬁdelis
2273 4854 2328 4906 in
2359 4869 2477 4908 eam
2509 4861 2771 4908 venturus
2805 4853 2897 4915 sit,
2927 4861 2982 4904 et
3009 4848 3316 4902 exhortatio
3343 4857 3400 4900 ut
3425 4845 3538 4901 Deo

1964 4945 2168 5008 credat,
2192 4951 2246 4997 et
2269 4943 2562 5013 promissio
2583 4942 2727 5011 quod
2762 4942 2841 4994 ira
2870 4954 2990 5007 qua
3028 4948 3217 4992 contra
3247 4953 3366 4990 eam
3397 4946 3533 5002 erat,

1965 5035 2018 5087 in
2049 5034 2325 5090 daemones
2359 5041 2735 5088 convertctur.

2036 5145 2221 5200 LXXI.
2253 5146 2570 5201 Exhortatio
2603 5145 2670 5199 ad
2703 5143 2832 5198 Sion
2887 5151 3140 5209 tanquam
3167 5155 3196 5193 a
3222 5139 3532 5209 captivitate

1962 5236 2295 5290 liberandam
2322 5254 2336 5300 ;
2355 5245 2410 5290 et
2433 5234 2813 5289 rememoratio
2829 5241 3028 5301 quanta
3051 5241 3206 5286 vetus
3222 5233 3380 5286 Israel
3405 5247 3530 5300 pec-

1963 5327 2188 5390 caverit,
2238 5335 2295 5381 et
2349 5325 2630 5395 przedictio
2659 5323 2934 5378 Christum
2977 5323 3030 5376 in
3065 5339 3162 5377 sua
3220 5325 3528 5378 venientem

1964 5418 2359 5488 patefacturum
2389 5431 2485 5471 sua
2523 5415 2797 5486 mysteria,
2829 5423 2884 5470 et
2903 5415 2984 5470 eis
3013 5414 3387 5470 liberationem
3432 5427 3530 5473 ve-

1963 5511 2094 5565 teris
2121 5509 2421 5564 Jerusalem
2459 5519 2714 5582 tanquam
2744 5507 2960 5578 polluta:
2992 5507 3334 5578 largiturum.
