3936 6200
328 193 462 259 1335

1432 199 1888 258 FRAGMENTA
1923 200 1999 259 [Ν
2034 200 2536 267 EZECHIELEM.

3429 202 3563 268 1386

328 303 655 372 κατεδέξατο
675 345 690 370 ,
721 305 807 376 ἐφ’
835 301 914 370 οἷς
957 306 1118 360 αὐτὸν
1145 305 1175 358 ὁ
1217 306 1504 377 προφήτης
1545 307 1732 374 ὑμνεῖο
1762 322 1885 359 κατ-

2006 308 2266 377 propheta
2293 309 2560 364 collaudat
2595 327 2607 361 :
2651 308 2862 362 incusat
2886 317 3065 364 autem
3094 308 3329 374 Judzeos,
3365 319 3421 364 et
3450 311 3563 381 prio

327 404 520 470 ηγορεί
561 401 619 452 δὲ
650 400 762 454 τῶν
801 401 1104 466 Ἰουδαίων,
1140 400 1238 454 καὶ
1275 401 1382 452 τῶν
1421 399 1714 468 θαυμάτων
1760 399 1890 451 ἀνα-

328 492 630 562 μιμνήσκει
665 492 770 545 τῶν
804 493 1135 569 ἔμπροσθεν.

394 581 498 635 πδ’.
532 583 810 646 ’Έντευξις
839 584 930 636 τοῦ
969 583 1252 654 προφήτου
1299 581 1434 652 πρὸς
1467 581 1558 633 τὸν
1590 580 1721 632 Θεὸν
1753 579 1892 648 ὑπὲρ

323 673 417 725 τοῦ
460 675 696 744 Ἰσραὴλ,
724 675 796 738 ὡς
834 677 1206 746 παροφθέντος
1247 675 1334 728 διὰ
1365 677 1464 746 τὴν
1500 674 1889 744 πρόσκρουσιν,

323 763 417 815 καὶ
465 767 564 827 τὰς
619 767 891 836 ἁμαρτίας
940 767 1021 819 ἔτι
1073 767 1274 836 μᾶλλον
1326 764 1748 825 πλεονάσαντος-
1798 764 1891 816 καὶ

327 857 593 926 ἱκετηρία,
630 857 705 929 μὴ
740 859 902 928 μέχρι
932 859 1120 922 τέλους
1154 857 1587 928 παρασιωπῆσαι
1618 855 1710 908 τὸν
1737 855 1888 918 Θεὸν,

324 947 460 1000 ἀλλὰ
504 950 594 1002 τὸν
639 950 836 1002 ἑαυτοῦ
871 950 998 1004 λαὸν
1033 951 1128 1004 καὶ
1157 949 1252 1020 τὴν
1287 948 1640 1021 Ἰερουσαλὴμ
1672 947 1894 1000 ἐπισκέ-

321 1042 546 1108 caueat.

391 1133 497 1187 πε’.
553 1133 880 1206 ’Υπόσχεσις
921 1138 1182 1206 Χριστοῦ,
1215 1139 1326 1201 τοῖς
1356 1137 1564 1190 ἔθνεσιν
1594 1137 1753 1189 αὐτὸν
1787 1137 1889 1205 ἐμ-

323 1225 756 1296 φανισθήσεσθαι
782 1243 794 1256 ⁸
833 1229 924 1281 καί
949 1227 1147 1298 ἀπειλὴ
1177 1227 1317 1280 κατά
1347 1225 1454 1281 τῶν
1497 1228 1784 1292 Ἰουδαίων,
1815 1226 1890 1288 ὡς

319 1315 732 1386 ἀπειθησάντων
750 1320 805 1371 ὲν
828 1318 905 1388 τῷ
931 1319 1168 1390 σταυρῷ,
1184 1318 1278 1370 καὶ
1299 1317 1534 1383 εἰδώλοις
1559 1318 1656 1389 μὲν
1672 1317 1888 1370 δουλευ-

320 1404 548 1469 σάντων,
600 1407 826 1470 ὲαυτοὺς
869 1409 926 1461 δὲ
987 1409 1375 1475 δικαιούντων,
1409 1410 1551 1480 ὑπὲρ
1595 1403 1671 1462 ὧν
1708 1410 1889 1471 αὐτοῖς

317 1493 618 1563 ἀποδώσειν
646 1499 743 1558 τὰς
776 1498 1056 1568 ἁμαρτίας
1077 1500 1400 1569 ἠπείλησεν.
1791 1532 1794 1536 ι

289 1600 298 1662 5
392 1591 513 1648 σις’.
557 1585 860 1655 Ἀπόφασις
913 1589 1073 1653 Θεοῦ,
1112 1592 1205 1643 τὸν
1239 1589 1456 1661 Ἰσραὴλ
1506 1590 1580 1660 μὴ
1615 1593 1694 1652 είς
1737 1587 1890 1652 τέλος

2001 395 2142 448 stina
2175 397 2423 468 prodigia
2453 398 2506 451 in
2544 397 2861 453 memoriam
2903 408 3136 454 revocat.

2071 576 2350 631 LXXXIV.
2389 577 2709 649 Depreeatio
2734 581 3010 650 prophetae
3047 583 3111 636 ad
3142 584 3308 639 Deum
3351 600 3448 658 pro
3486 586 3563 641 Is-

2001 669 2132 734 rael,
2167 679 2226 723 ιιι
2252 679 2381 739 pote
2399 671 2486 739 qui
2514 665 2737 740 preptér
2777 672 3103 728 otiensiones
3130 675 3476 744 despiciatur,
3507 689 3564 734 et

2000 760 2092 828 qui
2123 769 2347 830 peccata
2382 776 2481 815 sua
2510 762 2742 833 amplius
2765 763 2927 816 etiam
2958 765 3280 836 multiplicet
3313 784 3326 833 ;
3359 777 3413 820 et
3437 783 3563 840 sup-

1999 849 2220 918 plicatio
2259 866 2329 905 ne
2366 852 2507 906 Deus
2541 853 2695 906 sileat
2723 852 2776 906 in
2809 853 2968 907 linem
2996 856 3085 908 sed
3115 871 3269 908 suum
3307 859 3562 926 populum
3645 887 3652 892 ι

1999 948 2054 993 et
2078 938 2380 996 Jerusalem
2414 943 2614 999 visitet.

2068 1122 2323 1178 LXXXV.
2361 1124 2656 1179 Promissio
2683 1127 2907 1193 Christi,
2944 1129 3191 1183 videlicet
3215 1145 3274 1184 se
3314 1131 3564 1201 gentibus

1997 1213 2476 1270 manil‘estaturum
2520 1233 2534 1282 ;
2576 1227 2630 1271 et
2673 1217 2836 1273 mitra:
2878 1219 2932 1272 in
2961 1220 3196 1287 Judmos,
3239 1236 3303 1276 eo
3329 1225 3470 1292 quod
3508 1229 3562 1278 in

1996 1301 2170 1357 Cruce
2201 1321 2310 1358 non
2341 1307 2692 1374 crediderint,
2721 1318 2774 1364 et
2818 1311 2972 1365 idolis
3007 1313 3222 1379 quidem
3253 1315 3560 1378 servierint,

1997 1393 2204 1462 seipsos
2243 1406 2425 1452 autem
2459 1401 2819 1456 condemnem
2847 1403 2914 1457 iis
2937 1419 3035 1473 pro
3054 1405 3254 1474 quibus
3281 1406 3414 1476 ipsis
3433 1422 3562 1478 pec-

1996 1496 2241 1541 catorum
2279 1490 2544 1545 ultionem
2575 1493 2812 1548 minatus
2836 1504 2942 1560 est.

2071 1577 2353 1634 LXXXVI.
2387 1582 2689 1638 Declaratio
2721 1584 2812 1638 Dei
2851 1601 2962 1640 non
2985 1585 3046 1640 in
3075 1587 3234 1642 ﬁnem
3264 1590 3424 1644 Israel
3467 1607 3564 1660 pe—

316 1674 717 1744 ιρθαρήσεσθαι,
779 1678 916 1731 ἀλλά
967 1680 1094 1742 τοὺς
1145 1680 1504 1743 ἀπειθοῦντας
1549 1679 1885 1743 ἀπολεῖσθαι,

2006 1670 2249 1733 riturum.
2273 1673 2368 1727 sed
2392 1673 2703 1730 incredulos
2727 1677 2945 1745 quidem
2975 1678 3283 1748 perdendos
3308 1681 3562 1747 Iore,Deo

313 1765 438 1826 τοὺς
464 1765 811 1830 δουλεύοντας
839 1768 895 1820 δὲ
943 1768 1060 1838 Θεῷ
1097 1771 1190 1824 καὶ
1235 1772 1551 1841 μυστηρίων
1588 1771 1886 1826 ἀπόλαυσιν

315 1857 408 1908 καὶ
453 1858 716 1927 ὀνόματος
763 1859 954 1914 καινοῦ
1007 1860 1314 1927 τεύξεσθαι,
1365 1863 1461 1915 καὶ
1513 1861 1590 1932 τῷ
1643 1861 1756 1932 ναῷ
1789 1865 1887 1932 τῆς

314 1949 438 2009 νέας
487 1947 840 2021 Ἰερουσαλὴμ
883 1953 1095 2022 ἀρετῶν
1132 1953 1353 2006 ἔσεσθαι
1402 1952 1717 2022 τελειότητα
1745 1993 1758 2015 ,
1793 1954 1886 2004 καὶ

315 2039 421 2090 τῶν
452 2041 627 2092 πόνων
656 2041 766 2093 τῶν
803 2043 1018 2096 οἰκείων
1048 2045 1372 2098 ἀπόλαυσιν.
1749 2120 1754 2126 _

381 2131 487 2194 πςν.
532 2132 835 2201 Ἀπόφασις
871 2135 1027 2200 Θεοῦ,
1079 2135 1260 2200 οἴκους
1291 2137 1585 2208 αἰσθητοὺς
1628 2138 1702 2207 μὴ
1736 2136 1887 2190 ἐκλέ-

315 2223 527 2287 γεσθαι,
564 2224 701 2293 μηδὲ
724 2228 844 2290 ταῖς
870 2225 929 2290 ἐξ
951 2226 1162 2292 ἀδικίας
1189 2227 1399 2291 θυσίαις
1425 2228 1774 2299 ἀρέσκεσθαι”
1795 2228 1888 2281 καὶ

317 2312 635 2378 παραίνεσις
682 2318 796 2378 τοῖς
859 2323 1071 2381 πιστοῖς
1102 2358 1116 2383 ,
1166 2319 1514 2384 ἀνεξικακίαν
1570 2320 1706 2390 πρὸς
1760 2321 1920 2383 τοὺς·

316 2401 544 2472 ἐχθροὺς
579 2405 951 2461 ἐνδείκνυσθαι
976 2424 989 2438 ⁸
1019 2410 1112 2461 καὶ
1147 2410 1452 2480 πρόρρησις
1504 2410 1596 2464 τοῦ
1635 2411 1889 2482 τεχθησο-

317 2492 480 2559 μένου
517 2492 648 2544 λαοῦ
695 2497 761 2564 τῇ
808 2497 905 2566 νέᾳ
946 2497 1114 2550 Σιών·
1157 2502 1248 2552 καὶ
1283 2499 1666 2571 προσφώνησις
1689 2503 1886 2571 εὐφρο-

316 2581 484 2652 σύνης
531 2586 625 2637 ἐπὶ
663 2589 774 2649 τοῖς
805 2587 1059 2654 ἀγαθοῖς,
1101 2589 1136 2642 ἀ
1168 2593 1233 2661 τῇ
1275 2591 1372 2662 νέα
1420 2591 1770 2662 Ἰερουσαλὴμ
1794 2592 1886 2644 εὑο

312 2673 649 2741 τρεπίζεται.

376 2769 488 2828 πην.
533 2765 847 2836 Προφητεία
878 2767 1135 2838 δευτέρας
1163 2773 1400 2842 Χριστοῦ
1436 2775 1761 2844 παρουσίας,
1794 2777 1886 2828 καὶ

311 2851 587 2918 ἀπωλείας
612 2857 720 2908 τῶν
745 2858 982 2912 ἀσεὸὦψ
1013 2865 1105 2913 καὶ
1131 2864 1438 2934 πρόρρησις
1458 2866 1554 2934 τῆς
1574 2867 1684 2919 τῶν
1715 2867 1886 2921 ἐθνῶν

312 2943 458 3010 μετά
487 2944 644 3016 δόξης
688 2949 767 3011 εἰς
816 2950 916 3020 τὴν
950 2952 1075 3004 νέαν
1118 2954 1478 3025 Ἰερουσαλὴμ
1511 2957 1752 3024 συνόδου,
1789 2962 1885 3012 καὶ⁵

311 3033 410 3103 τῆς
445 3035 533 3090 διὰ
566 3038 804 3109 Χριστοῦ
833 3042 1030 3112 καινῆς
1068 3045 1318 3110 κτίσεως·
1355 3049 1450 3100 καὶ
1477 3048 1622 3111 ὅπως
1642 3049 1712 3102 τὰ
1745 3049 1889 3104 κατά
1917 3025 1958 3082 C

310 3125 404 3178 τοῦ
459 3126 589 3179 λαοῦ
628 3130 736 3183 τῶν
784 3133 1053 3188 Ἰουδαίων
1096 3139 1209 3200 τοῖς
1269 3137 1480 3192 ἔθνεσιν
1531 3143 1610 3204 εἰς
1660 3143 1892 3213 θεωρίαν

311 3218 689 3285 προκείσεται.

398 3306 627 3371 Ἡσαΐας
665 3311 694 3362 ὁ
724 3315 1015 3385 προφήτης
1048 3318 1269 3385 ἐγένετο
1303 3319 1402 3389 μὲν
1436 3324 1494 3374 ἐν
1539 3323 1895 3399 Ἰερουσαλὴμ

315 3395 379 3444 ὲκ
407 3396 581 3464 φυλῆς
628 3399 817 3466 Ἰούδα,
852 3403 1074 3474 θνήσκει
1119 3408 1175 3460 δὲ
1217 3409 1322 3462 ὑπὸ
1350 3413 1616 3485 Μανασσῆ
1659 3417 1754 3469 τοῦ
1797 3395 1894 3487 si-

315 3483 508 3549 σιλέως
523 3487 694 3542 Ἰούδα
713 3490 920 3562 [πρίονι
945 3495 1552 3570 ξυλίνῳ](16)πρισθεὶς
1573 3483 1650 3567 είς
1668 3505 1778 3571 δύο,
1796 3483 1891 3561 καὶ

314 3572 473 3641 ἐτέθη
523 3576 778 3632 ὑποκάτω
826 3581 988 3652 δρυὸς
1023 3584 1253 3656 Ῥωγὴλ,
1301 3589 1535 3658 ἐχόμενα
1567 3593 1668 3664 τῆς
1696 3595 1887 3649 διαδά-

316 3677 454 3724 σεως
477 3666 586 3718 τῶν
615 3669 846 3740 ὑδάτων,
880 3667 956 3728 ὧν
987 3676 1270 3731 ἀπώλεσεν
1295 3678 1550 3748 Ἐζεκίας
1578 3687 1605 3739 ὁ
1633 3685 1886 3756 βασιλεὺς

313 3752 495 3823 χώσας
525 3761 680 3816 αὑτά.

1993 1769 2178 1814 autem
2208 1764 2529 1832 servientes,
2581 1775 2690 1820 tum
2723 1771 3105 1838 mysteriorum
3137 1773 3560 1841 possessionem,

1996 1859 2107 1904 tum
2127 1869 2326 1908 nomen
2346 1871 2546 1910 novum
2565 1860 2854 1914 sortituros
2881 1875 3022 1926 esse,
3039 1863 3166 1916 etin
3187 1864 3386 1933 templo
3409 1880 3562 1919 nover

1993 1940 2292 1998 Jerusalem
2328 1946 2590 2002 virtutum
2636 1951 3026 2018 perfectionem
3065 1955 3303 2010 futuram
3346 1971 3466 2012 esse
3510 1967 3564 2012 et

1993 2034 2237 2090 laborum
2271 2053 2494 2093 suorum
2527 2041 2920 2098 liberationem.

2058 2126 2364 2195 LXXXVII,
2387 2131 2684 2190 Declaratio
2708 2135 2800 2190 Dei
2825 2138 3015 2193 domos
3031 2141 3311 2196 sensuales
3332 2159 3441 2197 non
3464 2143 3560 2199 eli-

1994 2219 2063 2289 gi,
2085 2235 2186 2274 nec
2211 2237 2271 2276 se
2294 2223 2532 2280 victimis
2562 2242 2627 2280 ex
2661 2228 2944 2298 iniquitate
2982 2242 3295 2288 contentum
3324 2251 3460 2290 esse.
3495 2238 3560 2292 Et.

1993 2309 2297 2366 exhortatio
2318 2314 2385 2368 ad
2409 2315 2621 2384 'Iideles,
2665 2327 2720 2372 ut
2757 2321 3070 2390 patientiam
3102 2323 3166 2378 ad
3200 2325 3444 2382 inimicos
3475 2343 3562 2382 os-

1995 2402 2244 2468 tendant,
2271 2405 2343 2458 Et
2381 2408 2662 2476 przedictio
2698 2413 2883 2482 populi
2929 2413 2985 2467 in
3020 2415 3151 2469 Sion
3195 2419 3477 2484 nascituri,
3505 2429 3560 2474 et

1993 2496 2275 2564 praedictio
2310 2497 2670 2567 iucunditatis
2695 2505 2761 2558 de
2807 2504 2965 2559 bonis
2996 2521 3117 2576 qua:
3149 2524 3304 2564 novae
3346 2510 3560 2566 Jerusa-

1994 2584 2098 2639 lem
2130 2600 2529 2658 przeparantur.

2059 2773 2393 2841 LXXXVII],
2425 2777 2754 2836 Vaticinium
2787 2786 3013 2840 secundi
3047 2786 3246 2842 Christi
3272 2790 3559 2856 adventus,

1993 2874 2048 2920 et
2073 2867 2360 2936 impiorum
2395 2871 2760 2938 perditionis;
2812 2883 2867 2928 et
2885 2877 3166 2944 praedictio
3211 2879 3564 2951 ingressionis

1996 2962 2237 3030 gentium
2266 2978 2388 3017 cum
2423 2966 2591 3035 gloria
2631 2967 2684 3020 in
2711 2984 2908 3022 novam
2948 2970 3269 3040 Jerusalem,
3316 2984 3372 3029 et
3409 2992 3564 3032 nova:

1992 3069 2090 3123 per
2141 3056 2421 3111 Christum
2461 3061 2753 3116 ereationis
2786 3079 2799 3127 ;
2834 3071 2890 3117 et
2935 3067 3208 3134 quomodo
3268 3083 3388 3138 quae
3437 3079 3565 3125 sunt

1992 3154 2181 3199 contra
2212 3146 2450 3213 Judaeos,
2485 3151 2738 3232 gentibus
2763 3153 2818 3206 in
2841 3156 3331 3213 considerationem
3361 3174 3563 3232 propo-

1995 3247 2218 3302 nentur,
2701 3231 2707 3236 ’

2064 3330 2228 3384 Isaias
2267 3336 2530 3403 prOpheta
2572 3345 2731 3391 natus
2761 3346 2845 3391 est
2874 3337 2927 3391 in
2961 3339 3259 3396 Jerusalem
3308 3343 3375 3399 de
3421 3346 3562 3400 tribu

1995 3421 2132 3476 Juda
2155 3434 2434 3487 ;mortuus
2456 3435 2540 3481 est
2559 3436 2744 3482 autem
2769 3440 3032 3500 regnante
3061 3432 3266 3490 iuJuda
3294 3436 3559 3496 Manasse.

1999 3514 2172 3580 (serra
2223 3514 2424 3585 lignea)
2456 3528 2639 3571 sectus
2672 3518 2726 3572 in
2757 3519 2888 3585 duo,
2914 3530 2968 3574 et
3028 3524 3271 3593 sepultus
3333 3537 3416 3581 est
3463 3531 3563 3584 sub

1994 3618 2197 3674 quercu
2232 3605 2473 3679 Rhogel,
2517 3613 2670 3680 juxta
2731 3613 3160 3681 przeterllucutes
3204 3635 3390 3690 aquas,
3425 3637 3563 3694 quas

1992 3697 2231 3766 perdidit
2253 3697 2516 3755 Ezechias
2544 3718 2638 3757 rex
2663 3714 2803 3759 terra
2829 3707 3093 3775 defossas,

330 3926 3547 3987 —_.__._._____._____________________________________________

947 4114 1716 4224 FRAGMENTA
1825 4073 1951 4218 1N
2069 4131 2870 4228 EZECHIELEM.

1501 4313 1944 4390 (VILLALPANDUS,
1987 4333 2026 4381 t.
2064 4326 2105 4392 l,
2131 4343 2187 4396 p.
2224 4327 2372 4401 150.)

1894 4507 1966 4519 -ο

383 4621 516 4691 Cap.
549 4623 641 4687 IX,
674 4643 726 4680 v.
758 4627 811 4681 6.
860 4648 878 4681 ι
913 4631 981 4685 Ει
1023 4645 1052 4685 a
1081 4637 1394 4691 sanctuario
1429 4653 1550 4695 meo
1576 4641 1819 4713 incipite.
1855 4663 1875 4696 ι
1912 4654 1956 4709 Ι)
1985 4648 2446 4708 Murmurantibus
2492 4656 2670 4710 Aaron
2713 4668 2767 4712 et
2818 4657 2983 4715 Maria
3022 4661 3286 4717 adversus
3329 4664 3553 4731 Mosen,

313 4709 581 4775 Quoniam
621 4714 810 4771 habitu
841 4720 1015 4774 solum
1055 4725 1253 4790 sancti,
1284 4741 1395 4780 non
1421 4743 1610 4786 revera
1641 4752 1654 4788 :
1682 4749 1808 4789 nam
1839 4737 1885 4792 si

313 4804 632 4861 habuissent
666 4809 914 4879 signum,
949 4830 1058 4868 non
1093 4828 1284 4872 revera
1309 4860 1323 4882 ,
1356 4829 1520 4890 atque
1550 4824 1638 4876 alii
1670 4827 1884 4883 delendi

311 4896 580 4963 fuissent,
639 4910 746 4954 etc.
791 4903 1000 4958 Novum
1058 4924 1230 4977 genus
1282 4911 1446 4967 audio
1503 4915 1884 4986 providentiae,

309 4985 542 5065 Domine
592 4991 736 5046 Deus
764 5035 778 5059 ,
828 4995 1091 5054 adversus
1135 5002 1415 5059 ministros
1455 5009 1751 5063 sanctuarii
1784 5013 1883 5069 tui.

310 5064 449 5134 Olim
504 5085 649 5138 enim
696 5087 1006 5143 errantibus
1063 5095 1430 5170 connivebas_,
1473 5101 1735 5167 parcebas
1787 5105 1879 5160 de-

309 5169 721 5243 linquentibus;
755 5193 862 5248 quo
905 5187 997 5233 tuo
1028 5184 1233 5240 nomini
1263 5197 1317 5240 et
1359 5169 1552 5244 honori
1601 5207 1872 5263 parceres.

391 5353 407 5385 ¹
441 5352 545 5410 Isa.
579 5369 724 5423 xxrv,
757 5358 810 5413 2.

1983 4741 2072 4796 illa
2106 4745 2329 4811 punitur
2360 4746 2530 4815 lepra,
2577 4749 2663 4802 ille
2719 4750 2990 4807 innocuus
3044 4753 3244 4806 evadit.
3288 4754 3467 4808 Aaron
3502 4767 3559 4811 et

1985 4830 2196 4902 Moyses
2221 4835 2545 4907 delinquunt
2575 4840 2640 4894 ad
2667 4856 2838 4910 aquas
2864 4843 3330 4908 contradictionis,
3363 4846 3557 4898 conni-

1984 4935 2075 4982 vet
2106 4927 2250 4980 Dens
2279 4931 2495 5000 utrique
2526 4932 2696 4988 multo
2724 4942 2995 5004 tempore,
3030 4937 3380 5005 quantumvis
3412 4951 3560 4995 esset

1985 5013 2318 5086 indignatus.
2346 5021 2645 5077 Abiatharo
2670 5022 2835 5094 digno
2866 5035 3041 5080 morte
3077 5026 3250 5096 parcit
3278 5029 3558 5093 Salomon,

1987 5107 2114 5176 quia
2147 5109 2345 5163 tulerat
2367 5127 2546 5166 arcam
2574 5114 2810 5168 Domini.
2837 5117 2906 5168 At
2933 5131 3080 5172 nunc
3103 5118 3203 5172 erit
3228 5121 3361 5174 sicut
3389 5136 3556 5193 popu-

1984 5199 2085 5264 lus,
2118 5201 2194 5254 sic
2221 5202 2463 5256 sacerdos
2488 5205 2500 5233 '
2529 5205 2551 5256 ?
2579 5205 2685 5257 imo
2713 5220 2841 5259 vero
2870 5206 3010 5262 sicut
3043 5208 3317 5278 sacerdos,
3343 5211 3422 5267 sic
3449 5229 3551 5284 po-

1813 5487 2040 5548 NOTE.

381 5591 495 5664 (I6)
523 5595 726 5661 ΙΙρίονι
752 5595 998 5663 ξυλίνῳ.
1037 5597 1091 5652 Id
1121 5616 1186 5654 ex
1217 5601 1434 5660 Justino
1463 5571 1716 5677 Martyrc.

556 5693 836 5754 ΡΑΤιιοι..
884 5695 1000 5760 Gn.
1048 5697 1265 5762 XCIII.

2882 5715 2968 5784 ,Ιιῖι
