3936 6200
248 198 379 264 ΗΠ

244 407 337 459 ἐπὶ
368 405 487 460 ϐνον
517 404 610 457 καὶ
640 402 819 455 πῶλον
843 399 996 454 εἶπεν
1018 418 1032 432 ·
1061 402 1145 454 ὃτι
1172 401 1259 454 διὰ
1292 399 1388 453 τοῦ
1416 397 1597 453 πώλου
1624 398 1719 452 καὶ
1748 401 1814 467 τῇ

243 497 348 567 ὄνῳ
374 494 631 564 ἐκάθητο,
663 494 908 563 ἑπομένῃ
954 494 1046 545 καὶ
1086 490 1430 563 συνεργούσῃ
1465 489 1545 560 τῷ
1567 488 1663 543 τοῦ
1706 491 1818 542 Κυ-

247 588 360 657 ρίου
387 587 650 658 ὀχήματι.
687 585 750 637 Ei
800 584 857 636 δέ
884 600 968 647 τις
993 582 1244 654 ἀποροίη,
1300 584 1444 644 τίνος
1475 580 1638 650 χάριν
1664 580 1818 634 Ματ-

244 679 395 738 Gaio;
419 680 517 747 μέν
538 679 629 728 τὸν
665 675 952 746 προφήτην
972 671 1231 726 ἐκθέσθαι
1261 672 1427 740 φησὶν
1456 670 1549 722 ἐπί
1574 668 1698 722 ’ὄνον
1723 670 1820 739 καὶ

245 770 423 823 πῶλον
458 766 679 823 καθίσαι
710 771 799 823 τὸν
829 768 1055 839 Κύριον·
1086 766 1199 839 ὴδέ
1217 766 1326 820 τῶν
1352 768 1410 821 0'
1444 769 1696 830 Ἐκδοσις
1725 763 1819 816 ἐπὶ

247 862 424 915 πῶλον
444 861 566 915 ὄνου
599 859 821 913 καθίσαι
872 858 1116 929 περιέχει
1142 872 1157 887 ⁸
1183 857 1343 911 τοῦτο
1371 856 1712 927 μανθανέτω,
1744 855 1821 918 ὡς

247 953 312 1022 τῇ
354 950 617 1022 Ἐϐραῖκῇ
674 947 890 1022 γλώττῃ
920 947 1253 1020 κεχρημένοι
1301 949 1351 999 οἱ
1381 945 1693 1012 ἀπόστολοι,
1719 944 1818 999 ἅτε

136 1066 139 1067 ν
248 1044 348 1113 τῆς
381 1041 706 1111 Ἑλληνικῆς
735 1040 1068 1110 εὐγλωττίας
1096 1040 1336 1110 ἄπειροι,
1363 1038 1458 1094 καὶ
1489 1041 1590 1108 τῆς
1615 1037 1725 1092 τῶν
1760 1040 1816 1090 0'

247 1134 531 1197 ἐκδόσεως,
587 1132 782 1203 ὥσπερ
828 1135 947 1196 ταῖς
975 1132 1155 1186 αὐτῶν
1211 1131 1415 1201 βίϐλοις
1448 1130 1819 1201 ἀρχαιοτέρως

246 1223 576 1286 ἐκτεθεισαις
607 1224 912 1292 ἐνεφέρετο,
948 1221 1092 1276 οὕτω
1116 1223 1212 1286 τὰς
1243 1222 1586 1294 προφητικάς
1610 1238 1818 1292 μαρτυο

250 1312 373 1385 ριας
398 1313 670 1380 ἐξέθεντο·
698 1313 792 1366 τοῦ
810 1314 1131 1384 Πνεύματος
1154 1312 1312 1366 τοῦτο
1342 1313 1817 1383 οὶκονομήσαντος,

249 1407 336 1458 ἵνα
369 1406 442 1477 μὴ
469 1404 544 1468 ώς
574 1407 639 1458 ἐκ
675 1405 1016 1476 συνθήματος
1068 1404 1284 1474 φανῶσι
1333 1404 1715 1470 συντάξαντες.
1761 1405 1821 1456 'O

253 1500 436 1568 μέντοι
469 1497 646 1561 πῶλος
677 1499 744 1551 τά
801 1498 947 1565 ἔθνη,
1002 1501 1035 1570 ἠ
1068 1498 1156 1554 ,δέ
1189 1499 1383 1552 τούτου
1437 1499 1657 1570 μήτηρ,
1694 1498 1821 1561 τοὺς
1863 1532 1871 1538 -

265 1587 554 1652 Ἰουδαίους
580 1589 897 1645 αἰνίττεται.

897 1682 1159 1752 Ἀποριά.

332 1777 578 1835 ’Δνθότου
607 1776 887 1841 Ματθαῖος
923 1777 1021 1848 μὲν
1048 1768 1489 1849 αὐθημερδντὴν
1523 1780 1695 1849 συκῆν
1727 1777 1820 1849 ξη-

252 1867 513 1939 ρανθῆναι
543 1867 847 1938 ἱστόρησεν,
899 1866 1126 1935 Μάρκος
1160 1865 1217 1920 δέ
1262 1869 1330 1937 τῇ
1363 1864 1591 1936 αὖριον;
1632 1865 1824 1919 Ὡσαύ-

248 1974 355 2021 τως
388 1958 446 2012 δὲ
481 1959 575 2011 καὶ
620 1959 748 2019 τοὺς
800 1956 1113 2022 πωλοῦντας
1147 1960 1239 2011 καὶ
1268 1958 1641 2029 ἀγοράζοντας
1666 1960 1725 2010 ἐν
1746 1956 1824 2027 τῷ

253 2047 403 2121 ἱερῷ,
432 2049 461 2101 ὁ
494 2048 590 2118 μὲν
619 2051 676 2102 ἐν
753 2050 936 2120 ἡμέρᾳ
965 2050 1042 2120 τῷ
1072 2049 1237 2121 πώλῳ
1267 2048 1538 2120 ἐκαθέσθη
1562 2051 1591 2102 ὁ
1618 2048 1823 2119 Κύριος

250 2138 509 2196 εἰσελθὼν
556 2143 636 2205 εις
666 2142 766 2212 τὴν
796 2142 972 2206 πόλιν,
1002 2142 1333 2213 ἐκϐληθῆναι
1367 2143 1460 2196 ὑπ’
1488 2142 1654 2196 αὐτοῦ
1679 2145 1824 2195 ἱστο-

254 2233 375 2302 ρεῖ·
409 2232 439 2283 ὁ
463 2229 522 2283 δέ
545 2231 604 2283 ἐν
644 2233 711 2301 τῇ
741 2231 1028 2301 ὑστεραίᾳ.
1068 2232 1180 2285 Καὶ
1225 2232 1369 2295 τινος
1395 2232 1559 2302 χάριν
1613 2232 1824 2304 καρπὸν

251 2320 319 2375 ὲκ
347 2319 445 2390 τῆς
470 2319 636 2389 συκῆς
656 2322 715 2372 ἐν
737 2321 797 2373 οὐ
823 2318 1006 2391 καιρῷ
1039 2320 1221 2391 ἐζήτει
1245 2339 1261 2354 ·
1292 2322 1326 2394 ἦ
1357 2320 1477 2387 πῶς
1502 2322 1823 2394 ἀγανακτή-

253 2424 372 2472 σας,
397 2409 480 2461 ὅτι
510 2407 586 2480 μὴ
608 2403 756 2479 εὗρε,
783 2407 990 2479 ταύτην
1021 2409 1287 2480 ἐξήρανεν
1311 2427 1327 2476 ;

913 2501 1124 2567 Λύσις.

332 2589 626 2662 Ἐκάτερος
673 2592 749 2652 ὡς
803 2592 860 2644 ἐν
892 2592 1063 2644 ἆπασι
1092 2592 1188 2644 καὶ
1231 2593 1289 2645 ἐν
1318 2593 1495 2665 τούτῳ
1531 2594 1823 2665 ἠλήθευσε.

253 2686 483 2754 Πρωιας
508 2687 638 2756 γάρ,
672 2684 851 2748 καθώς
883 2704 1046 2755 φησιν
1147 2686 1561 2760 εύαγγελιστὴς,
1600 2689 1827 2746 ἐπανά-

247 2790 372 2843 γων
392 2775 490 2828 ἐπὶ
521 2774 634 2843 τὴν
650 2777 835 2833 πόλιν
862 2775 891 2826 ὁ
906 2776 1137 2845 Κύριος,
1159 2776 1442 2833 instruas
1461 2794 1475 2809 ·
1511 2778 1612 2833 καὶ
1632 2778 1829 2834 ἐλθὼν

246 2865 345 2922 ἐπὶ
369 2868 483 2936 τὴν
508 2865 735 2935 συκῆν,
795 2870 908 2936 οὐχ
936 2863 1114 2935 εὗρεν
1145 2869 1300 2938 εἰμὴ
1348 2871 1555 2938 φύλλα
1588 2860 1823 2941 ὀμόνον.

1607 192 2119 264 QU/ESTIONES.

245 314 385 369 κατὰ
436 313 497 366 τὸ
535 312 639 364 ὑπδ
689 310 784 365 τοῦ
815 311 1096 381 προφήτου
1159 308 1366 378 λεχθὲν,
1422 308 1810 380 ἐπιϐεϐηκέναι

1926 310 2226 367 ascendisse
2251 328 2416 384 super
2453 314 2661 369 asinam
2704 324 2760 369 et
2804 317 3013 384 pullum
3055 316 3192 372 dixit
3215 319 3303 381 ”;

3348 205 3481 269 lilii

3359 323 3513 389 quia-~

1870 421 1873 424 ν
1919 416 2017 470 per
2054 401 2259 471 pullum
2299 403 2466 457 etiam
2494 405 2663 459 asinae
2692 405 2982 470 insidebat,
3016 410 3271 477 sequenti
3301 420 3359 464 et
3385 411 3487 465 ad-

1915 490 2126 559 juvanti
2156 490 2369 545 Domini
2396 501 2699 548 vecturam.
2729 493 2885 559 Quod
2906 496 2953 548 si
2976 495 3101 564 quis
3131 497 3487 559 dubitaverit.

1919 597 2088 652 quare
2116 581 2404 639 Matthteus
2431 584 2575 639 dicat
2613 585 2934 654 prophetam
2970 586 3274 644 declarasse
3304 590 3493 645 Domi-

1920 689 2052 729 num
2086 675 2293 730 sedisse
2332 691 2499 746 super
2535 676 2741 731 asinam
2772 686 2828 733 et
2856 677 3061 747 pullum
3086 678 3171 745 ⁹³;
3207 680 3374 736 editio
3404 698 3496 736 auo

1920 773 2030 823 tem
2046 764 2189 821 LXX
2211 782 2375 836 super
2394 768 2599 837 pullum
2614 768 2782 823 asinae
2808 768 3017 824 sedisse
3047 769 3325 825 contineat
3350 788 3365 838 ;
3392 772 3493 827 hoc

1921 857 2111 921 discat,
2135 858 2414 926 apostolos
2436 857 2699 915 Ilebraica
2718 859 2901 929 lingua
2919 874 3072 923 usos,
3091 871 3275 930 utpote
3293 860 3494 917 (ἔπειτα

1922 948 2248 1016 eloquentiae
2277 948 2516 1019 ignaros,
2548 959 2713 1018 atque
2747 964 2813 1004 ex
2845 947 2986 1002 LXX
3019 949 3280 1016 editione,
3297 965 3492 1021 quem-

1921 1040 2212 1095 admodum
2255 1040 2309 1094 in
2343 1055 2534 1094 eorum
2570 1039 2720 1095 libris
2759 1039 3037 1109 antiquius
3080 1042 3317 1096 exaratis
3350 1041 3494 1096 fere~

1922 1131 2120 1197 batur,
2177 1130 2256 1185 sic
2286 1131 2602 1200 prophetica
2638 1131 2946 1187 testimonia
3002 1132 3236 1197 citasse;
3283 1131 3494 1203 Spiritu

1922 1223 1997 1278 ita
2035 1225 2406 1294 dispensante,
2431 1239 2501 1279 ne
2529 1233 2783 1295 tanquam
2807 1240 2873 1279 ex
2899 1224 3150 1281 condicto
3178 1226 3497 1282 viderentur

1920 1317 2291 1372 conscribere.
2328 1315 2600 1372 Caeterum
2635 1318 2816 1388 pullus
2839 1358 2855 1385 ,
2887 1327 3110 1389 gentes;
3165 1327 3340 1374 mater
3360 1335 3493 1375 vero

1923 1410 2087 1479 illius,
2110 1409 2325 1467 Judaos
2354 1410 2617 1482 designat.

2494 1675 2783 1748 Diﬁicultas
2810 1693 2957 1732 xxxx.

1993 1771 2097 1826 Pro
2136 1785 2245 1840 qua
2282 1785 2341 1824 re
2377 1768 2664 1824 Mattheus
2690 1768 2912 1838 quidem
2952 1766 3039 1822 ﬁci
3077 1765 3330 1822 arborem
3380 1775 3493 1824 sta-

1925 1862 2022 1916 tim
2053 1861 2244 1916 eodem
2273 1859 2361 1915 die
2386 1859 2681 1915 arefactam
2707 1859 2753 1893 ⁸⁵
2786 1859 2971 1924 refert,
3018 1856 3232 1912 Marcus
3253 1872 3386 1913 vero
3407 1857 3496 1912 die

1924 1953 2219 2023 sequenti?
2246 1950 2619 2008 Consimiliter
2647 1958 2702 2005 et
2733 1950 3031 2005 vendentes
3048 1958 3403 2021 ementesque
3441 1950 3495 2003 in

1927 2047 2129 2117 templo
2158 2046 2227 2112 ",
2260 2043 2352 2100 ille
2390 2044 2611 2115 quidem
2643 2044 2731 2099 die
2764 2059 2869 2114 qua
2900 2043 3047 2114 pullo
3074 2043 3271 2099 insedit
3311 2042 3516 2098 Domi-

1924 2153 2030 2193 nus
2087 2138 2144 2192 in
2193 2138 2380 2193 urbem
2424 2136 2825 2209 ingrediens",
2859 2145 3046 2190 narrat
3089 2137 3157 2190 ab
3209 2150 3274 2191 eo
3327 2132 3497 2191 fuisse

1925 2234 2163 2303 ejectos;
2192 2230 2408 2286 Marcus
2454 2246 2586 2286 vero
2619 2230 2876 2301 postridie
2905 2230 2970 2284 ’⁷.
3010 2228 3080 2283 Ει
3118 2244 3215 2284 cur
3261 2228 3496 2283 fructum

1925 2329 2077 2377 extra
2114 2329 2331 2390 tempus
2355 2335 2386 2374 a
2418 2320 2651 2375 ﬁculnea
2677 2307 3027 2390 requirebat;
3068 2327 3162 2373 aut
3201 2333 3309 2388 quo
3337 2326 3497 2389 pacto

1925 2413 2071 2484 quod
2099 2428 2212 2468 non
2238 2412 2532 2468 invenissel
2563 2411 2892 2483 indignatus,
2921 2410 3146 2467 arefecit
3167 2415 3331 2468 eam?

2598 2486 2822 2557 Salutio.

1988 2595 2250 2666 Uterque,
2282 2594 2425 2650 sicut
2451 2595 2510 2649 in
2543 2595 2818 2661 omnibus,
2858 2595 2932 2650 ita
2963 2605 3019 2651 et
3039 2597 3092 2651 in
3124 2598 3226 2652 hoc
3260 2613 3386 2654 vere
3415 2599 3507 2659 lo-,

1926 2698 2087 2744 cutus
2109 2696 2212 2743 est.
2242 2685 2406 2741 Mane
2435 2687 2581 2741 enim
2601 2724 2617 2750 ,
2678 2695 2739 2742 ut
2794 2687 2871 2742 ait
2905 2688 3242 2760 Evangelista
3265 2732 3279 2756 ,
3323 2707 3498 2746 rever-

1928 2789 2037 2835 tens
2069 2781 2126 2834 in
2155 2780 2420 2834 civitatem
2466 2777 2764 2844 Dominus,
2812 2781 3028 2844 esuriit,
3072 2790 3124 2835 et
3176 2783 3384 2838 veniens
3427 2788 3498 2838 ad

1926 2871 2117 2941 ﬁcum,
2175 2886 2277 2924 non
2322 2870 2520 2925 invenit
2567 2871 2667 2924 nisi
2695 2870 2824 2942 [alia
2869 2880 3073 2925 tantum
3096 2871 3164 2925 ".
3199 2871 3336 2928 Cum
3369 2889 3498 2946 ergo

248 2956 497 3039 Εἰρηκὼς
520 2954 611 3011 οὖν
633 2973 647 2988 ο
676 2957 901 3025 Μηκέτι
927 2958 996 3011 ἐκ
1031 2955 1144 3011 σοῦ
1169 2960 1397 3027 καρπὸς
1426 2960 1686 3030 γένηται,
1723 2979 1819 3016 πα.

1926 2963 2171 3028 dixisset,
2203 2962 2492 3034 Nunquam
2518 2979 2582 3017 ea:
2608 2972 2659 3017 te
2688 2963 2891 3032 fructus
2922 2973 3211 3028 nascatur;
3234 2967 3498 3020 continuo

250 3051 513 3124 ραχρῆμα
532 3050 739 3120 ταύτην
790 3049 1043 3122 ἐξήρανε.
1077 3052 1176 3105 Διὰ
1207 3050 1262 3104 δὲ
1295 3051 1358 3104 τὸ
1389 3053 1622 3123 μέγεθος
1643 3054 1739 3108 καὶ
1762 3053 1824 3107 τὸ

249 3141 398 3210 ξένον
430 3142 523 3196 τοῦ
553 3141 850 3212 θαύματος,
896 3144 962 3212 τῇ
1008 3142 1273 3207 ἐπαύριον
1304 3145 1354 3196 οἱ
1414 3143 1658 3215 μαθηταὶ
1688 3145 1825 3198 ταύ-

249 3250 348 3304 την
374 3232 862 3295 κατοπτεύσαντες,
897 3232 981 3301 ἐφ’
1089 3232 1619 3302 πολυπραγμονῆσαι
1647 3236 1697 3287 εἰ
1727 3236 1825 3288 καὶ

253 3324 311 3377 αἱ
335 3324 479 3392 ῥίζαι
497 3321 756 3387 ὡσαύτως
777 3322 854 3391 τῷ
882 3321 1121 3391 στελέχει
1172 3322 1268 3375 καὶ
1300 3325 1414 3387 τοῖς
1438 3323 1651 3387 κλάδοις
1698 3325 1824 3397 ἐξη-

255 3414 553 3487 ράνθησαν,
583 3412 960 3483 ἐξεπλάγησαν
984 3415 1048 3482 τῇ
1080 3411 1370 3481 βεϐαιώσει
1391 3413 1484 3466 τοῦ
1523 3414 1821 3484 θαύματος.

266 3504 524 3577 Ἐξὴρανε
552 3505 659 3576 γὰρ
688 3503 892 3573 ταύτην
918 3506 945 3556 ὁ
974 3503 1199 3573 Κύριος,
1225 3494 1325 3575 τῆς
1374 3505 1507 3568 ιδίας
1543 3505 1824 3577 δυνάμεως

251 3598 449 3666 πεῖραν
475 3598 589 3658 τοῖς
615 3594 884 3665 μαθηταῖς
910 3598 1348 3665 παρασχόμενος,
1384 3597 1472 3651 διά
1503 3598 1563 3651 τὸ
1589 3601 1822 3670 προσδο-

252 3687 500 3759 κώμενον
547 3686 735 3750 πάθος.
802 3686 1124 3757 Ἐπειδηπερ
1174 3688 1232 3740 ἐν
1286 3691 1406 3752 ταῖς
1456 3690 1800 3761 εὐεργεσίαις

252 3779 603 3850 πολυτρόπως
631 3778 729 3849 τὴν
744 3777 972 3848 δύναμιν
997 3777 1338 3843 ἐπεδείξατο·
1367 3782 1466 3850 τῆς
1487 3780 1544 3834 δὲ
1573 3798 1819 3856 τιμωρη-

250 3871 406 3941 τικῆς
422 3869 703 3939 δυνάμεως
731 3869 791 3922 ού
823 3868 1127 3940 παρέσχετο
1155 3872 1381 3940 πεῖραν·
1414 3873 1481 3944 ἥν
1504 3875 1822 3943 ἀναγκαίως

252 3968 308 4017 ἐν
333 3964 413 4034 τῷ
435 3963 627 4033 ἀψύχῳ
658 3961 752 4015 νῦν
809 3960 1141 4026 ἐπεδείξατο.
1175 3962 1314 4026 Τοὺς
1354 3963 1540 4034 μέντοι
1575 3965 1819 4020 πωλοῦν-

250 4073 348 4118 τας
377 4055 474 4108 κει.)⁸
507 4052 894 4125 ἀγοράζοντας,
926 4055 985 4105 ἐν
1012 4056 1132 4116 ταῖς
1159 4052 1255 4108 δύο
1280 4052 1532 4118 ἐξέϐαλεν
1560 4055 1817 4127 ἡμέραις,

247 4152 316 4222 τῇ
340 4166 398 4202 τε
423 4148 621 4220 πρώτῃ
644 4148 738 4202 καὶ
759 4148 823 4216 τῇ
861 4144 999 4215 μετὰ
1030 4144 1150 4216 τὴν,
1182 4145 1277 4198 ἆτε
1320 4145 1398 4213 τῷ
1440 4148 1538 4217 τῆς
1567 4147 1819 4220 φιλοκερ-

247 4238 366 4304 δίας
390 4240 487 4293 καὶ
512 4238 818 4308 καπηλείας
847 4236 1078 4300 ἀναιδῶς
1108 4238 1464 4308 ἐγκειμένους
1498 4240 1783 4310 νοσήματι.

933 4328 1195 4396 Ἀπορία.

317 4427 442 4489 Πῶς
468 4423 746 4484 Menenio;
773 4422 867 4474 καὶ
891 4420 1115 4490 Μάρκος
1145 4420 1235 4473 τὸν
1281 4422 1668 4496 οἰκοδεσπότην
1715 4443 1819 4496 φη-

251 4518 339 4576 σὶν
368 4517 504 4590 (21),
525 4516 584 4579 ὃς
609 4516 702 4569 τὸν
728 4515 1025 4586 ἀμπελῶνα
1051 4513 1313 4581 ἐφύτευσε
1336 4556 1351 4581 ,
1402 4514 1630 4580 πολλοὺς
1680 4518 1818 4570 ἁπο-

317 4678 365 4710 ⁹¹
389 4675 558 4730 Zach.
591 4690 668 4738 Ix,
693 4673 747 4729 9.

247 4748 293 4780 ⁸⁸
324 4748 512 4803 Matth.
560 4762 668 4808 χχι,
708 4744 793 4798 18.

821 4672 866 4705 ’³
889 4670 1078 4726 Matth.
1111 4685 1223 4733 xxr,
1254 4669 1340 4725 l9.
1415 4669 1461 4703 "
1485 4671 1617 4726 ibid.
1641 4672 1694 4728 5.
1769 4673 1814 4707 "
1840 4672 2003 4729 Marc.
2054 4691 2130 4740 xl,
2165 4674 2260 4730 20.
2336 4674 2382 4706 ³⁸
2418 4672 2607 4728 Matth.
2652 4689 2744 4727 xxi
2772 4711 2786 4735 ,
2820 4671 2903 4728 12.

1925 3052 2073 3107 illam
2097 3051 2344 3107 arefccit.
2368 3051 2597 3123 Propter
2627 3052 3056 3124 magnitudinem
3089 3063 3270 3110 autem
3300 3066 3355 3111 et
3397 3071 3498 3112 no-
3529 3101 3533 3107 .

1927 3145 2148 3201 vitatem
2174 3144 2444 3208 miraculi,
2477 3145 2716 3201 crastino
2741 3146 2829 3201 die
2860 3146 3110 3217 discipuli
3159 3163 3279 3204 eam
3322 3151 3499 3207 oculis

1925 3237 2241 3303 lustrantes,
2274 3244 2336 3291 ut
2365 3235 2655 3306 diligenter
2678 3237 3061 3307 explorarent,
3112 3255 3243 3295 num
3289 3243 3498 3299 radices

1926 3328 2130 3399 pariter
2159 3314 2283 3385 cum
2304 3338 2502 3401 trunco
2529 3337 2585 3384 et
2611 3329 2776 3383 ramis
2795 3329 2960 3389 arida:
2985 3341 3190 3398 essent,
3231 3334 3495 3405 obstupe-

1925 3420 2051 3476 facti
2106 3430 2235 3475 sunt
2288 3419 2368 3474 rei
2420 3420 2571 3475 mirae
2617 3418 3049 3476 conﬁrmatione.
3090 3422 3264 3490 Ipsam
3295 3426 3495 3494 quippe

1923 3513 2148 3569 arefeeit
2174 3513 2459 3579 Dominus,
2490 3521 2549 3569 ut
2585 3528 2696 3568 sua:
2728 3513 2987 3583 potentia:
3016 3515 3292 3584 specimen
3325 3517 3493 3571 disci-

1926 3606 2069 3676 pulis
2096 3607 2423 3672 exhiberet,
2465 3615 2687 3676 propter
2742 3605 3116 3661 imminentem
3156 3608 3492 3677 passionem.

1922 3698 2370 3768 Quandoquidem
2404 3698 2459 3753 in
2488 3698 2770 3753 beneﬁciis
2810 3699 2986 3753 modis
3016 3699 3179 3754 variis
3203 3701 3313 3755 vim
3340 3716 3492 3756 suam

1923 3800 2271 3856 exseruerat;
2300 3798 2356 3844 at
2381 3789 2590 3845 ultricis
2621 3790 2836 3846 virtutis
2861 3790 3169 3860 exemplum
3193 3807 3301 3847 non
3327 3792 3493 3848 dede-

1922 3891 2043 3949 rat;
2092 3896 2256 3951 quam
2285 3880 2598 3935 necessario
2632 3880 2685 3934 in
2721 3896 2776 3934 re
2803 3879 3041 3934 inanima
3065 3896 3211 3936 nunc
3233 3883 3492 3945 ostendit.

1922 3973 2232 4029 Vendentes
2254 3988 2416 4043 porro
2442 3980 2499 4027 et
2522 3981 2787 4036 ementes,
2811 3972 3023 4027 duobus
3045 3972 3243 4028 diebus
3267 3973 3491 4043 expulit,

1919 4068 2098 4139 primo
2122 4074 2178 4121 et
2201 4066 2462 4131 secundo,
2485 4075 2545 4121 ut
2570 4066 2811 4122 avaritias
2841 4074 2895 4121 et
2924 4067 3340 4136 cauponationis
3366 4068 3492 4125 ουτω

1919 4174 2026 4229 que
2057 4157 2265 4229 pudore
2292 4157 2483 4213 morbo
2508 4156 2755 4214 aﬁ‘ectos.

2496 4334 2787 4405 Diﬁicultas
2809 4351 2935 4391 xxx.

1995 4425 2131 4493 Quid
2148 4428 2243 4493 ita,
2274 4426 2419 4498 quod
2446 4425 2729 4482 Matthaeus
2756 4434 2812 4482 et
2843 4425 3055 4484 Marcus
3076 4426 3229 4484 aiunt
3257 4437 3495 4499 patrem-

1926 4517 2194 4583 familias,
2250 4517 2342 4589 qui
2395 4517 2610 4571 rineam
2669 4516 2975 4586 plantavit,
3030 4518 3231 4573 multos
3274 4518 3492 4574 misisse

3004 4674 3048 4706 ”
3077 4671 3240 4728 Marc.
3272 4688 3364 4736 ιι,
3403 4671 3491 4725 l5.

1752 4835 1992 4891 ΝΟΤιλΕί

243 4951 339 5004 pro
375 4950 454 4999 eo,
515 4944 569 4987 et
628 4929 928 5004 ascendens
979 4941 1141 4995 super
1188 4926 1543 5004 subjugalem,
1607 4937 1662 4983 et
1694 4927 1817 5004 pul-

248 4997 358 5058 lum
402 4997 693 5071 juvenem,
751 4997 1053 5071 Manliana,
1107 4997 1544 5071 superAasinam,
1590 5006 1645 5051 et
1693 4997 1817 5071 pul-

245 5074 355 5127 lum
389 5065 557 5127 tilium
583 5067 899 5139 subjugalis,
936 5074 1109 5139 autut
1129 5066 1526 5139 inquibgtsdam
1549 5065 1815 5133 exempla.

242 5144 387 5197 ribus
412 5143 633 5196 [labetur
653 5134 909 5209 {pullum
939 5134 1234 5209 subjugalis
1255 5153 1271 5202 ;
1317 5134 1552 5209 Joannes
1578 5152 1698 5209 vero
1718 5152 1813 5209 ροτ

250 5214 374 5276 suit,
411 5211 620 5266 Sedens
647 5205 797 5265 venit
829 5206 1236 5276 superhpullum
1275 5205 1466 5261 asinae.
1490 5235 1561 5276 -έ
1589 5205 1744 5271 Quod
1769 5206 1814 5261 si

242 5272 468 5352 insuper
490 5278 829 5335 consulueris
852 5272 1514 5352 C'yrilli’Commentarium
1531 5275 1591 5352 in
1612 5276 1815 5352 Zacha-

243 5345 407 5416 riani,
439 5365 616 5406 mutes
637 5351 801 5431 velim
825 5361 890 5400 ex
917 5359 1079 5431 sensu
1107 5347 1388 5431 εὐτεχνιαν
1416 5345 1809 5431 ἰηξύτεκνίανε

242 5436 368 5480 cum
395 5413 402 5416 “
426 5430 615 5475 contra
678 5415 984 5489 φιλοτεχνεῖ
1036 5429 1137 5483 pro
1191 5413 1497 5489 φιλοτεχνεῖ
1535 5413 1812 5489 habeatur

241 5490 399 5546 initio
429 5492 647 5551 Catenae
691 5484 772 5545 ’θα
808 5486 1074 5556 Marcum,
1111 5488 1164 5542 in
1205 5484 1483 5543 'Encoihio
1535 5484 1805 5556 Procopii,

1985 4926 2095 4998 (2|)
2127 4926 2323 4997 Φησὶν
2345 4944 2444 4999 pro
2471 4932 2653 4997 φασιν.
2681 4928 2836 4999 Saepe
2862 4928 2924 4999 in
2943 4928 3240 4999 hoctomo,
3276 4936 3332 4983 et
3363 4943 3490 4999 pas-

1914 4998 2014 5052 sim
2049 4999 2193 5068 apud
2230 5008 2481 5054 auctores
2501 4998 2779 5057 interdum
2808 5012 2873 5052 ex
2912 4998 3207 5063 idiotismo,
3243 5005 3304 5052 ut
3335 4998 3492 5054 vide-

1916 5078 2023 5132 tur,
2042 5068 2311 5123 interdum
2343 5081 2522 5123 errato
2549 5070 2917 5134 librariorum,
2936 5068 3169 5122 maxime
3193 5068 3264 5122 ob
3283 5069 3494 5123 brevia-

1915 5148 2024 5193 tam
2054 5138 2449 5208 'scriptionem.
2506 5138 2598 5193 Sic
2627 5139 2789 5208 apud
2818 5138 3140 5208 Gregorium
3178 5137 3487 5208 Nyssenum

1912 5209 2159 5263 oratione
2189 5208 2222 5263 8
2251 5208 2304 5261 in
2335 5207 2492 5262 Cant.
2522 5206 2677 5262 cant.
2700 5216 2739 5261 t.
2772 5207 2814 5267 l.
2839 5223 2895 5277 p.
2920 5206 3025 5263 594
3055 5208 3117 5261 C.
3161 5206 3295 5277 φησὶ
3324 5208 3490 5263 habet

1912 5277 2083 5333 editio
2114 5319 2129 5344 ,
2162 5278 2297 5346 φασὶ
2325 5277 2498 5349 codex
2528 5278 2727 5349 Regius
2748 5277 2917 5349 1797..
2950 5277 3070 5349 Non
3119 5291 3258 5349 ergo
3282 5287 3489 5349 temere

1912 5345 2280 5415 mutandum;
2316 5358 2375 5401 ut
2414 5345 2544 5402 fecit
2602 5345 2829 5402 Allatius
2892 5346 2948 5402 in
3013 5345 3488 5405 Notis'Eustathii

1910 5417 2282 5488 Hexaemeron
2298 5434 2352 5486 p.
2373 5416 2494 5482 l53,
2513 5417 2593 5488 de
2614 5416 2734 5488 loco
2777 5415 3149 5488 Chrysostomi
3188 5416 3483 5488 adderem.

1912 5503 2044 5553 xm,
2092 5488 2179 5544 Η.
2223 5484 2445 5542 Catenae
2496 5484 2957 5551 Ghislerianaa,'t.
2990 5486 3056 5552 ll,
3101 5501 3159 5556 p.
3187 5486 3312 5543 955.
3346 5484 3482 5541 Vide

240 5572 370 5617 ante
419 5563 602 5619 tinem.
644 5562 786 5619 Loca
821 5569 932 5612 non
953 5555 1170 5623 profero
1198 5597 1214 5623 ,
1251 5557 1379 5628 quia
1431 5557 1587 5628 plura
1627 5554 1809 5612 dicere
1905 5556 2165 5614 Calenam
2191 5557 2246 5612 in
2274 5557 2403 5624 Job,
2430 5573 2483 5628 p.
2515 5556 2639 5624 5l9,
2664 5556 2790 5622 480,
2827 5559 2952 5614 ill.

240 5640 335 5686 aut
368 5631 677 5688 describere
700 5631 868 5703 piget.

597 5723 873 5785 Ρηιιοι..
917 5725 1032 5787 Gn.
1077 5721 1306 5785 XClll.

3001 5708 3078 5769 hii
