3936 6200
248 269 374 333 1469

1656 269 1965 331 SERMON
1970 273 2058 332 ES
2069 311 2082 324 .

3341 273 3472 337 HTJ

243 385 307 439 δὲ
344 385 480 454 τέκῃ
529 383 706 451 θῆλυ,
745 385 840 452 δίς
871 386 1021 441 ἑπτὰ
1046 387 1376 456 ἀκάθαρτος
1401 387 1596 444 ἔσται.
1638 385 1795 445 Τίνος

1939 387 2151 443 diluxit.
2208 390 2267 445 Si
2325 399 2498 445 autem
2541 393 2798 461 pepererit
2849 392 3121 462 feminam,
3147 391 3226 445 bis
3279 402 3476 459 septem

243 478 394 548 χάριν
444 476 682 531 ἐνταῦθα
724 478 826 541 τὰς
883 477 1105 549 ἡμέρας
1161 479 1510 542 διπλασίονας
1570 476 1806 542 ἔταξενς

253 568 466 640 Ἐπειδὴ
488 567 605 623 Εὔα
631 568 794 623 πάλιν
811 569 919 622 ἀπὸ
936 569 1034 641 τῆς
1059 569 1201 632 Εὐας
1227 570 1492 632 τίκτεται,
1519 568 1579 620 τὸ
1609 567 1808 638 σαθρὸν

243 661 447 725 σκεῦος.
475 663 538 715 το
573 662 799 725 ἀσθενὲς
827 664 1051 730 ἀγγεῖον
1072 704 1086 727 ,
1117 663 1180 715 τὸ
1215 663 1680 733 συντετριμμένον
1712 679 1809 714 κε-

243 758 452 824 ράμιον.
485 754 519 819 ἡ
555 755 900 822 χειραγωγδς
938 756 1038 823 τῆς
1092 753 1403 824 παρακοῆς,
1438 755 1472 823 ἠ
1535 751 1629 806 τοῦ
1678 753 1810 823 δρά-

243 862 424 908 κοντος
449 843 754 914 σύμϐουλος
776 861 790 881 ν
817 843 930 898 ἀλλ’
964 844 1152 915 ὥσπερ
1185 845 1427 914 ἧκουσας
1460 843 1719 912 γυναικὸς
1743 844 1812 898 τὰ

243 937 579 1009 ἐγκλήματα,
615 937 776 1009 δεῦρο
801 939 897 991 καὶ
919 938 980 990 τὸ
1014 936 1074 1002 ἐξ
1110 938 1283 1007 αὐτῆς
1307 937 1644 1006 κατόρθωμα
1674 937 1810 1006 μάν-

244 1035 387 1082 θανε.
440 1028 582 1100 Γυνὴ
605 1029 909 1098 παρθενίαν
943 1027 1022 1091 τῷ
1057 1029 1158 1099 βίῳ
1186 1029 1506 1098 εἰσήγαγεν,
1531 1025 1812 1097 ἐχώρησεν

243 1121 300 1170 ὲν
327 1121 388 1190 τῇ
418 1120 620 1190 γαστρὶ
648 1119 740 1172 τὸν
768 1118 900 1172 Θεὸν
923 1119 982 1172 δν
1009 1121 1043 1189 ἠ
1087 1119 1270 1181 κτίσις
1303 1119 1551 1189 χωρῆσαι
1596 1117 1659 1170 οὐ
1719 1115 1812 1170 δύ-

245 1227 399 1264 ναται
426 1227 439 1240 ·
473 1212 661 1263 ἔτεκεν
691 1211 747 1263 ὲν
780 1211 945 1279 σαρκὶ
971 1209 1183 1274 τοῦτον,
1208 1211 1355 1274 ὅστις
1385 1209 1542 1280 ἡμῶν
1571 1208 1631 1261 τὸ
1654 1207 1814 1275 γένος

245 1300 540 1353 ἀνέπλασεν
569 1316 584 1332 ο
618 1299 811 1371 πρώτη
845 1301 938 1354 τὸν
985 1299 1194 1371 Ἰησοῦν
1216 1303 1280 1354 ὲκ
1308 1299 1523 1370 νεκρῶν
1547 1297 1812 1360 ὑπεδέξα-

245 1412 323 1462 το,
353 1393 542 1465 πρώτη
569 1393 665 1447 τοῦ
694 1393 1054 1463 κηρύγματος
1082 1394 1183 1462 τῆς
1213 1393 1566 1453 ἀναστάσεως
1587 1388 1812 1460 ἡρξατο,

247 1491 434 1563 πρώτη
467 1489 566 1558 τὴν
616 1490 794 1561 χαρὰν
827 1492 943 1554 τοῖς
992 1490 1266 1559 μαθηταῖς
1309 1490 1602 1559 ἐμήνυσεν.
1643 1484 1813 1552 Γυνὴ

247 1582 375 1649 ἥτις
401 1623 418 1647 ,
450 1583 636 1651 φησὶν,
668 1581 1089 1649 σπερματισθῇ
1111 1597 1126 1612 ⁸
1160 1583 1194 1652 ἡ
1247 1581 1509 1642 Θεοτόκος
1566 1580 1623 1632 δὲ
1676 1579 1814 1649 γυνὴ

1909 485 2118 552 impura
2149 484 2269 538 erit.
2300 482 2471 553 Cujus
2500 483 2580 538 rei
2609 481 2778 554 gratia
2811 481 2902 535 hic
2938 480 3152 534 dierum
3188 494 3482 534 numerum

1911 575 2185 645 duplicem
2239 573 2475 629 statuit?
2503 572 2640 639 Quia
2666 571 2776 626 Eva
2807 586 3027 625 rursum
3067 571 3136 625 ab
3173 570 3284 624 Eva
3308 571 3481 642 gigni-

1911 680 2020 736 tur,
2076 667 2266 739 fragile
2321 666 2764 725 instrumentum,
2823 662 3002 718 debile
3058 675 3174 724 vas,
3253 661 3483 715 contrita

1911 758 2481 821 testa.manuductrix
2508 755 2914 819 inobedientiae,
2969 769 3068 824 per
3103 769 3270 822 quam
3315 752 3485 806 suasit

1911 866 2161 922 serpens.
2185 849 2292 904 Sed
2325 849 2470 902 sicut
2499 845 2699 901 audisti
2736 845 2982 899 mulieris
3012 842 3364 912 improperia,
3399 842 3489 894 hic

1913 957 2131 1012 quoque
2150 950 2206 995 et
2233 939 2474 994 mulieris
2501 937 2692 992 merita
2729 937 2914 1002 disce;
2973 935 3170 990 mulier
3201 933 3483 1004 virginita-

1914 1049 2022 1094 tem
2058 1035 2259 1091 saaculo
2289 1033 2524 1095 induxit,
2552 1031 2780 1087 contulit
2803 1031 2857 1084 in
2876 1029 3079 1100 gremio
3125 1028 3294 1080 Deum
3324 1040 3489 1095 quem

1926 1130 2132 1184 creatio
2155 1125 2438 1182 continere
2485 1138 2593 1176 non
2633 1130 2833 1191 potest,
2859 1119 3138 1189 generavit
3190 1116 3245 1170 in
3319 1131 3491 1170 carne

1915 1220 2064 1274 illum
2089 1217 2182 1288 qui
2206 1224 2450 1270 nostram
2489 1212 2898 1284 generationem
2929 1207 3252 1272 fabricavit;
3311 1205 3488 1275 prima

1914 1308 2099 1364 Jesum
2121 1322 2188 1361 ex
2208 1305 2440 1360 mortuis
2464 1302 2702 1357 solutum
2758 1299 2988 1369 accepit,
3043 1297 3218 1369 prima
3276 1295 3489 1363 procla-

1934 1410 2092 1456 matre
2125 1397 2545 1457 resurrectionis
2571 1392 2844 1465 primitias
2870 1391 3108 1460 accepit;
3139 1389 3312 1460 prima
3354 1401 3489 1457 gau-

1916 1495 2065 1549 dium
2095 1491 2379 1562 discipulis
2411 1486 2781 1544 annuntiavit.
2839 1485 3054 1551 Mulier,
3118 1481 3317 1552 inquit,
3373 1496 3493 1550 quae

1916 1589 2203 1657 susceperit
2257 1600 2452 1639 semen.
2519 1580 2747 1650 Deipara
2801 1587 2982 1632 autem
3017 1575 3216 1629 mulier
3268 1573 3490 1643 quidem

247 1673 345 1742 μὲν
380 1669 470 1743 ἦν,
500 1673 570 1726 τὰ
612 1673 890 1740 γυναικῶν
917 1673 972 1725 δὲ
1005 1674 1064 1726 ού
1101 1671 1371 1724 πέπονθεν
1397 1685 1410 1699 ⁸
1449 1669 1672 1740 σπέρμα
1703 1668 1813 1739 γὰρ

1936 1688 2057 1742 :rat,
2085 1677 2376 1732 muliebria
2403 1691 2534 1730 vero
2571 1687 2684 1728 non
2733 1685 2892 1742 passa
2941 1678 3059 1737 est;
3111 1682 3298 1722 semen
3345 1664 3491 1720 enim

243 1764 433 1835 ἀνδρὸς
454 1767 488 1836 ἡ
513 1765 728 1835 γαστὴρ
750 1764 851 1817 οὐκ
873 1763 1111 1829 ἐδέξατο,
1133 1765 1232 1818 οὐκ
1259 1759 1400 1817 εἶδεν
1414 1764 1646 1832 ἄροτρον
1671 1761 1699 1813 6
1715 1761 1812 1830 τῆς

244 1855 460 1923 Μαρίας
482 1855 672 1924 ἀγρὸς,
701 1856 731 1908 6
761 1855 1089 1925 παρθενικὺς
1111 1852 1374 1924 ἀμπελὼν
1399 1853 1497 1922 οὐχ
1521 1851 1816 1921 ὑπέμεινεν

245 1944 511 2009 δίκελλαν,
536 1945 678 1998 ὥστε
709 1946 808 2015 οὐχ
857 1945 1004 2014 ὑπὲρ
1044 1945 1215 2014 αὐτῆς
1251 1945 1284 2014 ἡ
1329 1942 1644 2012 προσφορὰ,
1681 1940 1823 2010 ὑπὲρ

249 2039 371 2090 ὃλου
418 2037 512 2090 τοῦ
541 2037 732 2104 γένους
778 2036 1030 2105 ἐγένετο·
1063 2038 1096 2106 ὴ
1108 2036 1224 2105 μῶν
1255 2036 1365 2106 γάρ
1395 2034 1563 2088 ἓνεκα
1601 2032 1823 2105 περιτέ-

255 2146 444 2200 μνεται
473 2129 730 2200 Χριστὸς,
748 2129 891 2199 ὑπὲρ
919 2128 1079 2200 ἡμῶν
1104 2128 1198 2181 καὶ
1221 2127 1669 2198 βαπτίζεται,ὲφ⁹
1695 2127 1825 2195 ἡμῖν

251 2219 485 2280 τελεῖται
511 2221 581 2273 τὰ
611 2219 704 2272 νοῦ
740 2220 907 2291 νόμου
931 2220 1208 2290 καθάρσια
1228 2235 1243 2250 ο
1284 2218 1380 2272 ὲάν
1422 2218 1670 2288 δακρύσῃ
1687 2256 1702 2279 ,
1727 2218 1828 2283 τὴν

255 2308 416 2376 φύσιν
453 2309 713 2362 ὲκπλύνει
742 2325 758 2341 ο
802 2310 896 2363 ἐὰν
941 2309 1188 2379 ραπισθῇ
1218 2345 1234 2370 ,
1267 2307 1367 2378 τὴν
1398 2308 1674 2379 ἡμετέραν
1704 2309 1827 2378 αἰχ-

259 2399 543 2472 μαλωσίαν
563 2399 860 2470 ὲλευθεροῐ’
885 2399 982 2452 ὲάν
1002 2399 1266 2469 βαστάσει
1291 2400 1384 2451 τὸν
1407 2397 1663 2470 σταυρὸν,
1681 2399 1830 2468 ἡμᾶς

258 2490 506 2558 κουφίζει
545 2491 642 2544 τοῦ
676 2491 846 2560 ζυγοῦ
878 2492 982 2559 τῆς
1033 2491 1312 2561 ἁμαρτίας
1333 2507 1349 2524 ο
1377 2492 1473 2543 ἐὰν
1519 2489 1827 2560 ὲμπτυσθῇ,

255 2581 350 2638 τὸν
387 2581 561 2653 Ἀδὰμ
612 2583 949 2638 ἀπαλλάττει
1004 2582 1104 2636 τοῦ
1156 2581 1260 2654 τῆς
1315 2582 1565 2653 κατάρας
1615 2579 1830 2652 ἐμπτύ-

259 2690 291 2724 σ
298 2690 493 2743 ματος.

331 2765 470 2819 Ὅτε
499 2764 924 2834 ἐπλήσθησαν,
953 2768 1138 2838 φησὶν,
1176 2771 1237 2822 αι
1266 2769 1477 2838 ἡμέραι
1522 2767 1627 2822 τοῦ
1655 2769 1834 2820 καθα-

243 2858 477 2928 ρισμοῦ
505 2857 725 2922 αὐτῶν,
750 2858 1058 2928 ἀνήγαγον
1085 2859 1272 2913 αὑτὸν
1300 2863 1388 2925 εὶς
1420 2860 1833 2927 Ἱεροσόλυμα,

253 2951 453 3014 καθὼς
484 2948 802 3020 γέγραπται
827 2951 896 3004 ἐν
921 2952 1082 3020 νόμῳ
1103 2951 1345 3020 Κυρίου,
1381 2950 1469 3004 ὅτι
1500 2949 1625 3006 πᾶν
1646 2949 1836 3019 ἄρσεν

1922 1773 2024 1829 viri
2046 1781 2238 1827 venter
2273 1785 2384 1824 non
2411 1765 2671 1836 suscepit,
2722 1777 2900 1834 neque
2927 1760 3081 1815 novit
3115 1765 3353 1813 aratrum
3383 1753 3486 1809 Ma-

1923 1867 2020 1920 riae
2045 1878 2197 1933 ager,
2229 1860 2533 1932 virgineum
2556 1857 2801 1910 vinetum
2848 1852 3122 1923 pastinum
3151 1863 3259 1904 non
3291 1848 3494 1903 tolera-

1923 1957 2022 2022 vit,
2079 1956 2154 2009 ita
2206 1960 2266 2007 ut
2317 1965 2425 2005 non
2457 1965 2556 2017 pro
2600 1963 2658 2003 se
2686 1945 3039 2008 oblationem,
3072 1942 3166 1997 sed
3201 1955 3300 2010 pro
3344 1937 3496 1993 omni

1933 2049 2176 2102 humano
2199 2057 2397 2113 genere
2423 2037 2617 2096 fecerit
2643 2055 2656 2103 ;
2682 2045 2903 2107 propter
2915 2048 3018 2088 nos
3037 2031 3182 2086 enim
3206 2027 3496 2085 circumci-

1927 2139 2077 2194 ditur
2109 2134 2383 2200 Christus,
2416 2140 2638 2202 propter
2669 2142 2769 2182 nos
2801 2136 2856 2180 et
2919 2123 3247 2194 baptizatur,
3279 2133 3377 2189 pro
3398 2133 3498 2172 no-

1930 2231 2015 2286 bis
2047 2227 2259 2298 perlicit
2292 2225 2426 2294 legis
2452 2219 2896 2292 puriﬁcationes;
2929 2215 2971 2268 si
2992 2211 3223 2274 ﬂeverit,
3247 2217 3498 2264 naturam

1933 2321 2112 2382 lavat;
2157 2315 2200 2370 si
2232 2315 2415 2383 alapas
2467 2309 2772 2381 pertulerit,
2803 2314 2986 2360 nostra
3025 2318 3127 2358 nos
3183 2299 3502 2370 captivitate

1931 2411 2154 2474 liberat;
2189 2409 2233 2462 si
2265 2419 2480 2461 crucem
2515 2399 2858 2462 sustinuerit,
2882 2411 2982 2451 nos
3004 2395 3200 2449 allevat
3243 2392 3374 2463 jugo
3401 2389 3502 2444 ini-

1931 2502 2185 2574 quitatis;
2206 2499 2249 2554 si
2282 2506 2438 2566 sputa
2497 2491 2852 2555 induraverit,
2883 2490 3148 2544 Adamum
3170 2483 3362 2538 liberat
3385 2495 3503 2535 ma-

1933 2594 2241 2652 ledictionis
2269 2600 2452 2662 sputo.

2013 2754 2303 2823 Postquam
2345 2748 2550 2818 impleti
2574 2754 2716 2802 sunt.
2751 2742 2947 2813 inquit,
2977 2741 3087 2796 dies
3119 2736 3507 2809 puriﬁcationis

1936 2864 2138 2912 eorum,
2199 2843 2430 2898 tulerunt
2475 2839 2626 2893 illum
2671 2838 2728 2890 in
2751 2833 3067 2896 Jerusalem,
3093 2832 3229 2884 sicut
3255 2828 3508 2895 scriptum

1939 2953 2014 2996 est
2039 2943 2091 2994 in
2119 2941 2229 3010 lege
2253 2934 2632 3002 Domini,quia
2689 2946 2843 2984 omne
2908 2924 3259 2981 masculinum
3316 2922 3512 2988 adape-

253 3041 564 3110 διανοῖγον
597 3041 854 3112 μήτραν,
885 3013 1061 3113 ἅγιον
1087 3013 1403 3112 τῷἸΚυρίῳ
1443 3013 1831 3110 κληθήσεται·

1943 3036 2081 3089 riens
2104 3031 2335 3090 vulvam,
2358 3036 2596 3082 sanctum
2627 3021 2852 3077 Domino
2895 3017 3191 3072 vocabitur.
3219 3013 3372 3068 Talia
3423 3013 3511 3066 lex

255 3131 436 3185 ταῦτα
455 3133 484 3184 6
510 3134 674 3202 νόμος
701 3131 835 3202 ἔχει.
869 3133 928 3186 '0
954 3134 1189 3204 Χριστὸς
1223 3133 1300 3197 δὲ,
1321 3132 1466 3185 καθὰ
1495 3134 1726 3204 ἔφημεν,
1763 3134 1839 3196 ώς

257 3221 562 3291 νομοθέτης
598 3222 692 3274 τὸν
722 3221 918 3275 ἑαυτοῦ
948 3223 1115 3293 νόμον
1142 3224 1282 3294 ὑπὲρ
1312 3225 1476 3292 νόμον
1499 3225 1838 3294 ἐπλήρωσεν·

260 3311 385 3364 οὐδὲ
422 3312 533 3380 γὰρ
561 3311 797 3381 ἧνοιξεν,
824 3311 962 3366 ἀλλά
994 3313 1394 3384 κεκλεισμένην
1415 3314 1514 3384 τὴν
1534 3313 1712 3385 πύλην
1742 3317 1841 3384 τῆς

265 3402 548 3472 Παρθένου
579 3403 878 3456 κατέλιπεν
909 3420 925 3436 ο
981 3405 1081 3457 ούκ
1115 3405 1384 3476 ἐσύλησεν
1424 3407 1539 3478 τὴν
1566 3407 1842 3478 σφραγῖδα

265 3493 365 3562 τῆς
393 3493 608 3562 φύσεως
629 3511 646 3526 ο
672 3495 773 3548 οὐκ
801 3497 1110 3567 ἐζημίωσεν
1139 3499 1239 3568 τὴν
1261 3497 1550 3552 τεκοῦσαν·
1578 3477 1844 3572 ἀκέραιον

267 3587 378 3658 γὰρ
421 3587 560 3658 αὐτῇ
614 3588 676 3642 τὸ
717 3590 900 3660 σχῆμα
937 3590 1038 3660 τῆς
1069 3590 1401 3662 παρθενείας
1432 3592 1760 3648 κατέλιπενο
1792 3593 1842 3645 εί

266 3681 323 3736 δὲ
355 3682 626 3746 ἀπιστεῖς,
661 3681 814 3752 παρά
845 3682 940 3736 τοῦ
985 3682 1244 3754 Ἱεζεκιὴλ
1274 3685 1512 3754 μάνθανε
1541 3701 1554 3715 ⁸
1591 3685 1698 3741 Kal
1731 3686 1845 3740 ἀπ-

267 3771 570 3840 ἐστρεψέν
580 3790 659 3842 με
678 3778 831 3832 κατὰ
857 3773 972 3840 τὴν
993 3774 1140 3829 ὁδὸν
1159 3774 1271 3843 τῆς
1293 3777 1496 3843 πύλης
1518 3775 1634 3830 τῶν
1661 3779 1848 3847 ἁγίων

269 3881 291 3916 τ
308 3862 381 3931 ἦς
404 3864 694 3934 ἐξωτέρας
723 3865 831 3934 τῆς
848 3867 1212 3935 ,βλεπούσαις
1236 3867 1388 3922 κατὰ
1405 3869 1724 3935 ἀνατολὰς,
1748 3869 1846 3923 καί

267 3957 423 4024 αὕτη
449 3956 530 4026 ἦν
557 3957 953 4026 κεκλασμένη
983 3973 998 3989 ο
1032 3959 1130 4012 καί
1190 3956 1364 4013 εἶπεν
1426 3961 1642 4028 Κύριος
1695 3963 1848 4030 πρός

267 4063 344 4115 με
367 4062 380 4076 °
433 4047 500 4103 ’11
527 4050 690 4118 πύλη
714 4049 867 4116 αὕτη
903 4050 1305 4120 κεκλεισμένη
1331 4051 1527 4116 ἔσται,
1547 4054 1658 4106 οὐκ
1683 4053 1848 4108 ἀνοι-

273 4137 583 4205 χθήσεται,
637 4137 738 4195 καί
809 4140 1011 4206 οὐδεὶς
1091 4143 1163 4195 οὐ
1211 4140 1296 4210 μὴ
1363 4141 1572 4210 διέλθῃ
1618 4141 1694 4196 δι’
1735 4145 1847 4197 αὺ-

270 4230 379 4298 eiii;
399 4249 412 4263 ·
442 4233 533 4287 ὅτι
555 4237 772 4302 Κύριος
797 4237 830 4288 ό
863 4235 1008 4300 Θεὸς
1034 4235 1144 4289 τοῦ
1186 4234 1424 4304 Ἰσραὴλ
1456 4236 1556 4290 καὶ
1585 4238 1852 4291 εἰσελεύ-

269 4339 442 4378 σεται
492 4324 590 4378 καί
643 4325 1065 4391 ἐξελεύσεται,
1129 4327 1228 4383 καί
1286 4327 1458 4382 ἐσται
1505 4327 1852 4397 κεκλεισμέ-

273 4429 370 4478 νη.
403 4440 470 4451 —
503 4413 637 4468 Πᾶν
683 4414 876 4482 ἄρσεν
911 4414 1221 4484 διανοῖγον
1245 4415 1518 4485 μήτραν,
1553 4416 1725 4486 ἅγιον
1771 4414 1851 4481 τῷ

270 4505 470 4571 Κυρίῳ
489 4503 859 4573 κληθήσεται
889 4523 905 4540 ο
935 4501 1092 4571 οὗτος
1109 4507 1166 4560 δὲ
1189 4508 1249 4564 οὐ
1289 4507 1450 4578 μόνον
1479 4509 1658 4576 ἅγιος.
1686 4508 1851 4561 Ὂσον

268 4596 455 4650 τοίνυν
476 4597 737 4670 ὑπερέχει
761 4598 838 4670 τῷ
866 4598 1147 4670 ἁγιασμῷ,
1181 4598 1438 4653 τοσοῦτον
1474 4601 1570 4655 καὶ
1601 4599 1682 4670 τῷ
1706 4601 1852 4670 τόκῳ

273 4687 612 4753 πλεονεκτεῖ,
646 4691 739 4745 καὶ
775 4689 872 4752 τοῦ
902 4691 1070 4761 νόμου
1101 4691 1199 4761 τὴν
1233 4691 1455 4761 ἐντολὴν
1487 4691 1849 4762 ἀναόἑὸηκενο

271 4779 419 4850 πλὴν
446 4780 502 4834 δὲ
541 4783 712 4851 ὅμως,
749 4783 862 4838 Τοῦ
899 4783 1113 4837 δοῦναι
1146 4783 1370 4838 θυσίαν
1406 4785 1560 4837 κατὰ
1594 4784 1660 4837 τὸ
1693 4786 1851 4852 ειρη-

264 4869 460 4937 μένον
489 4871 559 4925 ἐν
597 4871 759 4940 νόμῳ
801 4871 1047 4940 Κυρίου,
1083 4870 1286 4942 ζεῦγος
1315 4873 1643 4942 τρυγόνων,
1680 4874 1715 4941 ἢ
1742 4872 1852 4927 δύο

1943 3124 2105 3178 habet
2147 3139 2159 3173 ε
2194 3119 2446 3173 Christus
2462 3125 2666 3180 autem,
2696 3120 2755 3166 ut
2780 3108 3168 3182 jamdiximus,
3211 3122 3318 3176 qua
3349 3104 3512 3175 legis-

1943 3216 2082 3269 lator
2133 3227 2288 3265 suam
2330 3208 2506 3278 ipsius
2527 3208 2700 3276 legem
2723 3219 2886 3272 supra
2907 3201 3081 3272 legem
3101 3197 3374 3267 implevit.
3404 3193 3513 3249 Ne-

1943 3321 2049 3375 que
2073 3303 2221 3358 enim
2242 3299 2547 3370 adaperuit,
2573 3297 2667 3350 sed
2721 3295 2963 3348 clausam
3022 3300 3234 3360 portam
3279 3283 3518 3356 Virginis

1945 3395 2196 3466 reliquit;
2215 3409 2328 3448 non
2353 3391 2513 3460 fregit
2537 3387 2771 3458 sigillum
2799 3393 3009 3438 natura;
3029 3398 3046 3448 ;
3070 3396 3180 3434 non
3235 3375 3519 3433 deﬂoravit

1945 3485 2308 3558 genitricem;
2349 3481 2735 3535 intemeratum
2771 3474 2916 3528 enim
2966 3471 3042 3524 illi
3077 3469 3295 3538 signum
3345 3463 3506 3533 virgi-

1947 3554 2136 3634 nitatis
2187 3575 2424 3645 reliquit.
2463 3571 2522 3626 Si
2568 3583 2701 3623 vero
2725 3575 2840 3620 non
2890 3561 3089 3626 credis,
3117 3560 3187 3614 ab
3233 3554 3520 3610 Ezechiele

1946 3675 2144 3730 docere
2173 3690 2184 3723 :
2213 3665 2566 3723 Et'convertit
2606 3679 2688 3716 me
2711 3661 2781 3715 ad
2819 3659 2962 3713 viam
3003 3663 3172 3725 porta
3219 3659 3522 3704 sanctorum

1948 3763 2222 3819 exterioris
2253 3775 2369 3830 quae
2399 3755 2710 3824 respiciebat
2742 3751 2813 3805 ad
2863 3747 3139 3807 orientem,
3180 3749 3227 3794 et
3259 3739 3375 3808 ipsa
3408 3745 3520 3790 erat

1949 3855 2168 3918 clausa;
2203 3861 2252 3904 et
2267 3827 2412 3903 dixit
2444 3846 2702 3900 Dominus
2725 3841 2796 3895 ad
2829 3855 2910 3892 me
2938 3853 2958 3891 :
2993 3835 3159 3890 Porta
3195 3831 3305 3884 hac
3339 3827 3522 3881 clausa

1949 3949 2074 4013 erit,
2101 3961 2204 3998 non
2233 3941 2502 4012 aperietur
2525 3947 2573 3992 et
2609 3951 2760 3990 nemo
2791 3931 3039 3986 transibit
3069 3941 3162 3997 per
3193 3939 3342 3987 eam;
3397 3920 3524 3990 quia

1950 4040 2206 4094 Dominus
2225 4035 2366 4090 Deus
2392 4031 2566 4087 Israel
2588 4031 2856 4099 ingressus
2903 4030 2980 4076 est
3037 4028 3088 4075 et
3140 4031 3376 4088 egressus
3426 4021 3526 4074 est,

1951 4144 2000 4186 et
2029 4133 2128 4188 erit
2169 4129 2353 4184 clausa
2375 4127 2439 4179 ³³.
2473 4153 2543 4164 —-
2574 4123 2740 4179 Omne
2816 4115 3162 4172 masculinum
3213 4106 3528 4176 adaperiens

1951 4226 2183 4289 vulvam,
2225 4229 2467 4277 sanctum
2516 4215 2738 4271 Domino
2767 4209 3060 4267 vocabitur.
3086 4204 3196 4260 Iste
3212 4209 3397 4256 autem
3415 4211 3524 4251 non

1952 4319 2130 4374 solum
2189 4321 2458 4372 sanctus;
2523 4312 2790 4378 quantum
2864 4299 3014 4357 enim
3085 4295 3376 4353 sanctitate
3429 4306 3528 4345 es-

1881 4397 1926 4452 D
1959 4411 2196 4472 tollitur,
2233 4413 2442 4462 tantum
2461 4397 2721 4472 praecellit
2748 4391 3032 4448 nativitale
3066 4396 3121 4443 et
3145 4381 3530 4455 superabunde

1959 4505 2093 4576 legis
2122 4506 2394 4573 praecepta
2420 4491 2679 4562 complet.
2716 4487 2779 4542 In
2814 4486 2924 4540 hoc
2953 4493 3186 4576 autem
3225 4476 3292 4575 Ut
3338 4475 3529 4574 darent

1957 4562 2203 4658 hoitia-m,
2229 4562 2513 4646 secundum
2539 4580 2677 4653 quod
2702 4577 2895 4632 dicitur
2921 4573 2978 4626 in
3009 4570 3119 4640 lege
3137 4562 3374 4621 Domini.
3432 4573 3532 4658 par

1960 4649 2248 4749 turturum,
2275 4691 2370 4737 aut
2399 4679 2528 4734 duos
2553 4649 2729 4746 pullos
2761 4665 3126 4724 columbarum
3149 4675 3167 4712 :
3218 4666 3403 4710 nonne
3452 4649 3532 4749 le:

1960 4797 2076 4851 gem
2109 4738 2403 4833 obtruncat
2453 4738 2664 4823 Lucas?
2704 4762 2824 4819 Non
2858 4751 3164 4851 ignorantia
3210 4738 3548 4851 captusjsed.

1957 4827 2226 4940 sapientia
2289 4865 2508 4926 ductus,
2567 4859 2642 4913 ita
2693 4827 3024 4909 enuntiavit.
3063 4843 3170 4895 Lex
3227 4827 3536 4940 enim

392 4921 433 4924 --
493 4921 532 4925 ν
600 4921 751 4940 "re
802 4921 1047 4940 --νιηνι
1088 4921 1278 4942 --ν.-,
1320 4921 1514 4942 Tn.--
1544 4921 1599 4925 η-
1628 4921 1643 4936 .
1682 4921 1712 4941 -.
1746 4921 1831 4927 η-

273 4961 585 5028 νεοσσοὺς
625 4961 999 5031 περιστερῶν
1023 5002 1040 5026 ,
1078 4963 1264 5016 ἀτελεῖ
1307 4965 1399 5017 τὸν
1439 4963 1604 5034 νόμον
1636 4967 1664 5017 6
1712 4966 1831 5017 Λου

1960 4921 2160 5037 agiium
2190 4968 2245 5016 et
2273 4921 2620 5017 columbam;
2651 4947 2695 5002 si
2719 4953 2912 5037 autem
2927 4938 3082 4992 dives
3108 4945 3219 5037 non
3247 4925 3420 5037 fuerit
3440 4921 3537 5037 |ille

272 5053 421 5116 κᾶς;
453 5011 576 5105 06::
602 5011 799 5122 ἀγνοίᾳ
1437 5011 1829 5124 εέῖεηῖίηὸέἰξ

1960 5011 2395 5124 Eii-Eaeiifpar
2435 5011 2716 5095 turturum
2755 5037 2852 5084 aut
2882 5026 3021 5080 duos
3058 5018 3238 5090 pullos
3258 5011 3537 5124 columba,-

269 5143 512 5209 ιξέθετο.
580 5103 786 5214 Ὀιμὲν
818 5103 981 5213 νόμος
1021 5103 1219 5211 uile-(ev
1268 5103 1830 5214 dpiibvvxathbsoaadv

1963 5103 2106 5206 imm.
2132 5153 2189 5199 et
2233 5103 2424 5196 ilo-rem
2454 5135 2645 5190 farina:
2685 5129 2953 5196 apponet;
2987 5115 3162 5173 Lucas
3191 5123 3324 5166 vero
3355 5103 3538 5202 divitis

271 5190 512 5209 """"
604 5190 631 5195 '
681 5190 772 5214 r'"
827 5190 979 5213 "r'v
1035 5190 1214 5211 ""|"
1281 5190 1444 5214 "t""'
1487 5190 1580 5198 ⁷“”“
1622 5190 1826 5199 ’“’⁷⁷”

269 5237 378 5292 οὐκ
409 5237 773 5308 εὐποροῦντος
802 5236 861 5291 δὲ
889 5236 985 5290 τοῦ
1017 5237 1420 5308 προσφέροντος
1442 5278 1457 5302 ,
1492 5237 1686 5308 ζεῦγος
1721 5256 1822 5310 τρυ

1965 5190 2154 5293 omisit
2195 5229 2554 5286 oblationem,
2593 5190 3072 5278 hum-ilitatemque
3089 5190 3539 5310 commemoravit

276 5285 378 5292 ""
412 5285 771 5308 ""'I'"""
807 5285 859 5291 ⁷⁷
902 5285 981 5290 ⁷⁷⁷
1023 5285 1457 5308 ”Τ’“ῐ⁷1’⁷”“νν
1495 5285 1684 5308 ’³⁷⁷1⁷7
1733 5285 1820 5310 ’⁵⁷⁷

271 5333 454 5396 ’τόνων
509 5331 542 5402 ἢ
597 5329 694 5384 δύο
742 5329 1000 5393 νεοσσοὺς
1046 5331 1408 5401 περιστερῶν,
1429 5330 1524 5384 καὶ
1580 5331 1828 5400 σεμίδαλι

1969 5332 2116 5387 illius
2148 5325 2241 5396 qui
2268 5285 2578 5379 voluntarie
2608 5314 2834 5382 propter
2882 5317 2985 5357 nos
3028 5293 3384 5362 semetipsum
3436 5285 3539 5340 bu-

1967 5387 2219 5482 miliavit.
2260 5414 2378 5470 Non
2403 5416 2524 5466 erat
2555 5404 2655 5467 illi,
2676 5398 2897 5461 dicitur,
2929 5393 3018 5450 ubi
3057 5387 3538 5482 reclinaretcaput.

273 5424 690 5493 προσέταττενο
748 5425 776 5476 6
831 5425 1044 5486 Λουκᾶς
1101 5425 1159 5478 δὲ
1206 5424 1303 5495 τὴν
1349 5425 1446 5477 τοῦ
1497 5424 1860 5487 πλουτοῦντος

2824 5489 2878 5546 in
2923 5481 3186 5557 praesepio
3215 5473 3408 5548 pannis
3453 5470 3538 5545 in:

271 5516 492 5585 ἀφῆκεν
537 5515 888 5586 προσφοράν’
928 5516 1144 5586 πτωχοῦ
1187 5517 1294 5592 γὶρ
1326 5517 1735 5589 ἐμνημόνευσεν
1763 5537 1831 5572 το

1970 5517 2116 5573 unde
2144 5521 2342 5581 agnum
2372 5492 2778 5570 comparasset?

367 5687 410 5718 ⁸⁸
443 5686 644 5754 Ειερὴ.
676 5703 822 5752 xuv,
857 5689 914 5740 2.
