3936 6200
200 241 304 309 14⁸73

1587 232 2016 298 SERMONES‘.

3264 228 3402 293 147$

193 360 279 410 Και
298 357 392 416 πῶς
420 356 448 407 ὁ
476 351 700 421 Συμεὼν
732 349 925 403 θυσίαν
942 350 1042 419 τὴν
1061 347 1209 425 αὐτῴ
1243 347 1317 420 μὴ
1345 348 1729 419 προσήκουσαν

1835 350 1909 418 pli
1952 348 2224 411 minister,
2259 346 2528 416 siquidem
2588 346 2687 400 soli
2741 346 2885 401 tribu
2934 344 3063 399 Levi
3094 360 3183 399 res
3234 361 3403 400 sacra:

187 450 484 519 ἁνήνεγκενς
517 443 639 496 οὐδὲ
661 441 773 513 γὰρ
795 438 866 512 ἦν
898 440 1076 511 ἱερεύς
1101 457 1114 470 ⁸
1148 441 1208 495 οὐ
1246 441 1356 512 γὰρ
1382 438 1544 493 τοῦτο
1575 440 1726 509 εἰρη-

187 537 417 595 ταιομούδὲ
461 537 696 605 Λευῖτης
716 577 732 601 ,
772 534 897 589 οὐδὲ
929 533 1228 603 νεωκόρος·
1260 532 1453 601 ἐπειδὴ
1486 532 1624 601 μόνῃ
1658 533 1725 602 τῇ

1829 448 1976 492 sorte
2004 437 2474 491 distribuebantur
2498 451 2512 498 ;
2547 450 2654 489 non
2684 444 2804 491 erat
2826 435 3107 499 sacerdos,
3131 443 3249 491 erat
3303 449 3404 487 au-

1829 536 1938 581 tem
1982 527 2205 596 justus:
2233 526 2611 595 justitia‘vero
2657 523 3017 581 sacerdotium
3051 525 3154 580 sub
3173 524 3403 592 pedibus

187 629 300 699 φυλῇ
328 627 408 682 τοῦ
439 624 575 679 Aeni
612 624 674 677 1:6
702 622 1080 693 λειτουργικδν
1121 621 1471 690 κεκλήρωται
1491 635 1505 649 ⁸
1538 621 1640 673 οὐκ
1659 614 1729 689 ἦν

1832 618 2029 681 habet;
2067 632 2178 672 non
2207 627 2326 672 erat
2354 617 2539 681 lovita,
2581 616 2676 671 sed
2714 615 3000 670 timuimus
3030 628 3045 667 :
3080 614 3164 671 vir
3220 622 3401 669 autem

186 720 350 794 ίερεὺς,
373 717 438 792 ἦν
462 720 521 775 δὲ
571 719 782 783 δίκαιος
811 733 824 747 ⁸
866 720 900 789 ἡ
935 718 1251 785 δικαιοσύνη
1280 716 1338 769 δὲ
1363 714 1463 785 τὴν
1499 713 1730 785 ἱερωσύο

185 831 266 883 νην
284 813 371 867 ὑπὸ
406 812 531 873 τοὺς
556 810 725 873 πόδας
754 808 1018 869 κέκτηται
1040 825 1054 839 ·
1093 810 1194 863 οὐκ
1230 803 1298 878 ἦν
1318 808 1553 874 Αευῖτης
1569 847 1583 867 ,
1607 805 1724 860 ἀλλ’

183 902 379 973 εὐλαϐής
400 917 414 931 ⁸
447 903 479 959 6
503 899 562 957 δέ
588 916 652 968 γε
673 898 910 968 εὐλαϐὴς
925 898 1017 967 ἀφ’
1050 895 1245 953 ἑαυτοῦ
1276 897 1336 951 τὸ
1360 896 1566 969 χρίσμα
1588 895 1722 966 ἔχει.

240 994 335 1049 Καὶ
374 990 692 1058 βαστάζων
730 991 797 1045 τὸ
840 990 1073 1058 ,ϐρέφος
1108 989 1245 1058 ἔφη·
1272 988 1405 1044 Νῦν
1428 989 1723 1054 ἀπολύεις

1830 709 2116 765 timoratus
2132 725 2164 763 a
2184 709 2368 779 seipso
2398 707 2719 763 unctionem
2744 706 2925 762 habet.

1902 967 1973 1033 Et
2015 967 2224 1023 elevans
2239 984 2465 1037 puerum
2500 968 2637 1022 dixit
2674 983 2691 1022 :
2751 965 2910 1019 Nunc
2927 967 3153 1022 dimittis
3195 983 3406 1023 servum

183 1085 275 1140 τὸν
297 1085 512 1141 δοῦλόν
541 1098 682 1151 σου,
715 1081 1010 1143 Δέσποτα,
1051 1083 1201 1136 κατὰ
1231 1082 1295 1133 τὸ
1312 1078 1481 1149 ῥῆμά
1509 1095 1626 1133 σου
1654 1078 1725 1131 ἐν

1832 1070 1998 1126 tuum,
2029 1061 2268 1127 Domine,
2289 1061 2570 1113 secundum
2598 1058 2808 1111 verbum
2839 1067 2985 1111 tuum
3007 1059 3059 1110 in
3085 1058 3409 1126 pace,Nunc

181 1177 380 1247 εἰρήνῃ.
418 1176 534 1229 Νῦν
563 1173 826 1237 ἀπολύεις
849 1190 866 1208 ⁸
887 1169 1052 1244 ἦλθεν
1082 1173 1192 1241 γὰρ
1229 1174 1256 1225 6
1285 1172 1478 1242 καιρὸς
1494 1171 1594 1240 τῆς
1625 1171 1731 1238 ἀφ-

180 1272 354 1332 έσεως·
379 1268 697 1338 ἀπήντησεν
720 1265 831 1318 τῶν
860 1263 1226 1334 αἰχμαλώτων
1250 1263 1281 1332 ἡ
1309 1262 1600 1333 λύτρωσις,

179 1360 382 1430 χρεῶνή
437 1355 789 1427 συγχώρησις
813 1370 827 1387 ⁸
873 1354 1143 1424 ἐγεννήθη
1181 1353 1471 1424 βασιλεὺς,
1502 1353 1631 1414 τοὺς
1668 1352 1728 1403 ὲν

179 1451 414 1521 φυλακαῖς
463 1449 789 1521 ἐλευθερῶν,
829 1450 957 1513 τοὺς
995 1450 1052 1501 ἐν
1089 1448 1310 1517 δεσμοῖς
1347 1445 1727 1509 ἀπαλλάττων,
1762 1467 1804 1522 Β

176 1541 288 1604 τοὺς
321 1541 373 1593 ὲν
399 1539 616 1609 θανάτῳ
655 1540 737 1603 είς
767 1536 915 1605 ζωὴν
958 1534 1432 1604 ἀνακαλούμενος,
1454 1535 1730 1602 κουφίζων

175 1631 256 1685 τὸν
276 1631 428 1702 φόρον
469 1630 570 1701 τῆς
630 1628 758 1698 γῆς.
826 1627 957 1684 Νῦν
1011 1627 1306 1690 ἀπολύεις
1333 1625 1440 1679 τὸν
1503 1624 1732 1679 δοῦλόν

173 1739 299 1786 σου,
342 1721 630 1781 Δέσποτα.
667 1720 792 1783 Πῶς
838 1716 1026 1782 οἷδαςς
1080 1716 1221 1786 Ὀρῶ
1284 1716 1376 1770 τὸν
1410 1715 1751 1785 Δεσπότην,⁴

173 1814 342 1882 φησὶν,
373 1814 561 1883 σχῆμα
592 1811 782 1864 δούλου
825 1810 1212 1878 περικείμενον
1242 1823 1256 1836 ⁸
1288 1810 1388 1860 οὐκ
1419 1807 1486 1860 ἂν
1531 1807 1728 1862 δεσπό-

170 1919 259 1973 της
286 1903 373 1968 ὣν,
398 1903 589 1955 δούλου
647 1901 864 1975 μορφὴν
913 1902 1196 1971 ἐφόρεσεν,
1227 1903 1275 1952 εἰ
1321 1902 1395 1971 μὴ
1425 1900 1515 1953 τὸν
1543 1899 1730 1954 δοῦλον

170 1998 371 2052 ἐνδῦσαι
408 1997 505 2051 τοῦ
542 1996 817 2050 Δεσπότου
862 1996 961 2065 τὴν
1004 1995 1218 2067 μορφὴν
1266 1995 1551 2064 ἐλογίσατο
1577 2010 1595 2025 σ
1620 1994 1730 2055 ⁴οὐκ

168 2090 230 2142 ἂν
256 2088 347 2161 τὴν
396 2087 551 2153 τάξιν
583 2087 894 2158 ἐνήλλαξεν,
922 2087 1030 2140 οὐδ’
1063 2086 1265 2157 ὑψηλὸς
1312 2084 1387 2138 ὢν
1431 2083 1728 2139 ἐταπεινώο

163 2180 260 2248 θη,
291 2179 336 2229 εί
373 2177 447 2248 μὴ
485 2177 548 2228 τδ
583 2176 842 2229 ταπεινὸν
880 2177 959 2239 είς
1009 2173 1143 2243 ὕψος
1174 2176 1472 2243 ἀναγαγεῖν
1503 2173 1735 2244 ὴὸουλή-

168 2270 252 2339 οη.
280 2267 436 2321 Ἀλλὰ
461 2266 580 2330 πῶς
601 2266 767 2320 αὐτὸν
792 2266 1048 2328 ἀπολύεις
1080 2279 1094 2330 ;
1137 2266 1298 2318 Κατὰ
1325 2264 1391 2318 τὸ
1416 2263 1586 2334 ῥῆμά
1613 2280 1730 2318 σου

163 2362 229 2414 ἐν
255 2359 460 2428 εἰρήνῃ
492 2374 507 2390 ⁵
542 2360 591 2412 εἶ
617 2358 726 2428 γὰρ
757 2359 967 2430 ῥήματι
1010 2358 1109 2430 τὴν
1168 2356 1348 2411 κτίσιν
1382 2359 1729 2428 παρήγαγες,

163 2452 360 2523 ῥήματι
383 2451 603 2508 πάντως
626 2449 931 2521 ἐλευθεροίς
950 2450 1042 2504 τὸν
1086 2452 1184 2522 τῆς
1210 2449 1441 2511 κτίσεως
1469 2448 1728 2518 ἄρχοντα.

161 2543 263 2595 Ἐν
304 2538 510 2609 εἰρήνῃ
531 2556 547 2572 ⁸
584 2540 751 2611 troia;
788 2542 856 2612 τῇ
889 2541 985 2593 τοῦ
1015 2539 1249 2610 σταυροῦ
1272 2557 1285 2570 ⁸
1318 2537 1503 2609 ἐκείνη
1566 2539 1673 2607 γὰρ
1696 2537 1730 2607 ὴ

160 2633 407 2704 μάχαιρα
442 2630 539 2684 τοῦ
578 2630 843 2702 τυράννου
883 2632 982 2700 τὴν
1016 2632 1257 2702 κεφαλὴν
1287 2631 1585 2698 ἀπέτεμεν,
1636 2629 1731 2682 καὶ

156 2724 378 2794 είρήνην
408 2724 522 2784 τοῖς
550 2722 686 2791 μετὰ
718 2720 960 2792 Χριστοῦ
1018 2719 1472 2792 στρατευομένοις
1505 2718 1727 2773 ἔδωκεν.

1826 1147 2087 1213 dimittis,
2114 1147 2228 1216 jam
2254 1148 2404 1200 enim
2425 1146 2577 1202 venit
2616 1154 2832 1215 tempus
2859 1146 3237 1213 liberationis;
3310 1162 3408 1205 oc-

1620 1237 1729 1313 τῶν
1830 1237 2370 1308 curritcaptivorum
2403 1238 2731 1305 redemptio,
2788 1238 3099 1292 debitorum
3130 1238 3405 1305 remissio;

1833 1338 1997 1385 natus
2051 1339 2136 1383 est
2162 1344 2281 1392 rex,
2316 1343 2536 1383 carcere
2579 1321 2851 1383 detentos‘
2881 1328 3142 1395 liberans,
3190 1330 3408 1389 vincula

1835 1435 2115 1490 rumpens,
2180 1429 2429 1477 mortuos
2494 1420 2562 1473 ad
2630 1420 2796 1477 vitam
2835 1433 3120 1482 revocans,
3167 1420 3409 1474 allevans

1835 1511 2038 1565 tributo
2092 1520 2317 1573 terram.
2378 1508 2536 1564 Nunc
2586 1511 2808 1564 dimittis
2848 1527 3055 1565 servum
3102 1520 3271 1571 tuum,
3300 1510 3407 1565 Do-

1834 1602 1994 1656 mine.
2033 1602 2320 1668 Quomodo
2348 1609 2405 1656 tu
2437 1602 2587 1657 scis?
2627 1601 2795 1656 Video
2859 1601 3173 1666 Dominum,
3211 1603 3407 1671 inquit,

1833 1691 2008 1746 forma
2060 1693 2205 1747 servi
2248 1693 2536 1748 indutum:
2580 1693 2843 1747 Dominus
2883 1709 3005 1748 cum
3034 1694 3125 1758 sit,
3176 1693 3408 1747 formam

1832 1785 1976 1838 servi
2001 1800 2111 1840 non
2146 1794 2433 1855 portasset.
2466 1786 2570 1841 nisi
2602 1801 2820 1841 servum
2856 1787 3061 1840 vestire
3093 1786 3265 1840 forma
3303 1786 3409 1840 Do-

1834 1877 1964 1930 mini
1990 1877 2313 1948 cOgitasset;
2370 1894 2653 1948 nunquam
2704 1879 2927 1933 ordines
2986 1878 3407 1942 intervertisset,

1831 1984 2012 2040 neque
2042 1960 2341 2024 altissimus
2375 1970 2505 2040 ipse
2522 1970 2880 2040 semetipsum
2909 1971 3275 2036 humiliasset,
3305 1972 3408 2027 nisi

1832 2062 2097 2116 humilem
2118 2054 2188 2115 in
2219 2062 2392 2116 altum
2426 2063 2643 2117 elevare
2674 2062 2959 2118 voluisset.
2993 2063 3099 2118 Sed
3135 2067 3411 2134 quomodo

1834 2151 1984 2207 illum
2044 2152 2313 2206 dimittis?
2342 2151 2641 2207 Secundum
2690 2155 2901 2206 verbum
2948 2162 3095 2206 tuum
3138 2154 3196 2206 in
3238 2169 3407 2225 pace:

1833 2244 1878 2298 si
1935 2244 2083 2298 enim
2139 2244 2310 2298 verbo
2339 2244 2674 2298 creationem
2724 2245 3001 2314 producis,
3038 2245 3209 2300 verbo
3249 2246 3410 2315 plane

1832 2336 2090 2391 liberabis
2145 2351 2270 2391 eum
2328 2338 2424 2406 qui
2477 2345 2641 2406 caput
2681 2345 2766 2390 est
2798 2337 3115 2392 creationis.
3152 2336 3218 2390 In
3243 2353 3408 2405 pace:

1831 2444 1953 2499 quae
1975 2429 2123 2499 pax?
2158 2430 2269 2483 Pax
2319 2431 2502 2484 crucis
2541 2445 2554 2480 :
2613 2430 2728 2495 ipsa
2758 2431 2902 2484 enim
2956 2430 3165 2501 gladius
3183 2441 3270 2485 est
3311 2432 3409 2501 qui

1833 2520 2046 2590 tyranni
2083 2528 2247 2590 caput
2275 2520 2639 2583 obtruncavit,
2698 2532 2752 2574 et
2788 2537 2976 2590 pacem
3012 2536 3133 2575 cum
3192 2522 3411 2577 Christo

1833 2610 2195 2665 militantibus
2215 2612 2384 2666 dedit.
2410 2611 2548 2676 Quia
2570 2614 2815 2666 viderunt
2854 2614 2990 2666 oculi
3035 2615 3137 2667 mei
3174 2614 3413 2671 salutare

1833 2711 1980 2755 tuam
2012 2707 2150 2774 quod
2182 2707 2409 2773 parasti.
2431 2703 2701 2760 Viderunt
2744 2709 2885 2777 quod
2922 2708 3076 2761 multi
3138 2708 3412 2763 desidera-

155 2814 285 2867 Ὀτι
305 2814 437 2866 ῑδον
450 2815 504 2865 οἱ
521 2812 822 2880 ὀφθαλμοί
831 2829 951 2880 μου
967 2810 1034 2864 τὸ
1054 2810 1354 2879 σωτήριόν
1379 2827 1495 2863 σου
1517 2809 1547 2862 ὃ
1570 2810 1729 2876 ἡτοί-

1834 2806 2031 2850 verunt
2051 2797 2253 2861 videre,
2288 2806 2341 2851 et
2366 2813 2471 2852 non
2494 2799 2764 2861 viderunt,
2797 2800 2965 2854 Deum
2991 2803 3044 2854 in
3082 2809 3288 2866 tcarne,
3319 2810 3413 2856 so;

146 2923 371 2974 μασας.
397 2908 535 2961 Ἰδον
584 2906 621 2959 ἀ
675 2902 863 2957 πολλοὶ
921 2902 1276 2980 ἐπεθύμησαν
1314 2900 1462 2963 ἰδεῖν,
1494 2902 1589 2951 καὶ
1625 2898 1727 2950 οὐκ

143 3000 282 3063 ἴδον,
313 2990 446 3050 θεὸν
510 2997 568 3047 ὲν
621 2995 810 3063 σαρκὶ,
857 2990 1009 3061 ἥλιον
1055 2992 1112 3043 ὲν
1151 2990 1350 3061 νεφέλῃ
1400 2988 1724 3057 ᾳωτῐζοντα.

143 3091 319 3147 Ἰδον
352 3091 405 3143 οἱ
448 3087 747 3157 ὀφθαλμοί
782 3101 902 3154 μου
949 3083 1016 3136 τὸ
1058 3084 1361 3151 σωτήριόν
1394 3094 1548 3135 σουο
1582 3078 1726 3132 τοῦτ’

134 3185 163 3236 ἕ
173 3197 298 3236 στιν
321 3197 338 3213 ⁸
367 3179 504 3233 Ἰδον
537 3195 632 3232 σου
660 3177 758 3249 τὴν
789 3176 1130 3247 ὲνσάρκωσιν
1146 3174 1212 3228 δι’
1240 3169 1307 3245 ἧς
1331 3173 1430 3243 τὴν
1452 3172 1727 3244 σωτηρίαν

133 3273 259 3329 τῶν
292 3270 596 3344 ἀνθρώπων
640 3267 1000 3339 ᾠκονόμησας
1032 3280 1049 3293 ⁸
1080 3266 1143 3320 οὐ
1196 3268 1305 3335 γὰρ
1359 3265 1467 3317 [δον
1513 3265 1728 3337 γυμνὴν

135 3364 404 3432 θεότητα,
431 3361 619 3429 ἑπειδὴ
654 3362 746 3432 τὸν
786 3359 922 3410 Θεὸν
954 3355 1139 3419 καθώς
1177 3357 1327 3408 ἐστιν
1365 3356 1523 3408 οὐσία
1552 3356 1728 3418 οὐδεὶς

135 3451 245 3507 ἀνθ
256 3450 456 3521 ρώπων
471 3450 685 3519 δψεται.
716 3448 849 3500 Ὅτι
865 3445 1001 3500 ἴδον
1016 3447 1071 3499 οἱ
1087 3444 1384 3514 ὀφθαλμοί
1394 3461 1513 3513 μου
1530 3446 1595 3497 τὸ
1611 3460 1726 3497 σω-

136 3543 360 3611 τήριόν
388 3556 529 3604 σου,
552 3540 583 3593 ὃ
602 3539 936 3608 ἡτοίμασας
965 3537 1113 3590 κατὰ
1134 3536 1462 3604 πρόσωπον
1486 3534 1730 3588 πάντων

136 3630 268 3686 τῶν
291 3628 462 3684 λαῶν
484 3644 499 3659 ⁸
530 3627 657 3699 φῶς
689 3630 778 3694 εἲς
809 3624 1206 3694 ἀποκάλυψιν
1248 3622 1464 3686 ἐθνῶν,
1490 3624 1585 3676 καί
1629 3622 1728 3678 dd-

131 3726 265 3788 ξαν
274 3720 437 3777 λαοῦ
454 3738 571 3776 σου
583 3717 854 3789 Ἰσραήλ.
888 3717 1058 3772 Κοινά
1071 3717 1185 3779 τοῖς
1200 3712 1479 3777 Ἰουδαίοις
1502 3713 1598 3767 καὶ
1615 3717 1727 3780 τοῖς

128 3814 360 3868 ἔθνεσιν
376 3814 449 3866 τὰ
467 3810 649 3881 ἀγαθά
673 3809 770 3864 καὶ
802 3808 1078 3879 ἀμέριστα
1097 3822 1114 3839 ⁸
1152 3805 1229 3877 μὴ
1258 3805 1437 3858 τοίνυν
1462 3804 1728 3875 φθονείτω

124 3909 158 3959 6
204 3903 490 3967 Ἰουδαῖος,
534 3902 675 3972 μήτε
706 3896 1153 3968 στενοχωρείσθω
1189 3897 1218 3949 6
1247 3896 1562 3966 Φαρισαῖος,
1588 3897 1727 3968 μήτε

124 3995 461 4065 πειραζέτω
489 3994 518 4047 6
549 3990 919 4065 Γραμματεύς
951 4004 966 4021 ⁸
1006 3988 1080 4060 μὴ
1118 3985 1452 4042 εὐλαϐείσθω
1477 3987 1727 4059 περὶτῆς

116 4089 310 4144 αὑτοῦ
346 4086 630 4156 βασιλείας
661 4085 690 4137 6
730 4082 979 4153 Ἡρώδης
1006 4097 1021 4113 ⁸
1046 4080 1121 4152 μὴ
1161 4078 1414 4134 δειλιάτω
1457 4079 1587 4149 περὶ
1626 4078 1725 4150 τῆς

1837 2886 1942 2940 lem
1978 2888 2034 2941 in
2081 2887 2230 2942 nube
2276 2889 2603 2944 radiantem.
2641 2890 2893 2944 Viderunt
2929 2892 3068 2945 oculi
3116 2894 3218 2946 mei
3261 2893 3412 2946 salu-

1838 2986 1956 3032 tare
1978 2992 2124 3033 tuum
2156 2998 2170 3034 :
2204 2980 2258 3034 id
2282 2990 2386 3044 est,
2409 2981 2662 3035 viderunt
2681 2990 2827 3035 tuam
2854 2982 3289 3039 incarnationem
3315 2998 3415 3056 per

1835 3085 1999 3138 quam
2024 3074 2257 3126 salutem
2286 3072 2572 3127 hominum
2607 3074 2904 3139 nrdinasti;
2943 3091 3051 3129 non
3083 3075 3230 3130 enim
3258 3078 3411 3133 vide-

1835 3170 1966 3215 runt
1992 3165 2194 3217 nudam
2220 3156 2580 3225 divinitatem,
2609 3167 2879 3235 siquidem
2935 3167 3104 3223 Deum
3146 3172 3286 3224 sicut
3330 3180 3414 3225 est

1834 3251 1890 3307 in
1922 3256 2228 3311 substantia
2262 3257 2444 3312 nullus
2503 3256 2788 3314 hominum
2843 3261 3073 3316 videbit.
3116 3261 3252 3328 Quia
3272 3263 3415 3318 vide-

1833 3357 1961 3401 runt
1987 3349 2123 3401 oculi
2178 3351 2281 3403 mei
2324 3350 2563 3405 salutare
2618 3361 2787 3417 tuum,
2849 3355 2987 3423 quod
3028 3358 3236 3424 parasti
3289 3368 3414 3411 ante

1835 3440 2023 3511 faciem
2057 3442 2290 3495 omnium
2328 3442 2677 3513 populorum;
2716 3444 2891 3499 lumen
2932 3447 3003 3499 ad
3040 3447 3413 3503 reuelationem

1833 3534 2089 3600 gentium,
2122 3542 2171 3585 et
2214 3533 2441 3603 gloriam
2496 3535 2659 3603 plebis
2711 3546 2815 3590 tua:
2856 3535 3051 3590 Israel.
3086 3538 3409 3595 Communia

1834 3634 1964 3678 sunt
1990 3622 2196 3679 Iudaeis
2225 3635 2281 3680 et
2302 3626 2556 3696 gentibus
2577 3624 2740 3691 bona,
2770 3638 2824 3683 et
2869 3630 3124 3684 indivisa.
3157 3629 3273 3684 Non
3297 3632 3409 3702 jam

1835 3713 2146 3771 invideatur
2167 3716 2409 3782 Juda2us,
2449 3735 2628 3794 neque
2661 3724 3058 3792 comprimatur
3077 3722 3407 3789 Pharisznus,

1832 3820 2012 3877 neque
2038 3817 2277 3864 tentetur
2298 3810 2490 3866 Scriba
2510 3830 2525 3879 ;
2542 3827 2652 3866 non
2675 3822 2979 3883 praecaveo!
2998 3830 3096 3886 pro
3125 3831 3292 3887 regno
3310 3833 3411 3873 suo

1833 3894 2098 3963 Herodes,
2113 3915 2215 3954 nec
2238 3900 2462 3956 timeant
2476 3918 2574 3972 pro
2592 3903 2893 3959 sacerdotio
2908 3906 3061 3960 Anna
3079 3908 3407 3978 et'Caiphas;

1832 3990 1925 4060 qui
1951 3992 2095 4045 venit
2115 3991 2205 4046 dat
2222 3994 2503 4060 omnibus,
2522 3995 2722 4049 nullius
2740 4008 3026 4066 personam
3055 3999 3273 4069 accipit.
3300 3999 3412 4053 Ah-

1832 4083 1979 4137 unde
2006 4086 2326 4155 magniﬁcus
2364 4098 2467 4149 est.
2505 4088 2709 4159 absque
2735 4105 2989 4144 mensura
3023 4091 3161 4146 dona
3197 4091 3407 4147 tribuit.

120 4179 456 4251 ἱερωσύνης
510 4178 713 4238 Ἅννας
749 4173 845 4226 καὶ
889 4171 1146 4242 Καϊάφας
1178 4187 1193 4202 ⁸
1229 4171 1260 4223 6
1309 4166 1484 4222 ἐλθὼν
1547 4170 1685 4240 πᾷσι
1735 4169 1941 4237 δίδωσι,
1996 4175 2127 4246 παρ’
2168 4175 2384 4241 οὐδενὸς
2428 4175 2700 4249 λαμϐάνει
2734 4194 2748 4209 ⁸
2808 4180 3057 4248 ἀφθόνως
3104 4180 3406 4251 φιλοτιμεῖ-

112 4290 241 4334 ται,
267 4272 448 4343 χωρὶς
478 4270 678 4343 μέτρου
708 4267 1014 4340 χαρίζεται.

212 4364 407 4420 Ἀλλὰ
442 4364 665 4432 Ἰωσὴφ
689 4362 788 4416 καί
825 4363 856 4430 ἡ
885 4360 1085 4429 μήτηρ
1126 4357 1317 4413 αὑτοῦ
1346 4358 1723 4428 ἀκούσαντες

1899 4361 2004 4418 Sed
2016 4362 2204 4433 Ioseph
2238 4370 2286 4416 et
2321 4370 2495 4416 mater
2511 4361 2624 4432 ejus
2643 4363 2914 4417 audientes
2945 4380 3061 4435 quer
3077 4381 3170 4433 per
3196 4363 3410 4422 Simeov

103 4455 194 4524 τὰ
233 4455 411 4524 παρὰ
458 4455 567 4508 τοῦ
605 4452 921 4523 Συμεῶνος
943 4451 1287 4520 λαληθέντα
1308 4491 1323 4517 ,
1349 4452 1721 4517 ἐθαύμασαν,

102 4522 245 4608 πῖῦς
282 4522 588 4615 ὀνΧριστὸς
637 4522 887 4617 ἀνέχεται
932 4544 1045 4608 υίὸς
1088 4541 1378 4614 ανθρώπου
1419 4543 1721 4610 γενέσθαι·

98 4633 463 4704 ἐθαύμασεν
497 4636 530 4704 ἡ
570 4635 759 4706 Μαρία
796 4635 913 4700 πῶς
936 4635 1150 4706 γαστὴρ
1178 4636 1438 4703 γυναικὸς
1473 4634 1721 4706 ἐχώρησέ

93 4728 288 4791 «θεὸν,
325 4730 451 4791 πῶς
477 4731 513 4799 ἡ
539 4729 698 4799 δούλη
721 4729 813 4784 τὸν
837 4729 1225 4799 ἐλευθεροῦντα
1250 4730 1346 4799 τὴν
1370 4731 1546 4782 κτίσιν
1567 4731 1723 4798 ὲγέν-

91 4837 297 4891 νησεν
336 4836 350 4850 ⁸
394 4821 495 4876 καί
536 4840 750 4891 φησιν,
788 4819 980 4889 Οὗτος
1019 4822 1206 4876 κεῖται
1231 4823 1317 4888 είς
1348 4820 1580 4875 πτῶσιν
1622 4822 1722 4875 καί

83 4908 487 4965 ἀνάστασιν
502 4910 752 4965 πολλῶν
768 4912 837 4966 ἐν
857 4912 936 4977 τῷ
950 4912 1222 4981 Ἰσραὴλ,
1243 4910 1343 4965 καί
1363 4913 1452 4979 είς
1472 4912 1724 4979 σημεῖον

78 5003 631 5071 ἀντιλεγόμενον.
664 5001 760 5065 Et;
818 5002 1023 5056 πτῶσιν
1072 5003 1183 5056 τῶν
1245 5003 1614 5074 ἐπιμενόντων
1653 5005 1720 5074 τῇ

74 5092 394 5166 ἀπιστίᾳ,
430 5095 508 5156 είς
539 5091 836 5146 ἀνάστασιν
883 5094 993 5145 τῶν
1026 5093 1085 5160 ἐξ
1122 5095 1382 5157 ἀπιστίας
1423 5096 1503 5158 εἰς
1538 5093 1722 5147 πίστιν

75 5184 610 5257 μετατιθεμένων.
650 5183 810 5247 Λίθος
860 5179 928 5253 ἦν
957 5184 986 5236 6
1036 5184 1270 5254 Χριστὸς
1317 5187 1397 5248 είς
1430 5184 1718 5255 οἰκοδομὴν

74 5274 420 5343 κείμενος,
447 5274 584 5329 ἀλλὰ
632 5277 1008 5346 προσέκοπτον
1042 5277 1093 5329 οἱ
1130 5277 1322 5345 τυφλοὶ
1366 5280 1490 5340 τοὺς
1526 5278 1721 5347 ὀφθαλ-

63 5368 252 5442 μοὺς
290 5366 641 5438 ῤεῦὀμενοι
672 5380 686 5395 ⁸
720 5369 780 5421 οὐ
829 5368 1010 5421 τοίνυν
1041 5368 1189 5440 αὐτῷ
1234 5369 1334 5439 τὴν
1376 5369 1585 5423 πτῶσιν
1614 5369 1723 5423 τῶν

61 5459 536 5522 πεπτωκότων,
569 5459 706 5513 ἀλλὰ
744 5458 844 5530 τὴν
874 5459 1169 5513 ἀνάστασιν
1212 5460 1529 5529 λογίζεσθαι
1564 5465 1664 5534 χρή
1703 5481 1717 5495 ·

45 5554 120 5608 εἰ
185 5552 314 5620 μὲν
363 5549 478 5621 γὰρ
516 5549 745 5604 ἔπιπτον
802 5551 983 5621 μόνον,
1011 5552 1134 5623 οὐχὶ
1165 5552 1222 5606 δὲ
1269 5554 1363 5607 καὶ
1411 5553 1718 5616 ἀνίσταντο,

45 5643 361 5705 δικαίως
392 5640 578 5696 αὐτῶν
608 5642 705 5713 τῆς
730 5641 969 5706 πίστεως
1001 5643 1327 5706 ὑποπτεύεις
1353 5645 1524 5698 αἴτιον
1550 5661 1561 5673 ·
1597 5644 1717 5696 εἰδὲ

1830 4474 1948 4511 nem
2013 4457 2345 4520 dicebantur,
2415 4455 2772 4518 mirabantur,
2832 4458 3111 4525 quomodo
3151 4458 3411 4515 Christus

1832 4550 2089 4620 dignatus
2128 4557 2210 4602 est
2257 4548 2402 4602 ﬁlius
2447 4547 2682 4603 hominis
2721 4548 2874 4614 ﬁeri;
2908 4551 3211 4606 mirabatur
3241 4550 3408 4607 Maria

1828 4632 2103 4709 quomodo
2127 4648 2320 4695 venter
2342 4640 2587 4695 mulieris
2608 4642 2879 4695 continuit
2910 4641 3104 4708 Deum,
3129 4646 3411 4712 quomodo

1828 4731 2024 4783 ant-illa
2061 4731 2408 4785 liberatorem
2437 4732 2731 4788 creationis
2779 4736 3083 4805 generavit.
3126 4724 3194 4789 Et
3223 4735 3359 4788 dixit
3386 4744 3413 4789 ἔ

1826 4817 1935 4871 Iste
1955 4820 2155 4887 positus
2177 4829 2252 4874 est
2284 4821 2338 4873 in
2374 4822 2589 4874 ruinam
2614 4832 2661 4876 et
2687 4825 2743 4877 in
2778 4826 3211 4877 resurrectionem
3269 4823 3409 4877 mul-

1827 4917 1999 4963 torum
2017 4912 2072 4963 in
2123 4910 2317 4975 Israel,
2350 4915 2478 4967 etin
2510 4916 2717 4986 signum
2760 4918 2845 4969 cui
2896 4916 3303 4971 contradicetur.
3348 4917 3408 4971 In

1828 5002 2041 5054 ruinam
2071 5004 2539 5071 perseverantium
2567 5007 2619 5058 in
2647 5005 2987 5069 inﬁdelitate,
3050 5005 3103 5058 in
3156 5019 3405 5059 resurre-

1827 5093 2066 5147 ctionem
2099 5110 2164 5150 ex
2182 5094 2500 5169 infidelitate
2531 5097 2584 5151 in
2624 5097 2783 5151 [idem
2832 5092 3255 5150 transeuntium.
3302 5095 3408 5148 Pe—

1833 5196 1913 5240 tra
1939 5196 2055 5240 erat
2081 5186 2333 5243 Christus
2359 5189 2412 5242 in
2448 5189 2862 5245 fundamentum
2893 5189 3089 5258 posita,
3114 5187 3208 5243 sed
3232 5187 3411 5242 oﬂ'en-

1830 5277 2028 5333 derunt
2049 5278 2379 5334 caeci‘oculis
2398 5289 2680 5359 errantes;
2709 5295 2819 5333 non
2853 5288 3033 5334 tamen
3062 5280 3135 5334 illi
3188 5279 3406 5334 ruinam

1827 5368 2137 5423 cadentium
2161 5408 2175 5431 .
2209 5369 2305 5424 sed
2337 5370 2796 5425 resurrectionem
2856 5371 3097 5428 tribuere
3149 5379 3407 5442 oportet;

1824 5460 2106 5515 enimvero
2154 5460 2199 5515 si
2265 5460 2593 5519 cecidertmt
2646 5472 2882 5527 tantum.
2934 5479 3041 5520 non
3103 5476 3286 5522 autem
3344 5473 3405 5519 ει

1822 5561 2202 5618 surrexerunt,
2223 5553 2372 5624 juste
2407 5569 2597 5610 eorum
2629 5555 2791 5613 ﬁdem
2851 5560 3253 5629 suspectaberis
3278 5574 3407 5615 cau—

1824 5660 1960 5710 sam;
1996 5646 2090 5701 sed
2117 5646 2161 5700 si
2189 5662 2262 5701 ex.
2284 5646 2365 5702 eis
2392 5648 2485 5719 qui
2508 5648 2788 5706 debilitate
2810 5652 3147 5714 ceciderunt,
3185 5652 3265 5727 μή
3302 5668 3398 5703 vn-
