3936 6200
181 143 296 206 ιξττ

1579 143 1891 205 SERMON
1899 146 2008 206 ES.

3273 154 3407 218 1478

175 253 352 309 αυτοῦ·
389 251 550 305 τοῦτο
591 251 784 304 πᾶσαν.
827 251 923 322 τὴν
965 251 1292 324 οἰκουμένην
1340 253 1642 324 ἐστήριξεν,
1673 257 1731 308 ὲν

1839 258 2168 328 gloria,cum
2191 267 2378 314 sancto
2409 260 2638 330 Spiritu,
2681 277 2828 318 nunc
2861 272 2916 319 et
2957 281 3174 338 semper
3197 280 3252 324 et
3311 288 3410 344 per

174 343 373 414 Χριστῷ
406 342 583 412 Ἰησοῦ
616 342 692 409 τῷ
735 343 927 414 Κυρίῳ
956 343 1146 413 ἡμῶν·
1177 343 1245 397 δι’
1271 339 1332 398 οὗ
1377 346 1472 400 καὶ
1523 347 1641 416 μεθ’
1666 341 1728 400 οὗ

1837 349 2020 402 omnia
2038 349 2232 403 saecula
2261 351 2606 406 saeculorum.
2638 354 2830 409 Amen.

172 435 240 506 τῷ
275 434 497 504 Πατρὶή
537 431 686 497 δόξα,
723 433 820 485 σὺν
863 434 1004 505 ἁγίῳ
1059 434 1360 506 Πνεύματι,
1392 436 1488 490 νῦν
1539 439 1632 491 καὶ
1684 438 1770 491 ἀεὶ
1837 440 1929 491 καὶ
1997 441 2076 504 εἰς
2138 441 2266 503 τοὺς
2335 441 2658 512 σύμπαντας
2725 444 2932 510 αἰῶνας
2994 449 3103 502 τῶν
3171 455 3403 509 αἰώνων.

184 526 358 597 Ἀμήν.

899 595 1010 649 VII.

179 709 457 778 Ἡσυχίου
497 706 908 785 πρεσβυτέρου
947 708 1386 785 ’ζεροσολύμων
1411 713 1480 768 ἐκ
1512 713 1618 768 τοῦ
1646 715 1735 780 είς

506 778 608 831 τὸν
631 776 803 845 ἅγιον
831 776 1037 847 Θωμᾶν
1073 776 1383 850 ἐγκωμίου.

241 952 478 1027 Σάλπιγξ
507 959 657 1029 ἡμᾶς
684 959 934 1031 ἱερατικὴ
964 962 1103 1032 πρὸς
1134 965 1446 1036 πανήγυριν
1475 964 1729 1037 ἤθροισεν

180 1050 446 1120 Ἀνδρέας,
469 1050 500 1102 6
524 1050 620 1103 τοῦ
650 1051 816 1121 χοροῦ
845 1053 954 1105 τῶν
970 1053 1288 1108 ἀποστόλων
1308 1057 1674 1126 πρωτότοκος,
1703 1058 1731 1110 6

169 1139 526 1209 πρωτοπαγὴς
542 1141 642 1210 τῆς
655 1141 1218 1212 Ἐκκλησίαςστύλος,
1239 1147 1268 1200 6
1285 1147 1390 1216 προ
1407 1147 1616 1216 Πέτρου
1632 1146 1730 1200 Πέ-

170 1245 309 1299 τρος,
325 1230 353 1282 6
375 1228 469 1281 τοῦ
501 1229 754 1298 θεμελίου
779 1230 1056 1301 θεμέλιος,
1073 1233 1104 1286 6
1121 1235 1220 1302 τῆς
1242 1235 1414 1306 ἀρχῆς
1431 1248 1455 1276 α
1483 1236 1728 1307 ἀπαρχὴ,
1764 1265 1804 1319 Β

164 1320 197 1368 ο
229 1318 356 1389 πρὶν
382 1317 653 1388 κληθῆναι
685 1320 886 1384 καλῶν,
913 1323 943 1374 6
964 1323 1094 1392 πρὶν
1133 1325 1520 1395 προσαχθῆναι
1558 1343 1730 1396 προσε-

172 1409 329 1477 ἀγων.
381 1410 716 1478 Εὐαγγέλιον
759 1412 1024 1482 κηρύττει
1055 1414 1084 1467 6
1129 1418 1296 1485 μήπω
1338 1417 1730 1470 πεπέστευταν

168 1502 291 1571 πρὶν
343 1500 556 1571 μαθεῖν,
613 1502 692 1573 τῷ
747 1503 964 1574 ἀδελφῷ
1013 1507 1392 1560 ἀποκαλύπτει
1415 1507 1513 1578 τὴν
1562 1507 1730 1577 ζωήν·

165 1591 410 1646 τοσοῦτον
447 1593 598 1662 αύτῷ
629 1594 859 1648 πλοῦτον
886 1597 919 1665 ἠ
948 1597 1065 1660 τοῦ,
1099 1597 1211 1650 Ποῦ
1245 1599 1428 1668 μένεις
1453 1614 1468 1662 ;
1497 1598 1732 1668 ἀπόκρι-

166 1685 292 1748 σιςδ
318 1685 634 1755 ἐχαρίσατο.
673 1686 871 1740 Καίτοι
900 1707 951 1740 τι
987 1688 1130 1758 μέγα
1161 1685 1309 1760 εἶχεν
1342 1693 1374 1760 ἡ
1417 1691 1730 1760 ἀπόκρισις,

157 1771 270 1829 οἷον
311 1777 565 1848 ’Δνδρέας
593 1777 919 1848 ἐμϐαθύνων
953 1781 1044 1833 τὸν
1083 1779 1208 1834 νοῦν
1238 1781 1569 1852 ἐθεώρησεν.
1599 1782 1733 1853 Ἐρ-

164 1885 258 1938 χου
285 1870 409 1941 γὰρ,
444 1871 598 1940 φησὶ,
628 1871 722 1923 καὶ
764 1869 863 1926 ῐδε.
902 1872 1022 1935 Πῶς
1053 1871 1214 1944 [γὰρ]
1246 1873 1476 1942 γέγονας
1520 1875 1734 1945 προφή-

163 1976 294 2030 της;
331 1961 494 2012 πόθεν
547 1960 806 2033 θεοφόρος
852 1961 1091 2032 ἀθρόον;
1121 1966 1172 2016 τί
1219 1965 1471 2033 θορυϐεῖς
1500 1963 1598 2017 τοῦ
1631 1965 1734 2016 Πέ-

165 2064 291 2117 τρου
331 2049 432 2109 τὰς
485 2050 686 2115 ἀκοάςς
730 2051 784 2103 τί
827 2051 1031 2119 φθάσαι
1077 2053 1352 2118 σπεύδεις,
1393 2053 1452 2106 ὃν
1496 2055 1557 2106 οὐ
1603 2052 1733 2124 δύνῃ

164 2140 364 2205 φθάσαι
389 2157 404 2205 ;
433 2141 461 2191 6
484 2140 765 2210 πανταχοῦ
786 2141 995 2212 παρὼν,
1026 2143 1142 2206 πῶς
1159 2144 1448 2214 εὑρεθῆναι
1467 2145 1690 2199 δύναται
1716 2162 1732 2207 ;

178 2231 333 2284 Ἀλλὰ
361 2231 468 2302 γὰρ
508 2226 648 2285 οἶδεν
668 2235 698 2286 6
741 2233 994 2304 Ἀνδρέας
1025 2234 1054 2286 ὃ
1088 2235 1274 2303 λέγει,
1311 2237 1642 2308 Εὑρήκαμεν
1674 2238 1734 2290 ὃν

157 2321 444 2375 ἀπώλεσεν
465 2324 494 2376 6
530 2324 729 2394 Ἀδὰμ,
763 2323 821 2378 δν
859 2323 1144 2394 ἐζημιώθη
1170 2328 1202 2395 ἡ
1237 2326 1367 2391 Εὕα,
1394 2328 1452 2381 ὃν
1479 2331 1512 2399 ὴ
1536 2329 1732 2398 νεφέλη

163 2411 262 2479 τῆς
310 2411 584 2482 ἁμαρτίας
627 2413 736 2466 ἀπὸ
789 2413 898 2466 τῶν
952 2413 1248 2483 ὀφθαλμῶν
1291 2416 1401 2468 τῶν
1450 2418 1734 2488 ἡμετέρων

147 2500 421 2572 ἔκρυψεν,
455 2503 516 2555 ὃν
559 2501 822 2574 ἐχώρισεν
859 2503 1079 2575 ήμῶνή
1134 2507 1419 2576 παρακοὴ,
1451 2508 1510 2560 ὃν
1552 2509 1734 2580 ἐζήτει

2582 596 2658 651 Ζ¹.

1836 707 1922 784 Ea.
1963 707 2206 784 Hesychji
2249 709 3030 784 presbyteriHierosolymitani
3068 715 3316 771 Encomio
3351 722 3404 774 in

1903 726 1922 761 ι.
1963 726 2205 779 nesycmt
2249 726 2398 779 preat:
2440 726 2535 764 teri
2567 726 3030 784 merosotymztani
3068 726 3316 771 b‘ncomio
3351 726 3404 774 in

1903 779 2115 853 lgeatum
2142 726 2724 853 Thomqurtudreant]
2746 782 2765 853 ς
2775 785 2825 853 1)
2865 782 3165 848 [Dominica
3189 789 3240 840 in
3263 790 3407 842 Albis

1900 849 2034 917 forte
2071 849 2435 916 pronuntiato}
2476 849 2633 907 Joan.
2671 849 2785 924 20].

1903 961 2069 1017 Sacra
2103 963 2190 1035 illa
2230 965 2356 1018 tuba
2381 965 2643 1028 Andreas,
2673 966 2884 1035 primus
2905 968 3272 1037 apostolorum
3309 973 3409 1026 fm-

1835 1063 1943 1118 tuvs,
1998 1054 2171 1123 prima
2199 1056 2456 1110 Ecclesiae
2496 1058 2772 1122 columna,
2807 1069 2934 1113 ante
2988 1059 3206 1116 Petrum
3233 1075 3409 1134 petra,

1834 1143 2174 1198 fundamenti
2198 1145 2631 1212 fundamentum,
2651 1149 2789 1202 initii
2809 1151 3288 1220 primitiae,voeans
3309 1172 3410 1210 an-

1835 1243 2054 1304 tequam
2082 1247 2390 1302 vocaretur,
2406 1238 2685 1294 adducens
2709 1250 3000 1311 antequam
3024 1245 3405 1309 adduceretur.

1831 1341 1934 1381 nos
1966 1327 2032 1380 ad
2064 1340 2396 1384 conventum
2432 1330 2578 1384 hunc
2612 1332 2930 1387 solemniter
2969 1338 3234 1406 agendum
3269 1342 3408 1395 inei-

1833 1415 1988 1470 tavit.
2025 1415 2378 1486 Evangelium
2417 1419 2500 1471 tui
2528 1420 2767 1474 nondum
2796 1425 3121 1480 credebatur
3149 1431 3411 1497 praedica-
3462 1489 3469 1504 ,

1831 1507 1932 1572 vit,
1961 1517 2016 1561 et
2044 1507 2192 1562 fratri
2230 1509 2382 1576 prius
2402 1525 2562 1578 quam
2595 1512 2869 1580 disceret,
2898 1517 3062 1570 vitam
3123 1522 3403 1577 revelavit.
3460 1507 3471 1543 ³

1833 1597 2040 1651 Tantas
2062 1598 2134 1651 illi
2159 1599 2375 1653 divitias
2399 1601 2486 1654 illa
2511 1603 2864 1673 interrogatio
2885 1610 3065 1663 attulit
3091 1627 3105 1662 :
3129 1610 3226 1666 Ubi
3249 1613 3406 1667 habi-

1833 1687 1940 1741 tas?
1961 1687 2280 1758 Quanquam
2305 1707 2558 1759 magnum
2578 1695 2778 1764 aliquid
2803 1701 3088 1768 responsio
3119 1702 3403 1770 habuit,ut

1831 1780 2078 1833 Andreas
2109 1782 2278 1835 menti
2309 1783 2415 1836 alte
2451 1783 2700 1855 infigens,
2721 1788 3105 1858 viderit.Veni,
3132 1794 3328 1866 inquit,
3351 1806 3406 1851 et

1832 1870 1956 1924 vide
1976 1871 2044 1924 δ’.
2063 1870 2348 1935 Quomodo
2377 1873 2554 1928 factus
2579 1891 2638 1930 es
2663 1877 2929 1947 Propheta
2950 1882 3134 1939 ?unde
3159 1889 3296 1942 adeo
3321 1890 3408 1944 di-

1833 1960 2032 2014 vinus?
2059 1961 2186 2030 quid
2218 1962 2362 2017 Petri
2392 1968 2616 2021 auribus
2648 1969 2958 2040 obstrepis?
2987 1976 3115 2043 quid
3145 1983 3404 2049 consequi

1834 2049 1984 2103 illum
2017 2053 2252 2116 conaris,
2283 2071 2446 2122 quem
2502 2059 2700 2126 nequis
2739 2065 3260 2130 comprehendere?
3300 2071 3404 2136 Qui

1833 2141 2036 2211 ubique
2062 2153 2163 2207 est,
2195 2150 2468 2214 quomodo
2498 2150 2728 2205 inveniri
2752 2163 2932 2222 potest
2955 2157 2979 2209 ?
3001 2159 3215 2214 Etenim
3245 2164 3406 2216 ε‹·ἰνίῑ

1833 2231 2078 2288 Andreas
2121 2238 2250 2304 quid
2302 2240 2512 2296 diceret
2547 2261 2558 2294 :
2599 2243 2912 2301 Invenimus
2956 2265 3118 2318 quem
3171 2254 3406 2321 perdidit

1832 2323 2025 2387 Adam,
2043 2328 2129 2379 cui
2157 2327 2267 2381 Eva
2287 2329 2546 2386 damnum
2561 2335 2760 2395 attulit,
2785 2353 2944 2405 quem
2969 2342 3175 2402 peccati
3207 2344 3405 2398 nebula

1834 2415 1903 2469 ab
1915 2418 2087 2471 oculis
2103 2420 2308 2472 nostris
2321 2423 2626 2485 abscondit,
2647 2441 2807 2494 quem
2825 2430 3188 2487 inobedieutia
3205 2450 3232 2488 a
3250 2437 3408 2489 nobis

1837 2505 2115 2569 alienavit,
2148 2526 2308 2578 quem
2335 2517 2585 2579 quaesivit
2621 2517 2782 2570 David
2812 2535 2824 2569 :
2857 2520 2920 2572 In
2949 2524 3032 2574 die
3055 2525 3408 2579 tribulationis

160 2592 358 2646 Δαδίδ·
399 2595 502 2648 Ἐν
535 2594 724 2663 ἡμέρᾳ
763 2594 1026 2664 ﬁliai-ed);
1057 2613 1176 2664 μου
1207 2598 1313 2652 τὸν
1342 2600 1490 2652 Θεὸν
1531 2600 1730 2665 ἐξεζή-

1839 2613 1963 2652 mea:
1984 2597 2148 2652 Deum
2177 2603 2432 2670 exquisivi
2457 2605 2522 2655 ”.
2552 2606 2615 2659 Et
2642 2605 2949 2676 Sophonias
2982 2614 3178 2669 clamat
3210 2634 3222 2670 :
3253 2616 3408 2682 Quie-

156 2699 342 2752 τησα.
377 2686 508 2752 Καὶ,
537 2687 847 2753 Ζητήσατε
871 2685 1023 2758 [τὸν]
1047 2688 1284 2756 Κύριον,
1313 2691 1575 2759 Σοφονίας
1613 2691 1732 2762 βοᾷ,

153 2775 384 2842 πάντες
411 2778 677 2830 ταπεινοὶ
711 2777 842 2846 γῆς.
866 2778 1141 2832 Πέπαικεν
1163 2782 1310 2848 ἡμᾶς
1340 2783 1367 2834 6
1396 2783 1549 2844 Θεὸς,
1571 2784 1732 2852 ἡνίκα

143 2866 254 2918 τοῦ
298 2866 469 2936 Ἀδὰμ
516 2867 841 2920 κατεδίκασε
876 2866 1104 2920 θάνατον
1156 2871 1249 2922 καὶ
1286 2869 1400 2938 βίον
1442 2872 1732 2925 ἐπίπονον·

164 2957 397 3012 Ὶὰσατο
421 2958 521 3020 δὲ,
563 2957 659 3011 καί
688 2957 962 3024 πατάξας
994 2960 1300 3028 ἐμότωσεν
1319 2979 1330 2990 ·
1365 2962 1454 3014 ὅτε
1483 2979 1733 3033 σταυρω-

143 3049 272 3113 Οεὶς
302 3049 440 3120 ὑπὲρ
469 3048 562 3102 τοῦ
589 3049 802 3118 γένους,
847 3049 926 3120 τῷ
971 3050 1200 3120 μώλωπι
1242 3052 1406 3104 αὐτοῦ
1426 3093 1442 3117 ,
1472 3055 1614 3106 κατὰ
1643 3053 1734 3106 τὸν

159 3140 420 3203 Ἱισαῖαν,
462 3141 557 3193 καὶ
588 3142 652 3209 τῇ
687 3140 984 3194 ἀναστάσει
1034 3142 1241 3204 πάντας
1282 3143 1488 3196 ἰάσατο.
1523 3144 1734 3214 Γυμνὺς

139 3232 250 3283 «ἐπὶ
289 3229 384 3284 τοῦ
421 3230 658 3299 σταυροῦ
690 3232 716 3282 6
754 3231 991 3300 Χριστὸς
1017 3231 1283 3301 ἀνήγετο·
1316 3234 1593 3304 ἁμαρτίαν
1625 3235 1734 3303 γὰρ

135 3321 259 3372 -τούκ
297 3320 460 3388 ἔχων,
503 3320 760 3388 ίμάτιονο
792 3321 894 3372 οὐκ
938 3320 1189 3392 ἔχρῃζεν.
1232 3324 1498 3393 Ἀμωμος
1539 3321 1606 3396 ἦν
1639 3327 1734 3379 καὶ

145 3407 445 3460 λανθάνειν
485 3408 584 3460 οὐκ
625 3406 877 3475 ὠφειλεν.
933 3409 1104 3464 Οὐθὲν
1142 3407 1210 3480 ἦν
1253 3412 1502 3483 ἄσχημον
1548 3417 1730 3486 αὐτῷ·

152 3495 324 3558 αὐτὸς
354 3495 460 3566 γὰρ
487 3496 646 3566 ἡμῶν
683 3496 752 3549 τὰ
781 3498 1068 3568 ἀσχήμονα
1097 3501 1408 3570 εὐσχήμονα
1436 3503 1730 3560 δείκνυσιν.

159 3581 336 3657 Εὗρον
357 3588 414 3640 at
449 3587 766 3659 μυροιρὸροι,
793 3590 933 3660 ὅπερ
963 3589 1051 3643 διὰ.
1094 3592 1193 3662 τῆς
1226 3592 1370 3656 Εὔας
1401 3594 1691 3650 ἀπώλεσαν
1715 3611 1729 3625 ·

143 3671 286 3748 εὗρε
316 3677 376 3730 τὸ
412 3678 598 3750 κέρδος
629 3680 661 3749 ἡ
698 3680 1060 3751 παρασχοῦσα
1088 3685 1188 3752 τῆς
1227 3682 1432 3754 ζημίας
1460 3686 1560 3757 τὴν
1598 3687 1732 3741 ὑπό-

154 3769 334 3822 θεσιν.
373 3770 532 3834 Ἥξει
565 3769 728 3838 ἡμῖν,
763 3771 844 3836 ὡς
884 3772 1063 3837 ὑετὸς
1101 3773 1362 3843 πρώϊμος
1391 3776 1486 3830 καὶ
1517 3777 1734 3849 ὄψιμος

147 3859 234 3928 τῇ
260 3857 360 3930 γῆ.
394 3861 537 3933 Ὅρα
567 3861 746 3914 τοίνυν
779 3863 870 3914 τὸν
904 3862 1111 3934 Κύριον
1143 3866 1284 3936 μετρι
1306 3867 1406 3936 τὴν
1434 3869 1731 3926 ἀνάστασιν

152 3924 415 4023 πρώῖμον
438 3924 560 4015 ταῖς
587 3951 852 4020 γυναιξὶν,
881 3924 1084 4024 ὄψιμον
1111 3924 1223 4018 τοῖς
1251 3924 1573 4021 ἀποστόλοις
1601 3924 1730 4028 epat-
1760 3937 1805 3993 Ῐ)

145 4040 402 4111 νόμενον.
436 4042 589 4115 Πρωτ
628 4043 728 4114 μὲν
757 4044 866 4116 γὰρ
899 4048 1020 4108 ταῖς
1046 4045 1294 4112 γυναιξὶ,
1329 4048 1595 4120 Χαίρετε·
1630 4051 1727 4120 ἀψὲ

141 4133 207 4184 δὲ
232 4135 292 4187 ἐν
322 4137 386 4206 τῇ
419 4134 558 4188 Σιὼν
587 4136 811 4206 εἰρήνην
844 4138 958 4199 τοῖς
996 4136 1266 4207 μαθηταῖς
1295 4139 1687 4210 προσεφώνησε
1711 4160 1727 4177 ο

141 4227 276 4289 ταῖς
307 4227 430 4296 μὲν,
465 4227 554 4280 ἵνα
599 4225 738 4298 λύσῃ
777 4225 874 4297 τὴν
905 4227 1182 4296 ἀπόφασιν
1221 4228 1321 4297 τῆς
1362 4228 1576 4300 λύπης·
1617 4234 1728 4295 τοῖς

139 4316 232 4378 δὲ,
267 4316 358 4370 ἵνα
397 4316 676 4390 καταλύσῃ
705 4317 802 4387 τὴν
823 4317 1042 4388 ἔχθραν,
1071 4318 1135 4389 ἢν
1157 4319 1185 4370 6
1215 4318 1431 4390 δράκων
1461 4321 1728 4393 ἐκακούρ-

141 4423 318 4476 γησε.
363 4407 446 4459 Σὺ
486 4407 766 4476 κληθήσῃ
809 4407 1055 4478 Κηφᾶς·
1097 4409 1206 4477 πρὸ
1243 4411 1342 4480 τῆς
1383 4412 1672 4482 ὁμολογίας
1701 4415 1729 4466 6

142 4498 353 4567 μισθός
378 4513 393 4526 ·
442 4499 572 4568 πρὶν
617 4499 828 4571 ἐργάσῃ
875 4500 964 4552 τὸν
1007 4501 1334 4571 ἀμπελῶνα,
1371 4503 1431 4556 τὸ
1472 4504 1729 4574 δηνάριον

135 4590 382 4654 ἔλαϐες·
414 4590 542 4661 πρὶν
571 4590 638 4644 ἃν
670 4589 812 4662 ἀψῃς
841 4591 935 4644 τὸν
967 4591 1170 4662 βωμὸν,
1205 4594 1298 4664 τὴν
1333 4595 1526 4649 θυσίαν
1555 4613 1724 4667 προσ-

129 4681 368 4746 δέδεξαι
387 4697 400 4710 ·
437 4683 566 4750 πρὶν
608 4684 888 4754 κηρύξεις,
913 4683 1317 4754 ὲστεφανώθης.
1350 4688 1608 4758 Πτωχοὺς
1633 4691 1727 4743 καὶ

209 4841 261 4913 ..⁸
290 4841 453 4899 J01m-
487 4861 524 4908 ι,
556 4845 644 4899 59o
720 4846 765 4877 '°
792 4847 930 4902 Psal.
987 4866 1168 4913 Lxxvt,
1205 4847 1258 4901 2.

131 4913 191 4945 ³³
212 4907 381 4968 Joan.
417 4930 452 4967 I.

1359 4849 1401 4881 ⁸¹
1437 4849 1608 4920 Soph.
1640 4865 1700 4915 ll,
1754 4852 1808 4905 5.

1837 2688 1938 2741 rite
1964 2689 2150 2750 Deum,
2195 2707 2372 2745 omnes
2399 2699 2663 2749 mansueti
2701 2709 2856 2758 tepra:
2879 2704 2946 2754 σι.
2985 2707 3258 2763 Percussit
3306 2725 3406 2765 nos

1837 2779 1978 2834 Deus
2005 2821 2020 2844 ,
2079 2783 2297 2850 quando
2331 2783 2596 2841 Adamum
2639 2791 2705 2843 ad
2751 2803 2980 2848 mortem
3015 2800 3405 2872 molestamque

1836 2869 2000 2923 vitam
2027 2873 2409 2931 condemnavit
2445 2897 2457 2930 :
2488 2879 2708 2935 Sanavit
2736 2901 2846 2948 nos,
2873 2892 3144 2954 percussit,
3175 2903 3224 2945 et
3249 2911 3405 2949 rura-

1834 2961 1906 3015 vit
1942 2979 2033 3018 nos
2059 2966 2127 3031 δ’,
2161 2969 2379 3036 quando
2418 2973 2710 3027 cruciﬁxus
2750 2992 2848 3044 pro
2879 2982 3079 3048 populo
3102 3022 3117 3047 ,
3147 2983 3404 3054 languore

1833 3059 1889 3103 et
1925 3055 2326 3110 resurrectione
2348 3074 2537 3114 omnes
2565 3064 2776 3118 sanavit
2804 3067 2869 3118 ⁵³.
2917 3067 3105 3123 Nudus
3154 3071 3206 3124 in
3241 3088 3403 3129 cruce

1834 3141 2081 3198 Christus
2114 3150 2399 3216 pependit,
2435 3149 2646 3218 insons,
2683 3168 2831 3211 veste
2870 3173 2980 3212 non
3023 3161 3289 3234 indigens.
3317 3164 3402 3220 ln-

1835 3249 2040 3291 nocens
2069 3237 2205 3299 fuit,
2255 3251 2310 3294 et
2344 3243 2570 3297 multam
2614 3247 2904 3302 manifesto
2933 3251 3208 3318 dependit.
3253 3254 3306 3308 In
3336 3272 3404 3310 eo

1835 3323 2038 3377 ΐαεὼιιιι
2072 3326 2207 3380 nihil
2244 3328 2348 3382 fuit
2379 3346 2392 3381 :
2425 3331 2540 3399 ipse
2571 3333 2717 3386 enim
2746 3349 2988 3390 aosuam
3019 3339 3316 3398 fmditatem
3347 3346 3400 3399 in

1834 3424 2088 3468 ornatum
2128 3420 2417 3473 convertit.
2461 3421 2796 3478 Invenerunt
2839 3441 3113 3497 unguenta
3164 3433 3404 3490 ferentes

1835 3504 2115 3570 mulieres,
2141 3510 2282 3576 quod
2306 3524 2402 3578 per
2425 3510 2592 3565 Evam
2615 3515 2928 3570 amiserant.
2957 3517 3170 3576 Invenit
3193 3524 3403 3582 lucrum

1835 3610 1956 3664 quze
1998 3611 2171 3666 pinna:
2223 3615 2444 3656 causam
2488 3603 2757 3662 dederat:
2800 3607 2969 3674 Veniet
3009 3613 3173 3678 nobis,
3219 3624 3276 3668 ut
3320 3633 3404 3671 ros

1836 3690 2130 3742 matutinus
2154 3700 2203 3743 ct
2236 3683 2499 3746 serotinus
2523 3703 2678 3750 terra?
2702 3696 2766 3749 “.
2806 3698 3003 3768 Aspice
3033 3702 3194 3771 igitur
3219 3705 3405 3760 Domi-

1835 3795 1990 3848 num,
2021 3790 2142 3850 post
2159 3784 2614 3840 resurrectionem
2639 3803 2798 3844 mane
2823 3791 3161 3858 mulieribus,
3179 3811 3404 3866 vespere

1835 3872 2096 3940 apostolis
2152 3885 2527 3944 apparentem.
2580 3877 2739 3934 Mane
2787 3882 3008 3950 quidem
3058 3887 3400 3955 mulieribus,

1835 3965 2023 4029 Avete,
2052 3981 2282 4035 vespere
2301 3966 2354 4020 in
2385 3968 2600 4024 civitate
2630 3969 2760 4024 Sion
2786 3987 2971 4041 pacem
2998 3975 3278 4046 discipulis
3304 3981 3402 4035 de-

1836 4056 2130 4113 nuntiavit.
2171 4057 2280 4112 lllis
2322 4060 2542 4130 quidem
2598 4071 2658 4116 ut
2700 4079 2990 4122 mmrorem
3047 4068 3396 4142 detergeret:

1837 4145 1924 4202 his
1952 4163 2084 4203 vero
2115 4158 2172 4204 ut
2205 4151 2445 4206 solveret
2473 4153 2821 4221 inimicitias,
2859 4173 2996 4227 quas
3035 4175 3262 4231 serpens
3314 4165 3400 4218 in-

1833 4239 2002 4293 vexit.
2064 4239 2136 4293 Tu
2182 4243 2449 4297 vocaberis
2485 4242 2692 4314 Cephea
2721 4248 2768 4279 "
2801 4267 2814 4302 :
2847 4260 2972 4305 ante
2998 4253 3398 4311 confessionem

1833 4346 2079 4394 merces,
2141 4343 2436 4404 antequam
2488 4336 2542 4391 in
2608 4338 2766 4394 vinea
2815 4339 3077 4397 laboraris
3114 4345 3398 4404 denarium

1831 4423 2108 4492 accepisti.
2163 4423 2470 4495 Antequam
2529 4443 2678 4483 aram
2736 4431 3018 4502 tetigeris,
3072 4438 3398 4495 sacrificium

1835 4512 1975 4567 Deus
1997 4516 2242 4586 suscepit
2278 4537 2291 4572 :
2326 4527 2619 4589 antequam
2651 4523 2995 4590 praedicares,
3022 4544 3277 4586 coronam
3306 4550 3397 4587 ae.-

1832 4605 2046 4674 cepisti.
2085 4607 2360 4665 Mendicos
2396 4618 2452 4666 et
2493 4611 2741 4669 indoctos
2772 4617 3022 4674 Christus
3067 4622 3247 4692 elegit.
3283 4623 3396 4692 Ipsa

1835 4696 2100 4766 sapientia
2122 4709 2378 4767 patronos
2405 4717 2513 4756 non
2539 4705 2754 4773 quaerit,
2781 4709 2875 4762 sed
2898 4709 3195 4763 ministros.
3229 4710 3396 4766 Nemo

1907 4854 1951 4885 ⁸³
1979 4851 2118 4908 Osce
2149 4872 2225 4918 vI,
2279 4857 2325 4911 1.
2437 4859 2480 4892 ⁸³
2509 4860 2614 4915 lsa.
2664 4877 2778 4916 LIII.
2817 4861 2870 4916 6.
2977 4861 3177 4918 “Osee
3223 4881 3291 4917 vt.
3337 4865 3392 4917 5.

1414 5069 1646 5124 νΑιιιΑς
1687 5071 2097 5128 LEC'I'IONES.

223 5217 253 5246 ι
283 5206 373 5259 ΑΙ.
405 5208 438 5276 ἡ
461 5206 557 5273 τῆς
590 5207 784 5277 ἀρχῆς.
864 5207 891 5246 ι’
923 5206 1207 5278 ἐρώτησις.
1290 5216 1310 5242 σε
1342 5207 1430 5260 ia’.
1465 5206 1720 5276 ἱματῖων.

1611 5363 1838 5421 ΝΟΤᾸΣ.

212 5475 301 5545 (ι)
331 5473 520 5531 Puoru

634 5474 959 5528 Bibliotheca
1001 5477 1129 5529 edit.
1164 5474 1419 5539 Cunctae,
1457 5478 1608 5543 lGI'Z,
1648 5495 1700 5548 p.
1742 5480 1898 5535 MSS.
