3906 6192
177 265 304 337 1489

173 380 291 453 τοὺς
333 391 561 463 ἐχθροὺς
623 392 684 459 ἐξ

188 479 372 548 Ἰησοῦ.
428 539 436 547 ,

239 617 337 672 κθ⁸.
371 618 494 671 Ἐὰν
528 621 666 690 μετᾶ
693 627 1074 692 ταπεινώσεως
1108 635 1453 704 φρονήματος
1485 637 1576 690 καὶ
1605 640 1742 708 μνή-

179 727 278 778 μης
299 710 554 777 θανάτου,
590 715 683 767 καὶ
722 717 829 770 ἀπὸ
864 719 1123 790 μέμψεως
1145 765 1159 789 ,
1204 726 1297 778 καὶ
1344 728 1737 800 ἀντιρρήσεως,

176 802 265 855 καὶ
292 804 633 875 ἐπικλήσεως
680 808 856 879 Ἰησοῦ
891 814 1129 881 Χριστοῦ
1158 815 1256 881 τὰς
1286 818 1568 888 διατριϐὰς
1602 823 1738 875 πάν-

175 911 291 947 τοτε
327 900 503 965 ποιεῖς
537 901 595 950 ὲν
631 903 696 971 τῇ
729 904 795 973 σῇ
838 905 1035 976 καρδίᾳ
1060 923 1073 936 ο
1126 908 1221 961 καὶ
1262 910 1360 980 τὴν
1394 911 1587 981 στενὴν
1617 912 1737 981 μὲν,

176 985 307 1038 ἀλλὰ
351 991 642 1059 χαροποιδν
673 994 766 1047 καὶ
796 998 1036 1067 τερπνὴν
1069 999 1187 1053 ὁδὸν
1214 1003 1315 1070 τῆς
1351 1001 1589 1065 διανοίας
1619 1005 1741 1057 καθ’

176 1077 406 1147 ἡμέραν,
446 1082 584 1147 μετὰ
612 1082 816 1137 τούτων
847 1088 954 1141 τῶν
976 1089 1175 1169 ’ὅπλων
1204 1092 1408 1156 ὁδεύεις
1441 1094 1741 1163 νηφόντως,

176 1171 252 1232 εἰς
285 1169 519 1242 Θεωρίας
550 1175 707 1243 ἁγίας
732 1179 903 1246 ἁγίων
925 1180 1116 1254 ἐλεύσῃ
1136 1223 1150 1242 .
1180 1186 1274 1238 καὶ
1296 1186 1611 1259 φωτισθήσῃ
1646 1207 1743 1259 μυ-

178 1263 372 1333 στήρια
410 1264 577 1334 βαθέα
614 1270 760 1338 παρὰ
801 1272 1060 1340 Χριστοῦ.
1106 1275 1247 1344 Παρ’
1277 1269 1324 1342 ᾧ
1356 1281 1409 1332 οἱ
1452 1281 1740 1347 θησαιφοὶ

176 1355 281 1422 τῆς
306 1360 526 1426 σοφίας
562 1365 657 1415 καὶ
695 1363 803 1430 τῆς
842 1364 1119 1433 γνώσεως
1146 1367 1514 1439 ἀπόκρυφοι·
1565 1371 1666 1425 Ἐν
1695 1366 1744 1439 ᾧ

176 1446 435 1499 κατοικεῖ
472 1448 595 1501 πᾶν
630 1450 695 1502 τὸ
737 1452 1027 1521 πλήρωμα
1072 1454 1179 1521 τῆς
1228 1460 1507 1524 θεότητος
1547 1476 1743 1529 σωμα-

174 1533 378 1602 τικῶςο
437 1539 746 1615 αίσθηθήσῃ
802 1543 910 1612 γὰρ
952 1545 1086 1613 πρὸς
1145 1546 1322 1617 Ἰησοῦ
1350 1564 1363 1578 ·
1399 1550 1482 1602 ὅτι
1526 1551 1743 1620 πνεῦμα

172 1627 323 1692 ἅγιον
345 1629 584 1698 ὲφήλατο
615 1636 680 1703 τῇ
730 1636 796 1704 σῇ
826 1634 972 1705 ψυχῇ
990 1676 1004 1698 ,
1033 1639 1165 1707 παρ’
1191 1632 1253 1693 οὗ
1289 1639 1409 1703 νοῦς
1438 1642 1742 1712 ἀνθρώπων

842 283 939 343 DE
979 286 1529 353 TEMPERANTIA
1569 297 1664 385 ET
1699 298 1737 357 ν

1852 300 2032 361 FUTE
2096 330 2163 340 —
2194 305 2580 370 CENTURIA
2609 310 2677 403 ηπ

744 397 917 468 αὐτῆς
962 399 1092 453 ἄνευ
1159 405 1362 476 συχνῆς
1395 409 1734 479 ἐπικλήσεως

1852 413 2007 469 liosis
2037 420 2411 489 conccptibus,
2450 438 2552 478 nec
2578 397 2646 477 ab
2674 438 2741 479 co
2784 425 3178 487 intellectuales
3224 428 3418 495 hostes

3277 319 3419 389 1490

1842 506 2149 577 prolligare.

1911 643 1998 698 ‘29.
2037 646 2090 698 Si
2121 662 2245 701 cum
2280 649 2606 717 humilitate,
2637 655 2946 723 prudentia,
2974 661 3274 732 mortisque
3297 680 3413 723 me-

1843 735 2031 797 moria,
2077 740 2491 807 conquestione,
2539 745 2984 813 contradictione,
3039 749 3417 821 imploratione

1841 826 1970 881 Jesu
1999 827 2220 895 Christi,
2247 833 2595 888 continenter
2625 838 2882 894 exercitia
2912 856 3139 913 peragas
3167 844 3222 899 in
3251 846 3423 900 corde

1846 926 1955 977 tuo,
1981 928 2036 971 ct
2062 934 2159 986 per
2179 930 2463 989 angustam
2503 925 2744 993 quidem,
2778 930 2872 984 sed
2906 933 3100 987 anima:
3122 934 3421 1003 jucundam

1843 1017 2005 1075 atque
2035 1008 2406 1065 delectabilem
2435 1013 2596 1080 viam,
2630 1017 2716 1070 his
2747 1018 2992 1087 quotidie
3015 1023 3181 1077 armis
3209 1024 3416 1079 instru-

1844 1109 1983 1158 ctus,
2017 1108 2164 1154 caste
2190 1100 2433 1166 incedas,
2465 1106 2535 1160 ad
2562 1116 2778 1162 sanctas
2816 1121 3128 1167 sanctorum
3167 1125 3417 1170 contem—

1844 1188 2109 1257 plationes
2140 1193 2428 1260 pervenies
2457 1212 2470 1248 :
2508 1204 2561 1250 et
2588 1197 2853 1266 profunda
2890 1204 3143 1272 mysteria
3174 1207 3270 1261 tibi
3305 1222 3420 1262 ma-

1845 1281 2250 1338 nifestabuntur
2276 1301 2307 1339 a
2338 1285 2577 1343 Christo.
2606 1289 2670 1343 In
2699 1308 2800 1359 quo
2826 1303 2946 1348 sunt
2979 1312 3154 1352 omnes
3185 1300 3417 1353 thesauri

1844 1377 2115 1444 sapientia:
2143 1388 2190 1431 et
2219 1379 2453 1434 scientia:
2484 1382 2777 1438 absconditi
2807 1386 2851 1419 ⁸⁸
2880 1402 2893 1438 :
2933 1387 2996 1441 In
3024 1404 3126 1459 quo
3153 1390 3416 1445 inhabitat

1845 1470 2013 1524 omnis
2058 1469 2329 1537 plenitudo
2369 1473 2663 1527 divinitatis
2700 1479 3044 1546 corporaliter
3089 1480 3153 1534 “.
3200 1481 3418 1537 Senties

1845 1561 1989 1614 enim
2024 1560 2093 1615 ab
2119 1561 2247 1616 Jesu
2270 1563 2488 1619 Christo
2517 1566 2724 1621 insilire
2755 1568 2807 1621 in
2842 1569 3076 1623 animam
3122 1580 3268 1626 tuam
3297 1572 3419 1642 Spi-

1847 1653 2009 1705 ritum
2040 1662 2313 1717 sanctum,
2365 1670 2463 1724 per
2495 1672 2656 1725 quem
2701 1659 3003 1713 illustratur
3047 1676 3203 1716 mens
3241 1663 3418 1717 homi-

170 1717 502 1788 δᾳδουχεῖται
525 1723 656 1792 ὀρᾷν
669 1724 980 1779 ἀνακεκαλυ
991 1745 1028 1796 μ
1035 1728 1182 1795 μένῳ
1196 1729 1495 1800 προσώπῳ.
1508 1732 1740 1799 Οὐδείς,

1852 1758 2000 1808 num,
2033 1752 2091 1797 ut
2117 1744 2351 1799 revelata
2383 1717 2527 1800 facie.
2548 1748 2715 1816 possit
2744 1749 2965 1803 intueri.
2996 1748 3183 1813 Nemo,
3218 1751 3413 1820 inquit,

172 1810 322 1877 φησὶ,
383 1812 547 1880 λέγει
600 1816 815 1881 Κύριον
862 1818 1125 1884 Ἰησοῦν,
1193 1823 1244 1873 εί
1280 1824 1367 1889 μὴ
1421 1822 1494 1875 ἐν
1551 1826 1742 1880 Hreu-

163 1918 304 1968 ιιατι
342 1903 520 1971 ἁγίῳ,
578 1905 783 1978 δηλαδὴ
830 1909 1063 1978 βεϐαιῶν
1116 1912 1396 1982 μυστικῶς
1438 1915 1499 1968 τὸ
1549 1914 1742 1986 ζητού-

172 2008 351 2060 μενον.

239 2102 302 2156 λ’.
332 2106 477 2173 Πλὴν
518 2109 612 2160 καὶ
653 2108 814 2163 τοῦτο
860 2105 954 2166 οὖν
994 2114 1191 2177 ἰστέον,
1222 2118 1352 2179 τοὺς
1398 2119 1740 2189 φιλομαθεῖς.

169 2195 358 2265 ὅτιπερ
400 2200 447 2248 οἱ
505 2198 757 2267 φθονεροὶ
802 2201 1061 2270 δαίμονές
1094 2222 1153 2257 τε
1188 2207 1449 2271 πολλάκις
1479 2212 1573 2263 καὶ
1604 2210 1741 2279 κρύ-

172 2304 363 2340 πτουσι
395 2290 493 2342 καὶ
524 2292 908 2346 συστέλλουσιν
951 2295 1010 2360 ἐξ
1053 2296 1210 2367 ἡμῶν
1245 2298 1335 2351 τὸν
1355 2300 1545 2369 νοητὸν
1582 2301 1741 2353 πόλε-

173 2398 292 2448 μον,
320 2381 703 2448 βασκαίνοντες
730 2386 865 2453 ἡμῖν
884 2387 933 2438 oi
970 2388 1135 2440 sum
1162 2390 1262 2458 τῆς
1293 2391 1356 2442 ὲκ
1381 2390 1474 2443 τοῦ
1502 2392 1741 2461 πολέμου

167 2467 438 2534 ὠφελείας
472 2487 531 2523 τε
578 2473 675 2526 καὶ
719 2473 999 2540 γνώσεως,
1035 2477 1128 2529 καὶ
1182 2480 1320 2545 πρὸς
1362 2480 1741 2535 Θεόννὰναῦἅ-

171 2578 327 2624 σ;ως,
375 2564 466 2616 καὶ
513 2564 579 2616 ἵν’
629 2565 1125 2636 ἀμεριμνησάντων
1168 2571 1324 2640 ἡμῶν
1366 2573 1624 2645 ἐξαίφνης
1653 2577 1743 2629 τὸν

170 2653 294 2706 νοῦν
342 2651 497 2718 αὖθις
563 2657 887 2727 ἀρπάσωσι,
937 2663 1032 2714 καὶ
1093 2664 1419 2735 ἀπροσεχεὶξ
1475 2684 1629 2730 τινας
1675 2672 1741 2739 τῇ

167 2744 383 2815 διανοίᾳ
437 2745 599 2799 πάλιν
648 2748 1075 2818 ἀπεργάσωνται
1124 2754 1350 2822 (σκοπὸς
1404 2744 1523 2824 γὰρ
1559 2759 1744 2820 αὐτοῖς

168 2836 404 2905 ἄληκτος
440 2839 533 2890 καὶ
566 2838 716 2906 ἁγὼν
761 2843 1113 2909 φροντίζεται
1145 2847 1268 2914 μηδ’
1299 2846 1435 2911 ὅλως
1469 2850 1567 2920 ὲᾷν
1593 2852 1743 2918 ἡμᾶς

167 2926 268 2995 τὴν
298 2928 522 2997 καρδίαν
550 2930 706 2999 ήμῶν
732 2934 1016 3003 προσεχῶς
1031 2935 1231 3007 ἄγειν),
1258 2940 1460 3001 εἰδότες
1491 2940 1583 2993 τὸν
1616 2959 1744 2994 συν-

165 3018 438 3087 αγόμενον
494 3020 724 3076 πλοῦτον
780 3027 846 3095 τῇ
905 3025 1074 3096 ψυχῇ,
1116 3030 1183 3082 ἐκ
1228 3028 1330 3100 τῆς
1366 3032 1487 3085 καθ’
1526 3034 1743 3104 ἡμέραν

1843 1835 1990 1899 dicit,
2022 1834 2275 1890 Dentium
2295 1836 2467 1901 Jesm,
2494 1840 2594 1892 nisi
2637 1840 2692 1892 in
2727 1838 2927 1908 Spiritu
2974 1851 3154 1894 sancto
3188 1842 3252 1907 “,
3284 1857 3418 1897 con-

1818 1926 2096 2015 \l‘trmante
2116 1928 2324 1983 scilicet
2344 1929 2567 2002 mystice
2597 1946 2721 1984 cum
2747 1931 2839 2000 qui
2863 1933 3081 2002 quaerit.

1913 2127 2002 2182 50.
2036 2127 2179 2182 Istud
2222 2142 2384 2197 porro
2428 2129 2568 2183 scire
2601 2130 2821 2194 debent,
2868 2132 2959 2199 qui
3000 2132 3242 2187 discendi
3275 2132 3419 2189 desi-

1841 2218 1996 2271 derio
2034 2225 2310 2282 tenentur,
2346 2235 2726 2288 saepenumero
2767 2221 3041 2277 daemones
3073 2222 3289 2278 invidos
3325 2239 3418 2278 ce-

1844 2310 1957 2363 lare
1991 2326 2108 2371 nos,
2157 2319 2212 2364 et
2259 2306 2580 2366 subtrahere
2620 2329 2650 2366 a
2691 2314 2850 2367 nobis
2894 2314 3135 2383 spiritale
3166 2315 3363 2369 bellum
3401 2331 3417 2369 :

1846 2400 1972 2453 dum
2013 2401 2192 2454 infesti
2253 2402 2328 2456 illi
2386 2403 2544 2456 nobis
2585 2404 2831 2458 invident
2878 2414 3192 2460 nascentem
3238 2421 3303 2459 cx
3354 2420 3421 2460 eo

1845 2491 1987 2555 bello
2055 2492 2327 2556 fructum,
2390 2494 2755 2563 cognitionem
2814 2503 2869 2550 et
2921 2484 3293 2551 ascensionem
3352 2498 3421 2550 ad

1846 2583 2014 2636 [lcum
2049 2601 2061 2636 :
2092 2595 2151 2637 ut
2184 2584 2582 2654 negligentibus
2608 2586 2785 2646 nobis.
2827 2602 2948 2640 mox
2990 2595 3213 2655 repente
3264 2602 3421 2641 men-

1847 2683 1952 2727 tem
1987 2673 2238 2741 eripiant,
2267 2682 2322 2727 et
2357 2674 2552 2744 ignavo
2578 2675 2761 2729 animo
2791 2676 3052 2745 quosdam
3090 2677 3272 2731 denuo
3301 2676 3420 2732 elli-

1845 2764 1991 2820 ciant
2018 2766 2299 2833 (perpetua
2324 2766 2468 2818 enim
2503 2766 2718 2819 illorum
2748 2767 2978 2822 intentio
3002 2774 3057 2822 et
3088 2768 3239 2822 labor
3268 2768 3321 2822 in
3355 2784 3424 2823 eo

1846 2855 2113 2919 consistit,
2142 2864 2201 2908 ut
2229 2870 2339 2907 non
2372 2854 2553 2909 sinant
2581 2870 2682 2909 nos
2713 2871 2808 2910 cor
2838 2865 3084 2911 nostrum
3109 2856 3422 2925 observare)

1845 2962 1952 2999 non
1980 2946 2147 3016 ignari
2175 2958 2390 3014 quantae
2417 2947 2740 3015 proveniant
2773 2963 2907 3016 opes
2934 2948 3148 3009 animat,
3183 2962 3249 3001 ex
3282 2964 3420 3018 quo-

1848 3038 2051 3090 tidiana
2078 3037 2474 3091 observatione.
2518 3036 2623 3091 Nos
2668 3050 2797 3090 vero
2838 3046 2966 3091 tunc
3010 3050 3281 3091 memores
3316 3037 3423 3091 Do-

165 3112 462 3181 προσοχῆς.
514 3112 654 3166 Ἀλλ’
700 3114 860 3183 ἡμεῖς
916 3133 981 3183 γε
1021 3118 1144 3170 τότε
1189 3096 1328 3188 μετὰ
1364 3123 1465 3192 τῆς
1521 3096 1742 3194 μνήμης

1852 3132 1980 3185 mini
2044 3134 2215 3186 nostri
2270 3132 2400 3187 Jesu
2462 3132 2685 3197 Christi,
2743 3133 3002 3204 erigimur
3047 3132 3113 3187 ad
3151 3132 3423 3203 spiritales

162 3200 259 3253 τοῦ
306 3203 506 3271 Κυρίου
560 3204 721 3274 ἡμῶν
763 3206 938 3276 Ἰησοῦ
963 3209 1202 3276 Χριστοῦ
1251 3212 1609 3283 ὲκτεινόμεθα
1658 3218 1740 3278 εἰς

164 3296 544 3363 πνευματικὰς
576 3297 831 3366 Θεωρίας,
877 3301 973 3350 καὶ
1017 3302 1046 3352 ὁ
1079 3300 1315 3369 πόλεμος
1349 3304 1513 3355 πάλιν
1542 3307 1621 3366 εἰς
1652 3306 1742 3359 τὸν

165 3380 290 3434 νοῦν
339 3383 721 3453 ἐπανέρχεται,
766 3386 924 3453 μόνον
981 3388 1120 3456 μετὰ
1174 3388 1393 3457 βουλῆς,
1439 3392 1528 3444 ἵνα
1570 3391 1741 3456 οὓτως

164 3473 328 3534 εἴπω,
378 3470 544 3522 αὑτοῦ
588 3472 682 3524 τοῦ
740 3473 969 3544 Κυρίου,
1027 3475 1120 3527 καὶ
1177 3478 1314 3530 ιιετὰ
1361 3479 1744 3545 ταπεινώσεως

166 3561 373 3632 πολλῆς
399 3562 574 3615 πάντα
605 3563 870 3635 ποιῶμεν.

238 3677 343 3730 λα’.
368 3677 460 3728 Δεῖ
486 3675 596 3746 γὰρ
616 3678 764 3747 ἡμᾶς
812 3681 871 3731 ὲν
895 3680 1059 3750 κοινῷ
1084 3681 1190 3752 βίῳ
1218 3682 1594 3754 διατρίϐοντας
1625 3688 1747 3758 μεθ’

163 3768 419 3824 ἑκουσίου
464 3770 877 3841 προαιρέσεως,
932 3774 1027 3826 καὶ
1076 3774 1343 3845 προθύμῳ
1387 3778 1589 3849 καρδίᾳ
1638 3782 1746 3832 πᾶν

164 3864 384 3931 θέλημα
444 3862 602 3931 ἡμῶν
647 3864 957 3929 ἐκκόπτειν,
996 3864 1075 3934 τῷ
1116 3867 1424 3937 προεστῶτι
1469 3869 1564 3923 τοῦ
1609 3870 1745 3924 Θεοῦ

168 3955 561 4025 συγγινομένου
585 3971 599 3985 ο
656 3956 867 4009 εύώνιοι
894 3958 992 4011 καὶ
1038 3959 1191 4012 αὐτοὶ
1223 3961 1384 4031 ἡμεῖς
1426 3979 1545 4025 πως
1585 3962 1749 4030 γινώ-

168 4048 314 4117 μεθα
344 4048 438 4101 καὶ
466 4047 717 4118 ἀθέλητοι
737 4063 752 4076 ’
800 4043 901 4102 ὧδε
935 4050 1132 4121 τέχνην
1162 4050 1374 4115 τούτοις
1415 4052 1561 4122 ἔχειν
1585 4070 1747 4124 προσ-

162 4143 315 4212 ήκει,
350 4140 436 4193 ἴνα
480 4140 554 4212 μὴ
584 4140 662 4212 τῷ
695 4142 838 4212 χόλῳ
864 4142 1307 4212 ταρασσὼμεθα,
1344 4146 1441 4196 καὶ⁸
1487 4145 1549 4197 τὸ
1588 4144 1747 4215 θυμι-

163 4234 262 4286 κὸν
296 4235 328 4303 ή
339 4232 456 4302 μῶν
484 4233 812 4313 παραλόγως
855 4234 950 4287 καὶ
987 4233 1141 4305 παρὰ
1168 4232 1329 4303 φύσιν
1358 4235 1621 4306 κινῶμεν,
1650 4239 1747 4290 καὶ

163 4326 611 4398 ἀπαρρησίαστοι
661 4324 912 4378 τολοιπὸν
949 4326 1028 4387 είς
1065 4324 1158 4378 τὸν
1219 4326 1455 4396 ἀόρατον
1510 4327 1746 4395 πόλεμον

1849 3225 2355 3294 Contemplationcs,
2396 3226 2684 3295 denuoque
2716 3226 2917 3280 bellum
2951 3226 3184 3297 insurgit
3218 3227 3271 3279 in
3298 3229 3417 3280 ani-

1848 3331 1994 3369 mum
2030 3333 2042 3368 :
2077 3316 2239 3369 modo
2284 3331 2406 3370 cum
2451 3317 2701 3381 consilio,
2750 3328 2807 3370 ut
2856 3318 2928 3371 ita
2964 3317 3161 3381 dicam,
3206 3317 3421 3372 Domini

1853 3408 2065 3476 ipsius,
2136 3417 2187 3463 et
2260 3407 2567 3463 humilitate
2639 3422 2748 3463 non
2827 3409 3039 3463 modica
3104 3425 3425 3482 peragamus

1847 3512 2050 3554 omnia.

1920 3698 2009 3753 3|.
2040 3695 2150 3754 Nos
2185 3700 2275 3769 qui
2304 3700 2551 3770 degimus
2578 3699 2632 3753 in
2659 3698 2931 3764 coenobio,
2962 3689 3262 3769 Spontaneo
3296 3715 3425 3769 pro-

1850 3787 2027 3855 posito
2056 3795 2109 3840 et
2142 3787 2306 3840 alacri
2360 3786 2543 3840 animo
2588 3787 2851 3842 debemus
2890 3795 3172 3857 amputare
3206 3802 3425 3841 onmem

1850 3877 2186 3931 voluntatem
2217 3886 2480 3941 nostram,
2513 3892 2636 3931 cum
2666 3877 2808 3933 Deus
2836 3878 2974 3932 adsit
3017 3877 3259 3949 przelato.
3312 3877 3427 3933 Ah-

1847 3969 1977 4039 jecti
2007 3970 2169 4023 etiam
2193 3984 2293 4023 nos
2316 3968 2420 4039 ipsi
2453 3970 2685 4039 quodam
2716 3970 2877 4025 modo
2901 3969 3218 4034 efﬁciamur,
3251 3978 3305 4024 et
3330 3987 3429 4024 vo-

1852 4059 2058 4113 luntate
2093 4066 2367 4113 carentes.
2400 4059 2466 4112 Et
2518 4060 2657 4115 hanc
2702 4069 2872 4113 artem
2919 4059 3118 4114 callere
3170 4061 3429 4113 convenit

1851 4150 1977 4213 illis,
2012 4164 2081 4203 ne
2104 4149 2195 4203 bili
2226 4151 2629 4219 perturbemur,
2671 4161 2726 4206 et
2760 4160 3001 4205 nostram
3048 4151 3311 4205 irascendi
3351 4151 3428 4204 fa-

1854 4241 2109 4296 cultatem
2134 4250 2331 4311 praeter
2361 4250 2613 4296 naturam
2641 4252 2699 4297 et
2723 4243 2988 4297 rationem
3012 4257 3348 4304 moveamus.
3375 4251 3431 4296 et

1852 4333 1919 4386 ad
1967 4332 2416 4387 committendum
2472 4333 2713 4402 spiritale
2759 4334 2960 4388 bellum
3016 4333 3067 4387 in
3120 4341 3424 4404 posterum,

163 4416 571 4500 ηὑρισκώμεθα.
612 4415 785 4468 Είωθε
831 4415 941 4485 γὰρ
978 4414 1038 4467 τὸ
1087 4413 1301 4483 θέλημα
1330 4415 1489 4485 ἡμῶν
1540 4416 1615 4486 μὴ
1650 4433 1743 4468 κο-

1852 4421 2191 4487 reperiamur
2246 4419 2439 4474 timidi.
2484 4419 2749 4475 Voluntas
2790 4421 2934 4474 enim
2976 4430 3160 4476 nostra
3201 4437 3230 4475 a
3270 4422 3428 4476 nobis

163 4508 438 4575 ⁴πετόμενον
514 4509 645 4574 παρ’
706 4505 865 4576 ἡμῶν
927 4506 1372 4572 αὑτοεκουσίως,
1426 4505 1747 4577 ὀργίζεσθαι

162 4598 306 4667 πρὸς
353 4599 480 4661 τοὺς
545 4598 817 4661 ἀκουσίως
867 4597 1025 4668 ἡμῶν
1068 4598 1291 4650 κόπτειν
1357 4597 1489 4652 αὐτὸ
1536 4600 1749 4667 ἐπιχει-

165 4685 417 4751 ροῦντας.
447 4688 557 4740 Καὶ⁸
587 4689 652 4741 ἐκ
673 4687 861 4742 τούτου
892 4687 988 4740 οῦν
1010 4688 1039 4739 ὁ
1067 4686 1240 4756 θυμὸς
1271 4686 1458 4749 κακῶς
1489 4686 1742 4738 ὑλακτῶν

161 4778 432 4848 κινηθεὶς,
468 4780 730 4833 ἀπόλλυσι
764 4780 861 4850 τὴν
893 4777 1096 4846 γνῶσιν
1121 4780 1221 4846 τῆς
1254 4778 1452 4846 πάλης,
1490 4778 1555 4846 ἢν
1581 4777 1743 4848 μόγις

162 4868 308 4935 μετὰ
331 4868 577 4937 καμάτου
609 4868 806 4921 πολλοῦ
833 4865 1139 4937 κτήσασθαι
1162 4866 1421 4937 ἠδυνήθη.
1442 4866 1741 4936 Φθαρτικὺς

158 4964 272 5029 γὰρ
302 4961 330 5012 ὁ
371 4958 542 5029 θυμὸς
589 4956 727 5012 εἶναι
762 4960 1030 5027 πέφυκεν.
1064 4961 1127 5012 El
1173 4960 1270 5030 μὲν
1294 4954 1387 5012 οὖν
1418 4957 1556 5029 πρὸς
1591 4958 1741 5026 λογι-

161 5052 340 5121 epeia;
384 5048 637 5119 κινηθείη
665 5049 1063 5119 δαιμονιώδεις,
1089 5049 1302 5122 φθείρει
1352 5052 1444 5103 καὶ
1482 5050 1742 5103 ἀπολλύει

159 5139 388 5203 αὐτούς.
423 5142 485 5193 Εἰ
509 5140 554 5193 δ’
590 5135 657 5192 αὖ
691 5139 854 5192 πάλιν
880 5139 1024 5193 κατὰ
1052 5141 1380 5211 ἀνθρώπων,
1406 5141 1621 5210 φθείρει
1653 5145 1747 5195 καὶ

161 5231 341 5294 οὕτως
368 5233 494 5294 τοὺς
527 5230 905 5302 ἀνθρωπίνους
934 5231 1229 5301 λογισμοὺς
1258 5234 1315 5284 ἐν
1362 5235 1514 5303 ἡμῖν.
1548 5233 1694 5306 Πλὴν
1720 5237 1749 5286 ὁ

162 5325 230 5376 ου
240 5324 460 5395 μὸςόρῶ
474 5325 555 5377 ὅτι
569 5324 677 5392 φθα
688 5323 867 5393 ρτικδς
886 5324 1145 5392 τυγχάνει
1162 5321 1441 5393 λογισμῶν
1454 5327 1747 5388 παντοίων,

161 5418 279 5471 εἴτε
297 5417 570 5488 πονηρῶν,
604 5418 715 5470 εἴτε
754 5415 893 5490 τύχῃ
912 5418 1006 5469 καὶ
1021 5416 1442 5481 δεξιῶν.⁹’οπλον
1464 5417 1573 5487 γὰρ
1598 5420 1746 5489 παρὰ

160 5510 306 5561 Θεοῦ
333 5510 428 5563 καλ⁸
461 5511 615 5575 τόξον
642 5511 783 5562 κατὰ
812 5509 1086 5579 δαιμόνων
1114 5510 1244 5579 ἡμῖν
1277 5508 1665 5579 παρασχεθεὶς,
1695 5513 1743 5562 εί

242 5684 290 5717 θ’
319 5684 527 5741 Coloss.
564 5701 623 5749 ιι,
657 5686 710 5737 5.
789 5685 833 5717 ⁸⁸
855 5684 982 5740 ibid.
1014 5685 1065 5739 9.
1145 5684 1189 5716 ⁸⁷
1223 5686 1242 5739 l
1276 5684 1397 5739 Cor.
1425 5672 1520 5748 xu,
1546 5685 1600 5738 25.

1853 4513 1995 4576 ultro
2031 4528 2138 4566 non
2171 4513 2428 4575 abscissa,
2466 4514 2859 4569 excandescere
2903 4514 3042 4567 solet
3084 4515 3137 4567 in
3184 4530 3297 4576 eos,
3336 4513 3428 4583 qui

1853 4603 1901 4655 vi
1938 4603 2083 4656 illam
2117 4620 2145 4656 a
2171 4603 2330 4657 nobis
2363 4612 2644 4686 amputare
2686 4602 2957 4657 nituntur.
2999 4601 3156 4657 Unde
3185 4602 3263 4656 ira
3298 4617 3425 4672 per-

1852 4706 1993 4747 mOta
2026 4693 2166 4747 male
2216 4692 2511 4755 oblatrans,
2554 4691 2743 4747 adimit
2785 4690 2911 4746 belli
2958 4690 3231 4752 notitiam,
3264 4704 3427 4758 quam

1849 4786 1935 4838 vix
1968 4786 2138 4839 multo
2169 4800 2292 4839 cum
2324 4785 2509 4841 labore
2536 4786 2794 4856 consequi
2825 4784 3024 4855 potuit.
3051 4784 3137 4838 Ira
3158 4783 3428 4851 siquidem

1850 4883 2041 4927 natura
2094 4875 2400 4927 facultatem
2456 4875 2622 4929 habet
2671 4873 3067 4928 interimendi:
3124 4872 3179 4926 in
3222 4872 3429 4941 cogita-

1853 4966 2028 5017 tiones
2053 4965 2267 5033 quidem
2293 4965 2588 5021 diabolicas
2616 4976 2814 5028 emota,
2846 4964 3062 5034 perimit
3086 4962 3140 5017 et
3178 4963 3431 5017 dissolvit

1853 5069 1946 5108 cas
1977 5072 1990 5106 :
2017 5055 2103 5108 sin
2130 5064 2321 5110 contra
2374 5056 2646 5121 homines,
2701 5056 2889 5109 itidem
2932 5055 3290 5125 cegitationes
3324 5053 3429 5106 hu-

1857 5162 2050 5200 manas
2085 5148 2137 5200 in
2175 5146 2334 5200 nobis
2361 5147 2525 5202 delet.
2562 5148 2773 5217 Itaque,
2815 5156 2875 5201 ut
2925 5146 3106 5211 video,
3152 5146 3229 5199 ira
3276 5158 3433 5215 quas-

1856 5254 2072 5308 cunque
2099 5240 2398 5309 corrumpit
2436 5239 2811 5314 cogitationcs,
2867 5252 2966 5296 seu
3009 5238 3278 5300 sinistras,
3309 5252 3429 5297 seu,
3507 5273 3513 5281 -

1856 5332 1899 5384 si
1930 5330 2004 5385 ita
2042 5332 2343 5401 contingat,
2378 5331 2646 5385 dexteras.
2686 5330 2846 5383 Arma
2880 5329 3023 5386 enim
3059 5317 3113 5383 et
3143 5329 3246 5384 tela
3266 5328 3430 5384 nobis

1854 5423 2117 5476 adversus
2146 5422 2421 5476 daemones
2450 5438 2483 5474 a
2526 5423 2632 5476 Deo
2660 5421 2879 5485 donata,
2915 5420 3020 5476 nisi
3041 5428 3342 5489 _tcneantnr
3373 5421 3425 5475 in

1854 5514 2121 5584 utrisque,
2154 5513 2285 5568 licet
2310 5514 2517 5568 varium
2550 5514 2784 5569 habeant
2820 5513 3095 5579 edoctum,
3127 5508 3429 5582 perniciosa
