3906 6192
279 313 412 380 1497

979 318 1077 380 DE
1110 320 1651 385 TEMPERANTIA
1684 326 1776 386 ET
1814 326 2177 387 VlR'IUTE.
2217 352 2284 365 -
2325 324 2713 386 CENTURIA
2739 324 2791 384 Ι.

3364 328 3508 392 1493

252 444 389 502 σκῃς
414 429 543 493 τοὺς
579 428 935 499 ἀλλοφῦλους,
970 432 1139 504 ἤγουν
1190 434 1317 499 τοὺς
1354 436 1462 491 τῶν
1512 439 1823 507 Αἰγυπτίων

1943 449 2246 493 ιεηιιιιιυειιιι
2282 458 2293 491 :
2338 447 2395 492 ut
2440 438 2545 491 hoc
2586 444 2747 507 pacto
2790 433 2945 490 facile
2987 435 3268 494 discernas
3308 441 3502 496 alieni-

252 526 627 597 πρωτοτόκους
666 526 838 591 υἱούς.

317 704 381 756 ν’.
426 699 516 763 Ὠς
546 699 725 774 ἀγαθὴ
761 702 856 756 καὶ
912 705 1157 776 τερπνὴ,
1210 708 1302 761 καὶ
1334 707 1545 780 ἡδίστη,
1584 711 1820 779 φωτεινή

253 806 310 845 τε
342 793 435 845 καὶ
466 791 772 861 πάγκαλος,
816 795 910 848 καὶ
944 797 1317 868 ἀγλαοφανὴς,
1358 800 1452 852 καὶ
1484 799 1661 870 ὡραία
1694 801 1824 871 ἀρε-

251 878 341 950 τὴ,
369 879 533 950 νῆψις
566 880 672 934 ὑπὸ
717 881 833 948 σοῦ,
858 882 1059 955 Χριστὲ
1089 886 1116 938 ὁ
1145 885 1297 949 Θεὸς,
1339 884 1694 957 εὖοδουμένη,
1731 887 1825 940 καὶ

209 1022 230 1060 ἱ
254 970 637 1043 ἐγρηγορότως
675 973 1021 1045 ἀνθρωπίνου
1067 976 1186 1040 νοὸς
1217 979 1276 1031 ὲν
1300 978 1624 1031 ταπεινώσει
1653 979 1821 1051 πολλῇ

222 1064 567 1135 ’όδευομένηο
596 1066 829 1118 ἐκτείνει
857 1066 966 1137 γὰρ
1010 1068 1117 1131 ἕως
1148 1069 1425 1140 θαλάσσης
1454 1071 1550 1124 καὶ
1581 1071 1823 1125 ἀόύσσου

218 1214 226 1231 ι
254 1151 498 1222 θεωριῶν
524 1152 592 1206 τά
624 1152 878 1223 κλήματα
926 1156 1119 1225 αὐτῆς,
1152 1157 1246 1210 καὶ
1284 1158 1389 1221 ἕως
1429 1159 1690 1229 ποταμῶν
1724 1178 1822 1228 μυο

256 1243 494 1312 στηρίων
552 1242 803 1313 τερπνῶν
856 1261 915 1297 τε
963 1252 1059 1300 καὶ
1109 1246 1269 1299 θείων
1314 1247 1414 1310 τὰς
1461 1249 1823 1317 παραφυάδας

255 1332 449 1402 αὐτῆς,
488 1334 698 1397 ποτίζει
741 1322 821 1389 vs.
856 1334 979 1387 νοῦν
1029 1339 1092 1389 ἐκ
1125 1340 1320 1408 χρόνον
1362 1338 1558 1392 πολλοῦ
1606 1357 1821 1392 καυσω⁸

255 1423 416 1476 θέντα
465 1426 531 1495 τῇ
587 1424 812 1496 ἀσεϐείᾳ
860 1427 966 1480 ὑπὸ
1019 1427 1201 1499 ἅλμης
1262 1431 1512 1505 πονηρῶν
1548 1432 1823 1503 λογισμῶν

255 1516 667 1583 πνευματικῶν,
696 1518 790 1571 καὶ
827 1519 923 1571 τοῦ
974 1520 1075 1590 τῆς
1128 1523 1328 1593 σαρκὸς
1358 1524 1652 1595 δυσμενοῦς
1694 1543 1825 1596 φρο-

254 1607 515 1676 νήματος,
556 1609 583 1660 ὅ
618 1610 733 1661 ἐστι
777 1609 1026 1672 θάνατος.

323 1703 422 1751 ναι,
449 1697 629 1766 Νῆψις
663 1698 809 1751 ἔοικε
852 1702 918 1769 τῇ
955 1699 1048 1752 τοῦ
1104 1701 1299 1755 Ἰακὼϐ
1340 1703 1586 1772 κλίμακι,
1613 1705 1696 1771 ἐφ’
1796 1707 1822 1760 ὁ

1924 547 2130 602 genas,
2200 531 2340 585 ﬁlios
2416 528 2676 583 nimirum
2752 528 3146 599 primogenitos
3215 531 3499 605 Egyptia-

1925 640 2065 679 rum.

1995 715 2084 770 50.
2125 714 2298 781 Quam
2342 714 2506 779 bona,
2553 710 2911 777 delectabilis,
2946 715 3152 779 suavis,
3192 716 3496 785 splendida,

1924 806 2201 876 praeclara,
2232 812 2461 857 venusta
2493 813 2547 857 et
2585 804 2832 872 speciosa
2871 805 3045 858 virtus
3076 814 3158 859 cst
3193 816 3498 876 temperan-

1923 896 1995 950 tia
2032 915 2043 949 :
2079 912 2199 965 qua:
2246 911 2276 948 a
2327 904 2398 957 te.
2456 893 2672 948 Christe
2731 895 2895 958 Deus,
2945 894 3217 965 dirigitur,
3272 905 3326 950 et
3372 912 3495 952 cum

1924 1000 2134 1040 summa
2165 984 2363 1038 mentis
2394 984 2645 1037 humana:
2670 984 3051 1039 humiliatioue
3082 986 3370 1056 vigilanter
3399 988 3499 1043 de-

1924 1076 2169 1131 ducitur!
2226 1073 2482 1139 Extendit
2541 1076 2689 1129 enim
2737 1076 2990 1146 palmites
3030 1093 3158 1132 suos
3211 1094 3386 1148 usque
3430 1081 3495 1133 ad

1924 1183 2092 1231 mare,
2122 1176 2176 1220 et
2220 1167 2474 1237 abyssum
2511 1167 2967 1237 speculationum,
3002 1178 3056 1222 et
3083 1185 3253 1239 usque
3285 1171 3351 1224 ad
3394 1170 3497 1224 llu-

1924 1257 2068 1310 mina
2102 1256 2468 1325 jucundorum
2503 1271 2565 1310 ac
2596 1257 2906 1312 divinorum
2949 1259 3334 1329 mysteriorum
3372 1276 3500 1329 pro-

1922 1346 2144 1413 pagines
2169 1360 2294 1399 suas
2364 1354 2526 1415 atque
2554 1355 2683 1416 potu
2714 1348 2886 1401 reiicit
2912 1348 3153 1402 animum
3176 1348 3495 1417 jamdudum

1924 1435 2200 1504 impietate
2228 1444 2571 1501 :rstuantcm,
2612 1452 2723 1504 prie
2757 1435 3031 1506 salsugine
3064 1447 3174 1490 tum
3210 1454 3496 1506 pravarum

1923 1529 2308 1599 cogitationum
2338 1545 2367 1582 a
2391 1529 2733 1583 dzcmonihus
2757 1529 3117 1596 invectarum,
3145 1542 3255 1585 tum
3286 1532 3509 1605 hostilis

1925 1622 2065 1695 (quae
2097 1637 2245 1675 mors
2273 1618 2374 1689 est)
2408 1620 2713 1689 prudentiae
2742 1621 2943 1675 carnis.

1997 1714 2083 1769 51.
2129 1713 2511 1783 Temperantia
2556 1714 2847 1783 persimilis
2886 1722 2967 1768 est
3004 1716 3162 1770 scalre
3192 1716 3376 1781 Jacob,
3410 1720 3499 1773 cui

252 1784 383 1873 Θεὸς
423 1786 696 1873 ἐπιμένει,
736 1789 831 1840 καὶ
856 1789 906 1840 oi
934 1788 1157 1857 ἄγγελοι
1185 1790 1587 1845 ἀναϐαίνουσιν·
1611 1776 1824 1864 ἀναιρεῖ

1943 1808 2069 1859 )eus
2101 1805 2320 1866 insidet,
2354 1814 2408 1857 et
2435 1820 2539 1871 qua
2584 1803 2888 1857 ascendunt
2928 1805 3124 1873 angeli.
3165 1806 3327 1859 Tollit
3352 1807 3496 1860 cni.n

251 1872 361 1943 γὰρ
394 1872 454 1937 ἐξ
476 1875 634 1943 ἡμῶν
662 1877 770 1928 πᾶν
796 1877 984 1930 κακόν·
1014 1875 1151 1950 αὕτη
1180 1880 1288 1951 γὰρ
1320 1881 1573 1935 ἐκκόπτει
1597 1883 1822 1936 πολυλοο

252 1964 402 2031 γίαν,
444 1965 737 2037 λοιδορίαν,
792 1968 1145 2032 καταλαλιάν,
1199 1971 1293 2025 καὶ
1343 1971 1560 2025 πάντων
1598 1973 1707 2027 τῶν
1740 1977 1826 2028 al-

255 2055 467 2124 σοητῶν
518 2058 705 2110 κακῶν
737 2059 827 2111 τὸν
872 2060 1194 2128 κατάλογον.
1232 2064 1331 2115 οὑκ
1363 2064 1705 2137 ἀνασχομένη
1739 2067 1824 2122 διά

253 2147 428 2206 ταῦτα
458 2147 578 2200 οὐδὲ
610 2148 746 2216 πρὸς
775 2149 953 2217 ὀλίγον
988 2152 1298 2224 στερεῖσθαι
1322 2154 1418 2224 τῆς
1455 2155 1591 2218 ἰδίας
1623 2157 1826 2225 γλυκύ-

254 2255 436 2309 τητος.

324 2327 422 2398 νβ’.
459 2327 677 2400 Ταύτην
726 2330 1026 2400 προθύμως
1056 2332 1275 2401 ἀδελφοὶ
1325 2334 1624 2405 μετίωμεν,
1649 2337 1743 2390 καὶ
1772 2340 1827 2391 ἐν

254 2419 377 2480 ταῖς
426 2418 685 2488 θεωρίαις
740 2421 931 2491 αὐτῆς,
972 2423 1189 2493 καθαρᾷ
1233 2423 1442 2495 διανοίᾳ
1477 2426 1574 2479 σὺν
1607 2427 1827 2499 Χριστῷ

271 2508 446 2578 Ἰησοῦ
478 2511 789 2582 πετόμενοι,
830 2513 1070 2584 κινῶμεν
1107 2514 1205 2585 τὴν
1236 2514 1470 2587 θεωρίαν
1501 2518 1609 2570 τῶν
1649 2520 1829 2590 ἀμαρ-

261 2600 392 2673 τιῶν
418 2603 451 2671 ἡ
462 2600 579 2670 μῶν
610 2604 701 2655 καὶ
724 2603 818 2656 τοῦ
852 2603 970 2678 βίου
996 2605 1089 2657 τοῦ
1113 2606 1402 2678 προτέρου,
1428 2608 1514 2661 ἵνα
1537 2612 1594 2663 ὲν
1626 2613 1690 2681 τῇ
1720 2611 1828 2665 τῶν

260 2689 549 2760 ἁμαρτιῶν
576 2693 608 2761 ἠ
618 2693 735 2762 μῶν
769 2694 955 2765 μνήμῃ
984 2695 1394 2766 συντριϐόμενοι
1425 2699 1520 2751 καὶ
1542 2701 1827 2754 ταπεινού-

262 2796 436 2851 μενοι,
468 2780 835 2837 ἀδιάσπαστον
864 2784 1096 2854 ὲξήμῶν
1122 2786 1334 2858 ’ἐξωμεν
1358 2791 1457 2860 τὴν
1487 2794 1662 2864 Ἰησοῦ
1698 2797 1828 2867 Χρι-

259 2869 387 2928 στοῦ
414 2871 509 2924 τοῦ
541 2873 747 2943 Κυρίου
777 2875 937 2944 ἡμῶν
964 2876 1220 2950 βοήθειαν
1241 2881 1322 2944 είς
1348 2881 1442 2936 τὸν
1464 2884 1696 2955 ἀόρατον
1731 2889 1825 2941 πό-

254 2958 441 3030 λεμον’
490 2962 848 3032 στερηθέντες
903 2963 1013 3036 γὰρ
1058 2968 1156 3037 τῆς
1222 2969 1395 3039 Ἰησοῦ
1451 2971 1702 3042 βοηθείας
1759 2977 1825 3032 δι’

1926 1910 1955 1947 a
1986 1894 2143 1947 nobis
2176 1908 2340 1945 omne
2375 1892 2587 1946 vitium.
2633 1891 2766 1946 Nam
2806 1902 3052 1962 amputat
3096 1895 3214 1964 ipsa
3255 1895 3498 1964 loquari-

1930 1994 2115 2050 tatem,
2155 1985 2486 2043 convicium.
2527 1984 2946 2048 detractionem,
2984 1987 3226 2039 omnium
3265 1987 3500 2057 denique

1927 2078 2185 2132 vitiorum
2248 2076 2526 2131 sensilium
2592 2076 2930 2146 catalogum;
2987 2092 3107 2146 quae
3167 2076 3370 2131 idcirco
3431 2092 3501 2132 ne

1929 2167 2200 2235 tantisper
2239 2164 2459 2234 quidem
2493 2163 2636 2218 ferre
2668 2174 2865 2230 potest,
2901 2172 2957 2219 ut
2987 2165 3251 2219 suavitate
3282 2166 3500 2236 pr0pria

1928 2266 2127 2313 careat.

2001 2350 2086 2403 52.
2130 2348 2391 2417 Hujusce,
2442 2347 2661 2414 fratres,
2693 2348 2854 2402 alacri
2898 2349 3080 2402 animo
3128 2348 3501 2404 desideremus

1927 2456 2049 2495 esse
2092 2440 2386 2510 participes
2422 2456 2433 2492 :
2477 2455 2541 2492 ac
2590 2440 2641 2492 in
2694 2441 3154 2508 speculationibus
3199 2441 3318 2510 ejus
3364 2455 3500 2509 puro

1928 2532 2091 2589 corde
2125 2547 2248 2585 cum
2272 2530 2490 2585 Christo
2514 2528 2642 2584 Jesu
2680 2531 2948 2596 volantes,
2974 2532 3333 2586 discutiamus
3369 2545 3501 2600 pec-

1929 2634 2175 2680 catorum
2216 2630 2536 2679 nostrorum
2569 2635 2624 2677 et
2652 2623 2896 2693 pristinae
2934 2625 3058 2701 vita:
3090 2625 3355 2680 rationem
3398 2645 3410 2681 ε
3442 2637 3503 2682 ιιι

1928 2726 2278 2788 peccatorum
2320 2725 2627 2769 nostrorum
2659 2716 3035 2771 recordatione
3067 2718 3285 2772 contriti
3315 2728 3369 2773 et
3396 2720 3501 2772 bn-

1928 2809 2141 2873 miliati,
2169 2807 2442 2861 indivulso
2467 2821 2496 2859 a
2522 2807 2681 2861 nobis
2707 2800 2922 2862 Domini
2947 2808 3120 2862 nostri
3146 2808 3274 2861 Jesu
3299 2810 3501 2865 Christi

1926 2901 2198 2971 potiamur
2217 2898 2440 2963 auxilio,
2469 2899 2536 2953 ad
2571 2899 2770 2952 bellum
2802 2898 3072 2953 invisibile
3103 2900 3496 2967 peragendum.

1928 2989 2043 3060 Ope
2072 2988 2341 3059 siquidem
2370 2986 2501 3041 Jesu
2542 2987 2806 3049 destituti,
2841 3002 2940 3056 per
2978 2986 3366 3056 arrogantiam,
3397 2986 3503 3040 hu-

256 3052 656 3123 ὑπερηφανίας,
700 3053 733 3124 ἢ
783 3056 1216 3128 φιλανθρωπίας,
1243 3060 1277 3132 ἢ
1310 3061 1639 3131 κενοδοξίας,
1672 3067 1825 3125 ὑστε-

1943 3096 2151 3136 manum
2178 3094 2443 3144 amorem,
2471 3085 2565 3132 aut
2591 3094 2785 3133 vanam
2814 3078 3060 3149 gloriam,
3091 3079 3286 3148 privati
3316 3095 3504 3134 sumus

260 3142 509 3214 ρήθημεν
566 3145 939 3218 καθαρότητος
985 3150 1237 3221 καρδίαςο
1284 3153 1353 3206 δι’
1402 3149 1472 3228 ἦς
1503 3146 1826 3229 γνωρίζεται

256 3234 531 3304 ἀνθρώπῳ
561 3236 713 3298 Θεόςο
742 3238 918 3292 αἴτιον
950 3240 1059 3311 γὰρ
1089 3241 1164 3305 ὡς
1196 3242 1487 3314 ὑπόσχεσις
1514 3246 1612 3301 τοῦ
1655 3249 1831 3304 δευτέ-

259 3342 376 3396 ρου,
410 3326 472 3377 τὸ
504 3327 791 3397 πρότερον.

331 3415 429 3483 νγ⁹.
481 3417 624 3480 Νοῦς
665 3418 741 3489 μὴ
779 3419 995 3489 ἀμελῶν
1032 3421 1130 3492 τῆς
1159 3424 1351 3479 ἑαυτοῦ
1393 3431 1640 3501 κρυπτῆς
1666 3433 1829 3504 ἐργαο

261 3506 406 3568 σίας,
440 3506 536 3561 σὺν
578 3511 689 3571 τοῖς
721 3509 928 3574 λοιποῖς
973 3512 1156 3576 καλοῖς
1185 3509 1268 3579 οἷς
1299 3519 1362 3570 ὲκ
1412 3521 1509 3591 τῆς
1549 3522 1829 3594 διηνεκοῦς

260 3600 527 3670 ἐργασίας
593 3601 690 3670 τῆς
746 3603 994 3674 φυλακῆς
1050 3606 1306 3678 εὑρήσει,
1367 3610 1461 3663 καὶ
1520 3613 1617 3675 τὰς
1665 3616 1828 3670 πέντε

261 3687 539 3761 αἰσθήσεις
573 3692 668 3745 τοῦ
700 3693 972 3764 σώματος,
998 3696 1171 3765 ἀργὰς
1195 3699 1305 3751 τῶν
1335 3699 1441 3764 ἔξω
1475 3704 1665 3759 κακῶν
1694 3709 1830 3763 ἀπο-

259 3781 444 3848 δείξει.
478 3784 555 3856 Τῇ
583 3785 691 3857 γὰρ
712 3787 888 3858 οίκείᾳ
913 3790 1082 3861 ἀρετῇ
1116 3791 1205 3847 καὶ
1229 3793 1387 3866 νήφει
1416 3795 1483 3849 δι’
1505 3795 1626 3850 ὅλου
1661 3818 1829 3869 προσ-

260 3870 420 3945 έχων,
454 3873 547 3926 καὶ
578 3876 690 3937 τοῖς
735 3877 969 3946 νοήμασι
997 3881 1110 3942 τοῖς
1135 3881 1319 3946 καλοῖς
1349 3890 1699 3958 κατατρυφᾷν
1735 3889 1828 3943 θέ-

258 3962 390 4026 λων,
422 3963 522 4018 οὐκ
560 3965 813 4036 ἀνέχεται
837 3967 1167 4023 κλέπτεσθαι
1191 3972 1279 4026 διὰ
1304 3974 1411 4028 τῶν
1437 3978 1598 4032 πέντε
1630 3981 1828 4053 αἰσθή-

260 4070 424 4117 σεων,
448 4055 651 4110 ὲνύλων
679 4057 774 4111 καὶ
817 4060 1060 4129 ματαίων
1099 4062 1375 4134 λογισμῶν
1421 4069 1571 4140 αὐτῷ
1604 4089 1831 4146 προσερ-

258 4145 527 4222 χομένων,
556 4147 692 4205 ἀλλά
712 4150 876 4217 γνοὺς
901 4151 1080 4207 αὐτῶν
1110 4154 1171 4209 τὸ
1204 4146 1502 4228 ἀπατηλὸν,
1530 4159 1676 4219 ἔνδον
1702 4145 1829 4216 ἑαυο

256 4233 351 4290 τοῦ
377 4237 443 4292 τά
472 4238 644 4295 πολλά
678 4240 954 4297 συστέλλει
986 4243 1173 4308 αὐτάς.

321 4328 413 4384 νδ’.
445 4330 739 4402 Παράμενε
765 4334 830 4403 τῇ
853 4332 1079 4406 διανοίᾳ,
1108 4337 1200 4390 καὶ
1219 4340 1281 4391 οὐ
1316 4342 1595 4404 κοπιάσεις
1621 4345 1678 4396 ἐν
1708 4363 1826 4400 πει-

1934 3176 2115 3232 cordis
2145 3176 2404 3246 puritate,
2437 3190 2543 3244 qua
2584 3174 2878 3230 innotescit
2910 3175 3119 3230 homini
3153 3175 3315 3231 Deus.
3351 3174 3505 3231 Prius

1935 3265 2102 3331 enim,
2137 3273 2196 3318 ut
2225 3264 2341 3335 ipsc
2367 3264 2674 3335 pollicetur,
2700 3273 2786 3320 est
2815 3281 2979 3320 causa
3008 3267 3257 3324 secundi.

2006 3442 2091 3497 55.
2134 3440 2363 3495 Animus
2405 3440 2499 3510 qui
2535 3440 2591 3497 in
2628 3440 2810 3510 seipso
2850 3442 3149 3498 excolendo
3192 3443 3505 3499 interiorem

1936 3534 2309 3604 operationem
2359 3547 2469 3586 non
2522 3532 2774 3602 negligit,
2828 3534 3022 3602 praeter
3070 3535 3279 3605 reliqua
3327 3536 3504 3602 bona,

1934 3642 2054 3696 qua:
2075 3641 2140 3679 ex
2163 3624 2423 3679 continua
2445 3622 2675 3678 actionis
2702 3621 3088 3693 observatione
3117 3635 3505 3694 consequetur,

1935 3716 2100 3769 etiam
2146 3715 2388 3784 quinque
2431 3728 2626 3767 sensus
2668 3714 2912 3784 corporis
2947 3716 3189 3770 externis
3227 3715 3375 3770 vitiis
3411 3733 3506 3770 va-

1935 3820 2068 3861 cuos
2128 3805 2398 3859 ostendet.
2452 3802 2554 3867 Qui
2611 3802 2756 3856 enim
2816 3804 3091 3873 propriam
3138 3805 3392 3858 virtutem
3443 3821 3504 3860 ac

1936 3895 2353 3965 temperantiam
2402 3894 2564 3963 plane
2598 3902 2774 3958 curat,
2802 3901 2857 3948 et
2893 3894 3166 3965 prmo-laris
3205 3895 3506 3950 delectatur

1934 3987 2195 4053 consiliis,
2236 4002 2346 4039 non
2398 3985 2526 4041 sinit
2570 3986 2828 4053 occupari
2879 4002 2937 4042 se
2974 3987 3219 4057 quinque
3256 3989 3505 4045 sensibus

1935 4093 2158 4134 accessu
2196 4092 2500 4131 crassarum
2535 4092 2905 4147 variarumque
2939 4077 3324 4148 cogitationum
3359 4095 3370 4130 :
3411 4079 3503 4131 sed

1934 4171 2128 4228 harum
2174 4169 2399 4224 insidias
2436 4185 2557 4223 cum
2597 4170 2762 4234 norit,
2799 4169 2939 4223 intra
2981 4170 3223 4239 seipsum
3262 4184 3504 4223 summo-

1935 4277 2064 4334 pere
2091 4259 2309 4314 cohibet
2333 4276 2446 4314 eas.

2006 4351 2094 4405 54.
2128 4351 2185 4404 ln
2216 4351 2405 4405 cadent
2443 4366 2699 4419 permane
2735 4350 3027 4413 sententia,
3060 4358 3114 4403 ct
3152 4349 3205 4403 in
3247 4348 3505 4403 tentatio-

257 4418 508 4489 ρασμοῖςο
544 4418 755 4472 ἐκεῖθεν
791 4420 848 4473 δὲ
905 4422 1234 4493 ἀναχωρῶν,
1268 4424 1504 4496 ὑπόμενε
1543 4428 1612 4482 τά
1657 4430 1822 4503 ἐπερ-

1943 4443 2093 4500 [ιίιιυε
2134 4458 2244 4497 non
2279 4418 2589 4505 laborabis;
2625 4456 2653 4493 a
2685 4455 2789 4509 qua
2821 4439 2865 4493 si
2901 4438 3141 4502 recedas,
3180 4438 3348 4493 tolera
3385 4453 3506 4507 qua)

291 4507 482 4561 όμενα.

255 4524 482 4582 χομενα.

326 4603 421 4652 νε¹.
456 4598 668 4671 Ὠσπερ
714 4602 840 4666 τοὺς
884 4604 1505 4677 κακοσίτους,”ἀψίνθιον
1532 4610 1736 4680 ὠφελεῖ
1766 4613 1827 4666 τδ

256 4686 475 4758 πικρὸν,
503 4687 645 4743 οὕτω
675 4693 788 4756 τοῖς
822 4694 1187 4766 κακοτρόποις
1232 4699 1379 4752 κακὰ
1423 4699 1654 4771 πάσχειν
1686 4719 1825 4773 συμ-

299 4796 432 4832 ερει.

299 4796 319 4828 ε
362 4796 432 4832 ει.

253 4793 289 4846 φ
320 4793 429 4932 5g“.
464 4868 527 4921 Εἰ
585 4871 659 4942 μὴ
712 4872 887 4936 θέλεις
938 4876 1296 4943 κακοπαθεῖν,
1343 4877 1479 4948 μηδὲ
1513 4884 1822 4934 κακοποιεῖν

253 4957 397 5024 θέλε,
429 4954 767 5017 διότι’τοῦτο
809 4964 1047 5035 κάκείνῳ
1096 4967 1469 5037 ἀπαραΰάτως
1516 4969 1820 5025 ἀκολουθεῖν

251 5048 417 5122 δγάρ
465 5053 680 5128 σπείρει
737 5054 994 5120 ἕκαστος,
1025 5074 1182 5112 τουτο
1216 5062 1310 5113 καὶ
1361 5060 1588 5134 θερίσει.
1638 5062 1820 5117 Ἑκου-

254 5144 385 5207 σίως
416 5139 510 5198 οὖν
554 5146 626 5198 τὰ
657 5145 836 5214 φαῦλα
867 5148 1201 5219 σπείροντες,
1238 5152 1330 5204 καὶ
1372 5152 1643 5216 ἀκουσίως
1673 5136 1820 5224 θερίέ
1856 5170 1858 5173 ·

252 5233 458 5300 ζοντες,
494 5235 595 5307 τὴν
622 5235 975 5309 δικαιοσύνην
1029 5237 1121 5290 τοῦ
1170 5238 1306 5295 Θεοῦ
1338 5239 1643 5312 θαυμάζειν
1674 5243 1825 5312 ὀφεί-

250 5324 438 5394 λομεν.

323 5414 420 5489 νς’.
464 5416 851 5489 Ἐκτνφλοῦται
898 5425 927 5476 ό
973 5421 1099 5489 νοῦς
1147 5424 1234 5478 διὰ
1281 5424 1387 5479 τῶν
1414 5426 1582 5496 τριῶν
1619 5426 1822 5481 τούτων

251 5506 465 5568 παθῶν,
497 5510 860 5583 φιλαργυρίας
891 5514 1054 5584 λέγω,
1091 5516 1399 5582 κενοδοξίας
1419 5557 1434 5580 ,
1474 5518 1569 5571 καὶ
1603 5518 1815 5587 ἡδονῆς-

323 5605 424 5669 νη’.
458 5601 665 5665 Γνῶσις
696 5605 789 5661 καὶ
819 5605 998 5670 πίστις
1029 5608 1085 5659 αἱ
1122 5607 1223 5674 τῆς
1256 5608 1469 5676 φύσεως
1500 5608 1657 5679 ἡμῶν
1691 5608 1816 5660 σύνο

249 5706 463 5761 τροφοι,
510 5691 578 5746 δι’
620 5693 770 5748 οὐδὲν
815 5696 943 5751 ἄλλο
992 5698 1119 5767 ἦδι’
1154 5700 1364 5763 ἐκείνας
1401 5699 1812 5772 ἠμϐλύνθησαν.

1930 4531 2294 4587 ocrurrerint.

2000 4626 2085 4680 55.
2127 4622 2596 4689 Quemadmodum
2658 4638 2901 4680 amarum
2963 4622 3297 4677 absinthium
3355 4620 3506 4688 juvat

1926 4728 2022 4768 eos
2051 4712 2144 4783 qui
2175 4712 2326 4766 cibos
2358 4710 2645 4766 fastidiunt
2672 4751 2686 4776 ,
2718 4711 2792 4764 ita
2821 4710 2962 4765 male
3008 4709 3235 4763 moratis
3271 4707 3507 4763 homini~

1925 4805 2026 4858 bus
2052 4803 2180 4857 utile
2207 4812 2311 4862 est.
2341 4811 2400 4855 ut
2426 4802 2707 4872 patiantur
2733 4792 2980 4855 adversa.

2001 4895 2087 4949 56.
2129 4894 2241 4949 Nisi
2285 4894 2542 4949 statueris
2584 4894 2812 4949 adversa
2865 4890 3096 4961 perpeti,
3130 4904 3201 4943 ne
3248 4889 3509 4943 decernas

1930 4985 2071 5038 bene
2137 5000 2296 5055 agere
2349 5000 2471 5037 eum
2524 4984 2630 5038 hoc
2681 5000 2744 5037 ex
2792 4983 2882 5036 illo
2926 4989 3190 5052 perpetuo
3226 4989 3506 5049 sequatur.

1931 5073 2085 5139 Quod
2137 5076 2282 5129 enim
2339 5076 2572 5144 quisque
2621 5074 2887 5137 seminat,
2946 5074 3047 5128 hoc
3102 5072 3264 5126 etiam
3317 5080 3503 5125 metet.

1929 5159 2197 5225 Proinde,
2246 5163 2289 5217 si
2340 5180 2460 5233 qua:
2511 5170 2705 5232 sponte
2757 5162 3091 5216 seminamus
3134 5161 3304 5225 mala,
3349 5162 3506 5216 inviti

1927 5253 2207 5317 metimus,
2228 5252 2498 5322 justitiam
2532 5253 2774 5307 divinam
2799 5252 3054 5307 admirari
3083 5252 3362 5309 debemus.

1998 5423 2084 5477 57.
2128 5422 2191 5475 lli
2223 5431 2331 5475 tres
2360 5421 2481 5475 alie:
2504 5433 2589 5476 tus
2626 5432 2902 5477 excaecant
2940 5424 3181 5479 animum
3210 5442 3221 5477 :
3254 5423 3499 5489 avaritia,

1926 5516 2168 5584 inquam,
2206 5532 2343 5568 vana
2377 5515 2563 5584 gloria.
2597 5525 2650 5571 ct
2682 5516 2951 5585 voluptas.
2982 5564 2993 5573 .
3085 5523 3087 5526 ⁴

1994 5606 2079 5660 58.
2123 5606 2279 5659 Nulla
2328 5605 2430 5659 alia
2479 5622 2554 5669 re,
2598 5623 2758 5677 quam
2810 5606 2915 5669 his,
2948 5607 3183 5678 cognitio
3233 5617 3287 5661 ct
3341 5606 3496 5669 fides,

1926 5711 2045 5763 quae
2119 5696 2463 5751 collectancre
2532 5706 2659 5752 sunt
2727 5705 2933 5753 natura:
3008 5708 3244 5766 nostrae,
3315 5696 3498 5766 proﬂi-

1930 5798 2143 5855 geritur.
