3906 6192
429 196 565 262 1499

424 415 544 455 rum
594 400 885 455 universus
937 400 1232 471 catalogus,
1284 401 1496 457 illarum
1540 405 1592 458 vi
1644 406 1997 461 vehementer

422 491 770 546 involucrum
794 490 938 544 inter
966 490 1238 548 homines.

490 582 580 637 60.
622 580 723 646 Qui
772 595 885 635 non
922 582 1075 637 novit
1107 584 1417 647 veritatem,
1454 601 1558 640 nec
1601 602 1728 641 vere
1773 590 1996 645 credere

420 682 600 744 potest
637 691 649 725 :
684 672 809 742 quia
852 673 1004 728 notio
1036 683 1227 729 natura
1263 678 1519 745 pra-cedit
1551 677 1732 733 ﬁdem.
1769 678 1992 751 Eloquia

420 764 689 833 siquidem
732 764 1029 835 Scriptura:
1071 782 1177 820 non
1223 778 1282 821 ut
1326 768 1687 838 intelligamus
1731 773 1994 830 duntaxat

418 855 618 926 scripta
653 866 801 921 sunt,
831 857 925 912 sed
955 867 1014 912 ut
1052 874 1115 913 ea
1150 844 1316 930 o‘pere
1344 861 1734 931 rompleamus.

486 1031 574 1085 (il.
620 1031 889 1086 Ducamus
938 1031 1101 1103 igitur
1136 1033 1351 1089 initium
1384 1037 1452 1090 ab
1482 1053 1665 1106 opere.
1699 1037 1809 1094 Hac
1842 1042 1989 1097 enim

419 1121 630 1177 ratione
686 1123 945 1193 deinceps
1009 1125 1388 1193 prolicientcs,
1453 1131 1822 1199 reperiemus,
1877 1150 1988 1188 non

418 1213 581 1267 modo
627 1228 777 1283 spem
829 1214 882 1267 in
930 1213 1121 1274 Deum.
1169 1216 1265 1270 sed
1318 1217 1483 1272 etiam
1540 1220 1751 1274 firmam
1805 1221 1984 1288 fidem,

418 1304 666 1358 notitiam
707 1305 1045 1371 interiorem,
1090 1306 1467 1361 liberationem
1510 1325 1538 1362 a
1576 1312 1985 1379 tentationibus,

418 1394 807 1450 charismatum
853 1396 1014 1458 dona,
1058 1398 1240 1451 cordis
1292 1399 1711 1465 confessionem,
1750 1411 1803 1457 et
1848 1405 1988 1457 assi-

420 1485 554 1538 duas
580 1484 863 1555 lacrymas,
895 1487 1224 1555 precationis
1253 1482 1532 1544 beneficio—
1557 1491 1804 1546 lidelibus
1834 1509 1988 1547 acce-

418 1574 568 1627 dere.
604 1574 791 1645 Neque
832 1592 963 1630 vero
1004 1576 1120 1631 haec
1167 1578 1364 1641 solum,
1397 1580 1491 1633 sed
1530 1581 1690 1635 etiam
1734 1581 1985 1637 acciden-

1607 209 1971 270 IIESYCHII
1997 211 2470 272 PRESBYTERI

497 307 584 363 59.
620 306 815 373 Furor,
864 307 964 375 ira,
1012 309 1175 373 bella,
1221 310 1416 378 czcdcs,
1450 320 1506 369 ct
1544 315 1789 383 reliquus
1834 316 2004 369 malo-
2031 320 2074 376 Δ

2174 314 2271 369 νθ’.
2311 314 2491 385 Θυμδς
2536 314 2629 367 καὶ
2679 313 2840 384 ὀργὴ,
2877 313 2970 366 καὶ
3003 310 3231 381 πόλεμοι
3261 311 3359 364 καὶ
3384 311 3656 380 φόνοι,καὶ

2105 408 2213 469 πᾶς
2249 408 2277 459 ὁ
2303 405 2490 467 λοιπὸς
2523 407 2634 457 τῶν
2673 404 2864 457 κακῶν
2892 403 3222 471 κατάλογος,
3266 401 3335 454 δι’
3376 404 3583 468 ὲκείνας
3606 408 3658 459 ὲν

2101 496 2413 566 ἀνθρώποις
2448 495 2653 567 σιδάδρα
2682 493 3158 565 ὲκραταιώθησαν.

2173 585 2239 653 ξ’·
2284 586 2344 638 ὀ
2382 586 2456 655 μὴ
2487 584 2773 653 γινώσκων
2819 586 2919 654 τὴν
2969 583 3255 654 ἀλήθειαν,
3291 580 3417 635 οὔτε
3461 582 3660 649 ἀληθῶς

2101 675 2378 729 πιστεύειν
2406 676 2633 729 δύναται
2658 692 2673 707 ·
2703 675 2737 743 ἡ
2778 674 2889 745 γάρ
2921 673 3124 742 γνῶσις
3175 672 3321 724 κατὰ
3351 671 3515 739 φύσιν
3542 688 3663 742 προ-

2100 770 2317 837 ηγεῖται
2343 767 2445 836 τῆς
2472 766 2727 828 πίστεως·
2759 764 2829 817 τὰ
2857 766 2967 836 γὰρ
3000 764 3101 831 τῆς
3128 763 3348 834 Γραφῆς
3379 763 3661 833 εἰρημένα,

2097 858 2196 927 οὐχ
2220 858 2308 911 ἵνα
2328 858 2616 928 νοήσωμεν
2638 856 2820 925 μόνον,
2851 855 2965 909 ἀλλ’
2991 856 3141 917 ὅπως
3166 853 3304 908 αύτά
3332 856 3667 925 ποιήσωμεν,

2098 949 2338 1021 είρηται.

2169 1039 2271 1106 ξω.
2313 1038 2629 1110 Ἀρξὼμεθα
2649 1038 2714 1108 δὴ
2743 1032 2837 1092 οῦν
2864 1037 2960 1090 τοῦ
2998 1037 3162 1108 ἔργου
3182 1054 3195 1067 ·
3223 1035 3368 1090 οὕτω
3401 1035 3516 1107 γὰρ
3550 1037 3670 1090 tim-

2094 1132 2301 1194 λούθως
2330 1131 2755 1202 προκόπτοντες,
2785 1124 3207 1199 εὑρήσομενὸτι
3236 1129 3299 1181 ού
3327 1128 3498 1197 μόνον
3533 1130 3568 1196 η
3596 1129 3670 1191 εἰς

2095 1224 2225 1285 Θεὸν
2255 1222 2435 1287 ἐλπὶς,
2462 1221 2599 1275 ἀλλά
2616 1222 2710 1274 καὶ
2738 1221 2935 1291 βεϐαία
2966 1220 3146 1282 πίστις
3176 1220 3270 1271 καὶ
3300 1218 3513 1285 γνῶσις
3538 1220 3672 1270 ἐσωο

2094 1311 2229 1382 τέρα
2257 1354 2272 1375 ,
2310 1312 2405 1365 καὶ
2452 1309 2778 1380 πειρασμῶν
2824 1309 3117 1378 λύτρωσις.
3171 1308 3267 1361 καὶ
3312 1307 3673 1377 χαρισμάτων

2093 1400 2417 1470 δωρήματα,
2451 1400 2545 1452 καὶ
2570 1397 2959 1468 ἐξομολόγησις
2993 1396 3286 1467 καρδιακὴ,
3307 1397 3406 1449 καὶ
3439 1395 3673 1466 δάκρυον

2093 1492 2326 1553 ἐκτενὲς,
2379 1491 2469 1543 διὰ
2506 1490 2816 1560 προσευχῆς
2864 1490 2975 1549 τοῖς
3018 1488 3232 1549 πιστοῖς
3278 1486 3672 1556 παραγίνεται.

2093 1581 2167 1634 Ού
2204 1580 2366 1649 μόνον
2391 1581 2448 1633 δὲ
2472 1579 2668 1640 ταῦτα,
2702 1579 2841 1633 ἀλλὰ
2879 1578 3103 1631 καὶτῶν
3137 1578 3537 1648 ἐπερχομένων
3566 1577 3671 1629 θλι-

419 1667 553 1720 tium
613 1667 1023 1722 tribulationum
1086 1669 1471 1733 tolerantiam,
1514 1673 1813 1739 sinceram,
1870 1689 1982 1743 qua!

2100 1667 2275 1737 Βερῶν
2302 1667 2570 1738 ὑπομονὴ,
2601 1668 2695 1722 καὶ
2725 1666 3025 1735 εἰλικρινὴς
3060 1665 3155 1718 τοῦ
3186 1666 3427 1734 πλησίον
3457 1665 3672 1737 ego»;

417 1756 489 1810 sit
525 1759 799 1828 proximo.
825 1760 1230 1825 remissionem,
1262 1762 1628 1833 cognitionem
1662 1764 1793 1835 legis
1824 1764 1985 1834 spiri-

417 1850 560 1914 talis,
596 1849 821 1919 justitiae
852 1850 1047 1907 divinm
1080 1852 1448 1922 adeptionem,
1485 1855 1775 1909 adventum
1810 1856 1983 1911 sancti

416 1940 669 2010 Spiritus,
712 1941 1035 2012 spiritalium
1084 1944 1469 1998 thesaurorum
1522 1946 1885 2015 largitionem,
1929 1957 1983 2003 et

411 2038 606 2085 cuneta
645 2047 765 2102 quae
794 2031 1067 2102 pollicitus
1098 2046 1182 2087 est
1220 2034 1363 2088 Deus
1404 2049 1462 2088 se
1493 2036 1816 2091 donaturum
1849 2037 1983 2093 tide-

413 2120 554 2175 lihus
586 2120 923 2184 hominibus,
951 2131 1062 2177 tum
1094 2123 1145 2176 in
1175 2124 1280 2179 hoc
1309 2132 1420 2179 tum
1455 2127 1506 2179 in
1542 2125 1728 2181 futuro
1759 2129 1979 2183 smculo.

411 2211 478 2264 Et
520 2221 579 2265 ut
625 2211 679 2265 iu
725 2228 939 2266 summa
969 2213 1166 2277 dicam,
1211 2230 1319 2269 non
1368 2224 1522 2286 poles
1558 2218 1738 2272 anima
1779 2235 1889 2289 prie
1922 2236 1980 2275 se

411 2299 555 2355 ferre
597 2302 884 2371 imaginem
931 2301 1047 2361 Dei.
1079 2303 1182 2357 nisi
1223 2306 1457 2373 gratuito
1500 2305 1590 2361 Dei
1633 2324 1879 2371 munere,
1917 2325 1981 2366 ac

410 2390 514 2443 title
548 2390 785 2445 hominis
812 2406 876 2444 ex
904 2392 1086 2445 animo
1113 2395 1512 2461 perseverantis
1539 2395 1593 2449 in
1628 2412 1837 2450 summa
1874 2397 1979 2451 hu-

412 2478 656 2537 militale,
693 2487 748 2532 et
781 2494 884 2532 non
917 2479 1202 2534 haesitante
1233 2484 1565 2551 precatione.

480 2567 567 2623 62.
612 2566 803 2637 Ingens
841 2570 1083 2637 profecto
1121 2571 1325 2625 bonum
1362 2584 1466 2636 est,
1498 2574 1656 2627 sicuti
1691 2576 1979 2644 experien-

413 2659 483 2710 tia
517 2658 846 2727 accepimus,
879 2665 941 2711 ut
986 2659 1078 2728 qui
1126 2675 1284 2714 suum
1329 2662 1503 2731 ipsius
1544 2678 1640 2718 cor
1678 2680 1978 2737 expurgare

410 2747 718 2811 desiderat,
776 2750 1123 2803 continenter
1174 2750 1391 2805 invocet
1452 2753 1739 2807 Dominum
1790 2753 1975 2811 Jesum

409 2839 669 2893 adversus
717 2839 903 2894 hostes
950 2837 1677 2910 spiritales.’Animadverte,
1712 2853 1975 2912 quantum

410 2932 483 2997 id,
517 2932 658 3001 quod
712 2933 854 2989 facto
893 2934 1136 3003 periculo
1182 2935 1316 3001 dixi,
1347 2943 1609 2991 consonet
1650 2951 1774 2990 cum
1819 2937 1976 2991 testi-

409 3023 610 3077 moniis
653 3022 971 3094 Scriptum.
1017 3027 1273 3096 Praepara
1322 3035 1394 3093 te,
1442 3026 1641 3095 inquit,
1683 3027 1868 3095 lsrael,
1910 3029 1975 3085 ad
2005 3014 2049 3073 (ἶ

411 3115 774 3169 invocandum
812 3132 1007 3170 nomen
1048 3117 1261 3173 Domini
1298 3118 1391 3173 Dei
1433 3121 1533 3173 tui.
1568 3120 1636 3174 Et
1664 3120 1975 3190 Apostolus,

412 3207 537 3261 Sine
564 3209 947 3262 intermissione
983 3218 1129 3263 orate
1151 3211 1215 3262 ⁷³.
1248 3209 1326 3265 Ae
1365 3211 1624 3265 Dominus
1667 3220 1854 3266 noster
1891 3212 1978 3265 in-

409 3301 567 3369 quit,
603 3300 727 3355 Sine
784 3318 866 3355 me
913 3302 1045 3355 nihil
1079 3304 1292 3370 potestis
1323 3305 1513 3374 facere.
1550 3302 1651 3367 Qui
1704 3312 1880 3358 manet
1922 3306 1978 3357 in

410 3410 512 3455 me,
542 3404 589 3447 et
614 3410 704 3465 ego
734 3395 787 3447 in
818 3410 900 3459 eo,
924 3395 1007 3448 hic
1041 3396 1141 3465 fert
1172 3396 1399 3465 fructum
1430 3396 1653 3450 multum
1678 3396 1743 3449 ⁷⁵.
1780 3396 1844 3452 Εἰ
1878 3397 1978 3452 ite-

409 3501 567 3539 rum:
602 3484 661 3540 Si
697 3487 812 3556 quis
844 3488 899 3539 in
944 3504 1027 3541 me
1072 3502 1171 3540 non
1222 3488 1493 3552 manserit,
1534 3489 1769 3542 mittetur
1808 3489 1973 3559 foras,

407 3575 542 3627 sicut
587 3573 788 3642 palmes
817 3575 883 3629 ".
926 3574 1134 3627 Bonum
1178 3573 1368 3645 ingens
1400 3583 1483 3629 est
1526 3575 1721 3639 oratio,
1748 3577 1975 3644 bonum,

411 3665 650 3733 inquam,
681 3663 827 3733 quod
869 3664 1031 3718 etiam
1064 3664 1247 3718 omnia
1287 3674 1541 3734 procurat
1572 3684 1585 3717 :
1622 3675 1677 3721 et
1718 3668 1978 3724 emundat

409 3771 523 3819 cor,
555 3755 608 3808 in
639 3770 746 3824 quo
779 3762 1056 3824 spectatur
1091 3754 1232 3810 Deus
1259 3770 1289 3809 a
1323 3755 1594 3812 ﬁdelibus.

480 3847 567 3901 65.
608 3847 942 3903 liumilitatis
984 3849 1210 3913 bonum,
1248 3863 1371 3903 cum
1421 3849 1617 3905 habeat
1668 3850 1777 3906 vim
1827 3852 1976 3907 exal-

412 3939 556 3994 tandi
603 3946 800 3994 natura
849 3956 969 4005 sua,
1015 3939 1236 4010 Deoqne
1287 3940 1359 3995 sit
1404 3943 1793 4013 gratissimum,
1834 3945 1978 4015 quod

409 4030 573 4084 etiam
618 4031 800 4084 omnia
840 4031 1234 4100 propemodum
1266 4031 1416 4095 vitia,
1449 4041 1505 4086 et
1542 4047 1663 4103 qua:
1709 4032 1817 4088 Deo
1851 4042 1979 4090 sunt

409 4122 627 4187 odiosa,
673 4122 727 4177 in
780 4123 939 4177 nobis
987 4124 1263 4189 absumat,
1312 4131 1601 4194 propterea
1652 4141 1762 4180 non
1821 4126 1977 4181 facile

409 4216 712 4284 comparari
749 4215 905 4270 solet.
944 4215 1132 4285 Itaque
1168 4216 1222 4270 in
1268 4231 1379 4271 uno
1407 4218 1707 4288 eodemque
1733 4220 1972 4286 homine,

409 4321 517 4361 non
546 4305 761 4359 diliicile
786 4314 869 4359 est
896 4305 1136 4373 reperire
1165 4306 1520 4375 particulares
1544 4310 1802 4376 quasdam
1833 4311 1974 4364 mul-

412 4403 587 4446 tarum
637 4393 866 4447 aliarum
913 4393 1174 4448 virtutum
1216 4396 1506 4450 actiones:
1550 4395 1604 4449 in
1650 4412 1716 4451 eo
1760 4413 1887 4452 vero
1931 4399 1976 4454 si

406 4498 619 4550 quzcras
639 4482 1033 4539 humiliationis
1053 4487 1360 4547 odoratum,
1379 4487 1462 4540 vix
1491 4488 1751 4556 reperies.
1782 4488 1977 4553 Quam-

408 4575 595 4627 obrem
638 4573 995 4644 temperantia
1042 4590 1151 4628 non
1196 4575 1406 4629 modica
1445 4592 1583 4645 opus
1622 4585 1727 4640 est,
1764 4578 1829 4632 ad
1876 4580 1977 4634 hoc

410 4667 613 4720 bonum
642 4666 1110 4734 consequendum.
1149 4666 1365 4721 Etenim
1400 4667 1484 4721 vel
1514 4666 1786 4723 diabolum
1824 4669 1975 4724 Scri-

411 4768 568 4827 ptura
622 4757 755 4812 dicit
804 4757 1180 4823 immundum,
1227 4759 1481 4828 quoniam
1544 4760 1612 4815 ab
1667 4760 1823 4815 initio
1874 4761 1976 4815 hoe

408 4850 586 4919 ipsum
639 4848 961 4904 humilitatis
1005 4849 1213 4904 bonum
1277 4852 1502 4921 repulit,
1559 4862 1615 4907 et
1666 4855 1976 4923 superbiam

406 4939 679 4994 adamavit
704 4957 717 4993 :
740 4949 1026 5009 propterea
1054 4939 1437 4998 denominatur
1466 4943 1520 4996 in
1545 4944 1798 4997 universa
1828 4943 1977 4999 Seri-

410 5038 565 5098 ptura
593 5028 816 5099 spiritus
844 5029 1175 5084 immundus.
1209 5030 1380 5097 Quam
1406 5031 1554 5084 enim
1577 5031 1976 5087 immunditiam

407 5134 724 5187 corpoream
775 5129 1089 5190 perpetrare
1130 5129 1318 5191 queat,
1347 5121 1420 5185 id,
1461 5122 1605 5191 quod
1650 5125 1892 5192 corporis
1925 5135 1981 5180 et

408 5209 588 5265 carnis
616 5219 700 5265 est
728 5211 946 5281 penitus
973 5227 1185 5282 expers,
1218 5195 1321 5267 n'ec
1358 5212 1467 5268 ullo
1509 5212 1630 5267 loco
1668 5214 1831 5279 situm
1870 5224 1975 5282 est,

407 5308 463 5353 et
490 5300 752 5373 sanguine
776 5309 945 5364 caret,
977 5301 1154 5372 qualis
1180 5301 1335 5357 initio
1365 5310 1420 5357 et
1447 5316 1595 5358 nunc
1618 5312 1702 5356 est
1725 5301 1975 5369 Satanas,

411 5401 470 5443 ut
508 5404 574 5444 ex
604 5390 689 5444 his
718 5391 929 5445 dicatur
969 5393 1317 5447 inummdus?
1344 5391 1696 5462 Perspicuum
1732 5402 1816 5448 est
1850 5409 1976 5448 eum

2009 4361 2052 4416 D

480 5564 565 5616 ’³1
598 5564 790 5619 Thess.
821 5583 928 5632 un,
971 5569 1050 5621 l7.
1130 5567 1351 5622 “Joan.
1386 5584 1472 5631 xv,
1515 5566 1565 5621 5.
1645 5569 1685 5601 ⁷⁵
1723 5567 1852 5624 ibid.
1890 5570 1942 5623 6.

2092 1758 2187 1811 καὶ
2211 1757 2379 1827 νόμου
2413 1756 2787 1827 πνευματικοῦ
2843 1756 3160 1824 ἐπίγνωσις,
3194 1756 3289 1807 καὶ
3314 1754 3674 1824 δικαιοσύνης

2089 1848 2225 1902 Θεοῦ
2252 1849 2490 1921 εὕρεσις,
2523 1850 2615 1903 καὶ
2640 1848 2953 1919 πνεύματος
2986 1848 3143 1915 ἁγίου
3168 1847 3560 1915 ἐπιφοίτησις,
3588 1847 3677 1900 καὶ

2090 1941 2384 2013 θησαυρῶν
2414 1940 2808 2011 πνευματικῶν
2828 1938 2998 2001 δόσις,
3029 1937 3125 1991 καὶ
3151 1935 3329 1990 πάντα
3360 1936 3472 1989 ὅσα
3508 1937 3676 2002 ἐπηγ-

2088 2030 2307 2098 γείλατο
2352 2032 2381 2084 ὁ
2433 2030 2565 2093 Θεὸς
2615 2028 2885 2100 παρέχειν
2914 2029 3026 2089 τοῖς
3065 2027 3279 2087 πιστοῖς
3329 2025 3673 2095 ἀνθρώποις,

2088 2122 2184 2175 καὶ
2207 2115 2333 2181 ὧδε,
2364 2123 2458 2174 καὶ
2484 2123 2544 2174 ἐν
2574 2120 2655 2191 τῷ
2683 2119 2931 2189 μέλλοντι
2960 2117 3139 2172 αἰῶνι·
3173 2115 3271 2169 καὶ
3298 2116 3506 2179 ἁπλῶς
3539 2116 3677 2180 ἅπαξ

2087 2214 2211 2266 κατ’
2250 2212 2435 2266 εἰκόνα
2476 2210 2611 2266 Θεοῦ
2661 2210 3001 2278 ἀναφανῆναι
3031 2208 3134 2279 τὴν
3173 2208 3359 2279 ψυχὴν
3390 2207 3675 2271 ἀδύνατον,

2084 2304 2135 2356 εί
2168 2302 2243 2373 μὴ
2276 2303 2365 2357 διά
2410 2302 2751 2375 χαρίσματος
2780 2303 2920 2357 Θεοῦ
2965 2304 3060 2356 καὶ
3096 2303 3338 2360 πίστεως
3376 2299 3679 2370 ἀνθρώπου

2089 2395 2227 2464 μετὰ
2278 2394 2481 2465 πολλῆς
2522 2395 3043 2467 ταπεινοφροσύνης,
3091 2394 3186 2448 καὶ
3241 2394 3679 2465 ἀμετεωρίστου

2084 2486 2411 2555 προσευχῆς,
2435 2488 2501 2555 τῇ
2536 2486 2745 2557 διανοίᾳ
2771 2486 3208 2556 παραμένοντος.

2156 2573 2253 2645 ἒβη
2285 2576 2448 2642 Μέγα
2468 2576 2636 2639 ὅντως
2661 2576 2888 2643 ἀγαθὸν,
2917 2575 2989 2640 ὡς
3020 2577 3083 2629 ἐκ
3101 2575 3295 2647 πείρας
3332 2574 3682 2646 παρειλήφι.

2087 2684 2208 2739 μεν,
2239 2667 2301 2720 τὸ
2340 2666 2581 2736 συνεχῶς
2629 2666 3006 2721 ἐπικαλεῖσθαι
3035 2665 3240 2736 Κύριον
3281 2666 3515 2736 Ἰησοῦν
3546 2670 3681 2737 μετὰ

2081 2759 2191 2813 τῶν
2220 2756 2427 2829 νοητῶν
2470 2757 2771 2829 πολεμίων,
2827 2758 2920 2812 τὸν
2962 2758 3285 2828 βουλόμενον
3328 2758 3435 2827 τὴν
3487 2758 3678 2812 ἑαυτοῦ

2083 2851 2318 2921 καρδίαν
2365 2850 2628 2921 καθᾶραι·
2670 2851 2775 2921 ὅρα
2824 2849 2944 2913 πῶς
2978 2849 3272 2920 σύμςωνος
3292 2851 3326 2903 ὁ
3357 2852 3530 2919 λόγος
3560 2854 3590 2905 ὁ
3621 2852 3683 2903 ἐκ

2084 2944 2174 2995 πεί
2182 2961 2278 3014 ρας
2302 2944 2431 3015 παρ’
2459 2942 2593 3014 ἐμοῦ
2621 2941 2807 3012 ῥηθεὶς
2823 2943 2947 3006 ταῖς
2980 2942 3291 3013 Γραφικαῖς
3315 2946 3677 3014 μαρτυρίαις.

2093 3033 2438 3105 Ἑτοιμάζου,
2489 3032 2674 3105 φησὶν,
2720 3032 2969 3104 Ἰσραὴλ,
3017 3031 3109 3086 τοῦ
3159 3033 3575 3086 ἐπικαλεῖσθαι
3626 3032 3686 3085 τὸ

2081 3122 2252 3193 ὄνομα
2311 3123 2517 3194 Κυρίου
2574 3121 2669 3176 τοῦ
2719 3121 2855 3176 Θεοῦ
2916 3136 3043 3173 σου·
3080 3121 3175 3174 καὶ
3224 3122 3253 3172 ὀ
3324 3120 3685 3183 Ἀπόστολος,

2094 3212 2519 3278 Ἀδιαλείπτως
2546 3213 2985 3282 προσεύχεσθε.
3015 3211 3124 3264 Καὶ
3153 3213 3183 3264 ὁ
3243 3210 3466 3280 Κύριος
3526 3212 3689 3281 ἡμῶν

2083 3321 2270 3375 φησιν,
2310 3307 2393 3358 Οὐ
2418 3304 2692 3361 δύνασθε
2727 3303 2910 3373 χωρίς
2938 3303 3087 3372 ἐμοῦ
3114 3302 3317 3356 ποιεῖν
3355 3303 3583 3357 οὐδέν·
3626 3304 3686 3353 Ὀ

2077 3396 2277 3465 μένων
2298 3396 2367 3449 ἐν
2384 3396 2533 3466 ἐμοὶ,
2553 3396 2713 3465 κάγὼ
2731 3397 2801 3449 ὲν
2825 3394 3004 3460 αὐτῷ,
3036 3390 3214 3460 οὗτος
3244 3395 3425 3463 φέρει
3451 3397 3693 3463 καρπὸν

2082 3487 2300 3541 πολύν.
2326 3487 2437 3540 Καὶ
2475 3486 2661 3550 πάλιν,
2702 3485 2839 3539 Ἐὰν
2859 3484 2943 3554 μὴ
2965 3485 3145 3554 μείνῃ
3175 3486 3249 3537 ἐν
3267 3484 3434 3551 ἐμοι,
3473 3485 3693 3549 £16.11:—

2080 3576 2157 3645 θῇ
2189 3576 2306 3641 ἔξω
2342 3578 2423 3644 ὡς
2456 3577 2523 3631 τὸ
2550 3576 2773 3646 κλῆμα.
2798 3577 2956 3644 Μέγα
2979 3574 3184 3643 ἀγαθὸν
3212 3575 3376 3644 εὐχὴ,
3422 3576 3531 3630 καὶ
3558 3576 3699 3643 ἀτα-

2080 3665 2171 3719 θδν
2227 3665 2446 3719 πάντων
2501 3666 2856 3735 παρεκτικδν,
2890 3663 3118 3734 καρδίαν
3161 3662 3473 3734 καθαῖρον,
3514 3666 3579 3715 ἐν
3611 3659 3701 3736 ﬁt»

2078 3756 2210 3819 Θεὸς
2234 3755 2528 3811 ὀπτάνεται
2558 3758 2669 3820 τοῖς
2702 3758 2936 3817 πιστοῖς.

2152 3848 2250 3916 ξγ’.
2286 3848 2360 3901 Τὸ
2387 3848 2487 3918 τῆς
2518 3847 2904 3909 ταπεινώσεως
2932 3847 3144 3917 χρῆμα,
3184 3843 3378 3915 ἐπειδὴ
3419 3846 3704 3914 War

2081 3944 2325 4010 πέφυκεν
2349 3936 2513 4000 εἶναι,
2538 3940 2633 3993 καὶ
2658 3938 2777 4008 Θεῷ
2802 3938 3187 4007 ἀγαπώμενον,
3213 3936 3314 3988 καὶ
3333 3936 3705 3989 ἀναλωτικδν

2082 4031 2268 4101 σχεδὸν
2297 4031 2517 4085 πάντων
2546 4031 2656 4086 τῶν
2691 4033 2749 4084 ὲν
2782 4032 2915 4102 ἡμῖν
2960 4031 3147 4085 κακῶν
3178 4030 3281 4083 καὶ
3314 4030 3705 4102 μισουμένων

2080 4122 2219 4193 Θεῷ,
2254 4124 2616 4195 δυσπόριστον
2668 4122 2757 4176 διά
2810 4123 2985 4176 ταῦτα
3044 4125 3291 4190 πέφυκεν
3338 4119 3545 4175 εἶναι·
3608 4125 3710 4175 καὶ

2083 4216 2281 4287 ῥαδίως
2331 4217 2398 4270 ἂν
2446 4218 2505 4269 ὲν
2541 4214 2818 4286 ἀνθρώπῳ
2863 4215 2944 4267 ἐνὶ
2982 4213 3194 4267 πολλῶν
3241 4214 3481 4282 ἀρετῶν
3510 4214 3708 4268 ἄλλων

2082 4306 2347 4377 ἐργασίας
2377 4306 2529 4368 τινάς
2555 4308 2810 4375 μερικὰς,
2837 4305 3082 4375 ζητήσας
3113 4305 3171 4358 δὲ
3210 4308 3271 4357 ἐν
3302 4306 3472 4375 αὐτῷ
3503 4305 3711 4375 ἁσμίςν

2082 4394 2465 4459 ταπεινώσεως
2493 4396 2645 4466 μόλις
2662 4396 2942 4465 εὑρήσεις.
2971 4396 3067 4449 Διά
3091 4399 3253 4449 τοῦτο
3280 4397 3458 4465 χρεία
3483 4397 3715 4463 πολλῆς

2083 4486 2315 4556 νήψεως,
2347 4485 2486 4539 ῶστε
2538 4487 2843 4554 κτήσασθαι
2885 4486 3044 4539 τοῦτο
3073 4486 3133 4538 τὸ
3163 4486 3386 4557 χρῆμα.
3429 4488 3559 4539 Καὶ
3596 4487 3717 4554 γὲρ

2084 4574 2399 4645 ἀκάθαρτον
2442 4577 2532 4629 καὶ
2566 4577 2654 4628 τὸν
2701 4576 2947 4628 διάϐολον
2977 4577 3125 4643 λέγει
3172 4577 3205 4645 ἡ
3233 4575 3467 4647 Γραφῆ.
3493 4578 3721 4643 ἐττει.εή

2082 4665 2239 4720 τοῦτο
2265 4666 2499 4737 ἐξαρχῆς
2530 4667 2592 4720 τὸ
2628 4668 2836 4735 ἀγαθὸν
2863 4668 2964 4736 τῆς
2996 4668 3532 4738 ταπεινοφροσύνης
3565 4672 3719 4737 lpi-

2087 4773 2163 4827 μα
2182 4753 2463 4808 ἀπώσατο·
2498 4756 2591 4808 καὶ
2615 4758 2714 4825 τὴν
2737 4755 3121 4825 ὑπερηφανίαν
3153 4755 3449 4824 ἠγάπησε·
3474 4755 3579 4807 διὸ
3620 4760 3725 4807 καὶ

2083 4847 2395 4917 ἀκάθαρτον
2427 4848 2643 4916 πνεῦμα
2691 4850 2749 4899 ὲν
2800 4848 3008 4907 πάσαις
3053 4848 3173 4908 ταῖς
3214 4847 3477 4915 Γραφαῖς
3518 4862 3727 4918 προσ-

2085 4940 2431 5011 αγορεύεται.
2495 4940 2652 4994 Ἐπεὶ
2715 4939 2878 4992 ποίαν
2928 4935 3278 5008 ἀκαθαρσίαν
3348 4938 3731 5008 σωματικὴν

2085 5032 2310 5086 δύναται
2342 5031 2688 5101 ἐργάσασθαι
2719 5032 2779 5085 τὸ
2809 5030 3103 5099 ἀσώματον
3140 5028 3347 5097 πάντη,
3384 5030 3485 5081 καί⁸
3524 5029 3739 5096 ἄσαρο

2085 5124 2178 5176 κόν
2201 5140 2261 5175 τε
2282 5164 2298 5189 ,
2324 5123 2419 5176 καὶ
2462 5124 2718 5188 ἄστατον,
2769 5123 2866 5175 καὶ
2890 5122 3146 5190 ἄναιμον,
3182 5114 3296 5181 oio;
3331 5119 3637 5188 ὑπῆρχεν
3676 5116 3743 5179 ἐξ

2084 5214 2259 5283 ἀρχῆς
2286 5215 2382 5267 καὶ
2408 5214 2505 5266 νῦν
2537 5216 2565 5267 ὁ
2586 5215 2855 5279 Σατανᾶς,
2888 5214 2975 5265 ἵνα
2996 5211 3313 5279 ἀκάθαρτος
3337 5209 3456 5261 ἀπὸ
3476 5209 3743 5262 τούτων

2084 5305 2310 5376 λέγηται
2337 5324 2351 5373 ;
2380 5305 2616 5377 Εὔδηλον
2645 5307 2726 5358 ὅτι
2761 5304 2849 5359 διὰ
2890 5304 2992 5373 τὴν
3046 5302 3449 5373 ὑπερηφανίαν
3480 5301 3746 5370 ἐκλήθη

2086 5396 2413 5469 ἀκάθαρτος,
2448 5398 2542 5451 καὶ
2591 5400 2652 5451 ἐκ
2693 5394 2936 5465 καθαροῦ
2981 5396 3074 5449 καὶ
3126 5391 3410 5463 φωτεινοῦ
3451 5393 3745 5462 ἀγγέλου
