3906 6192
269 320 389 386 1501

961 335 1062 396 DE
1099 337 1647 408 TEMPERANTIA
1683 330 2167 416 ETiV'lRTU‘FE-
2204 371 2275 385 -~
2316 343 2710 409 CENTURIA
2743 340 2793 399 I.

3374 334 3513 402 i509.

265 442 483 516 βέϐηλος
530 445 625 500 καὶ
657 440 970 521 ἀκάθαρτος
1010 451 1319 525 ἀπεφάνθη,
1371 459 1466 513 καὶ
1521 459 1834 535 ἀκάθαρτος

1967 462 2207 532 uperbia:
2237 475 2398 516 causa
2426 455 2756 529 appellatum
2792 469 2912 510 esse
2945 449 3286 508 immundum
3313 492 3327 506 .
3358 462 3414 506 et
3446 468 3509 507 ex

264 535 407 606 παρὰ
434 536 623 609 Κυρίῳ
647 540 757 601 πᾶς
795 539 1213 614 ύψηλοκάρδιος·
1246 547 1439 620 πρώτη
1482 551 1613 622 γὰρ,
1641 554 1832 623 φησὶν,

266 626 500 698 ἁμαρτία
549 629 583 700 ἡ
631 628 1047 702 ὑπερηφάνειαο
1084 630 1229 689 οὕτω
1256 638 1365 710 γὰρ
1399 640 1493 693 xui.
1546 641 1576 693 6
1619 641 1831 713 ὑπερή-

266 735 423 784 φανος
465 721 669 792 Φαραὼ
721 722 874 792 ἔλεγε
901 739 918 756 ο
960 724 1072 779 Τὸν
1129 727 1278 782 Θεόν
1303 744 1442 798 σου,
1497 733 1683 804 φησιν,
1722 736 1836 789 οὐκ

266 802 413 878 οἶδα,
443 811 546 867 καί
578 813 686 868 τὸν
726 814 970 885 Ἰσραὴλ
997 819 1112 873 οὐκ
1131 814 1540 885 ἐξαποστελῶ.

338 1079 429 1146 ξδ’.
470 1080 593 1134 Εἰσὶ
622 1076 679 1134 δὲ
706 1080 880 1135 πολλὰ
907 1083 1016 1138 τῶν
1039 1083 1136 1137 τοῦ
1170 1084 1267 1139 νοῦ
1309 1086 1732 1157 ἐνεργημάτων,
1768 1091 1840 1145 τὰ

271 1169 538 1241 δυνάμενα
558 1174 694 1242 ἡμῖν
713 1173 774 1227 τὸ
796 1173 1000 1242 ἀγαθὸν
1018 1172 1191 1246 δῶρον
1211 1177 1312 1246 τῆς
1331 1181 1840 1251 ταπεινοφροσύνης

273 1263 696 1335 περιποιεῖσθαι,
727 1265 890 1337 εἴπερ
943 1267 1021 1337 μὴ
1059 1268 1378 1341 άμελοῦμεν
1409 1271 1512 1341 τῆς
1562 1273 1842 1345 σωτηρίας

273 1353 442 1424 ἡμῶν,
467 1355 715 1409 τουτέστι
741 1357 933 1429 μνήμη
956 1358 1398 1432 ἁμαρτημάτων,
1431 1364 1488 1417 ἐν
1519 1363 1721 1434 λόγοις,
1745 1367 1842 1420 καὶ

272 1444 471 1516 ῑργοις,
504 1445 600 1500 καὶ
631 1446 861 1520 διανοίᾳ,
891 1450 983 1504 καὶ
1010 1451 1177 1521 ἕτερα
1199 1452 1431 1509 πλεῖστα
1461 1456 1542 1518 είς
1577 1471 1841 1511 ταπεινο-

272 1537 546 1609 φροσύνην
587 1540 720 1610 ἡμῖν
780 1541 1185 1612 συμϐάλλονται
1224 1548 1292 1618 τῇ
1328 1546 1533 1619 θεωρίᾳ
1579 1548 1845 1617 ἀναλεγό-

275 1640 429 1697 μενα.
477 1626 733 1700 Ἐμποιετ
772 1630 832 1685 δὲ
873 1631 971 1687 καὶ
1021 1634 1363 1689 ταπείνωσιν
1406 1636 1606 1708 ἀληθῆ,
1634 1640 1732 1693 καλ⁵
1760 1640 1841 1706 τὸ,

273 1722 359 1774 ἵνα
392 1737 477 1784 τις
501 1720 610 1777 τῶν
633 1723 807 1790 πέλας
840 1723 910 1779 τά
937 1725 1347 1799 κατορθώματα
1370 1729 1494 1783 καθ’
1521 1730 1758 1799 ἑκάστην
1783 1732 1843 1786 ὲν

269 1809 348 1877 οἷς
368 1815 754 1888 περιστρέφει,
774 1816 869 1873 καὶ
898 1818 1063 1892 ἕτερα
1078 1797 1299 1876 ήὲαυτῶν
1316 1822 1520 1892 φυσικά
1542 1823 1633 1877 καὶ
1653 1797 1844 1878 πλεον-
1875 1797 1917 1853 Β

268 1906 399 1978 εκτή
413 1922 561 1977 ματα
619 1908 680 1962 ιν
741 1906 922 1981 ἑαυτῷ
976 1910 1312 1981 μεγαλύνει,
1355 1912 1451 1967 καὶ
1500 1910 1845 1979 συνεξετάξει

270 2000 379 2057 τοῖς
400 1998 598 2053 ἑαυτοῦ
619 2000 688 2055 τὰ
714 2002 966 2057 ἐκείνων.
1000 2004 1114 2058 Καὶ
1141 2003 1284 2059 οὕτω
1312 2004 1529 2075 βλέπων
1555 2007 1583 2059 6
1603 2005 1729 2070 νοῦς
1745 2005 1848 2078 τὴν

274 2091 465 2145 ἑαυτοῦ
520 2092 821 2159 εὐτέλειαν,
849 2096 943 2149 καί⁵
993 2094 1160 2150 πόσον
1194 2096 1556 2151 ἀπολείπεται
1591 2097 1690 2169 τῆς
1736 2097 1848 2151 τῶν

276 2181 518 2252 ἀδελφῶν
568 2184 932 2257 τελειότητος,
972 2184 1080 2256 γῆν
1123 2186 1219 2240 καὶ
1264 2184 1464 2242 σποδὸν
1492 2190 1521 2242 6
1558 2187 1849 2261 ἄνθρωπος

278 2274 469 2329 ἑαυτὸν
517 2275 823 2346 λογίζεται,
854 2278 952 2332 καὶ
1008 2279 1110 2334 οὐκ
1157 2279 1480 2350 ἄνθρωπον,
1515 2280 1654 2336 ἀλλὰ
1708 2281 1850 2336 κύνα

274 2363 511 2428 τινὰ,ὡς
548 2364 770 2421 πάντων
808 2369 905 2421 ἐπὶ
956 2368 1062 2439 γῆς
1113 2368 1353 2439 λογικῶν
1404 2369 1726 2441 ἀνθρώπων·
1769 2373 1853 2435 είς

278 2455 452 2510 πάντα
482 2457 810 2530 ὑστεροῦντα
838 2450 934 2514 καὶ
965 2460 1425 2536 ἀπολειπόμενον.

348 2721 441 2789 Ea’.
473 2723 614 2793 Φησὶ
668 2721 730 2777 τὸ
791 2722 888 2778 τοῦ
934 2724 1176 2797 Χριστοῦ
1234 2728 1700 2799 στόμα,ὁστύλος
1754 2729 1856 2800 τῆς

291 2814 635 2885 Ἐκκλησίας,
670 2818 699 2869 6
733 2816 906 2886 μέγας
942 2815 1123 2889 πατὴρ
1170 2817 1329 2888 ἡμῶν
1358 2818 1665 2886 Βασίλειος,
1695 2819 1857 2889 Μέγα

273 2908 483 2977 ἀγαθὸν
518 2909 656 2980 πρὸς
703 2910 763 2964 τὸ
804 2910 879 2983 μὴ
923 2912 1287 2984 ἁμαρτάνειν,
1322 2913 1457 2984 μηδὲ
1482 2917 1549 2985 τῇ
1584 2914 1854 2986 ἐρχομένῃ

272 3001 461 3074 ἡμέρᾳ
508 3002 623 3065 τοῖς
673 3001 859 3067 αὐτοῖς
904 3002 1369 3073 περιπίπτειν,τό
1408 3004 1549 3076 μετὰ
1586 3003 1687 3076 τὴν
1717 3006 1858 3057 ἀπο-

1936 568 2074 622 puro
2105 560 2161 608 et
2187 551 2368 606 lucido
2406 548 2598 621 angelo
2629 546 2943 617 inquinatus
2970 554 3025 598 et
3052 543 3302 614 impurus
3329 543 3513 598 decla-

1935 648 2089 698 ratus
2124 650 2228 698 est.
2270 641 2414 707 Quin
2453 639 2617 695 etiam
2666 637 2809 708 apud
2851 632 3162 701 Dominum,
3202 634 3512 704 quicunque

1936 736 2175 806 superbo
2223 743 2309 790 est
2357 732 2556 796 corde,
2604 728 2919 785 immundus
2970 726 3219 782 habetur.
3269 726 3511 781 Primum

1936 828 2083 883 enim
2111 833 2415 898 peccatum,
2445 822 2640 892 inquit,
2669 830 2751 875 est
2780 818 3054 890 superbia.
3082 817 3150 873 Et
3172 818 3319 873 hunc
3348 818 3511 874 etiam

1937 916 1993 971 in
2034 917 2256 972 modum
2297 913 2567 985 superbus
2597 910 2810 966 Pharao
2834 909 3054 965 dicebat
3090 927 3103 961 :
3136 910 3303 963 Deum
3342 918 3511 975 tuum,

1938 1006 2136 1076 inquit,
2172 1021 2275 1058 non
2308 1003 2446 1067 novi,
2472 1010 2519 1055 et
2545 997 2720 1054 Israel
2750 1010 2850 1052 nan
2881 997 3143 1055 dimittam
3163 997 3229 1048 ⁷⁸.
3268 1046 3277 1051 ,

2010 1097 2099 1153 64.
2144 1097 2279 1151 Sunt
2319 1104 2501 1149 autem
2544 1089 2829 1163 permultae
2865 1088 3064 1142 mentis
3092 1085 3354 1146 actiones,
3395 1096 3515 1153 qua}

1939 1205 2042 1245 nos
2075 1189 2266 1258 juvare
2304 1194 2538 1257 possunt
2581 1183 2648 1238 ad
2690 1179 3078 1237 vindicandum
3125 1178 3253 1232 illud
3294 1177 3516 1246 prmcla—

1940 1295 2062 1334 rum
2109 1276 2432 1332 humilitatis
2479 1275 2704 1336 donum,
2752 1272 2915 1326 modo
2966 1268 3181 1325 solliciti
3229 1269 3399 1323 simus
3449 1267 3518 1321 de

1941 1370 2115 1426 salute
2164 1377 2400 1424 nostras
2442 1366 2596 1422 verbi
2646 1366 2854 1437 gratia,
2906 1361 3207 1418 recordatio
3266 1370 3519 1431 peccato—

1941 1480 2086 1525 rum,
2118 1478 2239 1532 quae
2272 1461 2476 1523 verbis,
2516 1459 2795 1529 operibus,
2832 1467 2890 1512 et
2926 1456 3258 1527 cogitatione
3299 1462 3519 1508 contra-

1941 1554 2126 1610 himus
2159 1570 2172 1607 :
2211 1561 2267 1608 et
2317 1551 2423 1606 alia
2474 1549 2741 1620 plurima,
2789 1563 2910 1618 qua:
2961 1545 3292 1617 speculando
3345 1544 3519 1614 colligi

1944 1652 2191 1716 possunt,
2225 1642 2477 1713 perutilia
2513 1649 2641 1696 sunt
2679 1639 2841 1694 nobis
2871 1639 2935 1692 ad
2970 1636 3350 1691 humilitatem.
3380 1634 3521 1691 Nec-

1943 1749 2056 1789 non
2087 1733 2219 1788 illud
2247 1748 2433 1788 veram
2469 1730 2833 1787 humilitatem
2861 1729 3024 1800 parit,
3054 1727 3096 1784 si
3127 1728 3249 1798 quis
3283 1742 3369 1781 res
3402 1742 3522 1795 quze

1946 1828 2192 1900 quotidie
2223 1842 2482 1899 prospere
2518 1834 2813 1899 geruntur,
2836 1840 2866 1879 a
2901 1823 3184 1895 proximis,
3220 1823 3360 1877 inter
3387 1833 3524 1891 quos

1948 1927 2219 1986 versatur,
2255 1928 2311 1973 et
2356 1916 2460 1973 alia
2499 1932 2620 1988 quae
2658 1925 2854 1971 natura
2897 1914 3209 1986 suppeditat
3249 1913 3350 1977 eis,
3395 1927 3522 1982 pos-

1948 2010 2220 2068 sessiones
2251 2009 2405 2075 item,
2436 2007 2581 2079 apud
2615 2007 2855 2077 seipsum
2895 2003 3241 2075 magnilaciat
3268 2022 3281 2058 :
3311 2017 3525 2057 rerum-

1949 2115 2055 2171 que
2088 2099 2155 2155 ad
2188 2114 2285 2154 eos
2315 2097 2712 2170 pertinentium
2742 2110 2867 2161 cum
2901 2094 3018 2149 suis
3044 2093 3332 2147 collatione
3363 2090 3523 2156 facta,
3620 2082 3624 2089 ’

1950 2193 2024 2248 ita
2066 2191 2470 2261 contempletur
2507 2189 2691 2245 animo
2728 2203 2881 2243 suam
2925 2186 3242 2251 exilitatem,
3275 2193 3330 2238 et
3364 2198 3525 2252 quam

1950 2282 2110 2353 longe
2141 2281 2284 2337 absit
2315 2281 2384 2335 ab
2417 2294 2605 2335 eorum
2646 2265 3002 2350 perfectione,
3036 2286 3232 2330 terram
3274 2289 3337 2328 ac
3374 2273 3525 2327 cine-

1952 2388 2069 2428 rem
2110 2372 2353 2443 seipsum
2394 2370 2688 2435 existimet,
2725 2377 2779 2423 et
2819 2384 2929 2423 non
2974 2365 3272 2429 hominem,
3303 2362 3394 2418 sed
3437 2378 3530 2416 ca-

1953 2480 2079 2519 nem
2117 2463 2407 2534 quemdam
2436 2503 2450 2529 ,
2506 2462 2654 2516 velut
2680 2469 3001 2515 cunctorum
3039 2458 3128 2528 qui
3161 2458 3214 2511 iu
3249 2465 3393 2510 terra
3432 2454 3531 2509 der

1956 2566 2093 2626 gunt
2134 2554 2418 2609 hominum
2464 2551 2813 2606 rationaliqu
2861 2549 2914 2603 in
2960 2547 3108 2604 omni
3165 2562 3363 2618 genere
3406 2545 3531 2599 inti-

1956 2659 2107 2699 mum
2137 2652 2192 2699 et
2224 2652 2583 2715 postremum.

2027 2737 2114 2791 65.
2149 2734 2223 2789 Os
2263 2733 2485 2797 Christi,
2522 2733 2773 2788 columna
2815 2731 3088 2795 Ecclesiae,
3125 2744 3354 2801 magnus
3381 2736 3534 2799 pater

1957 2836 2147 2882 noster
2201 2825 2437 2880 Basilius
2491 2825 2587 2891 ait,
2628 2823 2784 2880 valde
2840 2822 3088 2880 conferre
3135 2820 3201 2876 ad
3253 2820 3534 2877 vitandum

1957 2928 2263 2987 peccatum,
2296 2925 2352 2971 et
2384 2923 2445 2971 ut
2482 2926 2700 2987 postera
2738 2916 2825 2971 die
2856 2916 2910 2970 in
2940 2915 3129 2970 eadem
3160 2912 3385 2969 crimina
3424 2928 3534 2966 non

1958 3008 2282 3071 dilabamur,
2313 3008 2359 3063 si
2398 3016 2622 3078 peracto
2658 3023 2876 3079 quoque
2903 3006 2989 3061 die
3020 3022 3121 3061 nos
3150 3005 3294 3075 ipsos
3320 3011 3537 3059 nostra-

273 3093 561 3164 πλήρωσιν
605 3094 705 3165 τῆς
743 3094 963 3166 ἡμέρας
1010 3097 1332 3168 ἀνακρίνειν
1372 3097 1429 3150 ἐν
1475 3093 1555 3165 τῷ
1587 3094 1853 3149 συνειδότι

1964 3115 2064 3171 que
2092 3099 2469 3156 examinemus
2498 3100 2553 3154 in
2589 3100 2922 3155 conscientia
2955 3107 3138 3153 nostra
3180 3115 3194 3150 :
3230 3097 3358 3166 quid
3397 3096 3537 3150 deli-

272 3186 454 3256 ήμῶν,
485 3188 632 3257 ἡμᾶς
660 3186 889 3252 ἑαυτοὺς
916 3190 985 3243 τὰ
1013 3188 1135 3243 καθ’
1164 3189 1337 3261 ἡμᾶς,
1362 3188 1415 3242 τί
1447 3186 1855 3259 πεπλημμελη-

276 3295 478 3348 καμεν,
507 3278 559 3332 τί
595 3279 653 3332 δὲ,
690 3279 1296 3352 ἑδικαιοπραγὴσαμεν.
1322 3281 1497 3333 Τοῦτο
1528 3280 1629 3334 καὶ
1663 3282 1692 3333 6
1738 3277 1857 3333 ’1ὼὸ

280 3368 483 3432 ἐποίει,
524 3368 653 3439 περί
680 3384 742 3420 τε
798 3366 966 3423 αὑτοῦ
997 3370 1093 3421 καὶ
1122 3368 1234 3423 τῶν
1282 3368 1493 3422 τέκνων
1527 3368 1697 3423 αὐτοῦ
1724 3385 1740 3401 ο
1787 3368 1858 3423 τὰ

280 3460 392 3529 γὰρ
445 3459 565 3512 καθ’
596 3459 837 3529 ἑκάστην
897 3458 1192 3529 λογοθέσια
1241 3462 1304 3515 τὸ
1352 3459 1479 3515 καθ’
1513 3460 1667 3532 ὥραν
1699 3460 1861 3530 φωτί-

282 3550 456 3613 ζουσι.
484 3551 594 3604 Καὶ
650 3548 813 3604 πάλιν
860 3551 888 3604 6
945 3551 1109 3615 αὐτός
1150 3568 1307 3623 φησι’
1336 3551 1451 3605 Πᾶν
1493 3551 1697 3621 μέτρον
1732 3550 1858 3623 ἄρια

286 3659 433 3696 στον.
1288 3654 1289 3659 “

357 3734 462 3800 Eg”.
487 3733 595 3787 Καὶ
647 3733 809 3789 πάλιν
857 3734 1047 3806 ἕτερος
1075 3735 1183 3789 τῶν
1216 3735 1286 3790 τὰ
1352 3736 1473 3790 θεῖα
1515 3737 1698 3807 σοφῶν
1728 3736 1859 3807 ἔφη,

295 3823 354 3881 ’Λ
366 3824 465 3900 ρχὴ
493 3825 875 3898 καρποφορίας
901 3825 1081 3892 ἄνθος,
1120 3828 1216 3880 καὶ
1240 3825 1382 3900 ἁρχὴ
1418 3828 1735 3899 πρακτικῆς
1765 3830 1862 3898 ἐγι-

284 3912 535 3990 κράτεια.
569 3916 779 3970 Οὐκοῦν
834 3918 1359 3991 ὲγκρατευσώμεθα,
1391 3920 1487 3973 καὶ
1541 3918 1737 3988 τοῦτο,
1763 3921 1862 3993 μέ-

280 4027 398 4080 τρῳ
422 4009 516 4062 καὶ
549 4005 796 4080 σταθμῷ,
831 4008 908 4074 ὡς
945 4010 994 4062 οἱ
1025 4009 1269 4080 Πατέρες
1312 4010 1695 4065 ἐκδιδάσκουσι
1723 4028 1736 4042 ·
1768 4013 1864 4065 καὶ

282 4101 383 4172 τὴν
414 4101 627 4174 ἡμέραν
656 4100 786 4171 ὃλην
822 4100 930 4154 τῶν
970 4100 1179 4155 δώδεκα
1213 4101 1372 4173 ὡρῶν
1416 4104 1475 4156 ὲν
1520 4106 1587 4175 τῇ
1632 4104 1864 4175 τηρήσει

280 4192 379 4248 τοῦ
416 4194 536 4258 νοὸς
584 4192 995 4265 παρερχώμεθα
1020 4208 1035 4225 ο
1083 4192 1228 4247 οὕτω
1268 4195 1380 4267 γὰρ
1432 4194 1740 4261 ποιοῦντες,
1763 4196 1865 4265 τὴν

281 4286 486 4342 κακίαν
545 4285 638 4358 βίᾳ
681 4284 792 4338 τινὶ
849 4284 1040 4338 σϐέσαι
1098 4286 1195 4339 καὶ
1240 4285 1474 4356 μειῶσαι
1519 4286 1865 4358 δυνησόμεθα

284 4380 429 4450 μετὰ
453 4380 620 4444 Θεοῦ,
654 4378 776 4431 ἐπεὶ
808 4379 902 4431 καὶ
937 4375 1131 4450 βιαστή
1159 4379 1309 4433 ἐστιν
1339 4381 1372 4451 ή
1409 4379 1670 4450 ἐνάρετος
1712 4380 1864 4434 πολι-

280 4469 428 4537 τεία,
455 4470 521 4523 δι’
550 4466 618 4542 ἧς
645 4469 845 4524 δίδοται
874 4473 908 4542 ἡ
930 4470 1180 4542 βασιλεία
1204 4471 1312 4524 τῶν
1341 4471 1612 4541 οὐρανῶν.

360 4643 454 4708 ξς.
507 4644 655 4708 Ὁδὸς
686 4646 780 4698 ἐπὶ
802 4646 907 4717 τὴν
929 4648 1152 4712 γνῶσιν,
1184 4644 1425 4703 ἀπάθεια
1456 4649 1552 4703 καὶ
1588 4649 1861 4704 ταπείνω-

285 4753 396 4801 σις,
426 4729 700 4808 ὧνλχωρὶς
733 4738 910 4803 οὐδεὶς
940 4739 1129 4810 ὄψεται
1157 4739 1250 4793 τὸν
1281 4741 1509 4810 Κύριον.

358 4910 463 4980 ξη’.
504 4911 565 4966 Ὀ
598 4912 957 4978 ἀδιαλείπτως
984 4916 1118 4986 περὶ
1153 4912 1222 4969 τὰ
1257 4914 1405 4970 ἔνδον
1445 4917 1545 4981 τὰς
1574 4919 1864 4991 διατριϐὰς

280 5002 630 5074 ποιούμενος,
664 5006 953 5075 σωφρονεῖ.
992 5006 1066 5058 Οὐ
1094 5006 1256 5076 μόνον
1287 5005 1376 5072 δὲ,
1411 5004 1549 5063 ἀλλὰ
1591 5012 1685 5063 καὶ
1724 5010 1862 5065 θεω-

281 5094 396 5164 ρεῖ,
424 5094 517 5146 καὶ
548 5086 811 5160 θεολογεῖ,
841 5094 933 5146 καὶ
964 5092 1350 5166 προσεύχεται.
1386 5099 1495 5153 Καὶ
1529 5099 1688 5153 τοῦτό
1717 5100 1864 5155 ἐστιν

278 5184 310 5236 ὃ
341 5184 490 5253 λέγει
534 5186 562 5239 6
608 5183 963 5250 Ἀπόστολος,
998 5188 1297 5255 [Ir-stipat:
1338 5191 1734 5258 περιπατεῖτε,
1766 5195 1864 5248 καὶ

278 5274 611 5343 ἐπιθυμίαν
638 5274 871 5343 σαρκὸς
897 5278 969 5331 οὐ
991 5277 1078 5347 μὴ
1109 5280 1418 5349 τελέσητε.

362 5366 463 5430 ειν.
512 5367 573 5422 Ὀ
621 5366 720 5439 τὴν
782 5368 903 5422 ὁδὸν
956 5370 1051 5441 τὴν
1103 5373 1487 5446 πνευματικὴν
1519 5375 1727 5432 ὁδεύειν
1788 5380 1863 5451 μὴ

277 5460 678 5530 ἐπιστάμενος,
705 5461 811 5515 τῶν
862 5463 1127 5534 ὲμπαθῶν
1178 5466 1469 5536 νοημάτων
1519 5470 1578 5523 ού
1627 5475 1861 5526 ποιεῖται

281 5552 574 5623 φροντίδα,
608 5552 727 5606 ἀλλ’
758 5552 889 5625 ὅλην
940 5555 1036 5626 τὴν
1091 5556 1289 5628 σχολὴν
1346 5560 1475 5629 περὶ
1531 5562 1630 5631 τὴν
1680 5564 1859 5635 σάρκα

361 5734 407 5766 ⁷⁵
433 5733 604 5793 Exod.
639 5752 688 5800 ν,
716 5735 770 5788 9..
848 5736 888 5765 ⁷⁷
918 5734 1093 5791 Galat.
1122 5753 1175 5804 ν,
1212 5735 1297 5790 16-

1959 3193 2200 3262 quimus,
2231 3191 2430 3261 quidve
2460 3191 2590 3247 boni
2624 3191 2807 3261 operis
2837 3190 3130 3245 edidimus.
3160 3187 3217 3243 Id
3249 3189 3410 3243 etiam
3437 3184 3541 3241 Job

1961 3283 2212 3347 faciebat,
2250 3291 2358 3336 tam
2391 3297 2488 3337 sua
2520 3297 2681 3352 quam
2734 3282 2966 3335 ﬁliorum
3011 3295 3192 3335 causa.
3228 3278 3357 3344 Quae
3392 3277 3538 3331 enim

1963 3370 2208 3442 quotidie
2246 3370 2459 3424 ratione
2493 3368 2892 3432 subducuntur,
2924 3368 3201 3422 declarant
3233 3366 3363 3437 quid
3405 3364 3534 3419 hora

1960 3479 2174 3535 quaque
2212 3469 2423 3534 gestum
2466 3460 2528 3516 sit
2580 3475 2642 3514 ac
2685 3459 3001 3530 gerendum.
3032 3457 3268 3511 Rursum
3300 3456 3387 3510 ille
3424 3456 3536 3530 ipse

1963 3552 2195 3608 Basilius
2226 3551 2397 3607 dicit:
2429 3548 2647 3604 Modum
2678 3562 2894 3602 omnem
2925 3561 3046 3600 esse
3077 3545 3369 3615 optimum.

2032 3730 2121 3785 66.
2164 3728 2353 3783 Denuo
2394 3726 2533 3781 alius
2572 3740 2603 3781 e
2645 3723 2835 3795 peritis
2881 3736 3063 3776 rerum
3107 3719 3414 3776 divinarum
3453 3718 3552 3778 in.-.

1963 3821 2100 3892 quit,
2141 3817 2363 3873 Initium
2416 3815 2732 3878 fertilitatis,
2768 3820 2853 3867 est
2897 3812 2995 3865 ﬂos
3041 3828 3053 3864 :
3107 3818 3158 3864 et
3214 3808 3550 3880 principium

1965 3926 2148 3967 rerum
2209 3910 2573 3981 agendarum,
2628 3913 2709 3960 est
2772 3901 3125 3958 continentia.
3185 3899 3549 3955 Continentes

1968 4005 2129 4075 igitur
2171 4001 2343 4057 simus
2377 4018 2389 4054 :
2423 4000 2583 4068 idque
2637 4013 2761 4052 cum
2812 3995 2975 4049 modo
3024 4001 3079 4048 et
3130 3999 3349 4054 statera,
3383 3989 3545 4048 sicuti

1968 4096 2157 4151 Patres
2189 4093 2385 4149 docent
2418 4110 2431 4146 :
2468 4099 2741 4160 totamque
2774 4087 2917 4143 diem
2956 4083 3240 4139 duodecim
3286 4083 3485 4137 horaru
3509 4097 3546 4134 ιι

1967 4189 2020 4243 in
2052 4185 2427 4242 conservando
2455 4184 2639 4238 animo
2670 4181 3055 4251 transigamus.
3086 4177 3164 4231 lla
3195 4175 3344 4229 enim
3376 4189 3545 4244 περιι-

1970 4294 2071 4349 tes,
2108 4278 2427 4353 paterimus.
2461 4277 2574 4330 Deo
2616 4281 2919 4345 prmeunte,
2970 4270 3022 4325 vi
3068 4269 3313 4338 quaedam
3363 4265 3543 4321 immi.

1968 4394 2138 4435 nuere
2170 4375 2361 4432 vitium
2388 4378 2437 4425 et
2466 4367 2830 4438 exstinguere.
2871 4362 3119 4418 Violenta
3154 4360 3420 4430 siquidem
3461 4368 3547 4416 est

1900 4469 1941 4523 D
1968 4465 2314 4528 conversatio
2360 4461 2659 4518 virtutibus
2722 4459 2906 4515 dedita
2966 4472 3072 4529 qua
3113 4472 3339 4527 regnum
3382 4455 3546 4510 coelo~

1970 4574 2090 4615 rum
2128 4557 2382 4611 donatur.

2040 4649 2128 4706 67.
2172 4645 2266 4700 Via
2309 4657 2428 4713 quae
2470 4638 2617 4695 ducit
2657 4637 2723 4693 ad
2763 4637 3153 4708 cognitionem,
3189 4641 3272 4689 est
3306 4631 3549 4687 vacuitas

1968 4739 2342 4800 al'l‘ectiouum,
2392 4742 2448 4788 et
2488 4731 2766 4786 humilitas
2799 4747 2814 4783 :
2853 4729 2970 4784 sine
3005 4727 3205 4798 quibus
3254 4740 3415 4779 nemo
3462 4724 3546 4778 vi-

1969 4832 2119 4886 debit
2151 4828 2463 4884 Dominum.

2038 4923 2128 4976 68.
2172 4919 2278 4986 Qui
2323 4915 2541 4972 assidue
2592 4913 2686 4968 dat
2732 4925 2954 4982 Operam
3004 4907 3169 4961 rebus
3211 4905 3461 4963 internis.
3499 4901 3549 4954 is

1970 5014 2208 5084 prudens
2234 5022 2336 5065 esx-
2364 5008 2553 5077 Neque
2581 5021 2709 5059 vero
2743 5002 2795 5057 id
2826 5010 3037 5055 tantum
3066 5017 3078 5052 ε
3108 4996 3203 5053 sed
3225 5004 3280 5050 et
3304 5002 3546 5048 contem-

1972 5103 2194 5176 plulioni
2219 5112 2275 5156 et
2312 5100 2596 5171 theologia}
2630 5095 2816 5151 studet
2851 5102 2902 5148 et
2937 5087 3257 5163 precationi.
3292 5087 3549 5156 lstudque

1969 5206 2051 5250 est
2080 5195 2224 5263 quod
2263 5194 2339 5249 ait
2367 5190 2681 5263 Apostolus,
2713 5185 2917 5255 Spiritu
2946 5181 3238 5245 ambulate,
3267 5189 3314 5233 ct
3343 5179 3549 5233 deside-

1972 5291 2053 5342 ria
2090 5287 2264 5340 carnis
2296 5302 2401 5339 non
2429 5281 2706 5355 perficietis
2736 5277 2800 5336 ⁷⁷.

2044 5380 2130 5435 69.
2173 5376 2277 5443 Qui
2331 5376 2468 5430 riam
2524 5371 2819 5443 spiritalem
2867 5366 3138 5423 conficere
3190 5363 3391 5425 nescit,
3436 5377 3547 5416 non

1971 5480 2125 5527 curat
2173 5465 2528 5539 cogitationes
2560 5461 2845 5517 affectibus
2886 5459 3117 5522 deditas,
3152 5456 3245 5511 sed
3299 5464 3441 5510 totus
3478 5454 3548 5509 dc

1970 5581 2130 5619 carne
2165 5560 2431 5618 sollicitus
2461 5564 2545 5613 est
2577 5564 2672 5613 :et
2713 5565 2803 5611 aut
2836 5552 3143 5625 crapulatttr
3182 5558 3238 5604 ct
3272 5547 3543 5613 itttempx.
3572 5597 3580 5607 α
