  <div class='ocr_page' id='page_1' title='image "/cluster/home/n/w/nwhite01/storage/ocr_20150623/93/hvd.32044054128533/776.png"; bbox 0 0 3906 6192; ppageno 0'>
   <div class='ocr_carea' id='block_1_1' title="bbox 246 323 365 391">
    <p class='ocr_par' dir='ltr' id='par_1_1' title="bbox 246 323 365 391">
     <span class='ocr_line' id='line_1_1' title="bbox 246 323 365 391; baseline -0.017 -1"><span class='ocrx_word' id='word_1_1' title='bbox 246 323 365 391; x_wconf 75' lang='grc'>1505</span> 
     </span>
    </p>
   </div>
   <div class='ocr_carea' id='block_1_2' title="bbox 923 317 2764 382">
    <p class='ocr_par' dir='ltr' id='par_1_2' title="bbox 923 317 2764 382">
     <span class='ocr_line' id='line_1_2' title="bbox 923 317 2764 382; baseline 0.001 -3"><span class='ocrx_word' id='word_1_2' title='bbox 923 318 1021 379; x_wconf 86' lang='lat' dir='ltr'><strong>DE</strong></span> <span class='ocrx_word' id='word_1_3' title='bbox 1045 320 1595 381; x_wconf 79' lang='lat' dir='ltr'><strong>TEMPERANTIA</strong></span> <span class='ocrx_word' id='word_1_4' title='bbox 1642 320 1735 378; x_wconf 84' lang='lat' dir='ltr'>ET</span> <span class='ocrx_word' id='word_1_5' title='bbox 1775 317 2137 379; x_wconf 75' lang='lat' dir='ltr'><strong>VIRTUTE.</strong></span> <span class='ocrx_word' id='word_1_6' title='bbox 2178 343 2246 355; x_wconf 90' lang='lat'><strong>—</strong></span> <span class='ocrx_word' id='word_1_7' title='bbox 2286 318 2675 382; x_wconf 81' lang='lat' dir='ltr'><strong>CENTURIA</strong></span> <span class='ocrx_word' id='word_1_8' title='bbox 2714 320 2764 381; x_wconf 86' lang='grc' dir='ltr'><strong>Ι.</strong></span> 
     </span>
    </p>
   </div>
   <div class='ocr_carea' id='block_1_3' title="bbox 3337 325 3477 392">
    <p class='ocr_par' dir='ltr' id='par_1_3' title="bbox 3337 325 3477 392">
     <span class='ocr_line' id='line_1_3' title="bbox 3337 325 3477 392; baseline 0.021 -3"><span class='ocrx_word' id='word_1_9' title='bbox 3337 325 3477 392; x_wconf 78' lang='grc'>1506</span> 
     </span>
    </p>
   </div>
   <div class='ocr_carea' id='block_1_4' title="bbox 305 427 1802 502">
    <p class='ocr_par' dir='ltr' id='par_1_4' title="bbox 305 428 1801 501">
     <span class='ocr_line' id='line_1_4' title="bbox 305 428 1801 501; baseline -0.004 -15"><span class='ocrx_word' id='word_1_10' title='bbox 305 435 374 487; x_wconf 75' lang='grc' dir='ltr'><strong>π’.</strong></span> <span class='ocrx_word' id='word_1_11' title='bbox 425 431 509 494; x_wconf 82' lang='grc' dir='ltr'>Ὠς</span> <span class='ocrx_word' id='word_1_12' title='bbox 540 428 814 484; x_wconf 79' lang='grc' dir='ltr'><strong>ἀπέθανεν</strong></span> <span class='ocrx_word' id='word_1_13' title='bbox 848 428 989 498; x_wconf 80' lang='grc' dir='ltr'>ὑπὲρ</span> <span class='ocrx_word' id='word_1_14' title='bbox 1015 429 1126 482; x_wconf 86' lang='grc' dir='ltr'><strong>τῶν</strong></span> <span class='ocrx_word' id='word_1_15' title='bbox 1156 430 1443 500; x_wconf 83' lang='grc' dir='ltr'>ἁμαρτιῶν</span> <span class='ocrx_word' id='word_1_16' title='bbox 1476 431 1634 501; x_wconf 72' lang='grc' dir='ltr'>ἡμῶν</span> <span class='ocrx_word' id='word_1_17' title='bbox 1659 428 1801 481; x_wconf 78' lang='grc' dir='ltr'>κατὰ</span> 
     </span>
    </p>
   </div>
   <div class='ocr_carea' id='block_1_5' title="bbox 1911 427 3493 502">
    <p class='ocr_par' dir='ltr' id='par_1_5' title="bbox 1976 427 3493 502">
     <span class='ocr_line' id='line_1_5' title="bbox 1976 427 3493 502; baseline 0.009 -23"><span class='ocrx_word' id='word_1_18' title='bbox 1976 427 2067 482; x_wconf 86' lang='grc'><strong>80.</strong></span> <span class='ocrx_word' id='word_1_19' title='bbox 2110 428 2246 482; x_wconf 82' lang='lat' dir='ltr'><strong>Nam</strong></span> <span class='ocrx_word' id='word_1_20' title='bbox 2296 438 2547 484; x_wconf 89' lang='lat' dir='ltr'><strong>mortuus</strong></span> <span class='ocrx_word' id='word_1_21' title='bbox 2593 438 2677 484; x_wconf 89' lang='lat' dir='ltr'><strong>est</strong></span> <span class='ocrx_word' id='word_1_22' title='bbox 2727 446 2826 500; x_wconf 90' lang='lat' dir='ltr'><strong>pro</strong></span> <span class='ocrx_word' id='word_1_23' title='bbox 2861 432 3096 501; x_wconf 79' lang='lat' dir='ltr'><strong>peccatis</strong></span> <span class='ocrx_word' id='word_1_24' title='bbox 3130 435 3352 502; x_wconf 86' lang='lat' dir='ltr'><strong>nostris,</strong></span> <span class='ocrx_word' id='word_1_25' title='bbox 3384 453 3493 493; x_wconf 89' lang='lat' dir='ltr'><strong>se--</strong></span> 
     </span>
    </p>
   </div>
   <div class='ocr_carea' id='block_1_6' title="bbox 243 516 1804 593">
    <p class='ocr_par' dir='ltr' id='par_1_6' title="bbox 243 516 1804 593">
     <span class='ocr_line' id='line_1_6' title="bbox 243 516 1804 593; baseline -0.004 -16"><span class='ocrx_word' id='word_1_26' title='bbox 243 526 326 587; x_wconf 81' lang='grc' dir='ltr'>τὰς</span> <span class='ocrx_word' id='word_1_27' title='bbox 347 519 591 593; x_wconf 72' lang='grc' dir='ltr'>Γραφὰς,</span> <span class='ocrx_word' id='word_1_28' title='bbox 620 520 715 572; x_wconf 69' lang='grc' dir='ltr'>καὶ</span> <span class='ocrx_word' id='word_1_29' title='bbox 746 521 858 582; x_wconf 85' lang='grc' dir='ltr'>τοῖς</span> <span class='ocrx_word' id='word_1_30' title='bbox 883 516 941 573; x_wconf 79' lang='grc' dir='ltr'><strong>εὖ</strong></span> <span class='ocrx_word' id='word_1_31' title='bbox 965 519 1310 573; x_wconf 76' lang='grc' dir='ltr'><strong>δουλεύουσιν</strong></span> <span class='ocrx_word' id='word_1_32' title='bbox 1347 521 1497 591; x_wconf 80' lang='grc' dir='ltr'>αὐτῷ</span> <span class='ocrx_word' id='word_1_33' title='bbox 1533 520 1631 591; x_wconf 81' lang='grc' dir='ltr'><strong>τὴν</strong></span> <span class='ocrx_word' id='word_1_34' title='bbox 1659 520 1804 572; x_wconf 72' lang='grc' dir='ltr'>ὲλευυ</span> 
     </span>
    </p>
   </div>
   <div class='ocr_carea' id='block_1_7' title="bbox 243 609 1805 683">
    <p class='ocr_par' dir='ltr' id='par_1_7' title="bbox 243 609 1805 683">
     <span class='ocr_line' id='line_1_7' title="bbox 243 609 1805 683; baseline -0.003 -16"><span class='ocrx_word' id='word_1_35' title='bbox 243 613 414 683; x_wconf 83' lang='grc' dir='ltr'>θερίαν</span> <span class='ocrx_word' id='word_1_36' title='bbox 437 609 752 682; x_wconf 77' lang='grc' dir='ltr'>χαρίζεται·</span> <span class='ocrx_word' id='word_1_37' title='bbox 786 610 922 681; x_wconf 69' lang='grc' dir='ltr'>φησι</span> <span class='ocrx_word' id='word_1_38' title='bbox 951 609 1081 679; x_wconf 79' lang='grc' dir='ltr'><strong>γάρ’</strong></span> <span class='ocrx_word' id='word_1_39' title='bbox 1130 609 1240 677; x_wconf 85' lang='grc' dir='ltr'><strong>Εὖ,</strong></span> <span class='ocrx_word' id='word_1_40' title='bbox 1272 610 1457 664; x_wconf 81' lang='grc' dir='ltr'>δοῦλε</span> <span class='ocrx_word' id='word_1_41' title='bbox 1486 611 1671 681; x_wconf 81' lang='grc' dir='ltr'><strong>ἁγαθέ</strong></span> <span class='ocrx_word' id='word_1_42' title='bbox 1703 610 1805 663; x_wconf 75' lang='grc' dir='ltr'><strong>καὶ</strong></span> 
     </span>
    </p>
   </div>
   <div class='ocr_carea' id='block_1_8' title="bbox 241 701 1805 772">
    <p class='ocr_par' dir='ltr' id='par_1_8' title="bbox 241 701 1805 772">
     <span class='ocr_line' id='line_1_8' title="bbox 241 701 1805 772; baseline -0.001 -15"><span class='ocrx_word' id='word_1_43' title='bbox 241 704 427 770; x_wconf 64' lang='lat' dir='ltr'><strong>more,</strong></span> <span class='ocrx_word' id='word_1_44' title='bbox 463 702 564 756; x_wconf 75' lang='grc' dir='ltr'><strong>ἐπὶ</strong></span> <span class='ocrx_word' id='word_1_45' title='bbox 602 702 779 771; x_wconf 69' lang='grc' dir='ltr'>ὀλίγα</span> <span class='ocrx_word' id='word_1_46' title='bbox 810 702 1025 772; x_wconf 77' lang='grc' dir='ltr'><strong>ἐγένου</strong></span> <span class='ocrx_word' id='word_1_47' title='bbox 1055 702 1292 766; x_wconf 81' lang='grc' dir='ltr'>πιστὸς,</span> <span class='ocrx_word' id='word_1_48' title='bbox 1328 703 1425 756; x_wconf 79' lang='grc' dir='ltr'><strong>ἐπὶ</strong></span> <span class='ocrx_word' id='word_1_49' title='bbox 1456 701 1706 756; x_wconf 78' lang='grc' dir='ltr'>πολλῶν</span> <span class='ocrx_word' id='word_1_50' title='bbox 1730 717 1805 755; x_wconf 84' lang='grc' dir='ltr'>σε</span> 
     </span>
    </p>
   </div>
   <div class='ocr_carea' id='block_1_9' title="bbox 243 792 1805 864">
    <p class='ocr_par' dir='ltr' id='par_1_9' title="bbox 243 792 1805 864">
     <span class='ocr_line' id='line_1_9' title="bbox 243 792 1805 864; baseline 0.001 -16"><span class='ocrx_word' id='word_1_51' title='bbox 243 792 890 858; x_wconf 77' lang='grc' dir='ltr'>καταστήσω,·ετσελθε</span> <span class='ocrx_word' id='word_1_52' title='bbox 922 797 1009 859; x_wconf 75' lang='grc' dir='ltr'><strong>εἰς</strong></span> <span class='ocrx_word' id='word_1_53' title='bbox 1040 794 1155 860; x_wconf 80' lang='grc' dir='ltr'>τὴν</span> <span class='ocrx_word' id='word_1_54' title='bbox 1183 794 1379 860; x_wconf 76' lang='grc' dir='ltr'>χαρὰν</span> <span class='ocrx_word' id='word_1_55' title='bbox 1425 795 1534 848; x_wconf 81' lang='grc' dir='ltr'>τοῦ</span> <span class='ocrx_word' id='word_1_56' title='bbox 1584 796 1805 864; x_wconf 83' lang='grc' dir='ltr'><strong>Κυρίου</strong></span> 
     </span>
    </p>
   </div>
   <div class='ocr_carea' id='block_1_10' title="bbox 243 884 1806 965">
    <p class='ocr_par' dir='ltr' id='par_1_10' title="bbox 243 884 1806 965">
     <span class='ocr_line' id='line_1_10' title="bbox 243 884 1806 965; baseline 0.001 -25"><span class='ocrx_word' id='word_1_57' title='bbox 243 903 371 940; x_wconf 87' lang='grc' dir='ltr'>σου.</span> <span class='ocrx_word' id='word_1_58' title='bbox 413 884 581 939; x_wconf 75' lang='grc' dir='ltr'>Οὔπω</span> <span class='ocrx_word' id='word_1_59' title='bbox 604 885 661 938; x_wconf 71' lang='grc' dir='ltr'>δὲ</span> <span class='ocrx_word' id='word_1_60' title='bbox 683 884 868 948; x_wconf 81' lang='grc' dir='ltr'>δοῦλός</span> <span class='ocrx_word' id='word_1_61' title='bbox 905 887 1019 938; x_wconf 78' lang='grc' dir='ltr'>ἐστι</span> <span class='ocrx_word' id='word_1_62' title='bbox 1059 889 1271 953; x_wconf 83' lang='grc' dir='ltr'>πιστὸς,</span> <span class='ocrx_word' id='word_1_63' title='bbox 1295 890 1332 965; x_wconf 63' lang='grc' dir='ltr'><strong>ὁ⁸</strong></span> <span class='ocrx_word' id='word_1_64' title='bbox 1348 887 1476 958; x_wconf 78' lang='grc' dir='ltr'>ψιλῇ</span> <span class='ocrx_word' id='word_1_65' title='bbox 1507 890 1571 959; x_wconf 82' lang='grc' dir='ltr'>τῇ</span> <span class='ocrx_word' id='word_1_66' title='bbox 1602 886 1806 956; x_wconf 85' lang='grc' dir='ltr'><strong>γνώσει</strong></span> 
     </span>
    </p>
   </div>
   <div class='ocr_carea' id='block_1_11' title="bbox 243 976 1807 1051">
    <p class='ocr_par' dir='ltr' id='par_1_11' title="bbox 243 976 1807 1051">
     <span class='ocr_line' id='line_1_11' title="bbox 243 976 1807 1051; baseline 0 -19"><span class='ocrx_word' id='word_1_67' title='bbox 243 977 670 1048; x_wconf 71' lang='grc' dir='ltr'>ἐπερειδόμενος,</span> <span class='ocrx_word' id='word_1_68' title='bbox 699 976 816 1030; x_wconf 82' lang='grc' dir='ltr'>ἀλλ’</span> <span class='ocrx_word' id='word_1_69' title='bbox 859 979 887 1031; x_wconf 94' lang='lat'><strong>6</strong></span> <span class='ocrx_word' id='word_1_70' title='bbox 931 978 999 1031; x_wconf 83' lang='grc' dir='ltr'><strong>δι’</strong></span> <span class='ocrx_word' id='word_1_71' title='bbox 1024 979 1270 1051; x_wconf 79' lang='grc' dir='ltr'><strong>ὑπακοῆς</strong></span> <span class='ocrx_word' id='word_1_72' title='bbox 1315 981 1394 1051; x_wconf 84' lang='grc' dir='ltr'>τῷ</span> <span class='ocrx_word' id='word_1_73' title='bbox 1438 981 1807 1051; x_wconf 78' lang='grc' dir='ltr'><strong>ἐντειλαμένῳ</strong></span> 
     </span>
    </p>
   </div>
   <div class='ocr_carea' id='block_1_12' title="bbox 242 1068 1811 1142">
    <p class='ocr_par' dir='ltr' id='par_1_12' title="bbox 242 1068 1811 1142">
     <span class='ocr_line' id='line_1_12' title="bbox 242 1068 1811 1142; baseline 0.001 -19"><span class='ocrx_word' id='word_1_74' title='bbox 242 1070 453 1140; x_wconf 83' lang='grc' dir='ltr'><strong>Χριστῷ</strong></span> <span class='ocrx_word' id='word_1_75' title='bbox 495 1068 791 1137; x_wconf 80' lang='grc' dir='ltr'><strong>πιστεύων,</strong></span> <span class='ocrx_word' id='word_1_76' title='bbox 844 1069 935 1123; x_wconf 73' lang='grc' dir='ltr'>τὸν</span> <span class='ocrx_word' id='word_1_77' title='bbox 967 1071 1248 1141; x_wconf 85' lang='grc' dir='ltr'>Δεσπότην</span> <span class='ocrx_word' id='word_1_78' title='bbox 1299 1072 1497 1142; x_wconf 82' lang='grc' dir='ltr'><strong>τιμῶν,</strong></span> <span class='ocrx_word' id='word_1_79' title='bbox 1544 1075 1692 1125; x_wconf 82' lang='grc' dir='ltr'>ποιεῖ</span> <span class='ocrx_word' id='word_1_80' title='bbox 1736 1073 1811 1126; x_wconf 76' lang='grc' dir='ltr'>τὰ</span> 
     </span>
    </p>
   </div>
   <div class='ocr_carea' id='block_1_13' title="bbox 243 1160 1808 1235">
    <p class='ocr_par' dir='ltr' id='par_1_13' title="bbox 243 1160 1808 1235">
     <span class='ocr_line' id='line_1_13' title="bbox 243 1160 1808 1235; baseline 0.002 -22"><span class='ocrx_word' id='word_1_81' title='bbox 243 1160 593 1231; x_wconf 79' lang='grc' dir='ltr'><strong>κελευόμενα·</strong></span> <span class='ocrx_word' id='word_1_82' title='bbox 643 1160 868 1231; x_wconf 72' lang='grc' dir='ltr'>σφαλεὶς</span> <span class='ocrx_word' id='word_1_83' title='bbox 919 1161 976 1214; x_wconf 78' lang='grc' dir='ltr'>δὲ</span> <span class='ocrx_word' id='word_1_84' title='bbox 1021 1162 1055 1233; x_wconf 78' lang='grc' dir='ltr'><strong>ἢ</strong></span> <span class='ocrx_word' id='word_1_85' title='bbox 1110 1163 1490 1233; x_wconf 79' lang='grc' dir='ltr'><strong>παρακούσας,</strong></span> <span class='ocrx_word' id='word_1_86' title='bbox 1544 1164 1808 1235; x_wconf 82' lang='grc' dir='ltr'>ὑπομένει</span> 
     </span>
    </p>
   </div>
   <div class='ocr_carea' id='block_1_14' title="bbox 240 1251 1807 1328">
    <p class='ocr_par' dir='ltr' id='par_1_14' title="bbox 240 1251 1807 1328">
     <span class='ocr_line' id='line_1_14' title="bbox 240 1251 1807 1328; baseline 0.003 -24"><span class='ocrx_word' id='word_1_87' title='bbox 240 1252 308 1317; x_wconf 82' lang='grc' dir='ltr'>ὡς</span> <span class='ocrx_word' id='word_1_88' title='bbox 335 1253 441 1306; x_wconf 73' lang='grc' dir='ltr'>ἴδια</span> <span class='ocrx_word' id='word_1_89' title='bbox 486 1253 556 1307; x_wconf 81' lang='grc' dir='ltr'>τὰ</span> <span class='ocrx_word' id='word_1_90' title='bbox 617 1252 984 1323; x_wconf 78' lang='grc' dir='ltr'>ἐπερχόμενα.</span> <span class='ocrx_word' id='word_1_91' title='bbox 1021 1254 1332 1328; x_wconf 80' lang='grc' dir='ltr'>Φιλομαθὴς</span> <span class='ocrx_word' id='word_1_92' title='bbox 1376 1251 1471 1309; x_wconf 82' lang='grc' dir='ltr'><strong>οὖν</strong></span> <span class='ocrx_word' id='word_1_93' title='bbox 1518 1255 1672 1323; x_wconf 82' lang='grc' dir='ltr'>γίνου</span> <span class='ocrx_word' id='word_1_94' title='bbox 1710 1257 1807 1309; x_wconf 76' lang='grc' dir='ltr'>καὶ</span> 
     </span>
    </p>
   </div>
   <div class='ocr_carea' id='block_1_15' title="bbox 243 1344 1801 1418">
    <p class='ocr_par' dir='ltr' id='par_1_15' title="bbox 243 1344 1801 1418">
     <span class='ocr_line' id='line_1_15' title="bbox 243 1344 1801 1418; baseline 0.002 -21"><span class='ocrx_word' id='word_1_95' title='bbox 243 1344 547 1415; x_wconf 75' lang='grc' dir='ltr'>φιλόπονος·</span> <span class='ocrx_word' id='word_1_96' title='bbox 573 1347 606 1416; x_wconf 77' lang='grc' dir='ltr'>ἠ</span> <span class='ocrx_word' id='word_1_97' title='bbox 634 1345 746 1416; x_wconf 78' lang='grc' dir='ltr'>γὰρ</span> <span class='ocrx_word' id='word_1_98' title='bbox 772 1344 903 1415; x_wconf 78' lang='grc' dir='ltr'>ψιλὴ</span> <span class='ocrx_word' id='word_1_99' title='bbox 934 1345 1137 1413; x_wconf 86' lang='grc' dir='ltr'>γνῶσις</span> <span class='ocrx_word' id='word_1_100' title='bbox 1167 1349 1350 1414; x_wconf 79' lang='grc' dir='ltr'><strong>φυσιοῖ</strong></span> <span class='ocrx_word' id='word_1_101' title='bbox 1375 1345 1465 1399; x_wconf 84' lang='grc' dir='ltr'><strong>τὸν</strong></span> <span class='ocrx_word' id='word_1_102' title='bbox 1491 1346 1801 1418; x_wconf 77' lang='grc' dir='ltr'>ἄνθρωπον.</span> 
     </span>
    </p>
   </div>
   <div class='ocr_carea' id='block_1_16' title="bbox 305 1521 1810 1594">
    <p class='ocr_par' dir='ltr' id='par_1_16' title="bbox 305 1521 1810 1594">
     <span class='ocr_line' id='line_1_16' title="bbox 305 1521 1810 1594; baseline -0.001 -18"><span class='ocrx_word' id='word_1_103' title='bbox 305 1521 414 1577; x_wconf 85' lang='grc' dir='ltr'>πα’.</span> <span class='ocrx_word' id='word_1_104' title='bbox 456 1524 520 1576; x_wconf 83' lang='lat' dir='ltr'><strong>0i</strong></span> <span class='ocrx_word' id='word_1_105' title='bbox 569 1523 996 1594; x_wconf 82' lang='grc' dir='ltr'><strong>ἀπροσδοκήτως</strong></span> <span class='ocrx_word' id='word_1_106' title='bbox 1050 1525 1186 1594; x_wconf 74' lang='grc' dir='ltr'>ἡμῖν</span> <span class='ocrx_word' id='word_1_107' title='bbox 1240 1522 1636 1592; x_wconf 75' lang='grc' dir='ltr'>συμϐαίνοντες</span> <span class='ocrx_word' id='word_1_108' title='bbox 1690 1540 1810 1575; x_wconf 84' lang='grc' dir='ltr'>πει-</span> 
     </span>
    </p>
   </div>
   <div class='ocr_carea' id='block_1_17' title="bbox 243 1614 1805 1687">
    <p class='ocr_par' dir='ltr' id='par_1_17' title="bbox 243 1614 1805 1687">
     <span class='ocr_line' id='line_1_17' title="bbox 243 1614 1805 1687; baseline -0.001 -18"><span class='ocrx_word' id='word_1_109' title='bbox 243 1616 454 1687; x_wconf 78' lang='grc' dir='ltr'>ρασμοὶ,</span> <span class='ocrx_word' id='word_1_110' title='bbox 497 1615 862 1685; x_wconf 79' lang='grc' dir='ltr'><strong>οἰκονομικῶς</strong></span> <span class='ocrx_word' id='word_1_111' title='bbox 917 1616 1066 1685; x_wconf 77' lang='grc' dir='ltr'>ἡμᾶς</span> <span class='ocrx_word' id='word_1_112' title='bbox 1116 1614 1439 1683; x_wconf 75' lang='grc' dir='ltr'>φιλοπόνους</span> <span class='ocrx_word' id='word_1_113' title='bbox 1491 1614 1805 1668; x_wconf 81' lang='grc' dir='ltr'>διδάσκουσι</span> 
     </span>
    </p>
   </div>
   <div class='ocr_carea' id='block_1_18' title="bbox 237 1705 505 1775">
    <p class='ocr_par' dir='ltr' id='par_1_18' title="bbox 237 1705 505 1775">
     <span class='ocr_line' id='line_1_18' title="bbox 237 1705 505 1775; baseline 0 -16"><span class='ocrx_word' id='word_1_114' title='bbox 237 1705 505 1775; x_wconf 81' lang='grc' dir='ltr'>γενέσθαι.</span> 
     </span>
    </p>
   </div>
   <div class='ocr_carea' id='block_1_19' title="bbox 1906 518 3476 588">
    <p class='ocr_par' dir='ltr' id='par_1_19' title="bbox 1906 518 3476 588">
     <span class='ocr_line' id='line_1_19' title="bbox 1906 518 3476 588; baseline 0.008 -18"><span class='ocrx_word' id='word_1_115' title='bbox 1906 518 2147 572; x_wconf 88' lang='lat' dir='ltr'><strong>cundum</strong></span> <span class='ocrx_word' id='word_1_116' title='bbox 2180 519 2535 588; x_wconf 83' lang='lat' dir='ltr'><strong>Scripturas:</strong></span> <span class='ocrx_word' id='word_1_117' title='bbox 2568 536 2633 575; x_wconf 91' lang='lat' dir='ltr'><strong>ac</strong></span> <span class='ocrx_word' id='word_1_118' title='bbox 2659 521 2801 576; x_wconf 82' lang='lat' dir='ltr'><strong>bene</strong></span> <span class='ocrx_word' id='word_1_119' title='bbox 2841 524 3207 580; x_wconf 72' lang='lat' dir='ltr'><strong>servientibus</strong></span> <span class='ocrx_word' id='word_1_120' title='bbox 3236 526 3285 581; x_wconf 88' lang='lat' dir='ltr'><strong>ei</strong></span> <span class='ocrx_word' id='word_1_121' title='bbox 3308 526 3476 581; x_wconf 63' lang='lat' dir='ltr'><strong>libero</strong></span> 
     </span>
    </p>
   </div>
   <div class='ocr_carea' id='block_1_20' title="bbox 1907 610 3482 685">
    <p class='ocr_par' dir='ltr' id='par_1_20' title="bbox 1907 610 3482 685">
     <span class='ocr_line' id='line_1_20' title="bbox 1907 610 3482 685; baseline 0.007 -25"><span class='ocrx_word' id='word_1_122' title='bbox 1907 616 2072 662; x_wconf 89' lang='lat' dir='ltr'><strong>tatem</strong></span> <span class='ocrx_word' id='word_1_123' title='bbox 2119 610 2358 679; x_wconf 82' lang='lat' dir='ltr'><strong>gratuito</strong></span> <span class='ocrx_word' id='word_1_124' title='bbox 2403 610 2649 681; x_wconf 87' lang='lat' dir='ltr'><strong>largitur.</strong></span> <span class='ocrx_word' id='word_1_125' title='bbox 2698 611 2880 680; x_wconf 87' lang='lat' dir='ltr'><strong>lnquit</strong></span> <span class='ocrx_word' id='word_1_126' title='bbox 2911 614 3057 668; x_wconf 89' lang='lat' dir='ltr'><strong>enim</strong></span> <span class='ocrx_word' id='word_1_127' title='bbox 3090 633 3102 667; x_wconf 90' lang='lat'><strong>:</strong></span> <span class='ocrx_word' id='word_1_128' title='bbox 3141 613 3309 685; x_wconf 83' lang='lat' dir='ltr'><strong><em>Euge,</em></strong></span> <span class='ocrx_word' id='word_1_129' title='bbox 3332 634 3482 672; x_wconf 75' lang='lat' dir='ltr'><strong>serve</strong></span> 
     </span>
    </p>
   </div>
   <div class='ocr_carea' id='block_1_21' title="bbox 1905 698 3473 775">
    <p class='ocr_par' dir='ltr' id='par_1_21' title="bbox 1905 698 3473 775">
     <span class='ocr_line' id='line_1_21' title="bbox 1905 698 3473 775; baseline 0.006 -23"><span class='ocrx_word' id='word_1_130' title='bbox 1905 698 2034 753; x_wconf 86' lang='lat' dir='ltr'><strong>bone</strong></span> <span class='ocrx_word' id='word_1_131' title='bbox 2057 710 2105 754; x_wconf 85' lang='lat' dir='ltr'><strong>et</strong></span> <span class='ocrx_word' id='word_1_132' title='bbox 2125 701 2313 768; x_wconf 80' lang='lat' dir='ltr'><strong>ﬁdelis,</strong></span> <span class='ocrx_word' id='word_1_133' title='bbox 2334 718 2499 771; x_wconf 74' lang='lat' dir='ltr'><strong>supra</strong></span> <span class='ocrx_word' id='word_1_134' title='bbox 2528 719 2698 772; x_wconf 85' lang='lat' dir='ltr'><strong>pauca</strong></span> <span class='ocrx_word' id='word_1_135' title='bbox 2721 704 2868 774; x_wconf 76' lang='lat' dir='ltr'><strong>fuisti</strong></span> <span class='ocrx_word' id='word_1_136' title='bbox 2897 704 3086 772; x_wconf 78' lang='lat' dir='ltr'><strong>fidelis,</strong></span> <span class='ocrx_word' id='word_1_137' title='bbox 3111 722 3270 775; x_wconf 80' lang='lat' dir='ltr'><strong>supra</strong></span> <span class='ocrx_word' id='word_1_138' title='bbox 3307 708 3473 762; x_wconf 83' lang='lat' dir='ltr'><strong>multa</strong></span> 
     </span>
    </p>
   </div>
   <div class='ocr_carea' id='block_1_22' title="bbox 1904 793 3469 863">
    <p class='ocr_par' dir='ltr' id='par_1_22' title="bbox 1904 793 3469 863">
     <span class='ocr_line' id='line_1_22' title="bbox 1904 793 3469 863; baseline 0.006 -21"><span class='ocrx_word' id='word_1_139' title='bbox 1904 800 1956 843; x_wconf 83' lang='lat' dir='ltr'><strong>te</strong></span> <span class='ocrx_word' id='word_1_140' title='bbox 1996 793 2313 846; x_wconf 77' lang='lat' dir='ltr'><strong>constituam</strong></span> <span class='ocrx_word' id='word_1_141' title='bbox 2341 809 2361 846; x_wconf 86' lang='lat'><strong><em>:</em></strong></span> <span class='ocrx_word' id='word_1_142' title='bbox 2397 795 2540 847; x_wconf 82' lang='lat' dir='ltr'><strong>intra</strong></span> <span class='ocrx_word' id='word_1_143' title='bbox 2581 794 2638 847; x_wconf 84' lang='lat' dir='ltr'><strong>iu</strong></span> <span class='ocrx_word' id='word_1_144' title='bbox 2671 795 2926 863; x_wconf 79' lang='lat' dir='ltr'><strong>gaudium</strong></span> <span class='ocrx_word' id='word_1_145' title='bbox 2954 794 3168 849; x_wconf 81' lang='lat' dir='ltr'><strong>Domini</strong></span> <span class='ocrx_word' id='word_1_146' title='bbox 3195 799 3273 850; x_wconf 82' lang='lat' dir='ltr'><strong>tui</strong></span> <span class='ocrx_word' id='word_1_147' title='bbox 3300 799 3369 851; x_wconf 81' lang='grc'><strong>⁸³.</strong></span> <span class='ocrx_word' id='word_1_148' title='bbox 3398 799 3469 852; x_wconf 81' lang='lat' dir='ltr'><strong>At</strong></span> 
     </span>
    </p>
   </div>
   <div class='ocr_carea' id='block_1_23' title="bbox 1904 884 3477 958">
    <p class='ocr_par' dir='ltr' id='par_1_23' title="bbox 1904 884 3477 958">
     <span class='ocr_line' id='line_1_23' title="bbox 1904 884 3477 958; baseline 0.004 -23"><span class='ocrx_word' id='word_1_149' title='bbox 1904 884 2148 938; x_wconf 88' lang='lat' dir='ltr'><strong>nondum</strong></span> <span class='ocrx_word' id='word_1_150' title='bbox 2181 896 2267 938; x_wconf 80' lang='lat' dir='ltr'><strong>est</strong></span> <span class='ocrx_word' id='word_1_151' title='bbox 2314 884 2490 939; x_wconf 80' lang='lat' dir='ltr'><strong>ﬁdelis</strong></span> <span class='ocrx_word' id='word_1_152' title='bbox 2526 900 2741 949; x_wconf 88' lang='lat' dir='ltr'><strong>servus,</strong></span> <span class='ocrx_word' id='word_1_153' title='bbox 2767 886 2857 955; x_wconf 85' lang='lat' dir='ltr'><strong>qui</strong></span> <span class='ocrx_word' id='word_1_154' title='bbox 2898 887 2967 941; x_wconf 88' lang='lat' dir='ltr'><strong>de</strong></span> <span class='ocrx_word' id='word_1_155' title='bbox 2989 888 3133 942; x_wconf 92' lang='lat' dir='ltr'><strong>nuda</strong></span> <span class='ocrx_word' id='word_1_156' title='bbox 3167 891 3477 958; x_wconf 84' lang='lat' dir='ltr'><strong>cognitione</strong></span> 
     </span>
    </p>
   </div>
   <div class='ocr_carea' id='block_1_24' title="bbox 1904 972 3475 1048">
    <p class='ocr_par' dir='ltr' id='par_1_24' title="bbox 1904 972 3475 1048">
     <span class='ocr_line' id='line_1_24' title="bbox 1904 972 3475 1048; baseline 0.008 -24"><span class='ocrx_word' id='word_1_157' title='bbox 1904 972 2167 1042; x_wconf 75' lang='lat' dir='ltr'><strong>gloriatur</strong></span> <span class='ocrx_word' id='word_1_158' title='bbox 2198 992 2211 1026; x_wconf 87' lang='lat'><strong>:</strong></span> <span class='ocrx_word' id='word_1_159' title='bbox 2243 974 2337 1028; x_wconf 89' lang='lat' dir='ltr'><strong>sed</strong></span> <span class='ocrx_word' id='word_1_160' title='bbox 2357 974 2449 1043; x_wconf 86' lang='lat' dir='ltr'><strong>qui</strong></span> <span class='ocrx_word' id='word_1_161' title='bbox 2471 975 2858 1044; x_wconf 90' lang='lat' dir='ltr'><strong>obtemperans</strong></span> <span class='ocrx_word' id='word_1_162' title='bbox 2877 978 3214 1048; x_wconf 62' lang='lat' dir='ltr'><strong>praecipienti</strong></span> <span class='ocrx_word' id='word_1_163' title='bbox 3236 980 3475 1036; x_wconf 78' lang='lat' dir='ltr'><strong>Christo.</strong></span> 
     </span>
    </p>
   </div>
   <div class='ocr_carea' id='block_1_25' title="bbox 1905 1064 3474 1141">
    <p class='ocr_par' dir='ltr' id='par_1_25' title="bbox 1905 1064 3474 1141">
     <span class='ocr_line' id='line_1_25' title="bbox 1905 1064 3474 1141; baseline 0.005 -24"><span class='ocrx_word' id='word_1_164' title='bbox 1905 1064 2096 1127; x_wconf 83' lang='lat' dir='ltr'><strong>credit,</strong></span> <span class='ocrx_word' id='word_1_165' title='bbox 2121 1073 2172 1119; x_wconf 91' lang='lat' dir='ltr'><strong>et</strong></span> <span class='ocrx_word' id='word_1_166' title='bbox 2211 1080 2550 1134; x_wconf 87' lang='lat' dir='ltr'><strong>prosequens</strong></span> <span class='ocrx_word' id='word_1_167' title='bbox 2577 1067 3120 1136; x_wconf 70' lang='lat' dir='ltr'><strong>honore&#39;Dominum,</strong></span> <span class='ocrx_word' id='word_1_168' title='bbox 3154 1070 3304 1125; x_wconf 90' lang='lat' dir='ltr'><strong>illius</strong></span> <span class='ocrx_word' id='word_1_169' title='bbox 3325 1071 3474 1141; x_wconf 80' lang='lat' dir='ltr'><strong>jussu</strong></span> 
     </span>
    </p>
   </div>
   <div class='ocr_carea' id='block_1_26' title="bbox 1906 1155 3480 1230">
    <p class='ocr_par' dir='ltr' id='par_1_26' title="bbox 1906 1155 3480 1230">
     <span class='ocr_line' id='line_1_26' title="bbox 1906 1155 3480 1230; baseline 0.005 -21"><span class='ocrx_word' id='word_1_170' title='bbox 1906 1155 2135 1225; x_wconf 81' lang='lat' dir='ltr'><strong>peragit.</strong></span> <span class='ocrx_word' id='word_1_171' title='bbox 2170 1155 2272 1220; x_wconf 90' lang='lat' dir='ltr'><strong>Qui</strong></span> <span class='ocrx_word' id='word_1_172' title='bbox 2303 1165 2486 1211; x_wconf 89' lang='lat' dir='ltr'><strong>autem</strong></span> <span class='ocrx_word' id='word_1_173' title='bbox 2510 1166 2675 1223; x_wconf 85' lang='lat' dir='ltr'><strong>errat,</strong></span> <span class='ocrx_word' id='word_1_174' title='bbox 2710 1168 2765 1213; x_wconf 90' lang='lat' dir='ltr'><strong>et</strong></span> <span class='ocrx_word' id='word_1_175' title='bbox 2795 1173 2904 1213; x_wconf 93' lang='lat' dir='ltr'><strong>non</strong></span> <span class='ocrx_word' id='word_1_176' title='bbox 2933 1170 3109 1230; x_wconf 87' lang='lat' dir='ltr'><strong>paret,</strong></span> <span class='ocrx_word' id='word_1_177' title='bbox 3145 1176 3305 1216; x_wconf 87' lang='lat' dir='ltr'><strong>casus</strong></span> <span class='ocrx_word' id='word_1_178' title='bbox 3329 1163 3480 1218; x_wconf 88' lang='lat' dir='ltr'><strong>velut</strong></span> 
     </span>
    </p>
   </div>
   <div class='ocr_carea' id='block_1_27' title="bbox 1908 1246 3478 1319">
    <p class='ocr_par' dir='ltr' id='par_1_27' title="bbox 1908 1246 3478 1319">
     <span class='ocr_line' id='line_1_27' title="bbox 1908 1246 3478 1319; baseline 0.006 -20"><span class='ocrx_word' id='word_1_179' title='bbox 1908 1246 2211 1315; x_wconf 87' lang='lat' dir='ltr'><strong>peculiares</strong></span> <span class='ocrx_word' id='word_1_180' title='bbox 2274 1246 2418 1302; x_wconf 86' lang='lat' dir='ltr'><strong>ferre</strong></span> <span class='ocrx_word' id='word_1_181' title='bbox 2472 1250 2706 1319; x_wconf 79' lang='lat' dir='ltr'><strong>cogitur.</strong></span> <span class='ocrx_word' id='word_1_182' title='bbox 2775 1250 3062 1317; x_wconf 86' lang='lat' dir='ltr'><strong>Quocirca,</strong></span> <span class='ocrx_word' id='word_1_183' title='bbox 3125 1253 3371 1309; x_wconf 81' lang='lat' dir='ltr'><strong>discendi</strong></span> <span class='ocrx_word' id='word_1_184' title='bbox 3423 1265 3478 1309; x_wconf 90' lang='lat' dir='ltr'><strong>et</strong></span> 
     </span>
    </p>
   </div>
   <div class='ocr_carea' id='block_1_28' title="bbox 1905 1338 3477 1415">
    <p class='ocr_par' dir='ltr' id='par_1_28' title="bbox 1905 1338 3477 1415">
     <span class='ocr_line' id='line_1_28' title="bbox 1905 1338 3477 1415; baseline 0.006 -26"><span class='ocrx_word' id='word_1_185' title='bbox 1905 1338 2167 1404; x_wconf 86' lang='lat' dir='ltr'><strong>operandi</strong></span> <span class='ocrx_word' id='word_1_186' title='bbox 2189 1339 2466 1394; x_wconf 87' lang='lat' dir='ltr'><strong>studiosus</strong></span> <span class='ocrx_word' id='word_1_187' title='bbox 2497 1348 2615 1395; x_wconf 86' lang='lat' dir='ltr'><strong>esto</strong></span> <span class='ocrx_word' id='word_1_188' title='bbox 2648 1359 2661 1394; x_wconf 93' lang='lat'>:</span> <span class='ocrx_word' id='word_1_189' title='bbox 2691 1340 2817 1410; x_wconf 87' lang='lat' dir='ltr'><strong>quia</strong></span> <span class='ocrx_word' id='word_1_190' title='bbox 2843 1343 2987 1397; x_wconf 89' lang='lat' dir='ltr'><strong>nuda</strong></span> <span class='ocrx_word' id='word_1_191' title='bbox 3013 1346 3255 1415; x_wconf 79' lang='lat' dir='ltr'><strong>cognitio</strong></span> <span class='ocrx_word' id='word_1_192' title='bbox 3282 1346 3477 1400; x_wconf 83' lang='lat' dir='ltr'><strong>inﬂare</strong></span> 
     </span>
    </p>
   </div>
   <div class='ocr_carea' id='block_1_29' title="bbox 1905 1428 2373 1483">
    <p class='ocr_par' dir='ltr' id='par_1_29' title="bbox 1905 1428 2373 1483">
     <span class='ocr_line' id='line_1_29' title="bbox 1905 1428 2373 1483; baseline 0.002 -1"><span class='ocrx_word' id='word_1_193' title='bbox 1905 1428 2043 1483; x_wconf 88' lang='lat' dir='ltr'><strong>solet</strong></span> <span class='ocrx_word' id='word_1_194' title='bbox 2072 1429 2373 1483; x_wconf 84' lang='lat' dir='ltr'><strong>hominem.</strong></span> 
     </span>
    </p>
   </div>
   <div class='ocr_carea' id='block_1_30' title="bbox 1977 1517 3475 1594">
    <p class='ocr_par' dir='ltr' id='par_1_30' title="bbox 1977 1517 3475 1594">
     <span class='ocr_line' id='line_1_30' title="bbox 1977 1517 3475 1594; baseline 0.009 -24"><span class='ocrx_word' id='word_1_195' title='bbox 1977 1517 2068 1571; x_wconf 82' lang='lat'><strong>81.</strong></span> <span class='ocrx_word' id='word_1_196' title='bbox 2102 1517 2480 1583; x_wconf 83' lang='lat' dir='ltr'><strong>Tentationes,</strong></span> <span class='ocrx_word' id='word_1_197' title='bbox 2517 1535 2637 1589; x_wconf 73' lang='lat' dir='ltr'><strong>qua:</strong></span> <span class='ocrx_word' id='word_1_198' title='bbox 2662 1522 2820 1577; x_wconf 91' lang='lat' dir='ltr'><strong>nobis</strong></span> <span class='ocrx_word' id='word_1_199' title='bbox 2849 1539 2915 1576; x_wconf 84' lang='lat' dir='ltr'><strong>ex</strong></span> <span class='ocrx_word' id='word_1_200' title='bbox 2944 1534 3220 1594; x_wconf 83' lang='lat' dir='ltr'><strong>Insperato</strong></span> <span class='ocrx_word' id='word_1_201' title='bbox 3257 1530 3475 1583; x_wconf 86' lang='lat' dir='ltr'><strong>contin-</strong></span> 
     </span>
    </p>
   </div>
   <div class='ocr_carea' id='block_1_31' title="bbox 1907 1607 3481 1682">
    <p class='ocr_par' dir='ltr' id='par_1_31' title="bbox 1907 1607 3481 1682">
     <span class='ocr_line' id='line_1_31' title="bbox 1907 1607 3481 1682; baseline 0.007 -19"><span class='ocrx_word' id='word_1_202' title='bbox 1907 1616 2061 1678; x_wconf 79' lang='lat' dir='ltr'><strong>gunt,</strong></span> <span class='ocrx_word' id='word_1_203' title='bbox 2096 1607 2504 1678; x_wconf 85' lang='lat' dir='ltr'><strong>dispensatione</strong></span> <span class='ocrx_word' id='word_1_204' title='bbox 2530 1611 2712 1665; x_wconf 90' lang='lat' dir='ltr'><strong>divina</strong></span> <span class='ocrx_word' id='word_1_205' title='bbox 2746 1628 2849 1668; x_wconf 92' lang='lat' dir='ltr'><strong>nos</strong></span> <span class='ocrx_word' id='word_1_206' title='bbox 2874 1614 3095 1682; x_wconf 75' lang='lat' dir='ltr'><strong>docent,</strong></span> <span class='ocrx_word' id='word_1_207' title='bbox 3128 1618 3182 1671; x_wconf 90' lang='lat' dir='ltr'><strong>in</strong></span> <span class='ocrx_word' id='word_1_208' title='bbox 3212 1620 3481 1674; x_wconf 86' lang='lat' dir='ltr'><strong>continuo</strong></span> 
     </span>
    </p>
   </div>
   <div class='ocr_carea' id='block_1_32' title="bbox 1908 1698 2583 1756">
    <p class='ocr_par' dir='ltr' id='par_1_32' title="bbox 1908 1698 2583 1756">
     <span class='ocr_line' id='line_1_32' title="bbox 1908 1698 2583 1756; baseline 0.006 -4"><span class='ocrx_word' id='word_1_209' title='bbox 1908 1698 2095 1753; x_wconf 87' lang='lat' dir='ltr'><strong>labore</strong></span> <span class='ocrx_word' id='word_1_210' title='bbox 2124 1699 2331 1753; x_wconf 87' lang='lat' dir='ltr'><strong>versari</strong></span> <span class='ocrx_word' id='word_1_211' title='bbox 2361 1700 2583 1756; x_wconf 82' lang='lat' dir='ltr'><strong>debere.</strong></span> 
     </span>
    </p>
   </div>
   <div class='ocr_carea' id='block_1_33' title="bbox 303 1775 1802 1871">
    <p class='ocr_par' dir='ltr' id='par_1_33' title="bbox 303 1795 1802 1867">
     <span class='ocr_line' id='line_1_33' title="bbox 303 1795 1802 1867; baseline -0.002 -16"><span class='ocrx_word' id='word_1_212' title='bbox 303 1798 411 1867; x_wconf 79' lang='grc' dir='ltr'><strong>πβ’.</strong></span> <span class='ocrx_word' id='word_1_213' title='bbox 456 1798 615 1850; x_wconf 86' lang='grc' dir='ltr'>Ἴδιον</span> <span class='ocrx_word' id='word_1_214' title='bbox 643 1796 997 1867; x_wconf 77' lang='grc' dir='ltr'>μὲνάστέρος</span> <span class='ocrx_word' id='word_1_215' title='bbox 1023 1796 1085 1848; x_wconf 79' lang='grc' dir='ltr'>τὸ</span> <span class='ocrx_word' id='word_1_216' title='bbox 1110 1796 1239 1866; x_wconf 77' lang='grc' dir='ltr'>περὶ</span> <span class='ocrx_word' id='word_1_217' title='bbox 1268 1795 1430 1849; x_wconf 79' lang='grc' dir='ltr'>αὐτὸν</span> <span class='ocrx_word' id='word_1_218' title='bbox 1454 1795 1592 1864; x_wconf 82' lang='grc' dir='ltr'>φῶς,</span> <span class='ocrx_word' id='word_1_219' title='bbox 1624 1795 1720 1849; x_wconf 85' lang='grc' dir='ltr'>τοῦ</span> <span class='ocrx_word' id='word_1_220' title='bbox 1748 1796 1802 1848; x_wconf 86' lang='grc' dir='ltr'>δὲ</span> 
     </span>
    </p>
   </div>
   <div class='ocr_carea' id='block_1_34' title="bbox 1911 1775 3475 1871">
    <p class='ocr_par' dir='ltr' id='par_1_34' title="bbox 1977 1788 3475 1871">
     <span class='ocr_line' id='line_1_34' title="bbox 1977 1788 3475 1871; baseline 0.007 -26"><span class='ocrx_word' id='word_1_221' title='bbox 1977 1789 2067 1845; x_wconf 74' lang='lat'><strong>82.</strong></span> <span class='ocrx_word' id='word_1_222' title='bbox 2089 1788 2267 1844; x_wconf 79' lang='lat' dir='ltr'><strong>Stella:</strong></span> <span class='ocrx_word' id='word_1_223' title='bbox 2290 1793 2614 1861; x_wconf 83' lang='lat' dir='ltr'><strong>proprietas,</strong></span> <span class='ocrx_word' id='word_1_224' title='bbox 2638 1802 2721 1848; x_wconf 86' lang='lat' dir='ltr'><strong>est</strong></span> <span class='ocrx_word' id='word_1_225' title='bbox 2742 1794 2926 1850; x_wconf 89' lang='lat' dir='ltr'><strong>lumen</strong></span> <span class='ocrx_word' id='word_1_226' title='bbox 2954 1812 3061 1866; x_wconf 90' lang='lat' dir='ltr'><strong>quo</strong></span> <span class='ocrx_word' id='word_1_227' title='bbox 3081 1799 3320 1854; x_wconf 87' lang='lat' dir='ltr'><strong>ambitur</strong></span> <span class='ocrx_word' id='word_1_228' title='bbox 3349 1820 3361 1854; x_wconf 90' lang='lat'>:</span> <span class='ocrx_word' id='word_1_229' title='bbox 3399 1804 3475 1871; x_wconf 85' lang='lat' dir='ltr'><strong>pii</strong></span> 
     </span>
    </p>
   </div>
   <div class='ocr_carea' id='block_1_35' title="bbox 237 1886 1806 1957">
    <p class='ocr_par' dir='ltr' id='par_1_35' title="bbox 237 1886 1806 1957">
     <span class='ocr_line' id='line_1_35' title="bbox 237 1886 1806 1957; baseline -0.001 -16"><span class='ocrx_word' id='word_1_230' title='bbox 237 1887 516 1950; x_wconf 79' lang='grc' dir='ltr'>θεοσεϐοῦς</span> <span class='ocrx_word' id='word_1_231' title='bbox 555 1889 651 1942; x_wconf 71' lang='grc' dir='ltr'><strong>καὶ</strong></span> <span class='ocrx_word' id='word_1_232' title='bbox 696 1889 830 1941; x_wconf 82' lang='grc' dir='ltr'><strong>Θεὸν</strong></span> <span class='ocrx_word' id='word_1_233' title='bbox 879 1886 1215 1957; x_wconf 76' lang='grc' dir='ltr'>φοϐουμένου</span> <span class='ocrx_word' id='word_1_234' title='bbox 1246 1887 1399 1950; x_wconf 72' lang='grc' dir='ltr'>ἴδιον,</span> <span class='ocrx_word' id='word_1_235' title='bbox 1431 1887 1677 1939; x_wconf 79' lang='grc' dir='ltr'><strong>εὐτέλεια</strong></span> <span class='ocrx_word' id='word_1_236' title='bbox 1709 1891 1806 1940; x_wconf 74' lang='grc' dir='ltr'>καὶ</span> 
     </span>
    </p>
   </div>
   <div class='ocr_carea' id='block_1_36' title="bbox 232 1978 1806 2050">
    <p class='ocr_par' dir='ltr' id='par_1_36' title="bbox 232 1978 1806 2050">
     <span class='ocr_line' id='line_1_36' title="bbox 232 1978 1806 2050; baseline -0.001 -17"><span class='ocrx_word' id='word_1_237' title='bbox 232 1980 560 2043; x_wconf 71' lang='grc' dir='ltr'>ταπείνωσις</span> <span class='ocrx_word' id='word_1_238' title='bbox 583 1995 596 2008; x_wconf 73' lang='grc'><strong><em>⁸</em></strong></span> <span class='ocrx_word' id='word_1_239' title='bbox 635 1979 760 2032; x_wconf 66' lang='grc' dir='ltr'>ἐπεὶ</span> <span class='ocrx_word' id='word_1_240' title='bbox 804 1980 927 2050; x_wconf 86' lang='grc' dir='ltr'>μηδ’</span> <span class='ocrx_word' id='word_1_241' title='bbox 957 1978 1087 2033; x_wconf 83' lang='grc' dir='ltr'>ἄλλο</span> <span class='ocrx_word' id='word_1_242' title='bbox 1117 1995 1169 2030; x_wconf 83' lang='grc' dir='ltr'><strong>τι</strong></span> <span class='ocrx_word' id='word_1_243' title='bbox 1220 1978 1584 2049; x_wconf 79' lang='grc' dir='ltr'>γνωριστικὸν</span> <span class='ocrx_word' id='word_1_244' title='bbox 1631 1978 1806 2046; x_wconf 77' lang='grc' dir='ltr'>πέφυ·</span> 
     </span>
    </p>
   </div>
   <div class='ocr_carea' id='block_1_37' title="bbox 238 2065 1804 2139">
    <p class='ocr_par' dir='ltr' id='par_1_37' title="bbox 238 2065 1804 2139">
     <span class='ocr_line' id='line_1_37' title="bbox 238 2065 1804 2139; baseline 0.002 -20"><span class='ocrx_word' id='word_1_245' title='bbox 238 2086 325 2122; x_wconf 73' lang='grc' dir='ltr'>κεν</span> <span class='ocrx_word' id='word_1_246' title='bbox 351 2065 515 2134; x_wconf 79' lang='grc' dir='ltr'>εἶναι,</span> <span class='ocrx_word' id='word_1_247' title='bbox 564 2070 659 2122; x_wconf 66' lang='grc' dir='ltr'>καὶ</span> <span class='ocrx_word' id='word_1_248' title='bbox 700 2068 988 2139; x_wconf 81' lang='grc' dir='ltr'>δηλὸτερον</span> <span class='ocrx_word' id='word_1_249' title='bbox 1023 2070 1251 2139; x_wconf 82' lang='grc' dir='ltr'>σημεῖον</span> <span class='ocrx_word' id='word_1_250' title='bbox 1280 2069 1389 2121; x_wconf 86' lang='grc' dir='ltr'><strong>τῶν</strong></span> <span class='ocrx_word' id='word_1_251' title='bbox 1420 2068 1517 2121; x_wconf 79' lang='grc' dir='ltr'><strong>τοῦ</strong></span> <span class='ocrx_word' id='word_1_252' title='bbox 1563 2069 1804 2139; x_wconf 78' lang='grc' dir='ltr'>Χριστοῦ</span> 
     </span>
    </p>
   </div>
   <div class='ocr_carea' id='block_1_38' title="bbox 241 2160 1800 2232">
    <p class='ocr_par' dir='ltr' id='par_1_38' title="bbox 241 2160 1800 2232">
     <span class='ocr_line' id='line_1_38' title="bbox 241 2160 1800 2232; baseline -0.001 -18"><span class='ocrx_word' id='word_1_253' title='bbox 241 2161 514 2232; x_wconf 81' lang='grc' dir='ltr'><strong>μαθητῶν,</strong></span> <span class='ocrx_word' id='word_1_254' title='bbox 544 2162 619 2221; x_wconf 84' lang='grc' dir='ltr'>ὡς</span> <span class='ocrx_word' id='word_1_255' title='bbox 646 2161 902 2214; x_wconf 86' lang='grc' dir='ltr'>ταπεινὸν</span> <span class='ocrx_word' id='word_1_256' title='bbox 942 2161 1197 2230; x_wconf 82' lang='grc' dir='ltr'>φρόνημα</span> <span class='ocrx_word' id='word_1_257' title='bbox 1227 2161 1323 2213; x_wconf 82' lang='grc' dir='ltr'>καὶ</span> <span class='ocrx_word' id='word_1_258' title='bbox 1351 2160 1566 2224; x_wconf 82' lang='grc' dir='ltr'>εὐτελὲς</span> <span class='ocrx_word' id='word_1_259' title='bbox 1598 2163 1800 2231; x_wconf 81' lang='grc' dir='ltr'>σχῆμα.</span> 
     </span>
    </p>
   </div>
   <div class='ocr_carea' id='block_1_39' title="bbox 240 2251 1805 2323">
    <p class='ocr_par' dir='ltr' id='par_1_39' title="bbox 240 2251 1805 2323">
     <span class='ocr_line' id='line_1_39' title="bbox 240 2251 1805 2323; baseline 0.002 -19"><span class='ocrx_word' id='word_1_260' title='bbox 240 2253 341 2304; x_wconf 83' lang='grc' dir='ltr'><strong>Καὶ</strong></span> <span class='ocrx_word' id='word_1_261' title='bbox 370 2251 531 2304; x_wconf 81' lang='grc' dir='ltr'>τοῦτο</span> <span class='ocrx_word' id='word_1_262' title='bbox 555 2251 733 2304; x_wconf 83' lang='grc' dir='ltr'>πάντα</span> <span class='ocrx_word' id='word_1_263' title='bbox 765 2251 929 2322; x_wconf 84' lang='grc' dir='ltr'>βοῶσι</span> <span class='ocrx_word' id='word_1_264' title='bbox 956 2251 1023 2304; x_wconf 78' lang='grc' dir='ltr'><strong>τὰ</strong></span> <span class='ocrx_word' id='word_1_265' title='bbox 1045 2253 1292 2323; x_wconf 75' lang='grc' dir='ltr'>τέσσαρα</span> <span class='ocrx_word' id='word_1_266' title='bbox 1321 2254 1632 2322; x_wconf 80' lang='grc' dir='ltr'>Εύαγγέλια</span> <span class='ocrx_word' id='word_1_267' title='bbox 1650 2270 1664 2285; x_wconf 75' lang='grc' dir='ltr'><strong><em>ο</em></strong></span> <span class='ocrx_word' id='word_1_268' title='bbox 1697 2256 1726 2307; x_wconf 90' lang='lat'><strong>6</strong></span> <span class='ocrx_word' id='word_1_269' title='bbox 1750 2255 1805 2307; x_wconf 84' lang='grc' dir='ltr'>δὲ</span> 
     </span>
    </p>
   </div>
   <div class='ocr_carea' id='block_1_40' title="bbox 239 2344 1805 2417">
    <p class='ocr_par' dir='ltr' id='par_1_40' title="bbox 239 2344 1805 2417">
     <span class='ocr_line' id='line_1_40' title="bbox 239 2344 1805 2417; baseline 0 -20"><span class='ocrx_word' id='word_1_270' title='bbox 239 2345 312 2416; x_wconf 85' lang='grc' dir='ltr'>μὴ</span> <span class='ocrx_word' id='word_1_271' title='bbox 337 2345 511 2407; x_wconf 81' lang='grc' dir='ltr'>οὕτως</span> <span class='ocrx_word' id='word_1_272' title='bbox 535 2346 808 2407; x_wconf 80' lang='grc' dir='ltr'>ταπεινῶς</span> <span class='ocrx_word' id='word_1_273' title='bbox 834 2344 1004 2413; x_wconf 70' lang='grc' dir='ltr'>βιοὺς,</span> <span class='ocrx_word' id='word_1_274' title='bbox 1036 2344 1131 2397; x_wconf 85' lang='grc' dir='ltr'>τοῦ</span> <span class='ocrx_word' id='word_1_275' title='bbox 1166 2346 1371 2417; x_wconf 81' lang='grc' dir='ltr'>μέρους</span> <span class='ocrx_word' id='word_1_276' title='bbox 1409 2347 1666 2400; x_wconf 82' lang='grc' dir='ltr'>ἐκπίπτει</span> <span class='ocrx_word' id='word_1_277' title='bbox 1708 2346 1805 2401; x_wconf 75' lang='grc' dir='ltr'><strong>τοῦ</strong></span> 
     </span>
    </p>
   </div>
   <div class='ocr_carea' id='block_1_41' title="bbox 232 2435 1806 2508">
    <p class='ocr_par' dir='ltr' id='par_1_41' title="bbox 232 2435 1806 2508">
     <span class='ocr_line' id='line_1_41' title="bbox 232 2435 1806 2508; baseline 0.003 -20"><span class='ocrx_word' id='word_1_278' title='bbox 232 2437 424 2489; x_wconf 74' lang='grc' dir='ltr'>ἑαυτὸν</span> <span class='ocrx_word' id='word_1_279' title='bbox 454 2435 719 2508; x_wconf 80' lang='grc' dir='ltr'>ἑκουσίως</span> <span class='ocrx_word' id='word_1_280' title='bbox 764 2435 1208 2500; x_wconf 81' lang='grc' dir='ltr'>ταπεινώσαντος</span> <span class='ocrx_word' id='word_1_281' title='bbox 1257 2438 1419 2507; x_wconf 77' lang='grc' dir='ltr'>μέχρι</span> <span class='ocrx_word' id='word_1_282' title='bbox 1446 2439 1683 2508; x_wconf 90' lang='grc' dir='ltr'>σταυροῦ</span> <span class='ocrx_word' id='word_1_283' title='bbox 1712 2439 1806 2493; x_wconf 77' lang='grc' dir='ltr'>καὶ</span> 
     </span>
    </p>
   </div>
   <div class='ocr_carea' id='block_1_42' title="bbox 234 2507 1805 2599">
    <p class='ocr_par' dir='ltr' id='par_1_42' title="bbox 234 2526 1805 2599">
     <span class='ocr_line' id='line_1_42' title="bbox 234 2526 1805 2599; baseline 0.004 -20"><span class='ocrx_word' id='word_1_284' title='bbox 234 2526 489 2592; x_wconf 79' lang='grc' dir='ltr'>θανάτου,</span> <span class='ocrx_word' id='word_1_285' title='bbox 532 2526 626 2581; x_wconf 78' lang='grc' dir='ltr'><strong>τοῦ</strong></span> <span class='ocrx_word' id='word_1_286' title='bbox 665 2527 759 2581; x_wconf 80' lang='grc' dir='ltr'>καὶ</span> <span class='ocrx_word' id='word_1_287' title='bbox 792 2526 897 2579; x_wconf 88' lang='grc' dir='ltr'><strong>τῶν</strong></span> <span class='ocrx_word' id='word_1_288' title='bbox 931 2526 1094 2582; x_wconf 89' lang='grc' dir='ltr'>θείων</span> <span class='ocrx_word' id='word_1_289' title='bbox 1126 2528 1471 2598; x_wconf 82' lang='grc' dir='ltr'>Εύαγγελίων</span> <span class='ocrx_word' id='word_1_290' title='bbox 1497 2531 1805 2599; x_wconf 84' lang='grc' dir='ltr'>πρακτικοῦ</span> 
     </span>
    </p>
   </div>
   <div class='ocr_carea' id='block_1_43' title="bbox 233 2618 540 2694">
    <p class='ocr_par' dir='ltr' id='par_1_43' title="bbox 233 2618 540 2694">
     <span class='ocr_line' id='line_1_43' title="bbox 233 2618 540 2694; baseline 0.007 -23"><span class='ocrx_word' id='word_1_291' title='bbox 233 2618 540 2694; x_wconf 76' lang='grc' dir='ltr'>νομοθέτου.</span> 
     </span>
    </p>
   </div>
   <div class='ocr_carea' id='block_1_44' title="bbox 302 2800 1803 2871">
    <p class='ocr_par' dir='ltr' id='par_1_44' title="bbox 302 2800 1803 2871">
     <span class='ocr_line' id='line_1_44' title="bbox 302 2800 1803 2871; baseline 0.002 -18"><span class='ocrx_word' id='word_1_292' title='bbox 302 2807 414 2869; x_wconf 86' lang='grc' dir='ltr'>πγ’.</span> <span class='ocrx_word' id='word_1_293' title='bbox 453 2804 519 2855; x_wconf 85' lang='grc' dir='ltr'><strong>οι</strong></span> <span class='ocrx_word' id='word_1_294' title='bbox 559 2800 877 2870; x_wconf 76' lang='grc' dir='ltr'>διψῶντες,</span> <span class='ocrx_word' id='word_1_295' title='bbox 930 2802 1086 2871; x_wconf 72' lang='grc' dir='ltr'>φησὶ,</span> <span class='ocrx_word' id='word_1_296' title='bbox 1130 2802 1458 2869; x_wconf 76' lang='grc' dir='ltr'>πορεύεσθε</span> <span class='ocrx_word' id='word_1_297' title='bbox 1493 2801 1588 2871; x_wconf 74' lang='grc' dir='ltr'><strong>ἐφ’</strong></span> <span class='ocrx_word' id='word_1_298' title='bbox 1612 2800 1803 2869; x_wconf 63' lang='grc' dir='ltr'>ὕδωιν</span> 
     </span>
    </p>
   </div>
   <div class='ocr_carea' id='block_1_45' title="bbox 228 2891 1802 2964">
    <p class='ocr_par' dir='ltr' id='par_1_45' title="bbox 228 2891 1802 2964">
     <span class='ocr_line' id='line_1_45' title="bbox 228 2891 1802 2964; baseline 0.001 -20"><span class='ocrx_word' id='word_1_299' title='bbox 228 2892 279 2944; x_wconf 84' lang='grc' dir='ltr'><strong>οἱ</strong></span> <span class='ocrx_word' id='word_1_300' title='bbox 306 2891 363 2944; x_wconf 82' lang='grc' dir='ltr'>δὲ</span> <span class='ocrx_word' id='word_1_301' title='bbox 390 2891 653 2959; x_wconf 77' lang='grc' dir='ltr'>διψῶντες</span> <span class='ocrx_word' id='word_1_302' title='bbox 676 2892 833 2956; x_wconf 83' lang='grc' dir='ltr'><strong>Θεὸν,</strong></span> <span class='ocrx_word' id='word_1_303' title='bbox 862 2891 1161 2962; x_wconf 80' lang='grc' dir='ltr'>πορεύεσθε</span> <span class='ocrx_word' id='word_1_304' title='bbox 1187 2892 1519 2964; x_wconf 79' lang='grc' dir='ltr'>καθαρότητι</span> <span class='ocrx_word' id='word_1_305' title='bbox 1543 2893 1802 2956; x_wconf 71' lang='grc' dir='ltr'>διανοίαςο</span> 
     </span>
    </p>
   </div>
   <div class='ocr_carea' id='block_1_46' title="bbox 129 2983 1807 3055">
    <p class='ocr_par' dir='ltr' id='par_1_46' title="bbox 129 2983 1807 3055">
     <span class='ocr_line' id='line_1_46' title="bbox 129 2983 1807 3055; baseline 0.001 -19"><span class='ocrx_word' id='word_1_306' title='bbox 129 3002 135 3009; x_wconf 74' lang='grc'><em>’</em></span> <span class='ocrx_word' id='word_1_307' title='bbox 231 2984 370 3055; x_wconf 76' lang='grc' dir='ltr'>πλὴν</span> <span class='ocrx_word' id='word_1_308' title='bbox 399 2984 477 3054; x_wconf 81' lang='grc' dir='ltr'>τῷ</span> <span class='ocrx_word' id='word_1_309' title='bbox 509 2983 731 3053; x_wconf 76' lang='grc' dir='ltr'>ὑψηλῶς</span> <span class='ocrx_word' id='word_1_310' title='bbox 760 2984 830 3036; x_wconf 82' lang='grc' dir='ltr'><strong>δι’</strong></span> <span class='ocrx_word' id='word_1_311' title='bbox 860 2984 1029 3054; x_wconf 83' lang='grc' dir='ltr'>αὐτῆς</span> <span class='ocrx_word' id='word_1_312' title='bbox 1059 2985 1366 3055; x_wconf 82' lang='grc' dir='ltr'>πετομένῳ,</span> <span class='ocrx_word' id='word_1_313' title='bbox 1395 2984 1503 3055; x_wconf 81' lang='grc' dir='ltr'><strong>χρὴ</strong></span> <span class='ocrx_word' id='word_1_314' title='bbox 1534 2986 1630 3038; x_wconf 81' lang='grc' dir='ltr'>καὶ</span> <span class='ocrx_word' id='word_1_315' title='bbox 1666 2984 1807 3055; x_wconf 81' lang='grc' dir='ltr'>πρὸς</span> 
     </span>
    </p>
   </div>
   <div class='ocr_carea' id='block_1_47' title="bbox 1905 1879 3472 1962">
    <p class='ocr_par' dir='ltr' id='par_1_47' title="bbox 1905 1879 3472 1962">
     <span class='ocr_line' id='line_1_47' title="bbox 1905 1879 3472 1962; baseline 0.008 -27"><span class='ocrx_word' id='word_1_316' title='bbox 1905 1895 2037 1935; x_wconf 85' lang='lat' dir='ltr'><strong>vero</strong></span> <span class='ocrx_word' id='word_1_317' title='bbox 2066 1895 2131 1934; x_wconf 90' lang='lat' dir='ltr'><strong>ac</strong></span> <span class='ocrx_word' id='word_1_318' title='bbox 2168 1879 2340 1936; x_wconf 90' lang='lat' dir='ltr'><strong>Deum</strong></span> <span class='ocrx_word' id='word_1_319' title='bbox 2379 1883 2622 1938; x_wconf 88' lang='lat' dir='ltr'><strong>timentis</strong></span> <span class='ocrx_word' id='word_1_320' title='bbox 2654 1885 2756 1939; x_wconf 84' lang='lat' dir='ltr'><strong>viri</strong></span> <span class='ocrx_word' id='word_1_321' title='bbox 2788 1888 3117 1956; x_wconf 89' lang='lat' dir='ltr'><strong>pr0prietas,</strong></span> <span class='ocrx_word' id='word_1_322' title='bbox 3149 1901 3232 1945; x_wconf 88' lang='lat' dir='ltr'><strong>est</strong></span> <span class='ocrx_word' id='word_1_323' title='bbox 3254 1891 3472 1962; x_wconf 87' lang='lat' dir='ltr'><strong>simpli-</strong></span> 
     </span>
    </p>
   </div>
   <div class='ocr_carea' id='block_1_48' title="bbox 1907 1970 3477 2050">
    <p class='ocr_par' dir='ltr' id='par_1_48' title="bbox 1907 1970 3477 2050">
     <span class='ocr_line' id='line_1_48' title="bbox 1907 1970 3477 2050; baseline 0.008 -25"><span class='ocrx_word' id='word_1_324' title='bbox 1907 1971 2042 2026; x_wconf 79' lang='lat' dir='ltr'><strong>citas</strong></span> <span class='ocrx_word' id='word_1_325' title='bbox 2072 1981 2130 2027; x_wconf 90' lang='lat' dir='ltr'><strong>et</strong></span> <span class='ocrx_word' id='word_1_326' title='bbox 2158 1970 2459 2027; x_wconf 86' lang='lat' dir='ltr'><strong>humilitas.</strong></span> <span class='ocrx_word' id='word_1_327' title='bbox 2490 1970 2711 2027; x_wconf 75' lang='lat' dir='ltr'><strong>Nullum</strong></span> <span class='ocrx_word' id='word_1_328' title='bbox 2751 1984 2834 2028; x_wconf 87' lang='lat' dir='ltr'><strong>est</strong></span> <span class='ocrx_word' id='word_1_329' title='bbox 2866 1978 3014 2031; x_wconf 85' lang='lat' dir='ltr'><strong>enim</strong></span> <span class='ocrx_word' id='word_1_330' title='bbox 3057 1980 3204 2034; x_wconf 88' lang='lat' dir='ltr'><strong>aliud</strong></span> <span class='ocrx_word' id='word_1_331' title='bbox 3247 1983 3477 2050; x_wconf 89' lang='lat' dir='ltr'><strong>quodvis</strong></span> 
     </span>
    </p>
   </div>
   <div class='ocr_carea' id='block_1_49' title="bbox 1906 2063 3473 2140">
    <p class='ocr_par' dir='ltr' id='par_1_49' title="bbox 1906 2063 3473 2140">
     <span class='ocr_line' id='line_1_49' title="bbox 1906 2063 3473 2140; baseline 0.008 -23"><span class='ocrx_word' id='word_1_332' title='bbox 1906 2063 2249 2118; x_wconf 81' lang='lat' dir='ltr'><strong>manifestius</strong></span> <span class='ocrx_word' id='word_1_333' title='bbox 2280 2080 2343 2118; x_wconf 90' lang='lat' dir='ltr'><strong>ac</strong></span> <span class='ocrx_word' id='word_1_334' title='bbox 2363 2066 2566 2119; x_wconf 90' lang='lat' dir='ltr'><strong>certius</strong></span> <span class='ocrx_word' id='word_1_335' title='bbox 2591 2066 2802 2136; x_wconf 81' lang='lat' dir='ltr'><strong>signum</strong></span> <span class='ocrx_word' id='word_1_336' title='bbox 2833 2067 3222 2139; x_wconf 89' lang='lat' dir='ltr'><strong>discipulorum</strong></span> <span class='ocrx_word' id='word_1_337' title='bbox 3250 2073 3473 2140; x_wconf 85' lang='lat' dir='ltr'><strong>Christi,</strong></span> 
     </span>
    </p>
   </div>
   <div class='ocr_carea' id='block_1_50' title="bbox 1906 2155 3470 2231">
    <p class='ocr_par' dir='ltr' id='par_1_50' title="bbox 1906 2155 3470 2231">
     <span class='ocr_line' id='line_1_50' title="bbox 1906 2155 3470 2231; baseline 0.008 -23"><span class='ocrx_word' id='word_1_338' title='bbox 1906 2170 2069 2224; x_wconf 86' lang='lat' dir='ltr'><strong>quam</strong></span> <span class='ocrx_word' id='word_1_339' title='bbox 2088 2155 2312 2211; x_wconf 88' lang='lat' dir='ltr'><strong>humilis</strong></span> <span class='ocrx_word' id='word_1_340' title='bbox 2335 2157 2402 2211; x_wconf 89' lang='lat' dir='ltr'><strong>de</strong></span> <span class='ocrx_word' id='word_1_341' title='bbox 2425 2173 2484 2211; x_wconf 90' lang='lat' dir='ltr'><strong>se</strong></span> <span class='ocrx_word' id='word_1_342' title='bbox 2510 2158 2868 2223; x_wconf 80' lang='lat' dir='ltr'><strong>existimatio,</strong></span> <span class='ocrx_word' id='word_1_343' title='bbox 2888 2170 2943 2214; x_wconf 90' lang='lat' dir='ltr'><strong>et</strong></span> <span class='ocrx_word' id='word_1_344' title='bbox 2978 2161 3203 2231; x_wconf 80' lang='lat' dir='ltr'><strong>simplex</strong></span> <span class='ocrx_word' id='word_1_345' title='bbox 3233 2164 3470 2221; x_wconf 88' lang='lat' dir='ltr'><strong>habitus.</strong></span> 
     </span>
    </p>
   </div>
   <div class='ocr_carea' id='block_1_51' title="bbox 1909 2246 3473 2327">
    <p class='ocr_par' dir='ltr' id='par_1_51' title="bbox 1909 2246 3473 2327">
     <span class='ocr_line' id='line_1_51' title="bbox 1909 2246 3473 2327; baseline 0.008 -26"><span class='ocrx_word' id='word_1_346' title='bbox 1909 2248 1977 2301; x_wconf 85' lang='lat' dir='ltr'><strong>Et</strong></span> <span class='ocrx_word' id='word_1_347' title='bbox 2008 2247 2114 2303; x_wconf 91' lang='lat' dir='ltr'><strong>hoc</strong></span> <span class='ocrx_word' id='word_1_348' title='bbox 2170 2248 2468 2303; x_wconf 84' lang='lat' dir='ltr'><strong>inclamant</strong></span> <span class='ocrx_word' id='word_1_349' title='bbox 2523 2250 2707 2305; x_wconf 88' lang='lat' dir='ltr'><strong>omnia</strong></span> <span class='ocrx_word' id='word_1_350' title='bbox 2752 2264 2987 2321; x_wconf 88' lang='lat' dir='ltr'><strong>quatuor</strong></span> <span class='ocrx_word' id='word_1_351' title='bbox 3027 2246 3338 2327; x_wconf 77' lang='lat' dir='ltr'><strong>Evangelia.</strong></span> <span class='ocrx_word' id='word_1_352' title='bbox 3372 2257 3473 2324; x_wconf 86' lang='lat' dir='ltr'><strong>Qui</strong></span> 
     </span>
    </p>
   </div>
   <div class='ocr_carea' id='block_1_52' title="bbox 1907 2339 3477 2419">
    <p class='ocr_par' dir='ltr' id='par_1_52' title="bbox 1907 2339 3477 2419">
     <span class='ocr_line' id='line_1_52' title="bbox 1907 2339 3477 2419; baseline 0.008 -27"><span class='ocrx_word' id='word_1_353' title='bbox 1907 2353 2040 2393; x_wconf 86' lang='lat' dir='ltr'><strong>vero</strong></span> <span class='ocrx_word' id='word_1_354' title='bbox 2080 2339 2139 2393; x_wconf 91' lang='lat' dir='ltr'><strong>in</strong></span> <span class='ocrx_word' id='word_1_355' title='bbox 2170 2355 2235 2393; x_wconf 87' lang='lat' dir='ltr'><strong>ea</strong></span> <span class='ocrx_word' id='word_1_356' title='bbox 2263 2340 2615 2410; x_wconf 86' lang='lat' dir='ltr'><strong>simplicitate</strong></span> <span class='ocrx_word' id='word_1_357' title='bbox 2645 2342 2809 2396; x_wconf 79' lang='lat' dir='ltr'><strong>vitam</strong></span> <span class='ocrx_word' id='word_1_358' title='bbox 2845 2359 2955 2399; x_wconf 92' lang='lat' dir='ltr'><strong>non</strong></span> <span class='ocrx_word' id='word_1_359' title='bbox 2977 2346 3107 2416; x_wconf 86' lang='lat' dir='ltr'><strong>agit,</strong></span> <span class='ocrx_word' id='word_1_360' title='bbox 3137 2364 3203 2402; x_wconf 90' lang='lat' dir='ltr'><strong>eo</strong></span> <span class='ocrx_word' id='word_1_361' title='bbox 3233 2350 3477 2419; x_wconf 80' lang='lat' dir='ltr'><strong>privatur</strong></span> 
     </span>
    </p>
   </div>
   <div class='ocr_carea' id='block_1_53' title="bbox 1907 2426 3476 2507">
    <p class='ocr_par' dir='ltr' id='par_1_53' title="bbox 1907 2426 3476 2507">
     <span class='ocr_line' id='line_1_53' title="bbox 1907 2426 3476 2507; baseline 0.008 -27"><span class='ocrx_word' id='word_1_362' title='bbox 1907 2426 2196 2491; x_wconf 81' lang='lat' dir='ltr'><strong>beneﬁcio,</strong></span> <span class='ocrx_word' id='word_1_363' title='bbox 2246 2436 2305 2482; x_wconf 91' lang='lat' dir='ltr'><strong>ut</strong></span> <span class='ocrx_word' id='word_1_364' title='bbox 2333 2437 2531 2498; x_wconf 90' lang='lat' dir='ltr'><strong>sponte</strong></span> <span class='ocrx_word' id='word_1_365' title='bbox 2562 2445 2620 2484; x_wconf 92' lang='lat' dir='ltr'><strong>se</strong></span> <span class='ocrx_word' id='word_1_366' title='bbox 2650 2429 2940 2488; x_wconf 87' lang='lat' dir='ltr'><strong>humiliare</strong></span> <span class='ocrx_word' id='word_1_367' title='bbox 2990 2436 3180 2504; x_wconf 84' lang='lat' dir='ltr'><strong>possit,</strong></span> <span class='ocrx_word' id='word_1_368' title='bbox 3215 2452 3387 2507; x_wconf 88' lang='lat' dir='ltr'><strong>usque</strong></span> <span class='ocrx_word' id='word_1_369' title='bbox 3408 2440 3476 2493; x_wconf 92' lang='lat' dir='ltr'><strong>ad</strong></span> 
     </span>
    </p>
   </div>
   <div class='ocr_carea' id='block_1_54' title="bbox 1908 2522 3477 2599">
    <p class='ocr_par' dir='ltr' id='par_1_54' title="bbox 1908 2522 3477 2599">
     <span class='ocr_line' id='line_1_54' title="bbox 1908 2522 3477 2599; baseline 0.008 -27"><span class='ocrx_word' id='word_1_370' title='bbox 1908 2533 2128 2574; x_wconf 90' lang='lat' dir='ltr'><strong>crucem</strong></span> <span class='ocrx_word' id='word_1_371' title='bbox 2162 2528 2219 2574; x_wconf 90' lang='lat' dir='ltr'><strong>et</strong></span> <span class='ocrx_word' id='word_1_372' title='bbox 2256 2529 2489 2575; x_wconf 90' lang='lat' dir='ltr'><strong>mortem</strong></span> <span class='ocrx_word' id='word_1_373' title='bbox 2538 2522 2941 2590; x_wconf 81' lang='lat' dir='ltr'><strong>perferendam.</strong></span> <span class='ocrx_word' id='word_1_374' title='bbox 2995 2524 3306 2591; x_wconf 89' lang='lat' dir='ltr'><strong>Quinetiam</strong></span> <span class='ocrx_word' id='word_1_375' title='bbox 3357 2529 3477 2599; x_wconf 86' lang='lat' dir='ltr'><strong>ipso</strong></span> 
     </span>
    </p>
   </div>
   <div class='ocr_carea' id='block_1_55' title="bbox 1906 2609 3474 2691">
    <p class='ocr_par' dir='ltr' id='par_1_55' title="bbox 1906 2609 3474 2691">
     <span class='ocr_line' id='line_1_55' title="bbox 1906 2609 3474 2691; baseline 0.009 -29"><span class='ocrx_word' id='word_1_376' title='bbox 1906 2609 2216 2678; x_wconf 80' lang='lat' dir='ltr'><strong>divinorum</strong></span> <span class='ocrx_word' id='word_1_377' title='bbox 2266 2612 2680 2683; x_wconf 85' lang='lat' dir='ltr'><strong>Evangeliorum</strong></span> <span class='ocrx_word' id='word_1_378' title='bbox 2716 2614 3025 2684; x_wconf 85' lang='lat' dir='ltr'><strong>legislatore</strong></span> <span class='ocrx_word' id='word_1_379' title='bbox 3063 2618 3345 2686; x_wconf 83' lang='lat' dir='ltr'><strong>privatur:</strong></span> <span class='ocrx_word' id='word_1_380' title='bbox 3377 2621 3474 2691; x_wconf 83' lang='lat' dir='ltr'><strong>qui</strong></span> 
     </span>
    </p>
   </div>
   <div class='ocr_carea' id='block_1_56' title="bbox 1907 2702 3159 2773">
    <p class='ocr_par' dir='ltr' id='par_1_56' title="bbox 1907 2702 3159 2773">
     <span class='ocr_line' id='line_1_56' title="bbox 1907 2702 3159 2773; baseline 0.006 -18"><span class='ocrx_word' id='word_1_381' title='bbox 1907 2702 2160 2763; x_wconf 79' lang='lat' dir='ltr'><strong>sancivit,</strong></span> <span class='ocrx_word' id='word_1_382' title='bbox 2190 2717 2469 2771; x_wconf 89' lang='lat' dir='ltr'><strong>nunquam</strong></span> <span class='ocrx_word' id='word_1_383' title='bbox 2511 2719 2623 2758; x_wconf 91' lang='lat' dir='ltr'><strong>non</strong></span> <span class='ocrx_word' id='word_1_384' title='bbox 2654 2707 2991 2773; x_wconf 84' lang='lat' dir='ltr'><strong>cperandum</strong></span> <span class='ocrx_word' id='word_1_385' title='bbox 3019 2722 3159 2764; x_wconf 89' lang='lat' dir='ltr'><strong>esse.</strong></span> 
     </span>
    </p>
   </div>
   <div class='ocr_carea' id='block_1_57' title="bbox 1978 2791 3476 2873">
    <p class='ocr_par' dir='ltr' id='par_1_57' title="bbox 1978 2791 3476 2873">
     <span class='ocr_line' id='line_1_57' title="bbox 1978 2791 3476 2873; baseline 0.008 -26"><span class='ocrx_word' id='word_1_386' title='bbox 1978 2794 2067 2847; x_wconf 78' lang='lat'><strong>85.</strong></span> <span class='ocrx_word' id='word_1_387' title='bbox 2115 2791 2386 2859; x_wconf 75' lang='lat' dir='ltr'><strong>Sitientes,</strong></span> <span class='ocrx_word' id='word_1_388' title='bbox 2433 2794 2629 2863; x_wconf 89' lang='lat' dir='ltr'><strong>inquit,</strong></span> <span class='ocrx_word' id='word_1_389' title='bbox 2676 2797 2847 2849; x_wconf 81' lang='lat' dir='ltr'><strong>venite</strong></span> <span class='ocrx_word' id='word_1_390' title='bbox 2894 2799 2965 2851; x_wconf 87' lang='lat' dir='ltr'><strong>ad</strong></span> <span class='ocrx_word' id='word_1_391' title='bbox 2995 2799 3360 2869; x_wconf 75' lang='lat' dir='ltr'><strong>aquam“.At</strong></span> <span class='ocrx_word' id='word_1_392' title='bbox 3383 2806 3476 2873; x_wconf 89' lang='lat' dir='ltr'><strong>qui</strong></span> 
     </span>
    </p>
   </div>
   <div class='ocr_carea' id='block_1_58' title="bbox 1907 2882 3475 2958">
    <p class='ocr_par' dir='ltr' id='par_1_58' title="bbox 1907 2882 3475 2958">
     <span class='ocr_line' id='line_1_58' title="bbox 1907 2882 3475 2958; baseline 0.008 -20"><span class='ocrx_word' id='word_1_393' title='bbox 1907 2884 2072 2939; x_wconf 90' lang='lat' dir='ltr'><strong>sititis</strong></span> <span class='ocrx_word' id='word_1_394' title='bbox 2102 2884 2296 2950; x_wconf 91' lang='lat' dir='ltr'><strong>Deum,</strong></span> <span class='ocrx_word' id='word_1_395' title='bbox 2326 2886 2571 2941; x_wconf 89' lang='lat' dir='ltr'><strong>accedite</strong></span> <span class='ocrx_word' id='word_1_396' title='bbox 2598 2902 2722 2942; x_wconf 88' lang='lat' dir='ltr'><strong>cum</strong></span> <span class='ocrx_word' id='word_1_397' title='bbox 2749 2882 2984 2958; x_wconf 83' lang='lat' dir='ltr'><strong>puritate</strong></span> <span class='ocrx_word' id='word_1_398' title='bbox 3008 2891 3208 2946; x_wconf 88' lang='lat' dir='ltr'><strong>cordis.</strong></span> <span class='ocrx_word' id='word_1_399' title='bbox 3243 2893 3475 2949; x_wconf 78' lang='lat' dir='ltr'><strong>Verum-</strong></span> 
     </span>
    </p>
   </div>
   <div class='ocr_carea' id='block_1_59' title="bbox 1910 2979 3474 3056">
    <p class='ocr_par' dir='ltr' id='par_1_59' title="bbox 1910 2979 3474 3056">
     <span class='ocr_line' id='line_1_59' title="bbox 1910 2979 3474 3056; baseline 0.008 -27"><span class='ocrx_word' id='word_1_400' title='bbox 1910 2985 2094 3031; x_wconf 85' lang='lat' dir='ltr'><strong>tamen</strong></span> <span class='ocrx_word' id='word_1_401' title='bbox 2143 2991 2373 3031; x_wconf 88' lang='lat' dir='ltr'><strong>necesse</strong></span> <span class='ocrx_word' id='word_1_402' title='bbox 2422 2986 2508 3032; x_wconf 89' lang='lat' dir='ltr'><strong>est</strong></span> <span class='ocrx_word' id='word_1_403' title='bbox 2552 2993 2677 3033; x_wconf 90' lang='lat' dir='ltr'><strong>eum</strong></span> <span class='ocrx_word' id='word_1_404' title='bbox 2725 2979 2818 3047; x_wconf 89' lang='lat' dir='ltr'><strong>qui</strong></span> <span class='ocrx_word' id='word_1_405' title='bbox 2878 2980 3043 3051; x_wconf 84' lang='lat' dir='ltr'><strong>hujus</strong></span> <span class='ocrx_word' id='word_1_406' title='bbox 3075 2983 3331 3052; x_wconf 87' lang='lat' dir='ltr'><strong>puritatis</strong></span> <span class='ocrx_word' id='word_1_407' title='bbox 3370 3001 3474 3056; x_wconf 88' lang='lat' dir='ltr'><strong>ope</strong></span> 
     </span>
    </p>
   </div>
   <div class='ocr_carea' id='block_1_60' title="bbox 226 3068 1802 3160">
    <p class='ocr_par' dir='ltr' id='par_1_60' title="bbox 226 3075 1799 3146">
     <span class='ocr_line' id='line_1_60' title="bbox 226 3075 1799 3146; baseline 0.002 -19"><span class='ocrx_word' id='word_1_408' title='bbox 226 3077 325 3145; x_wconf 80' lang='grc' dir='ltr'>τὴν</span> <span class='ocrx_word' id='word_1_409' title='bbox 354 3075 459 3145; x_wconf 80' lang='grc' dir='ltr'>γῆν</span> <span class='ocrx_word' id='word_1_410' title='bbox 488 3076 587 3144; x_wconf 82' lang='grc' dir='ltr'>τῆς</span> <span class='ocrx_word' id='word_1_411' title='bbox 625 3075 822 3128; x_wconf 80' lang='grc' dir='ltr'>ἑαυτοῦ</span> <span class='ocrx_word' id='word_1_412' title='bbox 851 3075 1124 3138; x_wconf 76' lang='grc' dir='ltr'>εὐτελείας</span> <span class='ocrx_word' id='word_1_413' title='bbox 1149 3076 1315 3145; x_wconf 74' lang='grc' dir='ltr'>ὁρᾷνο</span> <span class='ocrx_word' id='word_1_414' title='bbox 1350 3076 1523 3138; x_wconf 74' lang='grc' dir='ltr'>οὐδεὶς</span> <span class='ocrx_word' id='word_1_415' title='bbox 1554 3075 1664 3146; x_wconf 86' lang='grc' dir='ltr'><strong>γὰρ</strong></span> <span class='ocrx_word' id='word_1_416' title='bbox 1703 3076 1799 3130; x_wconf 80' lang='grc' dir='ltr'>τοῦ</span> 
     </span>
    </p>
   </div>
   <div class='ocr_carea' id='block_1_61' title="bbox 1911 3068 3469 3160">
    <p class='ocr_par' dir='ltr' id='par_1_61' title="bbox 1911 3068 3469 3149">
     <span class='ocr_line' id='line_1_61' title="bbox 1911 3068 3469 3149; baseline 0.006 -26"><span class='ocrx_word' id='word_1_417' title='bbox 1911 3069 2053 3124; x_wconf 84' lang='lat' dir='ltr'><strong>volat</strong></span> <span class='ocrx_word' id='word_1_418' title='bbox 2075 3068 2131 3125; x_wconf 88' lang='lat' dir='ltr'><strong>in</strong></span> <span class='ocrx_word' id='word_1_419' title='bbox 2164 3070 2352 3132; x_wconf 88' lang='lat' dir='ltr'><strong>altum,</strong></span> <span class='ocrx_word' id='word_1_420' title='bbox 2378 3070 2541 3124; x_wconf 89' lang='lat' dir='ltr'><strong>etiam</strong></span> <span class='ocrx_word' id='word_1_421' title='bbox 2576 3072 2633 3124; x_wconf 90' lang='lat' dir='ltr'><strong>in</strong></span> <span class='ocrx_word' id='word_1_422' title='bbox 2668 3080 2867 3125; x_wconf 90' lang='lat' dir='ltr'><strong>terram</strong></span> <span class='ocrx_word' id='word_1_423' title='bbox 2901 3089 3014 3129; x_wconf 63' lang='lat' dir='ltr'><strong>sum</strong></span> <span class='ocrx_word' id='word_1_424' title='bbox 3050 3074 3222 3145; x_wconf 87' lang='lat' dir='ltr'><strong>ipsius</strong></span> <span class='ocrx_word' id='word_1_425' title='bbox 3256 3078 3469 3149; x_wconf 87' lang='lat' dir='ltr'><strong>simpli-</strong></span> 
     </span>
    </p>
   </div>
   <div class='ocr_carea' id='block_1_62' title="bbox 227 3161 1802 3238">
    <p class='ocr_par' dir='ltr' id='par_1_62' title="bbox 227 3165 1800 3238">
     <span class='ocr_line' id='line_1_62' title="bbox 227 3165 1800 3238; baseline -0.001 -19"><span class='ocrx_word' id='word_1_426' title='bbox 227 3166 482 3219; x_wconf 75' lang='grc' dir='ltr'>ταπεινοῦ</span> <span class='ocrx_word' id='word_1_427' title='bbox 518 3167 870 3236; x_wconf 78' lang='grc' dir='ltr'>ὑψηλότερος.</span> <span class='ocrx_word' id='word_1_428' title='bbox 905 3166 1018 3229; x_wconf 62' lang='grc' dir='ltr'>ςὨς</span> <span class='ocrx_word' id='word_1_429' title='bbox 1041 3166 1151 3236; x_wconf 82' lang='grc' dir='ltr'><strong>γὰρ</strong></span> <span class='ocrx_word' id='word_1_430' title='bbox 1192 3166 1371 3234; x_wconf 76' lang='grc' dir='ltr'>φωτὸς</span> <span class='ocrx_word' id='word_1_431' title='bbox 1421 3165 1495 3236; x_wconf 82' lang='grc' dir='ltr'>μὴ</span> <span class='ocrx_word' id='word_1_432' title='bbox 1530 3166 1800 3238; x_wconf 85' lang='grc' dir='ltr'>παρόντος</span> 
     </span>
    </p>
   </div>
   <div class='ocr_carea' id='block_1_63' title="bbox 1911 3161 3452 3238">
    <p class='ocr_par' dir='ltr' id='par_1_63' title="bbox 1911 3161 3452 3231">
     <span class='ocr_line' id='line_1_63' title="bbox 1911 3161 3452 3231; baseline 0.006 -17"><span class='ocrx_word' id='word_1_433' title='bbox 1911 3161 2086 3216; x_wconf 84' lang='lat' dir='ltr'><strong>citatis</strong></span> <span class='ocrx_word' id='word_1_434' title='bbox 2135 3162 2337 3216; x_wconf 90' lang='lat' dir='ltr'><strong>intueri</strong></span> <span class='ocrx_word' id='word_1_435' title='bbox 2370 3184 2380 3217; x_wconf 89' lang='lat'>:</span> <span class='ocrx_word' id='word_1_436' title='bbox 2410 3162 2535 3231; x_wconf 90' lang='lat' dir='ltr'><strong>quia</strong></span> <span class='ocrx_word' id='word_1_437' title='bbox 2574 3176 2738 3218; x_wconf 87' lang='lat' dir='ltr'><strong>nemo</strong></span> <span class='ocrx_word' id='word_1_438' title='bbox 2773 3164 2968 3218; x_wconf 88' lang='lat' dir='ltr'><strong>humili</strong></span> <span class='ocrx_word' id='word_1_439' title='bbox 3014 3166 3133 3220; x_wconf 90' lang='lat' dir='ltr'><strong>viro</strong></span> <span class='ocrx_word' id='word_1_440' title='bbox 3169 3170 3452 3227; x_wconf 87' lang='lat' dir='ltr'><strong>sublimior</strong></span> 
     </span>
    </p>
   </div>
   <div class='ocr_carea' id='block_1_64' title="bbox 227 3242 1805 3329">
    <p class='ocr_par' dir='ltr' id='par_1_64' title="bbox 227 3242 1805 3329">
     <span class='ocr_line' id='line_1_64' title="bbox 227 3242 1805 3329; baseline 0.002 -21"><span class='ocrx_word' id='word_1_441' title='bbox 227 3256 442 3326; x_wconf 80' lang='grc' dir='ltr'>ζοφώδη</span> <span class='ocrx_word' id='word_1_442' title='bbox 476 3242 581 3309; x_wconf 60' lang='grc' dir='ltr'>καῖ</span> <span class='ocrx_word' id='word_1_443' title='bbox 620 3256 877 3309; x_wconf 81' lang='grc' dir='ltr'>σκοτεινὰ</span> <span class='ocrx_word' id='word_1_444' title='bbox 923 3244 1162 3321; x_wconf 73' lang='grc' dir='ltr'>ἅπαντα,</span> <span class='ocrx_word' id='word_1_445' title='bbox 1193 3254 1335 3308; x_wconf 72' lang='grc' dir='ltr'>οὕτω</span> <span class='ocrx_word' id='word_1_446' title='bbox 1360 3257 1452 3309; x_wconf 82' lang='grc' dir='ltr'>καὶ</span> <span class='ocrx_word' id='word_1_447' title='bbox 1492 3258 1565 3327; x_wconf 74' lang='grc' dir='ltr'>μὴ</span> <span class='ocrx_word' id='word_1_448' title='bbox 1601 3258 1805 3329; x_wconf 89' lang='grc' dir='ltr'>παρού-</span> 
     </span>
    </p>
   </div>
   <div class='ocr_carea' id='block_1_65' title="bbox 229 3347 1804 3418">
    <p class='ocr_par' dir='ltr' id='par_1_65' title="bbox 229 3347 1804 3418">
     <span class='ocr_line' id='line_1_65' title="bbox 229 3347 1804 3418; baseline 0.001 -19"><span class='ocrx_word' id='word_1_449' title='bbox 229 3366 327 3418; x_wconf 75' lang='grc' dir='ltr'>σης</span> <span class='ocrx_word' id='word_1_450' title='bbox 380 3347 907 3417; x_wconf 77' lang='grc' dir='ltr'>ταπεινοφροσύνης,</span> <span class='ocrx_word' id='word_1_451' title='bbox 976 3347 1157 3399; x_wconf 82' lang='grc' dir='ltr'>πάντα</span> <span class='ocrx_word' id='word_1_452' title='bbox 1206 3347 1366 3416; x_wconf 79' lang='grc' dir='ltr'>ἡμῶν</span> <span class='ocrx_word' id='word_1_453' title='bbox 1425 3348 1654 3415; x_wconf 82' lang='grc' dir='ltr'>μάταια,</span> <span class='ocrx_word' id='word_1_454' title='bbox 1707 3349 1804 3401; x_wconf 83' lang='grc' dir='ltr'>καὶ</span> 
     </span>
    </p>
   </div>
   <div class='ocr_carea' id='block_1_66' title="bbox 226 3432 1271 3505">
    <p class='ocr_par' dir='ltr' id='par_1_66' title="bbox 226 3432 1271 3505">
     <span class='ocr_line' id='line_1_66' title="bbox 226 3432 1271 3505; baseline 0 -19"><span class='ocrx_word' id='word_1_455' title='bbox 226 3435 374 3488; x_wconf 71' lang='grc' dir='ltr'>ἕωλα</span> <span class='ocrx_word' id='word_1_456' title='bbox 396 3434 461 3488; x_wconf 82' lang='grc' dir='ltr'>τὰ</span> <span class='ocrx_word' id='word_1_457' title='bbox 491 3434 635 3487; x_wconf 78' lang='grc' dir='ltr'>κατὰ</span> <span class='ocrx_word' id='word_1_458' title='bbox 664 3435 796 3488; x_wconf 77' lang='grc' dir='ltr'>Θεὸν</span> <span class='ocrx_word' id='word_1_459' title='bbox 832 3432 1271 3505; x_wconf 82' lang='grc' dir='ltr'>σπουδαζόμενα.</span> 
     </span>
    </p>
   </div>
   <div class='ocr_carea' id='block_1_67' title="bbox 297 3600 1801 3678">
    <p class='ocr_par' dir='ltr' id='par_1_67' title="bbox 297 3600 1801 3678">
     <span class='ocr_line' id='line_1_67' title="bbox 297 3600 1801 3678; baseline 0.001 -12"><span class='ocrx_word' id='word_1_460' title='bbox 297 3600 403 3668; x_wconf 70' lang='grc' dir='ltr'>πδν.</span> <span class='ocrx_word' id='word_1_461' title='bbox 442 3612 611 3676; x_wconf 81' lang='grc' dir='ltr'>Τέλος</span> <span class='ocrx_word' id='word_1_462' title='bbox 665 3611 724 3665; x_wconf 79' lang='grc' dir='ltr'><strong>δὲ.</strong></span> <span class='ocrx_word' id='word_1_463' title='bbox 776 3612 961 3678; x_wconf 83' lang='grc' dir='ltr'>λόγου,</span> <span class='ocrx_word' id='word_1_464' title='bbox 996 3609 1057 3662; x_wconf 80' lang='grc' dir='ltr'><strong>τὸ</strong></span> <span class='ocrx_word' id='word_1_465' title='bbox 1104 3612 1211 3669; x_wconf 81' lang='grc' dir='ltr'><strong>πᾶν</strong></span> <span class='ocrx_word' id='word_1_466' title='bbox 1259 3610 1447 3664; x_wconf 78' lang='grc' dir='ltr'>ἄκουε·</span> <span class='ocrx_word' id='word_1_467' title='bbox 1507 3612 1616 3665; x_wconf 75' lang='grc' dir='ltr'><em>Τὸν</em></span> <span class='ocrx_word' id='word_1_468' title='bbox 1654 3614 1801 3668; x_wconf 74' lang='grc' dir='ltr'><strong>Θεὸν</strong></span> 
     </span>
    </p>
   </div>
   <div class='ocr_carea' id='block_1_68' title="bbox 225 3702 1805 3776">
    <p class='ocr_par' dir='ltr' id='par_1_68' title="bbox 225 3702 1805 3776">
     <span class='ocr_line' id='line_1_68' title="bbox 225 3702 1805 3776; baseline -0.001 -16"><span class='ocrx_word' id='word_1_469' title='bbox 225 3705 442 3775; x_wconf 63' lang='grc' dir='ltr'><strong>φοϐοῦ,</strong></span> <span class='ocrx_word' id='word_1_470' title='bbox 472 3706 572 3759; x_wconf 76' lang='grc' dir='ltr'>καὶ</span> <span class='ocrx_word' id='word_1_471' title='bbox 603 3706 708 3771; x_wconf 80' lang='grc' dir='ltr'>τὰς</span> <span class='ocrx_word' id='word_1_472' title='bbox 738 3704 994 3768; x_wconf 81' lang='grc' dir='ltr'><strong>ἐντολὰς</strong></span> <span class='ocrx_word' id='word_1_473' title='bbox 1018 3702 1205 3756; x_wconf 83' lang='grc' dir='ltr'>αὑτοῦ</span> <span class='ocrx_word' id='word_1_474' title='bbox 1236 3703 1520 3770; x_wconf 73' lang='grc' dir='ltr'>φύλαττε,</span> <span class='ocrx_word' id='word_1_475' title='bbox 1561 3706 1655 3759; x_wconf 76' lang='grc' dir='ltr'>καὶ</span> <span class='ocrx_word' id='word_1_476' title='bbox 1678 3723 1805 3776; x_wconf 86' lang='grc' dir='ltr'>νοη-</span> 
     </span>
    </p>
   </div>
   <div class='ocr_carea' id='block_1_69' title="bbox 220 3790 1802 3866">
    <p class='ocr_par' dir='ltr' id='par_1_69' title="bbox 220 3790 1802 3866">
     <span class='ocr_line' id='line_1_69' title="bbox 220 3790 1802 3866; baseline -0.001 -17"><span class='ocrx_word' id='word_1_477' title='bbox 220 3796 337 3858; x_wconf 80' lang='grc' dir='ltr'><strong>τῶς</strong></span> <span class='ocrx_word' id='word_1_478' title='bbox 371 3796 466 3849; x_wconf 77' lang='grc' dir='ltr'>καὶ</span> <span class='ocrx_word' id='word_1_479' title='bbox 504 3793 811 3866; x_wconf 78' lang='grc' dir='ltr'>αἰσθητῶς·</span> <span class='ocrx_word' id='word_1_480' title='bbox 851 3796 900 3846; x_wconf 85' lang='grc' dir='ltr'><strong>εἰ</strong></span> <span class='ocrx_word' id='word_1_481' title='bbox 934 3794 1040 3861; x_wconf 80' lang='grc' dir='ltr'><strong>γὰρ</strong></span> <span class='ocrx_word' id='word_1_482' title='bbox 1079 3790 1287 3860; x_wconf 84' lang='grc' dir='ltr'>νοητῶς</span> <span class='ocrx_word' id='word_1_483' title='bbox 1339 3790 1551 3860; x_wconf 83' lang='grc' dir='ltr'>βιάσεις</span> <span class='ocrx_word' id='word_1_484' title='bbox 1601 3794 1802 3848; x_wconf 80' lang='grc' dir='ltr'>σαυτὸν</span> 
     </span>
    </p>
   </div>
   <div class='ocr_carea' id='block_1_70' title="bbox 221 3880 1801 3957">
    <p class='ocr_par' dir='ltr' id='par_1_70' title="bbox 221 3880 1801 3957">
     <span class='ocr_line' id='line_1_70' title="bbox 221 3880 1801 3957; baseline 0 -17"><span class='ocrx_word' id='word_1_485' title='bbox 221 3886 399 3949; x_wconf 68' lang='grc' dir='ltr'>αὐτὰς</span> <span class='ocrx_word' id='word_1_486' title='bbox 450 3888 660 3957; x_wconf 85' lang='grc' dir='ltr'>τηρεῖν,</span> <span class='ocrx_word' id='word_1_487' title='bbox 723 3884 969 3951; x_wconf 80' lang='grc' dir='ltr'>ὀλιγάκις</span> <span class='ocrx_word' id='word_1_488' title='bbox 1009 3881 1117 3934; x_wconf 88' lang='grc' dir='ltr'><strong>τῶν</strong></span> <span class='ocrx_word' id='word_1_489' title='bbox 1154 3880 1427 3951; x_wconf 79' lang='grc' dir='ltr'>αἰσθητῶν</span> <span class='ocrx_word' id='word_1_490' title='bbox 1493 3885 1574 3946; x_wconf 75' lang='grc' dir='ltr'>εἰς</span> <span class='ocrx_word' id='word_1_491' title='bbox 1630 3884 1801 3948; x_wconf 80' lang='grc' dir='ltr'>αὑτὰς</span> 
     </span>
    </p>
   </div>
   <div class='ocr_carea' id='block_1_71' title="bbox 220 3971 1800 4048">
    <p class='ocr_par' dir='ltr' id='par_1_71' title="bbox 220 3971 1800 4048">
     <span class='ocr_line' id='line_1_71' title="bbox 220 3971 1800 4048; baseline 0 -18"><span class='ocrx_word' id='word_1_492' title='bbox 220 3978 445 4030; x_wconf 77' lang='grc' dir='ltr'>κύπτων</span> <span class='ocrx_word' id='word_1_493' title='bbox 476 3977 680 4048; x_wconf 80' lang='grc' dir='ltr'>δεήσει.</span> <span class='ocrx_word' id='word_1_494' title='bbox 713 3975 852 4047; x_wconf 71' lang='grc' dir='ltr'>Φησὶ</span> <span class='ocrx_word' id='word_1_495' title='bbox 891 3974 998 4045; x_wconf 80' lang='grc' dir='ltr'><strong>γὰρ</strong></span> <span class='ocrx_word' id='word_1_496' title='bbox 1025 3976 1053 4026; x_wconf 97' lang='lat'><strong>6</strong></span> <span class='ocrx_word' id='word_1_497' title='bbox 1084 3971 1252 4026; x_wconf 78' lang='grc' dir='ltr'>Δαόίδ</span> <span class='ocrx_word' id='word_1_498' title='bbox 1276 3988 1289 4002; x_wconf 86' lang='lat'><strong>&#39;</strong></span> <span class='ocrx_word' id='word_1_499' title='bbox 1327 3974 1705 4045; x_wconf 75' lang='grc' dir='ltr'>Ἡόουλήθην</span> <span class='ocrx_word' id='word_1_500' title='bbox 1733 3977 1800 4030; x_wconf 83' lang='grc' dir='ltr'>τὸ</span> 
     </span>
    </p>
   </div>
   <div class='ocr_carea' id='block_1_72' title="bbox 219 4066 1800 4138">
    <p class='ocr_par' dir='ltr' id='par_1_72' title="bbox 219 4066 1800 4138">
     <span class='ocr_line' id='line_1_72' title="bbox 219 4066 1800 4138; baseline -0.001 -13"><span class='ocrx_word' id='word_1_501' title='bbox 219 4069 455 4138; x_wconf 69' lang='grc' dir='ltr'>θέλημά</span> <span class='ocrx_word' id='word_1_502' title='bbox 484 4085 599 4124; x_wconf 89' lang='grc' dir='ltr'><strong>σου</strong></span> <span class='ocrx_word' id='word_1_503' title='bbox 630 4068 726 4122; x_wconf 81' lang='grc' dir='ltr'>καὶ</span> <span class='ocrx_word' id='word_1_504' title='bbox 757 4070 864 4121; x_wconf 81' lang='grc' dir='ltr'><strong>τὸν</strong></span> <span class='ocrx_word' id='word_1_505' title='bbox 895 4069 1083 4135; x_wconf 75' lang='grc' dir='ltr'><em>νόμον</em></span> <span class='ocrx_word' id='word_1_506' title='bbox 1111 4078 1228 4118; x_wconf 83' lang='grc' dir='ltr'><strong>σου</strong></span> <span class='ocrx_word' id='word_1_507' title='bbox 1260 4066 1509 4132; x_wconf 78' lang='grc' dir='ltr'>ποιῆσαι</span> <span class='ocrx_word' id='word_1_508' title='bbox 1535 4069 1606 4121; x_wconf 77' lang='grc' dir='ltr'><strong>ἐν</strong></span> <span class='ocrx_word' id='word_1_509' title='bbox 1632 4070 1800 4138; x_wconf 84' lang='grc' dir='ltr'>μέσῳ</span> 
     </span>
    </p>
   </div>
   <div class='ocr_carea' id='block_1_73' title="bbox 219 4157 1796 4231">
    <p class='ocr_par' dir='ltr' id='par_1_73' title="bbox 219 4157 1796 4231">
     <span class='ocr_line' id='line_1_73' title="bbox 219 4157 1796 4231; baseline -0.001 -15"><span class='ocrx_word' id='word_1_510' title='bbox 219 4161 337 4231; x_wconf 81' lang='grc' dir='ltr'>τῆς</span> <span class='ocrx_word' id='word_1_511' title='bbox 374 4162 609 4226; x_wconf 81' lang='grc' dir='ltr'>κοιλίας</span> <span class='ocrx_word' id='word_1_512' title='bbox 640 4178 783 4230; x_wconf 79' lang='grc' dir='ltr'>μου.</span> <span class='ocrx_word' id='word_1_513' title='bbox 817 4162 913 4214; x_wconf 79' lang='grc' dir='ltr'>Ἂν</span> <span class='ocrx_word' id='word_1_514' title='bbox 969 4158 1043 4229; x_wconf 84' lang='grc' dir='ltr'>μὴ</span> <span class='ocrx_word' id='word_1_515' title='bbox 1101 4158 1159 4209; x_wconf 80' lang='grc' dir='ltr'>ἐν</span> <span class='ocrx_word' id='word_1_516' title='bbox 1216 4157 1368 4227; x_wconf 81' lang='grc' dir='ltr'>μέσῳ</span> <span class='ocrx_word' id='word_1_517' title='bbox 1426 4161 1529 4229; x_wconf 85' lang='grc' dir='ltr'>τῆς</span> <span class='ocrx_word' id='word_1_518' title='bbox 1567 4161 1796 4226; x_wconf 80' lang='grc' dir='ltr'>κοιλίας,</span> 
     </span>
    </p>
   </div>
   <div class='ocr_carea' id='block_1_74' title="bbox 216 4246 1797 4326">
    <p class='ocr_par' dir='ltr' id='par_1_74' title="bbox 216 4246 1797 4326">
     <span class='ocr_line' id='line_1_74' title="bbox 216 4246 1797 4326; baseline -0.001 -18"><span class='ocrx_word' id='word_1_519' title='bbox 216 4255 503 4309; x_wconf 83' lang='grc' dir='ltr'>τουτέστιν</span> <span class='ocrx_word' id='word_1_520' title='bbox 551 4256 608 4307; x_wconf 82' lang='grc' dir='ltr'><strong>ὲν</strong></span> <span class='ocrx_word' id='word_1_521' title='bbox 646 4253 784 4324; x_wconf 82' lang='grc' dir='ltr'>μέσῃ</span> <span class='ocrx_word' id='word_1_522' title='bbox 832 4246 1027 4324; x_wconf 70' lang='grc' dir='ltr'>καρδίᾳ</span> <span class='ocrx_word' id='word_1_523' title='bbox 1064 4255 1090 4307; x_wconf 90' lang='grc' dir='ltr'><strong>ὁ</strong></span> <span class='ocrx_word' id='word_1_524' title='bbox 1121 4254 1411 4326; x_wconf 82' lang='grc' dir='ltr'>ἄνθρωπος</span> <span class='ocrx_word' id='word_1_525' title='bbox 1445 4253 1505 4306; x_wconf 75' lang='grc' dir='ltr'>τὸ</span> <span class='ocrx_word' id='word_1_526' title='bbox 1539 4253 1631 4306; x_wconf 79' lang='grc' dir='ltr'>τοῦ</span> <span class='ocrx_word' id='word_1_527' title='bbox 1664 4253 1797 4307; x_wconf 84' lang='grc' dir='ltr'>Θεοῦ</span> 
     </span>
    </p>
   </div>
   <div class='ocr_carea' id='block_1_75' title="bbox 215 4344 1799 4418">
    <p class='ocr_par' dir='ltr' id='par_1_75' title="bbox 215 4344 1799 4418">
     <span class='ocr_line' id='line_1_75' title="bbox 215 4344 1799 4418; baseline -0.001 -18"><span class='ocrx_word' id='word_1_528' title='bbox 215 4347 353 4417; x_wconf 79' lang='grc' dir='ltr'>θὲλη</span> <span class='ocrx_word' id='word_1_529' title='bbox 365 4365 442 4418; x_wconf 87' lang='grc' dir='ltr'><strong>μα</strong></span> <span class='ocrx_word' id='word_1_530' title='bbox 473 4346 568 4399; x_wconf 69' lang='grc' dir='ltr'>καὶ</span> <span class='ocrx_word' id='word_1_531' title='bbox 594 4344 685 4398; x_wconf 82' lang='grc' dir='ltr'><strong>τὸν</strong></span> <span class='ocrx_word' id='word_1_532' title='bbox 704 4345 870 4415; x_wconf 85' lang='grc' dir='ltr'>νόμον</span> <span class='ocrx_word' id='word_1_533' title='bbox 897 4345 1193 4415; x_wconf 82' lang='grc' dir='ltr'>ποιήσειεν,</span> <span class='ocrx_word' id='word_1_534' title='bbox 1223 4346 1348 4400; x_wconf 73' lang='grc' dir='ltr'>οὔτε</span> <span class='ocrx_word' id='word_1_535' title='bbox 1375 4345 1574 4411; x_wconf 73' lang='grc' dir='ltr'>ἔξωθεν</span> <span class='ocrx_word' id='word_1_536' title='bbox 1601 4345 1799 4417; x_wconf 81' lang='grc' dir='ltr'>ῥᾳδίως</span> 
     </span>
    </p>
   </div>
   <div class='ocr_carea' id='block_1_76' title="bbox 1908 3253 3474 3327">
    <p class='ocr_par' dir='ltr' id='par_1_76' title="bbox 1908 3253 3474 3327">
     <span class='ocr_line' id='line_1_76' title="bbox 1908 3253 3474 3327; baseline 0.006 -18"><span class='ocrx_word' id='word_1_537' title='bbox 1908 3254 1977 3309; x_wconf 87' lang='lat' dir='ltr'><strong>Ut</strong></span> <span class='ocrx_word' id='word_1_538' title='bbox 2026 3253 2172 3309; x_wconf 89' lang='lat' dir='ltr'><strong>enim</strong></span> <span class='ocrx_word' id='word_1_539' title='bbox 2218 3254 2445 3309; x_wconf 89' lang='lat' dir='ltr'><strong>absente</strong></span> <span class='ocrx_word' id='word_1_540' title='bbox 2478 3254 2710 3320; x_wconf 89' lang='lat' dir='ltr'><strong>lumine,</strong></span> <span class='ocrx_word' id='word_1_541' title='bbox 2751 3257 3050 3327; x_wconf 78' lang='lat' dir='ltr'><strong>caliginosa</strong></span> <span class='ocrx_word' id='word_1_542' title='bbox 3090 3266 3149 3313; x_wconf 88' lang='lat' dir='ltr'><strong>et</strong></span> <span class='ocrx_word' id='word_1_543' title='bbox 3190 3263 3474 3318; x_wconf 84' lang='lat' dir='ltr'><strong>tenebrosa</strong></span> 
     </span>
    </p>
   </div>
   <div class='ocr_carea' id='block_1_77' title="bbox 1904 3344 3473 3414">
    <p class='ocr_par' dir='ltr' id='par_1_77' title="bbox 1904 3344 3473 3414">
     <span class='ocr_line' id='line_1_77' title="bbox 1904 3344 3473 3414; baseline 0.008 -19"><span class='ocrx_word' id='word_1_544' title='bbox 1904 3351 2030 3397; x_wconf 89' lang='lat' dir='ltr'><strong>sunt</strong></span> <span class='ocrx_word' id='word_1_545' title='bbox 2068 3344 2252 3397; x_wconf 90' lang='lat' dir='ltr'><strong>omnia</strong></span> <span class='ocrx_word' id='word_1_546' title='bbox 2279 3383 2293 3407; x_wconf 93' lang='lat'><strong>,</strong></span> <span class='ocrx_word' id='word_1_547' title='bbox 2322 3344 2395 3397; x_wconf 86' lang='lat' dir='ltr'><strong>ita</strong></span> <span class='ocrx_word' id='word_1_548' title='bbox 2450 3344 2494 3397; x_wconf 89' lang='lat' dir='ltr'><strong>si</strong></span> <span class='ocrx_word' id='word_1_549' title='bbox 2546 3345 2688 3398; x_wconf 89' lang='lat' dir='ltr'><strong>desit</strong></span> <span class='ocrx_word' id='word_1_550' title='bbox 2730 3346 3029 3414; x_wconf 87' lang='lat' dir='ltr'><strong>humilitas,</strong></span> <span class='ocrx_word' id='word_1_551' title='bbox 3072 3350 3253 3404; x_wconf 89' lang='lat' dir='ltr'><strong>omnia</strong></span> <span class='ocrx_word' id='word_1_552' title='bbox 3295 3355 3473 3408; x_wconf 88' lang='lat' dir='ltr'><strong>studia</strong></span> 
     </span>
    </p>
   </div>
   <div class='ocr_carea' id='block_1_78' title="bbox 1903 3435 3473 3508">
    <p class='ocr_par' dir='ltr' id='par_1_78' title="bbox 1903 3435 3473 3508">
     <span class='ocr_line' id='line_1_78' title="bbox 1903 3435 3473 3508; baseline 0.008 -21"><span class='ocrx_word' id='word_1_553' title='bbox 1903 3443 2112 3496; x_wconf 89' lang='lat' dir='ltr'><strong>nostra,</strong></span> <span class='ocrx_word' id='word_1_554' title='bbox 2140 3451 2261 3504; x_wconf 69' lang='lat' dir='ltr'><strong>quae</strong></span> <span class='ocrx_word' id='word_1_555' title='bbox 2286 3435 2341 3489; x_wconf 89' lang='lat' dir='ltr'><strong>in</strong></span> <span class='ocrx_word' id='word_1_556' title='bbox 2370 3436 2480 3490; x_wconf 88' lang='lat' dir='ltr'><strong>Deo</strong></span> <span class='ocrx_word' id='word_1_557' title='bbox 2505 3436 2737 3492; x_wconf 85' lang='lat' dir='ltr'><strong>colendo</strong></span> <span class='ocrx_word' id='word_1_558' title='bbox 2759 3438 3150 3508; x_wconf 88' lang='lat' dir='ltr'><strong>impendimus,</strong></span> <span class='ocrx_word' id='word_1_559' title='bbox 3173 3458 3310 3498; x_wconf 89' lang='lat' dir='ltr'><strong>vana</strong></span> <span class='ocrx_word' id='word_1_560' title='bbox 3345 3458 3473 3501; x_wconf 90' lang='lat' dir='ltr'><strong>sunt</strong></span> 
     </span>
    </p>
   </div>
   <div class='ocr_carea' id='block_1_79' title="bbox 1902 3524 2201 3579">
    <p class='ocr_par' dir='ltr' id='par_1_79' title="bbox 1902 3524 2201 3579">
     <span class='ocr_line' id='line_1_79' title="bbox 1902 3524 2201 3579; baseline 0.007 -2"><span class='ocrx_word' id='word_1_561' title='bbox 1902 3532 1958 3577; x_wconf 82' lang='lat' dir='ltr'><strong>et</strong></span> <span class='ocrx_word' id='word_1_562' title='bbox 1981 3524 2201 3579; x_wconf 80' lang='lat' dir='ltr'><strong>frivola.</strong></span> 
     </span>
    </p>
   </div>
   <div class='ocr_carea' id='block_1_80' title="bbox 1973 3614 3468 3694">
    <p class='ocr_par' dir='ltr' id='par_1_80' title="bbox 1973 3614 3468 3694">
     <span class='ocr_line' id='line_1_80' title="bbox 1973 3614 3468 3694; baseline 0.009 -25"><span class='ocrx_word' id='word_1_563' title='bbox 1973 3614 2060 3669; x_wconf 65' lang='lat' dir='ltr'><strong>8i».</strong></span> <span class='ocrx_word' id='word_1_564' title='bbox 2078 3615 2404 3672; x_wconf 89' lang='lat' dir='ltr'><strong>Universum</strong></span> <span class='ocrx_word' id='word_1_565' title='bbox 2437 3619 2706 3674; x_wconf 87' lang='lat' dir='ltr'><strong>sermonis</strong></span> <span class='ocrx_word' id='word_1_566' title='bbox 2732 3619 2891 3676; x_wconf 88' lang='lat' dir='ltr'><strong>finem</strong></span> <span class='ocrx_word' id='word_1_567' title='bbox 2920 3625 3046 3680; x_wconf 89' lang='lat' dir='ltr'><strong>audi</strong></span> <span class='ocrx_word' id='word_1_568' title='bbox 3080 3644 3094 3682; x_wconf 87' lang='lat'><strong>:</strong></span> <span class='ocrx_word' id='word_1_569' title='bbox 3126 3627 3295 3681; x_wconf 86' lang='lat' dir='ltr'><strong>Deum</strong></span> <span class='ocrx_word' id='word_1_570' title='bbox 3325 3629 3468 3694; x_wconf 82' lang='lat' dir='ltr'><strong>time,</strong></span> 
     </span>
    </p>
   </div>
   <div class='ocr_carea' id='block_1_81' title="bbox 1901 3707 3467 3784">
    <p class='ocr_par' dir='ltr' id='par_1_81' title="bbox 1901 3707 3467 3784">
     <span class='ocr_line' id='line_1_81' title="bbox 1901 3707 3467 3784; baseline 0.01 -27"><span class='ocrx_word' id='word_1_571' title='bbox 1901 3712 1950 3757; x_wconf 88' lang='lat' dir='ltr'><strong>et</strong></span> <span class='ocrx_word' id='word_1_572' title='bbox 1976 3707 2231 3761; x_wconf 87' lang='lat' dir='ltr'><strong>mandata</strong></span> <span class='ocrx_word' id='word_1_573' title='bbox 2263 3709 2380 3777; x_wconf 80' lang='lat' dir='ltr'><strong>ejus</strong></span> <span class='ocrx_word' id='word_1_574' title='bbox 2405 3725 2555 3763; x_wconf 77' lang='lat' dir='ltr'><strong>serva</strong></span> <span class='ocrx_word' id='word_1_575' title='bbox 2580 3708 2650 3776; x_wconf 82' lang='grc'><strong>⁸³,</strong></span> <span class='ocrx_word' id='word_1_576' title='bbox 2670 3718 2777 3765; x_wconf 90' lang='lat' dir='ltr'><strong>tam</strong></span> <span class='ocrx_word' id='word_1_577' title='bbox 2803 3713 2988 3768; x_wconf 89' lang='lat' dir='ltr'><strong>animo</strong></span> <span class='ocrx_word' id='word_1_578' title='bbox 3009 3731 3169 3784; x_wconf 91' lang='lat' dir='ltr'><strong>quam</strong></span> <span class='ocrx_word' id='word_1_579' title='bbox 3195 3718 3467 3772; x_wconf 83' lang='lat' dir='ltr'><strong>sensibus.</strong></span> 
     </span>
    </p>
   </div>
   <div class='ocr_carea' id='block_1_82' title="bbox 1900 3794 3467 3875">
    <p class='ocr_par' dir='ltr' id='par_1_82' title="bbox 1900 3794 3467 3875">
     <span class='ocr_line' id='line_1_82' title="bbox 1900 3794 3467 3875; baseline 0.01 -26"><span class='ocrx_word' id='word_1_580' title='bbox 1900 3794 2036 3850; x_wconf 87' lang='lat' dir='ltr'><strong>Nam</strong></span> <span class='ocrx_word' id='word_1_581' title='bbox 2090 3798 2181 3851; x_wconf 90' lang='lat' dir='ltr'><strong>ubi</strong></span> <span class='ocrx_word' id='word_1_582' title='bbox 2207 3799 2449 3869; x_wconf 85' lang='lat' dir='ltr'><strong>coegeris</strong></span> <span class='ocrx_word' id='word_1_583' title='bbox 2495 3800 2679 3855; x_wconf 86' lang='lat' dir='ltr'><strong>animo</strong></span> <span class='ocrx_word' id='word_1_584' title='bbox 2709 3802 2941 3871; x_wconf 90' lang='lat' dir='ltr'><strong>teipsum</strong></span> <span class='ocrx_word' id='word_1_585' title='bbox 2979 3806 3046 3860; x_wconf 91' lang='lat' dir='ltr'><strong>ad</strong></span> <span class='ocrx_word' id='word_1_586' title='bbox 3076 3822 3139 3861; x_wconf 88' lang='lat' dir='ltr'><strong>ea</strong></span> <span class='ocrx_word' id='word_1_587' title='bbox 3183 3811 3467 3875; x_wconf 86' lang='lat' dir='ltr'><strong>servanda,</strong></span> 
     </span>
    </p>
   </div>
   <div class='ocr_carea' id='block_1_83' title="bbox 1903 3887 3468 3963">
    <p class='ocr_par' dir='ltr' id='par_1_83' title="bbox 1903 3887 3468 3963">
     <span class='ocr_line' id='line_1_83' title="bbox 1903 3887 3468 3963; baseline 0.009 -23"><span class='ocrx_word' id='word_1_588' title='bbox 1903 3887 2213 3957; x_wconf 86' lang='lat' dir='ltr'><strong>impingens</strong></span> <span class='ocrx_word' id='word_1_589' title='bbox 2242 3888 2297 3940; x_wconf 90' lang='lat' dir='ltr'><strong>in</strong></span> <span class='ocrx_word' id='word_1_590' title='bbox 2334 3905 2526 3944; x_wconf 91' lang='lat' dir='ltr'><strong>sensus</strong></span> <span class='ocrx_word' id='word_1_591' title='bbox 2556 3900 2697 3957; x_wconf 91' lang='lat' dir='ltr'><strong>tuos,</strong></span> <span class='ocrx_word' id='word_1_592' title='bbox 2721 3893 2991 3963; x_wconf 88' lang='lat' dir='ltr'><strong>indigebis</strong></span> <span class='ocrx_word' id='word_1_593' title='bbox 3022 3896 3295 3952; x_wconf 90' lang='lat' dir='ltr'><strong>interdum</strong></span> <span class='ocrx_word' id='word_1_594' title='bbox 3325 3900 3468 3954; x_wconf 89' lang='lat' dir='ltr'><strong>illis:</strong></span> 
     </span>
    </p>
   </div>
   <div class='ocr_carea' id='block_1_84' title="bbox 1900 3977 3459 4063">
    <p class='ocr_par' dir='ltr' id='par_1_84' title="bbox 1900 3977 3459 4063">
     <span class='ocr_line' id='line_1_84' title="bbox 1900 3977 3459 4063; baseline 0.008 -32"><span class='ocrx_word' id='word_1_595' title='bbox 1900 3993 2027 4031; x_wconf 87' lang='lat' dir='ltr'><strong>cum</strong></span> <span class='ocrx_word' id='word_1_596' title='bbox 2063 3977 2230 4031; x_wconf 85' lang='lat' dir='ltr'><strong>David</strong></span> <span class='ocrx_word' id='word_1_597' title='bbox 2261 3978 2442 4033; x_wconf 85' lang='lat' dir='ltr'><strong>dicat:</strong></span> <span class='ocrx_word' id='word_1_598' title='bbox 2476 3979 2625 4035; x_wconf 83' lang='lat' dir='ltr'><strong>Volui</strong></span> <span class='ocrx_word' id='word_1_599' title='bbox 2668 3982 2989 4037; x_wconf 81' lang='lat' dir='ltr'><strong>voluntatem</strong></span> <span class='ocrx_word' id='word_1_600' title='bbox 3029 3992 3196 4039; x_wconf 83' lang='lat' dir='ltr'><strong>tuam‘</strong></span> <span class='ocrx_word' id='word_1_601' title='bbox 3213 3997 3268 4063; x_wconf 78' lang='lat' dir='ltr'><strong>et</strong></span> <span class='ocrx_word' id='word_1_602' title='bbox 3293 3988 3459 4060; x_wconf 79' lang='lat' dir='ltr'><strong>legem</strong></span> 
     </span>
    </p>
   </div>
   <div class='ocr_carea' id='block_1_85' title="bbox 1901 4068 3470 4138">
    <p class='ocr_par' dir='ltr' id='par_1_85' title="bbox 1901 4068 3470 4138">
     <span class='ocr_line' id='line_1_85' title="bbox 1901 4068 3470 4138; baseline 0.01 -20"><span class='ocrx_word' id='word_1_603' title='bbox 1901 4077 2051 4120; x_wconf 79' lang='lat' dir='ltr'><strong>tuam</strong></span> <span class='ocrx_word' id='word_1_604' title='bbox 2089 4069 2280 4138; x_wconf 73' lang='lat' dir='ltr'><strong>facere,</strong></span> <span class='ocrx_word' id='word_1_605' title='bbox 2314 4068 2368 4120; x_wconf 82' lang='lat' dir='ltr'><strong>in</strong></span> <span class='ocrx_word' id='word_1_606' title='bbox 2397 4070 2569 4124; x_wconf 82' lang='lat' dir='ltr'><strong>medio</strong></span> <span class='ocrx_word' id='word_1_607' title='bbox 2597 4074 2791 4127; x_wconf 83' lang='lat' dir='ltr'><strong>ventris</strong></span> <span class='ocrx_word' id='word_1_608' title='bbox 2821 4074 2920 4126; x_wconf 85' lang='lat' dir='ltr'><strong>mei</strong></span> <span class='ocrx_word' id='word_1_609' title='bbox 2944 4075 3013 4127; x_wconf 64' lang='grc'><strong>⁸⁸.</strong></span> <span class='ocrx_word' id='word_1_610' title='bbox 3057 4075 3173 4130; x_wconf 89' lang='lat' dir='ltr'><strong>Nisi</strong></span> <span class='ocrx_word' id='word_1_611' title='bbox 3207 4078 3262 4131; x_wconf 91' lang='lat' dir='ltr'><strong>in</strong></span> <span class='ocrx_word' id='word_1_612' title='bbox 3289 4080 3470 4134; x_wconf 86' lang='lat' dir='ltr'><strong>medio</strong></span> 
     </span>
    </p>
   </div>
   <div class='ocr_carea' id='block_1_86' title="bbox 1902 4158 3471 4227">
    <p class='ocr_par' dir='ltr' id='par_1_86' title="bbox 1902 4158 3471 4227">
     <span class='ocr_line' id='line_1_86' title="bbox 1902 4158 3471 4227; baseline 0.008 -15"><span class='ocrx_word' id='word_1_613' title='bbox 1902 4160 2126 4220; x_wconf 85' lang='lat' dir='ltr'><strong>ventris.</strong></span> <span class='ocrx_word' id='word_1_614' title='bbox 2174 4158 2280 4214; x_wconf 89' lang='lat' dir='ltr'><strong>hoc</strong></span> <span class='ocrx_word' id='word_1_615' title='bbox 2312 4169 2415 4223; x_wconf 89' lang='lat' dir='ltr'><strong>est,</strong></span> <span class='ocrx_word' id='word_1_616' title='bbox 2462 4160 2517 4214; x_wconf 93' lang='lat' dir='ltr'><strong>in</strong></span> <span class='ocrx_word' id='word_1_617' title='bbox 2563 4163 2745 4217; x_wconf 89' lang='lat' dir='ltr'><strong>medio</strong></span> <span class='ocrx_word' id='word_1_618' title='bbox 2790 4165 2973 4227; x_wconf 90' lang='lat' dir='ltr'><strong>corde,</strong></span> <span class='ocrx_word' id='word_1_619' title='bbox 3024 4167 3358 4224; x_wconf 88' lang='lat' dir='ltr'><strong>voluntatem</strong></span> <span class='ocrx_word' id='word_1_620' title='bbox 3404 4186 3471 4225; x_wconf 90' lang='lat' dir='ltr'><strong>ac</strong></span> 
     </span>
    </p>
   </div>
   <div class='ocr_carea' id='block_1_87' title="bbox 1901 4246 3468 4321">
    <p class='ocr_par' dir='ltr' id='par_1_87' title="bbox 1901 4246 3468 4321">
     <span class='ocr_line' id='line_1_87' title="bbox 1901 4246 3468 4321; baseline 0.009 -18"><span class='ocrx_word' id='word_1_621' title='bbox 1901 4250 2079 4319; x_wconf 84' lang='lat' dir='ltr'><strong>legem</strong></span> <span class='ocrx_word' id='word_1_622' title='bbox 2115 4250 2212 4305; x_wconf 87' lang='lat' dir='ltr'><strong>Dei</strong></span> <span class='ocrx_word' id='word_1_623' title='bbox 2248 4250 2473 4321; x_wconf 87' lang='lat' dir='ltr'><strong>impleat</strong></span> <span class='ocrx_word' id='word_1_624' title='bbox 2524 4252 2705 4315; x_wconf 91' lang='lat' dir='ltr'><strong>homo,</strong></span> <span class='ocrx_word' id='word_1_625' title='bbox 2743 4270 2843 4309; x_wconf 90' lang='lat' dir='ltr'><strong>uec</strong></span> <span class='ocrx_word' id='word_1_626' title='bbox 2890 4246 3135 4311; x_wconf 78' lang='lat' dir='ltr'><strong>exterius</strong></span> <span class='ocrx_word' id='word_1_627' title='bbox 3167 4258 3269 4313; x_wconf 89' lang='lat' dir='ltr'><strong>hoc</strong></span> <span class='ocrx_word' id='word_1_628' title='bbox 3309 4260 3468 4319; x_wconf 84' lang='lat' dir='ltr'><strong>facile</strong></span> 
     </span>
    </p>
   </div>
   <div class='ocr_carea' id='block_1_88' title="bbox 1901 4340 3469 4422">
    <p class='ocr_par' dir='ltr' id='par_1_88' title="bbox 1901 4340 3469 4422">
     <span class='ocr_line' id='line_1_88' title="bbox 1901 4340 3469 4422; baseline 0.009 -28"><span class='ocrx_word' id='word_1_629' title='bbox 1901 4341 2106 4411; x_wconf 89' lang='lat' dir='ltr'><strong>poterit</strong></span> <span class='ocrx_word' id='word_1_630' title='bbox 2141 4340 2374 4397; x_wconf 74' lang='lat' dir='ltr'><strong>efﬁcere.</strong></span> <span class='ocrx_word' id='word_1_631' title='bbox 2429 4344 2731 4399; x_wconf 88' lang='lat' dir='ltr'><strong>Conveniet</strong></span> <span class='ocrx_word' id='word_1_632' title='bbox 2767 4346 2949 4415; x_wconf 90' lang='lat' dir='ltr'><strong>itaque</strong></span> <span class='ocrx_word' id='word_1_633' title='bbox 2997 4347 3166 4402; x_wconf 89' lang='lat' dir='ltr'><strong>Deum</strong></span> <span class='ocrx_word' id='word_1_634' title='bbox 3201 4350 3469 4422; x_wconf 88' lang='lat' dir='ltr'><strong>intempe-</strong></span> 
     </span>
    </p>
   </div>
   <div class='ocr_carea' id='block_1_89' title="bbox 214 4426 1802 4509">
    <p class='ocr_par' dir='ltr' id='par_1_89' title="bbox 214 4426 1795 4509">
     <span class='ocr_line' id='line_1_89' title="bbox 214 4426 1795 4509; baseline 0.001 -20"><span class='ocrx_word' id='word_1_635' title='bbox 214 4426 430 4507; x_wconf 68' lang='grc' dir='ltr'>πρᾶξαι</span> <span class='ocrx_word' id='word_1_636' title='bbox 472 4435 632 4488; x_wconf 78' lang='grc' dir='ltr'>τοῦτο</span> <span class='ocrx_word' id='word_1_637' title='bbox 688 4434 930 4488; x_wconf 83' lang='grc' dir='ltr'>δύναται.</span> <span class='ocrx_word' id='word_1_638' title='bbox 982 4437 1090 4490; x_wconf 81' lang='grc' dir='ltr'><strong>Καὶ</strong></span> <span class='ocrx_word' id='word_1_639' title='bbox 1142 4439 1261 4507; x_wconf 79' lang='grc' dir='ltr'>ἐρεῖ</span> <span class='ocrx_word' id='word_1_640' title='bbox 1317 4439 1453 4509; x_wconf 77' lang='grc' dir='ltr'>πρὸς</span> <span class='ocrx_word' id='word_1_641' title='bbox 1499 4438 1630 4491; x_wconf 83' lang='grc' dir='ltr'>Θεὸν</span> <span class='ocrx_word' id='word_1_642' title='bbox 1659 4439 1687 4490; x_wconf 89' lang='lat'><strong>6</strong></span> <span class='ocrx_word' id='word_1_643' title='bbox 1721 4437 1795 4509; x_wconf 84' lang='grc' dir='ltr'>μὴ</span> 
     </span>
    </p>
   </div>
   <div class='ocr_carea' id='block_1_90' title="bbox 1911 4426 3469 4509">
    <p class='ocr_par' dir='ltr' id='par_1_90' title="bbox 1911 4432 3469 4502">
     <span class='ocr_line' id='line_1_90' title="bbox 1911 4432 3469 4502; baseline 0.009 -18"><span class='ocrx_word' id='word_1_644' title='bbox 1911 4446 2031 4486; x_wconf 84' lang='lat' dir='ltr'><strong>rans</strong></span> <span class='ocrx_word' id='word_1_645' title='bbox 2065 4441 2120 4486; x_wconf 92' lang='lat' dir='ltr'><strong>et</strong></span> <span class='ocrx_word' id='word_1_646' title='bbox 2163 4447 2330 4502; x_wconf 86' lang='lat' dir='ltr'><strong>vagus</strong></span> <span class='ocrx_word' id='word_1_647' title='bbox 2365 4433 2549 4497; x_wconf 90' lang='lat' dir='ltr'><strong>homo,</strong></span> <span class='ocrx_word' id='word_1_648' title='bbox 2592 4432 2677 4488; x_wconf 90' lang='lat' dir='ltr'><strong>his</strong></span> <span class='ocrx_word' id='word_1_649' title='bbox 2721 4435 2924 4500; x_wconf 85' lang='lat' dir='ltr'><strong>verbis,</strong></span> <span class='ocrx_word' id='word_1_650' title='bbox 2957 4435 3113 4492; x_wconf 75' lang='lat' dir='ltr'><strong>Viam</strong></span> <span class='ocrx_word' id='word_1_651' title='bbox 3144 4448 3295 4494; x_wconf 89' lang='lat' dir='ltr'><strong>tuam</strong></span> <span class='ocrx_word' id='word_1_652' title='bbox 3328 4443 3469 4497; x_wconf 90' lang='lat' dir='ltr'><strong>scire</strong></span> 
     </span>
    </p>
   </div>
   <div class='ocr_carea' id='block_1_91' title="bbox 212 4524 1796 4598">
    <p class='ocr_par' dir='ltr' id='par_1_91' title="bbox 212 4524 1796 4598">
     <span class='ocr_line' id='line_1_91' title="bbox 212 4524 1796 4598; baseline -0.001 -18"><span class='ocrx_word' id='word_1_653' title='bbox 212 4529 411 4596; x_wconf 73' lang='grc' dir='ltr'>νήφων</span> <span class='ocrx_word' id='word_1_654' title='bbox 435 4525 529 4578; x_wconf 79' lang='grc' dir='ltr'><strong>καὶ</strong></span> <span class='ocrx_word' id='word_1_655' title='bbox 561 4524 872 4596; x_wconf 78' lang='grc' dir='ltr'>ἀδιάφορος,</span> <span class='ocrx_word' id='word_1_656' title='bbox 909 4525 991 4591; x_wconf 82' lang='grc' dir='ltr'>τὸ,</span> <span class='ocrx_word' id='word_1_657' title='bbox 1025 4526 1177 4590; x_wconf 83' lang='grc' dir='ltr'>ὁδούς</span> <span class='ocrx_word' id='word_1_658' title='bbox 1209 4545 1303 4581; x_wconf 93' lang='grc' dir='ltr'><strong>σου</strong></span> <span class='ocrx_word' id='word_1_659' title='bbox 1342 4528 1542 4582; x_wconf 75' lang='grc' dir='ltr'>εἰδέναι</span> <span class='ocrx_word' id='word_1_660' title='bbox 1568 4530 1628 4582; x_wconf 86' lang='grc' dir='ltr'><strong>ού</strong></span> <span class='ocrx_word' id='word_1_661' title='bbox 1669 4527 1796 4598; x_wconf 86' lang='grc' dir='ltr'>βού-</span> 
     </span>
    </p>
   </div>
   <div class='ocr_carea' id='block_1_92' title="bbox 210 4615 1796 4692">
    <p class='ocr_par' dir='ltr' id='par_1_92' title="bbox 210 4615 1796 4692">
     <span class='ocr_line' id='line_1_92' title="bbox 210 4615 1796 4692; baseline 0.001 -23"><span class='ocrx_word' id='word_1_662' title='bbox 210 4616 410 4687; x_wconf 81' lang='grc' dir='ltr'>λομαι,</span> <span class='ocrx_word' id='word_1_663' title='bbox 458 4618 673 4680; x_wconf 82' lang='grc' dir='ltr'>πάντως</span> <span class='ocrx_word' id='word_1_664' title='bbox 720 4617 786 4670; x_wconf 89' lang='grc' dir='ltr'><strong>δι’</strong></span> <span class='ocrx_word' id='word_1_665' title='bbox 822 4616 1056 4686; x_wconf 72' lang='grc' dir='ltr'>ἔλλειψιν</span> <span class='ocrx_word' id='word_1_666' title='bbox 1105 4617 1254 4682; x_wconf 81' lang='grc' dir='ltr'>θείας</span> <span class='ocrx_word' id='word_1_667' title='bbox 1307 4620 1662 4690; x_wconf 73' lang='grc' dir='ltr'>ὲλλάμψεως·</span> <span class='ocrx_word' id='word_1_668' title='bbox 1693 4615 1796 4692; x_wconf 86' lang='grc' dir='ltr'><strong>ἦσ-</strong></span> 
     </span>
    </p>
   </div>
   <div class='ocr_carea' id='block_1_93' title="bbox 210 4708 1797 4782">
    <p class='ocr_par' dir='ltr' id='par_1_93' title="bbox 210 4708 1797 4782">
     <span class='ocr_line' id='line_1_93' title="bbox 210 4708 1797 4782; baseline 0.003 -21"><span class='ocrx_word' id='word_1_669' title='bbox 210 4726 369 4771; x_wconf 86' lang='grc' dir='ltr'>τινος</span> <span class='ocrx_word' id='word_1_670' title='bbox 420 4710 448 4762; x_wconf 89' lang='lat'><strong>6</strong></span> <span class='ocrx_word' id='word_1_671' title='bbox 502 4708 746 4781; x_wconf 83' lang='grc' dir='ltr'>μετέχων</span> <span class='ocrx_word' id='word_1_672' title='bbox 804 4709 901 4766; x_wconf 77' lang='grc' dir='ltr'><strong>οὐκ</strong></span> <span class='ocrx_word' id='word_1_673' title='bbox 968 4710 1437 4782; x_wconf 79' lang='grc' dir='ltr'>ἀπληροφόρητος,</span> <span class='ocrx_word' id='word_1_674' title='bbox 1498 4712 1634 4765; x_wconf 76' lang='grc' dir='ltr'>ἀλλὰ</span> <span class='ocrx_word' id='word_1_675' title='bbox 1701 4710 1797 4765; x_wconf 79' lang='grc' dir='ltr'>καὶ</span> 
     </span>
    </p>
   </div>
   <div class='ocr_carea' id='block_1_94' title="bbox 211 4800 1444 4874">
    <p class='ocr_par' dir='ltr' id='par_1_94' title="bbox 211 4800 1444 4874">
     <span class='ocr_line' id='line_1_94' title="bbox 211 4800 1444 4874; baseline 0.003 -23"><span class='ocrx_word' id='word_1_676' title='bbox 211 4800 462 4871; x_wconf 75' lang='grc' dir='ltr'>ἔμπεδος</span> <span class='ocrx_word' id='word_1_677' title='bbox 497 4801 696 4865; x_wconf 80' lang='grc' dir='ltr'>ἱκανῶς</span> <span class='ocrx_word' id='word_1_678' title='bbox 731 4802 860 4874; x_wconf 75' lang='grc' dir='ltr'>περὶ</span> <span class='ocrx_word' id='word_1_679' title='bbox 891 4803 961 4855; x_wconf 82' lang='grc' dir='ltr'><strong>τὰ</strong></span> <span class='ocrx_word' id='word_1_680' title='bbox 987 4802 1105 4856; x_wconf 87' lang='grc' dir='ltr'>θεῖα</span> <span class='ocrx_word' id='word_1_681' title='bbox 1132 4802 1444 4871; x_wconf 76' lang='grc' dir='ltr'>γενήσεται.</span> 
     </span>
    </p>
   </div>
   <div class='ocr_carea' id='block_1_95' title="bbox 291 4886 1791 4964">
    <p class='ocr_par' dir='ltr' id='par_1_95' title="bbox 291 4886 1791 4964">
     <span class='ocr_line' id='line_1_95' title="bbox 291 4886 1791 4964; baseline 0.001 -20"><span class='ocrx_word' id='word_1_682' title='bbox 291 4896 399 4948; x_wconf 78' lang='grc' dir='ltr'>πε’.</span> <span class='ocrx_word' id='word_1_683' title='bbox 444 4890 653 4964; x_wconf 84' lang='grc' dir='ltr'>Ὥσπερ</span> <span class='ocrx_word' id='word_1_684' title='bbox 690 4893 799 4964; x_wconf 77' lang='grc' dir='ltr'>γὰρ</span> <span class='ocrx_word' id='word_1_685' title='bbox 843 4893 903 4946; x_wconf 81' lang='grc' dir='ltr'>τὸ</span> <span class='ocrx_word' id='word_1_686' title='bbox 935 4893 1192 4964; x_wconf 75' lang='grc' dir='ltr'>αἰσθητὸν</span> <span class='ocrx_word' id='word_1_687' title='bbox 1224 4891 1357 4956; x_wconf 86' lang='grc' dir='ltr'>ἆλας</span> <span class='ocrx_word' id='word_1_688' title='bbox 1381 4891 1562 4962; x_wconf 79' lang='grc' dir='ltr'>ἡδύνει</span> <span class='ocrx_word' id='word_1_689' title='bbox 1601 4886 1694 4947; x_wconf 77' lang='grc' dir='ltr'><strong>τόν</strong></span> <span class='ocrx_word' id='word_1_690' title='bbox 1729 4910 1791 4946; x_wconf 85' lang='grc' dir='ltr'><strong>τε</strong></span> 
     </span>
    </p>
   </div>
   <div class='ocr_carea' id='block_1_96' title="bbox 210 4982 1794 5055">
    <p class='ocr_par' dir='ltr' id='par_1_96' title="bbox 210 4982 1794 5055">
     <span class='ocr_line' id='line_1_96' title="bbox 210 4982 1794 5055; baseline 0.001 -20"><span class='ocrx_word' id='word_1_691' title='bbox 210 4982 388 5049; x_wconf 80' lang='grc' dir='ltr'>ἄρτον</span> <span class='ocrx_word' id='word_1_692' title='bbox 417 4982 512 5035; x_wconf 76' lang='grc' dir='ltr'>καὶ</span> <span class='ocrx_word' id='word_1_693' title='bbox 560 4983 668 5035; x_wconf 83' lang='grc' dir='ltr'><strong>πᾶν</strong></span> <span class='ocrx_word' id='word_1_694' title='bbox 705 4982 859 5052; x_wconf 68' lang='grc' dir='ltr'>ὄψον,</span> <span class='ocrx_word' id='word_1_695' title='bbox 894 4984 988 5037; x_wconf 81' lang='grc' dir='ltr'>καὶ</span> <span class='ocrx_word' id='word_1_696' title='bbox 1022 4983 1241 5054; x_wconf 75' lang='grc' dir='ltr'>ἄσηπτα</span> <span class='ocrx_word' id='word_1_697' title='bbox 1280 4982 1403 5036; x_wconf 76' lang='grc' dir='ltr'>τινὰ</span> <span class='ocrx_word' id='word_1_698' title='bbox 1454 4982 1561 5034; x_wconf 87' lang='grc' dir='ltr'><strong>τῶν</strong></span> <span class='ocrx_word' id='word_1_699' title='bbox 1616 4984 1794 5055; x_wconf 84' lang='grc' dir='ltr'>κρεῶν</span> 
     </span>
    </p>
   </div>
   <div class='ocr_carea' id='block_1_97' title="bbox 207 5071 1796 5145">
    <p class='ocr_par' dir='ltr' id='par_1_97' title="bbox 207 5071 1796 5145">
     <span class='ocr_line' id='line_1_97' title="bbox 207 5071 1796 5145; baseline 0.001 -20"><span class='ocrx_word' id='word_1_700' title='bbox 207 5074 320 5125; x_wconf 74' lang='grc' dir='ltr'>καὶ</span> <span class='ocrx_word' id='word_1_701' title='bbox 382 5071 625 5142; x_wconf 86' lang='grc' dir='ltr'>διαρκῶν</span> <span class='ocrx_word' id='word_1_702' title='bbox 690 5073 969 5141; x_wconf 80' lang='grc' dir='ltr'>φυλάττει,</span> <span class='ocrx_word' id='word_1_703' title='bbox 1010 5077 1104 5128; x_wconf 72' lang='grc' dir='ltr'>καὶ</span> <span class='ocrx_word' id='word_1_704' title='bbox 1163 5075 1260 5145; x_wconf 83' lang='grc' dir='ltr'><strong>τὴν</strong></span> <span class='ocrx_word' id='word_1_705' title='bbox 1320 5073 1555 5139; x_wconf 77' lang='grc' dir='ltr'>ὸζωδίαν</span> <span class='ocrx_word' id='word_1_706' title='bbox 1613 5076 1796 5128; x_wconf 81' lang='grc' dir='ltr'>πᾶσαν</span> 
     </span>
    </p>
   </div>
   <div class='ocr_carea' id='block_1_98' title="bbox 206 5162 1797 5235">
    <p class='ocr_par' dir='ltr' id='par_1_98' title="bbox 206 5162 1797 5235">
     <span class='ocr_line' id='line_1_98' title="bbox 206 5162 1797 5235; baseline 0.001 -19"><span class='ocrx_word' id='word_1_707' title='bbox 206 5162 589 5227; x_wconf 70' lang='grc' dir='ltr'>διασκεδάζει·</span> <span class='ocrx_word' id='word_1_708' title='bbox 611 5162 757 5215; x_wconf 71' lang='grc' dir='ltr'>οὕτω</span> <span class='ocrx_word' id='word_1_709' title='bbox 779 5164 872 5215; x_wconf 75' lang='grc' dir='ltr'>καὶ</span> <span class='ocrx_word' id='word_1_710' title='bbox 901 5164 991 5215; x_wconf 73' lang='grc' dir='ltr'><strong>ἐπὶ</strong></span> <span class='ocrx_word' id='word_1_711' title='bbox 1021 5164 1119 5233; x_wconf 82' lang='grc' dir='ltr'><strong>τῆς</strong></span> <span class='ocrx_word' id='word_1_712' title='bbox 1142 5164 1237 5217; x_wconf 82' lang='grc' dir='ltr'>τοῦ</span> <span class='ocrx_word' id='word_1_713' title='bbox 1266 5165 1385 5227; x_wconf 81' lang='grc' dir='ltr'>νοὸς</span> <span class='ocrx_word' id='word_1_714' title='bbox 1408 5164 1674 5235; x_wconf 79' lang='grc' dir='ltr'>φυλακῆς,</span> <span class='ocrx_word' id='word_1_715' title='bbox 1697 5166 1797 5235; x_wconf 83' lang='grc' dir='ltr'>τῆς</span> 
     </span>
    </p>
   </div>
   <div class='ocr_carea' id='block_1_99' title="bbox 208 5250 1797 5323">
    <p class='ocr_par' dir='ltr' id='par_1_99' title="bbox 208 5250 1797 5323">
     <span class='ocr_line' id='line_1_99' title="bbox 208 5250 1797 5323; baseline 0.001 -17"><span class='ocrx_word' id='word_1_716' title='bbox 208 5252 424 5323; x_wconf 79' lang='grc' dir='ltr'>νοητῆς</span> <span class='ocrx_word' id='word_1_717' title='bbox 456 5250 721 5323; x_wconf 78' lang='grc' dir='ltr'>ήδύτητος</span> <span class='ocrx_word' id='word_1_718' title='bbox 750 5251 845 5304; x_wconf 77' lang='grc' dir='ltr'><strong>καὶ</strong></span> <span class='ocrx_word' id='word_1_719' title='bbox 878 5251 1198 5321; x_wconf 80' lang='grc' dir='ltr'>θαυμαστῆς</span> <span class='ocrx_word' id='word_1_720' title='bbox 1233 5254 1492 5320; x_wconf 74' lang='grc' dir='ltr'>ἐργασίας</span> <span class='ocrx_word' id='word_1_721' title='bbox 1523 5254 1797 5307; x_wconf 70' lang='grc' dir='ltr'>νόει.”Καὶ</span> 
     </span>
    </p>
   </div>
   <div class='ocr_carea' id='block_1_100' title="bbox 206 5343 1796 5416">
    <p class='ocr_par' dir='ltr' id='par_1_100' title="bbox 206 5343 1796 5416">
     <span class='ocr_line' id='line_1_100' title="bbox 206 5343 1796 5416; baseline -0.001 -17"><span class='ocrx_word' id='word_1_722' title='bbox 206 5347 337 5416; x_wconf 80' lang='grc' dir='ltr'><strong>γὰρ</strong></span> <span class='ocrx_word' id='word_1_723' title='bbox 380 5345 561 5416; x_wconf 81' lang='grc' dir='ltr'>ἡδύνει</span> <span class='ocrx_word' id='word_1_724' title='bbox 611 5344 832 5407; x_wconf 78' lang='grc' dir='ltr'>ἐνθὲως,</span> <span class='ocrx_word' id='word_1_725' title='bbox 865 5343 961 5397; x_wconf 75' lang='grc' dir='ltr'>καὶ</span> <span class='ocrx_word' id='word_1_726' title='bbox 1004 5343 1096 5395; x_wconf 70' lang='grc' dir='ltr'><strong>τὸν</strong></span> <span class='ocrx_word' id='word_1_727' title='bbox 1152 5344 1327 5407; x_wconf 78' lang='grc' dir='ltr'>ἐντὸς,</span> <span class='ocrx_word' id='word_1_728' title='bbox 1368 5345 1462 5398; x_wconf 70' lang='grc' dir='ltr'>καὶ</span> <span class='ocrx_word' id='word_1_729' title='bbox 1509 5345 1602 5398; x_wconf 78' lang='grc' dir='ltr'><strong>τὸν</strong></span> <span class='ocrx_word' id='word_1_730' title='bbox 1640 5345 1796 5409; x_wconf 71' lang='grc' dir='ltr'>ἐκτὸς</span> 
     </span>
    </p>
   </div>
   <div class='ocr_carea' id='block_1_101' title="bbox 205 5431 1839 5505">
    <p class='ocr_par' dir='ltr' id='par_1_101' title="bbox 205 5431 1839 5505">
     <span class='ocr_line' id='line_1_101' title="bbox 205 5431 1839 5505; baseline -0.002 -15"><span class='ocrx_word' id='word_1_731' title='bbox 205 5435 537 5505; x_wconf 80' lang='grc' dir='ltr'>ἄνθρωπον,</span> <span class='ocrx_word' id='word_1_732' title='bbox 570 5435 666 5488; x_wconf 73' lang='grc' dir='ltr'>καὶ</span> <span class='ocrx_word' id='word_1_733' title='bbox 700 5434 801 5504; x_wconf 82' lang='grc' dir='ltr'>τὴν</span> <span class='ocrx_word' id='word_1_734' title='bbox 832 5431 1059 5495; x_wconf 77' lang='grc' dir='ltr'>ὁζωδίαν</span> <span class='ocrx_word' id='word_1_735' title='bbox 1091 5432 1199 5485; x_wconf 87' lang='grc' dir='ltr'><strong>τῶν</strong></span> <span class='ocrx_word' id='word_1_736' title='bbox 1230 5433 1490 5504; x_wconf 85' lang='grc' dir='ltr'>πονηρῶν</span> <span class='ocrx_word' id='word_1_737' title='bbox 1518 5433 1799 5503; x_wconf 82' lang='grc' dir='ltr'>λογισμῶν</span> <span class='ocrx_word' id='word_1_738' title='bbox 1826 5441 1839 5455; x_wconf 85' lang='grc'><strong><em>⁸</em></strong></span> 
     </span>
    </p>
   </div>
   <div class='ocr_carea' id='block_1_102' title="bbox 205 5521 1802 5594">
    <p class='ocr_par' dir='ltr' id='par_1_102' title="bbox 205 5521 1802 5594">
     <span class='ocr_line' id='line_1_102' title="bbox 205 5521 1802 5594; baseline 0.001 -17"><span class='ocrx_word' id='word_1_739' title='bbox 205 5523 500 5586; x_wconf 76' lang='grc' dir='ltr'>ἐκδιώκει,</span> <span class='ocrx_word' id='word_1_740' title='bbox 534 5523 630 5577; x_wconf 79' lang='grc' dir='ltr'>καὶ</span> <span class='ocrx_word' id='word_1_741' title='bbox 669 5521 909 5594; x_wconf 85' lang='grc' dir='ltr'>διαρκῶν</span> <span class='ocrx_word' id='word_1_742' title='bbox 959 5523 1019 5575; x_wconf 80' lang='grc' dir='ltr'><strong>ὲν</strong></span> <span class='ocrx_word' id='word_1_743' title='bbox 1062 5524 1176 5585; x_wconf 85' lang='grc' dir='ltr'>τοῖς</span> <span class='ocrx_word' id='word_1_744' title='bbox 1218 5523 1403 5586; x_wconf 87' lang='grc' dir='ltr'>καλοῖς</span> <span class='ocrx_word' id='word_1_745' title='bbox 1436 5526 1584 5594; x_wconf 78' lang='grc' dir='ltr'>ἡμᾶς</span> <span class='ocrx_word' id='word_1_746' title='bbox 1614 5526 1802 5593; x_wconf 74' lang='grc' dir='ltr'>διαφυ-</span> 
     </span>
    </p>
   </div>
   <div class='ocr_carea' id='block_1_103' title="bbox 206 5614 411 5668">
    <p class='ocr_par' dir='ltr' id='par_1_103' title="bbox 206 5614 411 5668">
     <span class='ocr_line' id='line_1_103' title="bbox 206 5614 411 5668; baseline 0.005 -1"><span class='ocrx_word' id='word_1_747' title='bbox 206 5614 411 5668; x_wconf 85' lang='grc' dir='ltr'>λάττει</span> 
     </span>
    </p>
   </div>
   <div class='ocr_carea' id='block_1_104' title="bbox 289 5730 1287 5801">
    <p class='ocr_par' dir='ltr' id='par_1_104' title="bbox 289 5730 1287 5801">
     <span class='ocr_line' id='line_1_104' title="bbox 289 5730 1287 5801; baseline 0.001 -15"><span class='ocrx_word' id='word_1_748' title='bbox 289 5734 338 5766; x_wconf 77' lang='grc'>⁸³</span> <span class='ocrx_word' id='word_1_749' title='bbox 379 5731 569 5789; x_wconf 74' lang='lat' dir='ltr'><strong>Matth.</strong></span> <span class='ocrx_word' id='word_1_750' title='bbox 602 5747 722 5801; x_wconf 75' lang='lat' dir='ltr'><strong>xxv,</strong></span> <span class='ocrx_word' id='word_1_751' title='bbox 754 5730 843 5786; x_wconf 72' lang='lat'><strong>23.</strong></span> <span class='ocrx_word' id='word_1_752' title='bbox 921 5730 965 5763; x_wconf 74' lang='grc' dir='ltr'>δ’</span> <span class='ocrx_word' id='word_1_753' title='bbox 988 5732 1083 5786; x_wconf 90' lang='lat' dir='ltr'><strong>lsa.</strong></span> <span class='ocrx_word' id='word_1_754' title='bbox 1115 5748 1203 5797; x_wconf 78' lang='lat' dir='ltr'><strong>LV,</strong></span> <span class='ocrx_word' id='word_1_755' title='bbox 1240 5732 1287 5788; x_wconf 85' lang='lat' dir='ltr'><strong>l.</strong></span> 
     </span>
    </p>
   </div>
   <div class='ocr_carea' id='block_1_105' title="bbox 1364 5727 1827 5802">
    <p class='ocr_par' dir='ltr' id='par_1_105' title="bbox 1364 5727 1827 5802">
     <span class='ocr_line' id='line_1_105' title="bbox 1364 5727 1827 5802; baseline 0.002 -13"><span class='ocrx_word' id='word_1_756' title='bbox 1364 5727 1409 5766; x_wconf 68' lang='grc'><strong>⁸²</strong></span> <span class='ocrx_word' id='word_1_757' title='bbox 1443 5735 1607 5789; x_wconf 62' lang='lat' dir='ltr'><strong>Eoi-li.</strong></span> <span class='ocrx_word' id='word_1_758' title='bbox 1634 5752 1727 5802; x_wconf 75' lang='lat' dir='ltr'><strong>xu,</strong></span> <span class='ocrx_word' id='word_1_759' title='bbox 1766 5737 1827 5790; x_wconf 73' lang='lat' dir='ltr'><strong>l5</strong></span> 
     </span>
    </p>
   </div>
   <div class='ocr_carea' id='block_1_106' title="bbox 1902 4523 3468 4593">
    <p class='ocr_par' dir='ltr' id='par_1_106' title="bbox 1902 4523 3468 4593">
     <span class='ocr_line' id='line_1_106' title="bbox 1902 4523 3468 4593; baseline 0.008 -17"><span class='ocrx_word' id='word_1_760' title='bbox 1902 4523 2030 4577; x_wconf 92' lang='lat' dir='ltr'><strong>nolo</strong></span> <span class='ocrx_word' id='word_1_761' title='bbox 2056 4542 2070 4576; x_wconf 88' lang='lat'><strong>:</strong></span> <span class='ocrx_word' id='word_1_762' title='bbox 2100 4524 2290 4593; x_wconf 87' lang='lat' dir='ltr'><strong>utique</strong></span> <span class='ocrx_word' id='word_1_763' title='bbox 2315 4523 2384 4579; x_wconf 93' lang='lat' dir='ltr'><strong>ob</strong></span> <span class='ocrx_word' id='word_1_764' title='bbox 2407 4524 2678 4579; x_wconf 89' lang='lat' dir='ltr'><strong>defectum</strong></span> <span class='ocrx_word' id='word_1_765' title='bbox 2707 4525 3080 4583; x_wconf 87' lang='lat' dir='ltr'><strong>illustrationis</strong></span> <span class='ocrx_word' id='word_1_766' title='bbox 3107 4529 3324 4586; x_wconf 58' lang='lat' dir='ltr'><strong>divinae.</strong></span> <span class='ocrx_word' id='word_1_767' title='bbox 3357 4532 3468 4588; x_wconf 90' lang='lat' dir='ltr'><strong>Cu-</strong></span> 
     </span>
    </p>
   </div>
   <div class='ocr_carea' id='block_1_107' title="bbox 1895 4612 3465 4685">
    <p class='ocr_par' dir='ltr' id='par_1_107' title="bbox 1895 4612 3465 4685">
     <span class='ocr_line' id='line_1_107' title="bbox 1895 4612 3465 4685; baseline 0.008 -21"><span class='ocrx_word' id='word_1_768' title='bbox 1895 4612 1987 4681; x_wconf 89' lang='lat' dir='ltr'><strong>jus</strong></span> <span class='ocrx_word' id='word_1_769' title='bbox 2032 4614 2250 4682; x_wconf 90' lang='lat' dir='ltr'><strong>quidem</strong></span> <span class='ocrx_word' id='word_1_770' title='bbox 2296 4615 2390 4683; x_wconf 92' lang='lat' dir='ltr'><strong>qui</strong></span> <span class='ocrx_word' id='word_1_771' title='bbox 2424 4615 2699 4685; x_wconf 88' lang='lat' dir='ltr'><strong>particeps</strong></span> <span class='ocrx_word' id='word_1_772' title='bbox 2751 4624 2855 4682; x_wconf 91' lang='lat' dir='ltr'><strong>est,</strong></span> <span class='ocrx_word' id='word_1_773' title='bbox 2893 4632 3003 4672; x_wconf 92' lang='lat' dir='ltr'><strong>non</strong></span> <span class='ocrx_word' id='word_1_774' title='bbox 3036 4628 3120 4674; x_wconf 89' lang='lat' dir='ltr'><strong>est</strong></span> <span class='ocrx_word' id='word_1_775' title='bbox 3172 4614 3415 4677; x_wconf 88' lang='lat' dir='ltr'><strong>incertus</strong></span> <span class='ocrx_word' id='word_1_776' title='bbox 3452 4642 3465 4676; x_wconf 88' lang='lat'>:</span> 
     </span>
    </p>
   </div>
   <div class='ocr_carea' id='block_1_108' title="bbox 1900 4705 3468 4777">
    <p class='ocr_par' dir='ltr' id='par_1_108' title="bbox 1900 4705 3468 4777">
     <span class='ocr_line' id='line_1_108' title="bbox 1900 4705 3468 4777; baseline 0.006 -18"><span class='ocrx_word' id='word_1_777' title='bbox 1900 4705 1996 4759; x_wconf 86' lang='lat' dir='ltr'><strong>sed</strong></span> <span class='ocrx_word' id='word_1_778' title='bbox 2043 4706 2283 4777; x_wconf 84' lang='lat' dir='ltr'><strong>illigatus</strong></span> <span class='ocrx_word' id='word_1_779' title='bbox 2328 4716 2380 4761; x_wconf 89' lang='lat' dir='ltr'><strong>et</strong></span> <span class='ocrx_word' id='word_1_780' title='bbox 2412 4706 2707 4777; x_wconf 87' lang='lat' dir='ltr'><strong>impeditus</strong></span> <span class='ocrx_word' id='word_1_781' title='bbox 2736 4710 2930 4765; x_wconf 88' lang='lat' dir='ltr'><strong>evadet</strong></span> <span class='ocrx_word' id='word_1_782' title='bbox 2964 4712 3180 4767; x_wconf 90' lang='lat' dir='ltr'><strong>abunde</strong></span> <span class='ocrx_word' id='word_1_783' title='bbox 3209 4714 3351 4768; x_wconf 81' lang='lat' dir='ltr'><strong>circa</strong></span> <span class='ocrx_word' id='word_1_784' title='bbox 3381 4731 3468 4769; x_wconf 90' lang='lat' dir='ltr'><strong>res</strong></span> 
     </span>
    </p>
   </div>
   <div class='ocr_carea' id='block_1_109' title="bbox 1903 4792 2183 4851">
    <p class='ocr_par' dir='ltr' id='par_1_109' title="bbox 1903 4792 2183 4851">
     <span class='ocr_line' id='line_1_109' title="bbox 1903 4792 2183 4851; baseline 0.007 -2"><span class='ocrx_word' id='word_1_785' title='bbox 1903 4796 2137 4851; x_wconf 86' lang='lat' dir='ltr'><strong>divinas.</strong></span> <span class='ocrx_word' id='word_1_786' title='bbox 2156 4792 2183 4812; x_wconf 86' lang='grc'>⁹</span> 
     </span>
    </p>
   </div>
   <div class='ocr_carea' id='block_1_110' title="bbox 1977 4887 3467 4963">
    <p class='ocr_par' dir='ltr' id='par_1_110' title="bbox 1977 4887 3467 4963">
     <span class='ocr_line' id='line_1_110' title="bbox 1977 4887 3467 4963; baseline 0.006 -23"><span class='ocrx_word' id='word_1_787' title='bbox 1977 4887 2064 4941; x_wconf 81' lang='lat'><strong>85.</strong></span> <span class='ocrx_word' id='word_1_788' title='bbox 2117 4887 2402 4953; x_wconf 87' lang='lat' dir='ltr'><strong>Quomodo</strong></span> <span class='ocrx_word' id='word_1_789' title='bbox 2420 4891 2499 4945; x_wconf 88' lang='lat' dir='ltr'><strong>sal</strong></span> <span class='ocrx_word' id='word_1_790' title='bbox 2536 4893 2683 4948; x_wconf 89' lang='lat' dir='ltr'><strong>istud</strong></span> <span class='ocrx_word' id='word_1_791' title='bbox 2720 4894 2921 4948; x_wconf 89' lang='lat' dir='ltr'><strong>sensile</strong></span> <span class='ocrx_word' id='word_1_792' title='bbox 2951 4893 3178 4947; x_wconf 89' lang='lat' dir='ltr'><strong>condire</strong></span> <span class='ocrx_word' id='word_1_793' title='bbox 3205 4893 3467 4963; x_wconf 78' lang='lat' dir='ltr'><strong>solet‘pa—</strong></span> 
     </span>
    </p>
   </div>
   <div class='ocr_carea' id='block_1_111' title="bbox 1906 4983 3467 5053">
    <p class='ocr_par' dir='ltr' id='par_1_111' title="bbox 1906 4983 3467 5053">
     <span class='ocr_line' id='line_1_111' title="bbox 1906 4983 3467 5053; baseline 0.007 -23"><span class='ocrx_word' id='word_1_794' title='bbox 1906 4993 2054 5040; x_wconf 90' lang='lat' dir='ltr'><strong>nem,</strong></span> <span class='ocrx_word' id='word_1_795' title='bbox 2093 4988 2147 5032; x_wconf 90' lang='lat' dir='ltr'><strong>et</strong></span> <span class='ocrx_word' id='word_1_796' title='bbox 2188 4996 2405 5039; x_wconf 90' lang='lat' dir='ltr'><strong>omnem</strong></span> <span class='ocrx_word' id='word_1_797' title='bbox 2455 4997 2661 5045; x_wconf 87' lang='lat' dir='ltr'><strong>escam,</strong></span> <span class='ocrx_word' id='word_1_798' title='bbox 2698 4998 2890 5039; x_wconf 88' lang='lat' dir='ltr'><strong>carnes</strong></span> <span class='ocrx_word' id='word_1_799' title='bbox 2928 4983 3058 5037; x_wconf 88' lang='lat' dir='ltr'><strong>item</strong></span> <span class='ocrx_word' id='word_1_800' title='bbox 3098 4984 3383 5053; x_wconf 90' lang='lat' dir='ltr'><strong>quasdam,</strong></span> <span class='ocrx_word' id='word_1_801' title='bbox 3412 4995 3467 5041; x_wconf 92' lang='lat' dir='ltr'><strong>et</strong></span> 
     </span>
    </p>
   </div>
   <div class='ocr_carea' id='block_1_112' title="bbox 1906 5069 3550 5142">
    <p class='ocr_par' dir='ltr' id='par_1_112' title="bbox 1906 5069 3550 5142">
     <span class='ocr_line' id='line_1_112' title="bbox 1906 5069 3550 5142; baseline 0.005 -20"><span class='ocrx_word' id='word_1_802' title='bbox 1906 5083 2027 5137; x_wconf 82' lang='lat' dir='ltr'><strong>quae</strong></span> <span class='ocrx_word' id='word_1_803' title='bbox 2047 5069 2304 5129; x_wconf 84' lang='lat' dir='ltr'><strong>duratura</strong></span> <span class='ocrx_word' id='word_1_804' title='bbox 2342 5080 2490 5137; x_wconf 91' lang='lat' dir='ltr'><strong>sunt,</strong></span> <span class='ocrx_word' id='word_1_805' title='bbox 2524 5082 2856 5128; x_wconf 86' lang='lat' dir='ltr'><strong>conservata</strong></span> <span class='ocrx_word' id='word_1_806' title='bbox 2877 5074 3187 5142; x_wconf 91' lang='lat' dir='ltr'><strong>putredine,</strong></span> <span class='ocrx_word' id='word_1_807' title='bbox 3217 5089 3466 5131; x_wconf 84' lang='lat' dir='ltr'><strong>omnem-</strong></span> <span class='ocrx_word' id='word_1_808' title='bbox 3545 5091 3550 5097; x_wconf 82' lang='lat'>&#39;</span> 
     </span>
    </p>
   </div>
   <div class='ocr_carea' id='block_1_113' title="bbox 1907 5163 3465 5236">
    <p class='ocr_par' dir='ltr' id='par_1_113' title="bbox 1907 5163 3465 5236">
     <span class='ocr_line' id='line_1_113' title="bbox 1907 5163 3465 5236; baseline 0.005 -21"><span class='ocrx_word' id='word_1_809' title='bbox 1907 5178 2014 5231; x_wconf 90' lang='lat' dir='ltr'><strong>que</strong></span> <span class='ocrx_word' id='word_1_810' title='bbox 2052 5163 2249 5217; x_wconf 87' lang='lat' dir='ltr'><strong>malum</strong></span> <span class='ocrx_word' id='word_1_811' title='bbox 2302 5164 2450 5236; x_wconf 84' lang='lat' dir='ltr'><strong>fugat</strong></span> <span class='ocrx_word' id='word_1_812' title='bbox 2476 5165 2701 5220; x_wconf 91' lang='lat' dir='ltr'><strong>odorem</strong></span> <span class='ocrx_word' id='word_1_813' title='bbox 2742 5180 2758 5218; x_wconf 88' lang='lat'><strong>:</strong></span> <span class='ocrx_word' id='word_1_814' title='bbox 2797 5166 2944 5220; x_wconf 91' lang='lat' dir='ltr'><strong>hunc</strong></span> <span class='ocrx_word' id='word_1_815' title='bbox 2979 5165 3141 5221; x_wconf 91' lang='lat' dir='ltr'><strong>etiam</strong></span> <span class='ocrx_word' id='word_1_816' title='bbox 3166 5167 3221 5222; x_wconf 93' lang='lat' dir='ltr'><strong>in</strong></span> <span class='ocrx_word' id='word_1_817' title='bbox 3248 5169 3465 5223; x_wconf 90' lang='lat' dir='ltr'><strong>modum</strong></span> 
     </span>
    </p>
   </div>
   <div class='ocr_carea' id='block_1_114' title="bbox 1906 5254 3468 5324">
    <p class='ocr_par' dir='ltr' id='par_1_114' title="bbox 1906 5254 3468 5324">
     <span class='ocr_line' id='line_1_114' title="bbox 1906 5254 3468 5324; baseline 0.004 -18"><span class='ocrx_word' id='word_1_818' title='bbox 1906 5254 2110 5308; x_wconf 84' lang='lat' dir='ltr'><strong>sentire</strong></span> <span class='ocrx_word' id='word_1_819' title='bbox 2150 5255 2319 5309; x_wconf 86' lang='lat' dir='ltr'><strong>debes</strong></span> <span class='ocrx_word' id='word_1_820' title='bbox 2381 5257 2448 5310; x_wconf 88' lang='lat' dir='ltr'><strong>de</strong></span> <span class='ocrx_word' id='word_1_821' title='bbox 2502 5257 2917 5311; x_wconf 86' lang='lat' dir='ltr'><strong>conservatione</strong></span> <span class='ocrx_word' id='word_1_822' title='bbox 2952 5258 3170 5324; x_wconf 89' lang='lat' dir='ltr'><strong>mentis,</strong></span> <span class='ocrx_word' id='word_1_823' title='bbox 3204 5259 3468 5313; x_wconf 84' lang='lat' dir='ltr'><strong>suavitate</strong></span> 
     </span>
    </p>
   </div>
   <div class='ocr_carea' id='block_1_115' title="bbox 1904 5346 3468 5415">
    <p class='ocr_par' dir='ltr' id='par_1_115' title="bbox 1904 5346 3468 5415">
     <span class='ocr_line' id='line_1_115' title="bbox 1904 5346 3468 5415; baseline 0.002 -15"><span class='ocrx_word' id='word_1_824' title='bbox 1904 5347 2098 5408; x_wconf 88' lang='lat' dir='ltr'><strong>animi,</strong></span> <span class='ocrx_word' id='word_1_825' title='bbox 2154 5355 2210 5399; x_wconf 90' lang='lat' dir='ltr'><strong>et</strong></span> <span class='ocrx_word' id='word_1_826' title='bbox 2270 5346 2591 5400; x_wconf 86' lang='lat' dir='ltr'><strong>admiranda</strong></span> <span class='ocrx_word' id='word_1_827' title='bbox 2621 5347 2740 5415; x_wconf 89' lang='lat' dir='ltr'><strong>ejus</strong></span> <span class='ocrx_word' id='word_1_828' title='bbox 2771 5346 3027 5403; x_wconf 76' lang='lat' dir='ltr'><strong>efﬁcacia.</strong></span> <span class='ocrx_word' id='word_1_829' title='bbox 3059 5348 3290 5405; x_wconf 82' lang='lat' dir='ltr'><strong>Suavem</strong></span> <span class='ocrx_word' id='word_1_830' title='bbox 3321 5350 3468 5404; x_wconf 91' lang='lat' dir='ltr'><strong>enim</strong></span> 
     </span>
    </p>
   </div>
   <div class='ocr_carea' id='block_1_116' title="bbox 1906 5434 3467 5508">
    <p class='ocr_par' dir='ltr' id='par_1_116' title="bbox 1906 5434 3467 5508">
     <span class='ocr_line' id='line_1_116' title="bbox 1906 5434 3467 5508; baseline 0.003 -19"><span class='ocrx_word' id='word_1_831' title='bbox 1906 5434 2166 5489; x_wconf 86' lang='lat' dir='ltr'><strong>divinitus</strong></span> <span class='ocrx_word' id='word_1_832' title='bbox 2198 5435 2377 5488; x_wconf 89' lang='lat' dir='ltr'><strong>reddit</strong></span> <span class='ocrx_word' id='word_1_833' title='bbox 2409 5434 2705 5500; x_wconf 89' lang='lat' dir='ltr'><strong>hominem,</strong></span> <span class='ocrx_word' id='word_1_834' title='bbox 2726 5445 2833 5490; x_wconf 88' lang='lat' dir='ltr'><strong>tam</strong></span> <span class='ocrx_word' id='word_1_835' title='bbox 2864 5438 3161 5503; x_wconf 89' lang='lat' dir='ltr'><strong>internum,</strong></span> <span class='ocrx_word' id='word_1_836' title='bbox 3183 5454 3341 5508; x_wconf 89' lang='lat' dir='ltr'><strong>quam</strong></span> <span class='ocrx_word' id='word_1_837' title='bbox 3372 5454 3467 5493; x_wconf 76' lang='lat' dir='ltr'><strong>ex-</strong></span> 
     </span>
    </p>
   </div>
   <div class='ocr_carea' id='block_1_117' title="bbox 1912 5525 3468 5598">
    <p class='ocr_par' dir='ltr' id='par_1_117' title="bbox 1912 5525 3468 5598">
     <span class='ocr_line' id='line_1_117' title="bbox 1912 5525 3468 5598; baseline 0.001 -18"><span class='ocrx_word' id='word_1_838' title='bbox 1912 5537 2162 5580; x_wconf 87' lang='lat' dir='ltr'><strong>ternum:</strong></span> <span class='ocrx_word' id='word_1_839' title='bbox 2195 5534 2250 5579; x_wconf 92' lang='lat' dir='ltr'><strong>et</strong></span> <span class='ocrx_word' id='word_1_840' title='bbox 2280 5539 2569 5593; x_wconf 87' lang='lat' dir='ltr'><strong>pravarum</strong></span> <span class='ocrx_word' id='word_1_841' title='bbox 2598 5525 2985 5596; x_wconf 87' lang='lat' dir='ltr'><strong>cogitationum</strong></span> <span class='ocrx_word' id='word_1_842' title='bbox 3027 5528 3239 5597; x_wconf 72' lang='lat' dir='ltr'><strong>paedore</strong></span> <span class='ocrx_word' id='word_1_843' title='bbox 3283 5529 3468 5598; x_wconf 78' lang='lat' dir='ltr'><strong>profli-</strong></span> 
     </span>
    </p>
   </div>
   <div class='ocr_carea' id='block_1_118' title="bbox 1913 5617 3466 5689">
    <p class='ocr_par' dir='ltr' id='par_1_118' title="bbox 1913 5617 3466 5689">
     <span class='ocr_line' id='line_1_118' title="bbox 1913 5617 3466 5689; baseline 0.003 -18"><span class='ocrx_word' id='word_1_844' title='bbox 1913 5628 2056 5689; x_wconf 81' lang='lat' dir='ltr'><strong>gato,</strong></span> <span class='ocrx_word' id='word_1_845' title='bbox 2085 5631 2441 5687; x_wconf 81' lang='lat' dir='ltr'><strong>perseverans</strong></span> <span class='ocrx_word' id='word_1_846' title='bbox 2464 5617 2515 5671; x_wconf 90' lang='lat' dir='ltr'><strong>in</strong></span> <span class='ocrx_word' id='word_1_847' title='bbox 2553 5618 2713 5673; x_wconf 83' lang='lat' dir='ltr'><strong>rebus</strong></span> <span class='ocrx_word' id='word_1_848' title='bbox 2742 5619 3008 5686; x_wconf 86' lang='lat' dir='ltr'><strong>honestis,</strong></span> <span class='ocrx_word' id='word_1_849' title='bbox 3032 5637 3130 5677; x_wconf 92' lang='lat' dir='ltr'><strong>nos</strong></span> <span class='ocrx_word' id='word_1_850' title='bbox 3161 5632 3466 5679; x_wconf 83' lang='lat' dir='ltr'><strong>conservat.</strong></span> 
     </span>
    </p>
   </div>
   <div class='ocr_carea' id='block_1_119' title="bbox 1924 5737 2427 5802">
    <p class='ocr_par' dir='ltr' id='par_1_119' title="bbox 1924 5737 2427 5802">
     <span class='ocr_line' id='line_1_119' title="bbox 1924 5737 2427 5802; baseline 0.002 -12"><span class='ocrx_word' id='word_1_851' title='bbox 1924 5738 1967 5768; x_wconf 73' lang='grc' dir='ltr'>δ”</span> <span class='ocrx_word' id='word_1_852' title='bbox 1991 5737 2129 5791; x_wconf 81' lang='lat' dir='ltr'><strong>Psal.</strong></span> <span class='ocrx_word' id='word_1_853' title='bbox 2167 5753 2345 5802; x_wconf 57' lang='grc' dir='ltr'>χχχιχ,</span> <span class='ocrx_word' id='word_1_854' title='bbox 2376 5737 2427 5791; x_wconf 85' lang='lat'><strong>9.</strong></span> 
     </span>
    </p>
   </div>
  </div>
