3906 6192
268 212 391 276 1509

957 224 1055 284 DE
1094 227 1635 293 TEMPERANTIA
1679 238 1773 297 ET
1815 239 2175 303 VlR'l'UTE.
2208 272 2271 281 -
2297 247 2687 315 CENTURIA
2714 259 2761 319 Ι.

3273 272 3275 274 ’
3360 273 3499 342 15ιύ

263 318 384 388 γὰρ.
419 319 564 391 ἄκρα
604 325 849 397 προσοχὴ
879 328 978 399 τῆς
1020 334 1280 402 συνεχοῦς
1305 334 1474 406 εὐχῆς
1494 353 1508 366 ·
1547 340 1580 409 ή
1608 341 1664 393 δὲ
1692 343 1786 411 εὖχ

263 409 417 448 ’πάλιν
446 411 665 448 innuat“.
696 414 796 448 ...ευ
829 418 1005 448 ειμι..-
1033 422 1248 448 ...£.t-..-
1274 427 1363 448 ---κ
1404 443 1583 448 ----μ
1613 430 1635 441 ~

2310 303 2687 315 ,__-_-v-....
2715 303 2761 319 ι.
3360 303 3496 342 tatu

1897 390 1899 397 ,
1928 342 2147 401 Summa
2173 349 2318 404 enim
2342 353 2666 424 observatio,
2700 362 3014 422 continuam
3048 386 3329 440 promovet
3369 395 3496 448 prce

261 409 417 462 πάλιν
446 411 665 465 ἐννοιῶν
696 414 796 484 τῆς
827 418 1005 488 ἄκρας
1033 422 1248 492 νήψεως
1274 427 1368 478 καὶ
1400 430 1696 499 προσοχῆς.

318 586 419 653 ιβ’.
460 589 714 661 Χρηστὸς
762 595 1116 666 παιδαγωγὸς
1161 600 1257 654 καὶ
1306 602 1401 654 τοῦ
1446 602 1700 673 σώματος
1727 610 1822 661 καὶ

253 676 346 745 τῆς
377 677 577 749 ψυχῆς,
605 683 639 750 ἡ
684 682 1055 756 ἀνεπίληπτος
1081 690 1271 760 μνήμη
1303 691 1397 744 τεῦ
1430 693 1685 761 θανάτου,
1724 700 1821 750 καὶ

252 766 308 820 τὸ
330 808 343 831 ,
376 770 446 821 τὰ
475 771 534 821 ὲν
562 771 716 844 μέσῳ
760 774 979 840 πάντως
1021 781 1457 852 παραδραμόντα
1497 785 1659 838 αὐτὸν
1679 828 1692 852 ,
1733 788 1821 842 ἀεὶ

252 859 576 928 προϐλέπειν
614 864 714 933 τὴν
755 865 969 938 κλίνην,
1016 869 1145 924 ἔνθα
1185 871 1663 945 ψυχορραγοῦντες
1691 878 1821 948 μέλ-

252 947 406 1018 λομεν
437 954 816 1021 κατακεῖσθαι,
852 964 945 1012 καὶ
972 960 1045 1028 τὰ
1066 961 1249 1016 λοιπά.

315 1043 413 1106 ιιε⁹.
458 1042 573 1095 Οὐκ
613 1042 784 1110 ἔστιν,
819 1049 1066 1118 ἀδελφοὶ,
1102 1050 1270 1107 ῦπνον
1298 1056 1536 1126 ἄρασθαι
1567 1057 1658 1110 τὸν
1699 1060 1820 1129 βου-

248 1128 463 1199 λόμενον
507 1133 753 1203 ἄτρωτον
801 1140 985 1208 μένειν
1027 1142 1117 1196 διὰ
1148 1147 1352 1211 παντός
1375 1163 1388 1176 ·
1417 1148 1635 1221 ἀνάγκη
1668 1128 1821 1207 δυοῖν,

248 1220 488 1292 θάτερον,
525 1225 558 1293 ἢ
601 1231 793 1282 πεσεῖν
834 1232 931 1285 καὶ
957 1234 1257 1289 ἀπολέσθαι
1307 1220 1667 1308 γυμνωθέντα
1709 1244 1817 1297 τῶν

245 1309 472 1380 ἀρετῶν,
518 1314 550 1385 ἢ
580 1315 668 1369 διὰ
698 1321 901 1384 παντὸς
927 1323 1006 1394 τῷ
1037 1324 1119 1378 νοτ
1155 1328 1622 1399 καθωπλισμένον
1651 1335 1814 1388 ἐστά-

245 1418 361 1454 ναιο
387 1405 478 1456 καὶ
507 1406 619 1476 γὰρ
649 1410 678 1462 6
708 1411 904 1484 ὲχθρδς
936 1415 1022 1468 ἀεὶ
1063 1417 1286 1472 ἵσταται
1320 1422 1460 1491 μετὰ
1491 1422 1590 1494 τῆς
1622 1427 1814 1480 ἑαυτοῦ

242 1494 617 1564 παρατάξεως.
1412 1522 1421 1527 ’

305 1587 416 1650 ιιςν.
458 1585 674 1642 Γίνεται
704 1608 789 1656 τις
823 1596 1164 1663 κατάστασις
1193 1599 1315 1655 Θεία
1344 1605 1404 1656 ὲν
1431 1603 1510 1674 τῷ
1537 1607 1613 1677 νῷ
1652 1609 1813 1680 ήμῶν

238 1671 299 1722 ὲκ
335 1674 431 1743 τῆς
464 1677 721 1748 συνεχοῦς
755 1683 979 1754 μνήμης
1006 1683 1100 1738 τοῦ
1128 1688 1340 1757 Κυρίου
1365 1671 1522 1761 ήμῶν
1566 1671 1807 1748 atatim-

237 1759 476 1830 κλήσεως
500 1766 667 1821 αὑτοῦ
693 1772 975 1843 συνεχοῦς,
998 1776 1094 1829 ὲάν
1120 1777 1196 1849 μὴ
1226 1759 1524 1851 ἀμελῶμεν
1545 1785 1642 1854 τῆς
1670 1786 1808 1857 πρὸς

235 1853 466 1924 Χριστὸν
497 1861 697 1930 συχνῆς
727 1865 871 1917 κατά
911 1866 1037 1921 νοῦν
1077 1868 1315 1940 δεήσεως
1343 1874 1440 1928 καὶ
1465 1876 1565 1946 τῆς
1594 1853 1808 1951 πυκνῆς

235 1946 463 2012 νήψεως,
495 1951 587 2002 καὶ
610 1951 705 2003 τοῦ
733 1954 1088 2011 ὲπιστατικοῦ
1113 1960 1279 2029 ἔργου
1304 1980 1319 1994 ο
1346 1964 1480 2019 ἀλλά
1511 1968 1603 2020 καὶ
1637 1969 1807 2035 ὅντως

233 2035 392 2105 ἔργον
424 2039 557 2091 αὐτὸ
597 2041 706 2108 ἀεὶ,
768 2046 867 2098 καὶ
911 2047 1176 2115 ὡσαύτως
1223 2054 1640 2128 ἐπιτελούμενον
1664 2061 1803 2131 ἐχω-

236 2142 333 2195 μεν
358 2127 458 2196 τῆς
498 2129 670 2200 Ἰησοῦ
724 2135 966 2206 Χριστοῦ
995 2141 1092 2194 τοῦ
1124 2145 1334 2215 Κυρίου
1377 2127 1538 2217 ἡμῶν
1571 2127 1804 2225 ἐπικλή-

233 2230 391 2284 σεως,
415 2218 551 2273 ἀλλὰ
584 2223 725 2292 μετὰ
748 2228 1045 2298 πυρώσεως
1071 2235 1299 2305 καρδίας
1321 2238 1641 2308 ἐκϐοῶντες,
1660 2218 1802 2302 ὥστε

232 2307 556 2374 μεταλαϐεῖν
595 2312 658 2365 τὸ
702 2313 860 2383 ἅγιον
902 2318 1073 2392 ὄνομα
1120 2323 1297 2395 Ἰησοῦ
1331 2344 1347 2360 ’
1390 2331 1649 2402 συνέχεια
1692 2335 1802 2406 γάρ

229 2396 324 2447 καὶ
366 2398 462 2449 ἐπὶ
490 2399 693 2472 ἀρετῆς
724 2405 820 2458 καὶ
850 2408 941 2460 ἐπὶ
970 2412 1174 2482 κακίας
1214 2417 1399 2487 μήτηρ
1425 2396 1593 2485 sese};
1613 2436 1625 2451 ο
1663 2396 1799 2492 ήίδέ,

225 2482 301 2547 ὡς
334 2486 495 2554 φύσις
523 2488 712 2545 λοιπὸν
740 2500 953 2566 κρατεῖ.
990 2500 1101 2554 Καὶ
1122 2504 1181 2555 ἐν
1220 2508 1553 2562 καταστάσει
1574 2512 1800 2585 τοιαύτῃ

223 2578 252 2629 6
299 2578 424 2643 νοῦς
466 2582 778 2653 γενόμενος,
829 2585 985 2659 ζητεῖ
1035 2593 1162 2657 τοὺς
1226 2594 1540 2666 πολεμίους,
1608 2578 1798 2676 ὥσπερ

225 2669 372 2723 κύων
392 2672 707 2739 Λακωνικὸς
742 2677 954 2748 λαγωὸν
1001 2684 1060 2736 ἐν
1092 2684 1346 2757 λόχμαις.
1383 2689 1540 2744 Οὕτω
1562 2693 1670 2764 γὰρ
1701 2669 1799 2750 κοὶι

218 2759 248 2811 6
277 2758 401 2823 νοῦς
430 2762 679 2832 πονηρῶν
712 2764 990 2838 λογισμῶν
1013 2771 1274 2847 ἐξερευνᾷ
1294 2793 1307 2807 °
1340 2778 1456 2832 ἀλλ’
1483 2781 1512 2831 ὁ
1549 2758 1671 2850 μὲν,
1707 2786 1792 2838 ἵνα

217 2850 542 2923 καταφάγῃ
572 2855 601 2906 6
627 2855 702 2922 δὲ,
741 2856 828 2910 ἵνα
866 2863 1224 2937 καταφθείρῃ.

285 3026 387 3091 ιιζν.
433 3028 560 3083 Ὅτε
607 3026 702 3086 οῦν
746 3036 843 3091 καὶ
887 3039 1082 3107 ὁσάκις
1135 3044 1529 3118 ὲπισυμϐαίνει
1579 3054 1786 3124 πληού-
1813 3019 1857 3079 c'

209 3115 396 3170 νεσθαι
439 3119 498 3172 ἐν
543 3122 677 3191 ἡμῖν
715 3125 845 3189 τοὺς
889 3133 1163 3203 πονηροὺς
1209 3115 1529 3209 λογισμοὺς,
1561 3115 1785 3215 τὴνντοῦ

208 3206 418 3277 Κυρίου
452 3209 610 3280 ἡμῶν
651 3213 824 3285 Ἰησοῦ
852 3217 1094 3288 Χριστοῦ
1146 3206 1437 3298 ἐπίκλησιν
1492 3206 1663 3300 μέσον
1688 3237 1787 3289 αύ-

205 3294 320 3347 τῶν
367 3296 729 3369 ἐμϐάλωμεν·
768 3306 864 3358 καὶ
909 3294 1296 3381 διαλυομένους
1336 3294 1538 3384 αὐτοῦς
1577 3323 1786 3391 εὐθέως

203 3382 332 3435 τότε
381 3383 513 3439 ὡσεὶ
562 3390 772 3445 καπνὸν
832 3395 893 3449 ἐν
940 3396 1066 3468 ἀέρι
1114 3401 1382 3472 ὀψόμεθα,
1429 3382 1570 3483 ὡςή
1617 3382 1783 3486 πεῖρα

203 3472 444 3539 ἐδίδαξε*
476 3479 571 3532 καὶ
618 3482 716 3535 τοῦ
762 3484 886 3549 νοὸς
944 3489 1107 3558 μόνου
1159 3472 1615 3569 καταλειφθέντος
1658 3472 1780 3559 τότε

200 3563 504 3636 ἀρχώμεθα
548 3570 715 3626 πάλιν
737 3574 839 3645 τῆς
887 3579 1147 3650 συνεχοῦς
1190 3563 1469 3659 προσοχῖις
1514 3563 1608 3645 καῖ
1660 3596 1783 3651 ἐπιο

201 3652 474 3723 κλήσεως.
519 3658 631 3714 Καὶ
674 3662 871 3729 ὁσάκις
900 3667 1006 3722 ὑπὸ
1033 3652 1402 3744 πείραςήτινὸς
1423 3652 1586 3736 τοῦτο
1614 3683 1779 3739 πάλιν

198 3742 487 3818 πάθωμεν,
517 3750 690 3817 οὕτως
710 3756 977 3830 ποιῶμεν.

268 3926 381 3993 LW-
398 3924 486 3991 Ὦς
506 3928 616 4001 γὰρ
636 3932 697 3986 οὐ
730 3933 958 3991 δυνατὸν
990 3945 1199 4012 γυμνὸν
1218 3946 1302 4010 είς
1321 3947 1562 4022 πόλεμον
1592 3954 1773 4009 εἰσελ-

191 4010 362 4068 θόντα
393 4016 631 4089 σώματι,
682 4022 715 4096 ἢ
756 4024 987 4083 πλεῦσαι
1018 4010 1161 4101 μέγα
1195 4035 1431 4107 πέλαγος
1461 4010 1586 4111 μετ’
1615 4045 1771 4099 ἐνδυ-

187 4104 465 4181 μάτων,ή
501 4110 602 4185 ζῇν
649 4114 779 4169 ἄνευ
816 4118 912 4173 τοῦ
947 4121 1230 4193 ἀναπνεῖν,
1277 4104 1768 4197 οὓτως-ἀδύνατον

179 4197 364 4266 χωρὶς
406 4203 812 4273 ’ταπεινώσεως
860 4211 956 4266 καὶ
1028 4219 1286 4289 συνεχοῦς
1341 4223 1480 4295 πρὸς
1527 4227 1767 4300 Χριστὸν

181 4283 427 4352 ἱκεσίας,
457 4291 551 4344 τὸν
587 4296 778 4366 νοητὸν
800 4300 896 4353 καὶ
927 4283 1649 4388 κρυπτὸννπόλεμοννὲκμαθ

171 4373 279 4426 καὶ
305 4380 574 4448 τεχνικῶς
597 4383 823 4453 τούτους
845 4393 1209 4453 καταδιώκειν
1237 4401 1334 4454 καὶ
1358 4402 1595 4473 βάλλειν.

251 4556 363 4625 ιιθο.
417 4558 476 4615 ’0
529 4564 706 4635 μέγας
742 4574 1193 4644 πρακτικώτατος
1242 4585 1406 4640 Δαϐίδ
1458 4607 1592 4661 φησι
1624 4609 1640 4623 ο
1687 4596 1785 4657 Τὸν

161 4644 402 4713 κράτος
437 4667 559 4719 μου
591 4657 743 4724 πρὸς
797 4661 873 4715 σὲ
908 4666 1162 4732 φυλάξω
1185 4709 1200 4735 ,
1237 4674 1374 4743 πρὸς
1408 4644 1753 4753 carnea};

157 4735 352 4806 λέγει,
387 4738 530 4796 ὥστε
556 4746 617 4799 τδ
646 4749 986 4826 φυλαχθῆναι
1028 4759 1087 4812 ὲν
1124 4761 1258 4831 ἡμῖν
1283 4735 1365 4817 3:6-
1399 4769 1600 4838 κράτος

147 4828 481 4902 καρδιακῆς
512 4840 703 4904 νοερᾶς
744 4842 993 4912 ἡσυχίας,
1029 4849 1088 4915 ἐξ
1242 4828 1542 4923 γεννῶνται
1579 4828 1751 4920 ἕπεισᾶ

147 4915 223 4969 αἱ
259 4918 481 4990 ἀρεταὶ,
520 4922 610 4978 διὰ
647 4929 745 4982 τοῦ
797 4933 1112 5006 βοηθεῖσθαι
1141 4915 1291 5013 ήμές
1322 4949 1474 5018 παρὰ
1504 4952 1598 5006 τοῦ

148 5006 292 5078 ρίου
341 5016 736 5085 προσγίνεταιο
779 5024 875 5078 τοῦ
921 5030 1018 5083 καὶ
1046 5030 1145 5096 τὰς
1162 5006 1751 5108 ⁷ιπξντολάς’δόντοςξκιιιὶ

145 5098 264 5166 ἀφ’
294 5102 458 5170 ήμῶν
487 5106 588 5178 τὴν
637 5113 844 5207 μιαρὰν
878 5116 1050 5188 λήθην
1093 5098 1471 5199 ὲκδιώκοντος,

150 5188 308 5260 παρ’
338 5193 497 5263 ήμῶν
544 5194 934 5275 ἐπιϐοωμένων
969 5211 1279 5288 ιρθαρτικὴν
1306 5188 1477 5275 οὖσαν
1507 5188 1745 5291 pett};

148 5279 267 5347 ι’ἦς
312 5284 622 5361 καρδιακῆς
655 5294 886 5366 ἡσυχίας
911 5298 1013 5371 τὴν
1040 5279 1325 5376 ἀμέλειαν,
1352 5310 1427 5375 ὡς
1459 5279 1603 5388 ὕδωρ

130 5372 256 5445 ρός
277 5369 539 5450 σ’διόπερ,
580 5387 802 5459 μοναχὲ,
826 5391 902 5461 μὴ
929 5369 989 5460 ἐξ
1022 5369 1286 5467 ἀμελείας
1313 5369 1507 5471 ῦπνοῖς
1530 5369 1609 5475 είς

221 5552 274 5586 ⁸⁷
308 5552 453 5613 Psal.
481 5574 630 5619 mn.

1928 433 2232 491 cationem:
2260 442 2497 523 precatio
2541 461 2759 503 rursum
2786 458 3129 520 procuratrix
3158 468 3241 514 est
3269 477 3497 523 summa

1929 526 2302 592 temperantiae
2326 539 2381 584 et
2407 516 2804 593 observationis
2825 543 3232 612 cogitationum.

1974 612 2083 666 ’95.
2125 614 2376 686 Optimus
2424 628 2672 695 corporis
2714 638 2770 684 et
2813 635 3009 689 anima:
3039 640 3357 713 pmdathgus
3387 661 3491 712 esu,

1925 702 2230 764 indelebilis
2265 716 2527 769 memoria
2550 721 2742 775 mortis
2768 740 2781 776 :
2807 734 2880 791 et,
2919 726 2987 782 iis
3013 746 3132 797 quae
3150 743 3277 788 ante
3306 738 3493 793 oculos

1920 792 2135 862 iacent,
2182 803 2407 858 omnino
2457 812 2861 881 praetermissis,
2914 820 3261 877 continenter
3316 828 3493 883 cubile

1922 889 2244 955 praevidere,
2275 893 2331 947 in
2381 912 2489 966 quo
2515 901 2745 970 posthac
2801 922 2926 962 cum
2964 911 3244 982 refrigerio
3273 919 3492 988 requie-

1922 991 2075 1032 scere
2107 982 2398 1049 possimus.

1984 1614 2072 1670 96.
2117 1617 2302 1677 Status
2350 1626 2574 1694 quidam
2640 1632 2859 1691 divinus
2896 1642 3143 1697 nascitur
3192 1644 3247 1699 in
3296 1647 3481 1702 animo

1913 1717 2104 1763 nostro
2133 1727 2197 1766 ex
2222 1717 2485 1774 continua
2518 1720 2729 1780 Domini
2754 1731 2926 1786 nostri
2959 1737 3238 1804 memoria,
3262 1748 3317 1795 et
3339 1743 3476 1796 assi-

1909 1796 2018 1851 dua
2056 1800 2173 1869 ejus
2206 1803 2584 1867 invocatione:
2621 1818 2783 1875 modo
2828 1823 3045 1881 solliciti
3074 1822 3245 1885 simus
3272 1831 3339 1887 de
3368 1832 3477 1888 fre-

1907 1890 2202 1957 quentibus
2249 1897 2416 1954 animi
2464 1906 2718 1972 precibus
2747 1926 2874 1983 erga
2924 1915 3226 1986 Christum,
3269 1924 3477 1981 crebris

1902 1978 2149 2047 jejuniis,
2181 1995 2236 2039 et
2278 1992 2536 2059 operibus
2595 1978 2960 2071 principatum
3001 2012 3352 2069 tenentibus:
3388 2031 3475 2070 re-

1905 2083 2056 2136 vera,
2095 2088 2261 2143 opere
2302 2079 2442 2148 ipso,
2476 2088 2617 2154 quod
2656 2089 2709 2143 in
2739 2091 3080 2154 invocatione
3131 2099 3341 2158 Domini
3372 2122 3471 2161 no-

1904 2163 2002 2216 stri
2027 2164 2154 2221 Jesu
2193 2168 2395 2226 Christi
2433 2179 2702 2246 consistit,
2730 2198 2948 2256 semper
2975 2198 3031 2244 et
3074 2192 3266 2247 eodem
3310 2198 3471 2252 modu

1902 2258 2213 2326 peragenda
2241 2264 2451 2330 prmditi
2480 2267 2674 2336 simus,
2703 2287 2938 2333 accenso
2964 2281 3127 2338 corde
3160 2285 3469 2342 exclaman-

1904 2353 2008 2409 tes,
2046 2354 2105 2401 ut
2150 2353 2324 2406 sancti
2360 2357 2596 2416 nominis
2638 2360 2769 2419 Jesu
2794 2369 3067 2435 possimus
3096 2384 3219 2430 esse
3248 2378 3469 2445 partici-

1900 2447 2018 2502 pes.
2054 2435 2361 2497 Assiduitas
2400 2447 2570 2511 enim.
2616 2452 2731 2508 sive
2761 2454 2816 2509 in
2850 2457 3050 2516 virtute
3078 2462 3196 2518 sive
3228 2465 3284 2519 in
3315 2468 3462 2529 vitio.

1900 2533 2079 2580 mater
2125 2538 2208 2583 est
2258 2532 2513 2591 habitus:
2550 2539 2769 2599 habitus
2812 2557 3015 2612 autem.
3061 2556 3209 2611 velut
3247 2566 3461 2621 natura.

1898 2625 2093 2673 caetera
2109 2620 2335 2677 obtinet.
2359 2625 2416 2679 In
2444 2642 2512 2683 oo
2532 2629 2713 2701 itaque
2733 2644 2876 2693 statu
2906 2641 3204 2701 collocatus
3224 2650 3461 2719 animus,

1898 2702 2088 2761 hostes
2127 2707 2375 2779 inquirit,
2415 2724 2476 2769 ut
2521 2721 2677 2776 canis
2712 2722 2989 2784 laconicus
3026 2730 3080 2785 in
3130 2734 3279 2794 silvis
3310 2739 3463 2810 lepo-

1897 2811 2033 2851 rem.
2075 2799 2154 2854 Λᾶ
2186 2801 2333 2857 hunc
2374 2808 2518 2861 enim
2566 2811 2786 2868 modum
2820 2831 2977 2875 mens
3015 2833 3293 2882 scrutatur
3335 2847 3461 2900 per-

1894 2901 2083 2943 versas
2128 2892 2525 2961 cogitationes:
2575 2902 2671 2956 sed
2702 2904 2791 2960 ille
2820 2908 3062 2979 quidem,
3098 2924 3157 2971 ut
3182 2892 3456 2989 comedat,

1896 2977 2015 3035 hace
2043 2992 2247 3051 autem,
2280 2992 2341 3041 ut
2366 2986 2675 3049 labefactet.

1959 3069 2049 3124 97.
2089 3069 2537 3147 Quandocunque
2578 3089 2634 3135 et
2674 3084 3106 3161 quotiescunque
3149 3097 3455 3171 contigerit,

1889 3168 1952 3214 ut
1982 3173 2240 3233 augeatur
2269 3165 2326 3220 in
2360 3168 2517 3223 nobis
2544 3185 2809 3230 numerus
2838 3192 3127 3248 pravarum
3172 3188 3457 3258 cogitatio-

1886 3266 2021 3307 num
2041 3292 2056 3318 ,
2088 3253 2487 3326 interjieiamus
2532 3262 2587 3316 in
2619 3265 2861 3323 mediutn
2893 3286 3081 3331 earum
3120 3276 3456 3349 imploratio-

1884 3357 2012 3396 nem
2046 3342 2257 3400 Domini
2285 3351 2460 3404 nostri
2488 3349 2617 3407 Jesu
2649 3354 2889 3413 Christi:
2921 3371 3145 3434 tumque
3176 3384 3301 3425 mox
3337 3388 3453 3439 eas,

1884 3431 2061 3487 instar
2099 3433 2233 3489 fumi
2265 3437 2320 3491 in
2354 3454 2501 3508 aere,
2534 3443 2845 3504 videbimus
2870 3465 3199 3513 evanescere
3227 3474 3241 3511 :
3294 3464 3452 3521 sicuti

1881 3522 2067 3578 docuit
2098 3528 2455 3597 experientia.
2476 3533 2545 3589 Et
2572 3535 2617 3590 si
2638 3552 2794 3595 mens
2820 3541 2934 3597 sola
2957 3549 3454 3618 comprehendatur

1881 3611 1951 3665 ab
1980 3612 2107 3674 illis.
2140 3615 2322 3672 denuo
2370 3634 2714 3681 resumamus
2740 3627 2956 3686 initium
2983 3636 3310 3696 continentis
3352 3645 3451 3699 oh-

1879 3703 2207 3760 servationis
2272 3716 2327 3762 et
2366 3709 2753 3771 invocationis.
2832 3719 3057 3787 Quoties
3117 3727 3300 3800 itaque
3357 3736 3447 3791 tali

1877 3791 2114 3861 quodam
2166 3795 2411 3866 periculo
2455 3815 2673 3860 rursum
2733 3809 3072 3882 vexabimur,
3113 3791 3226 3875 hoc
3262 3822 3444 3892 ipsum

1875 3895 2120 3954 agamus.

1945 3973 2034 4030 98.
2074 3974 2549 4041 Quemadmodum
2570 3984 2687 4041 ﬁeri
2712 4003 2823 4045 non
2849 4002 3028 4063 potest
3057 4006 3120 4054 ut
3139 4001 3262 4072 quis
3293 4008 3442 4067 nudo

1871 4081 2102 4137 corpore
2139 4069 2480 4131 descendens
2508 4075 2567 4131 in
2606 4080 2877 4151 praelium,
2910 4088 3082 4146 victor
3107 4069 3322 4166 evadat,
3345 4113 3440 4159 aut

1870 4158 1994 4213 cum
2017 4158 2353 4219 indumentis
2380 4164 2437 4221 in
2461 4166 2729 4228 immenso
2755 4176 2947 4250 pelago
2974 4193 3144 4254 natet,
3170 4200 3265 4247 aut
3293 4194 3439 4253 vivat

1869 4248 1988 4304 sine
2022 4252 2380 4322 respiratione
2401 4296 2418 4323 ,
2462 4257 2536 4314 ita
2568 4261 2685 4318 ﬁeri
2717 4281 2826 4321 non
2871 4248 3051 4339 potest
3084 4248 3142 4333 ut
3169 4282 3302 4340 citra
3332 4286 3435 4343 hu-

1655 4323 1757 4390 εἶν,
1792 4342 1836 4398 D
1867 4339 2150 4396 militatem
2204 4354 2260 4399 et
2308 4349 2624 4406 continuam
2681 4355 2880 4415 Christi
2935 4368 3388 4437 supplicationem
3417 4421 3432 4444 ,

1865 4431 2109 4500 spiritale
2130 4444 2184 4489 et
2204 4447 2475 4494 secretum
2501 4441 2700 4499 bellum
2727 4431 3058 4522 ediscamus,
3067 4468 3122 4515 et
3142 4431 3434 4524 artiﬁciose

1866 4517 2223 4588 cogitationes
2249 4522 2367 4579 illas
2386 4529 2721 4597 expellamus
2748 4546 2804 4591 et
2826 4517 3114 4605 credamus.

1934 4610 2022 4665 99.
2064 4610 2288 4685 Magnus
2316 4615 2518 4685 David,
2558 4638 2739 4681 rerum
2767 4635 3124 4700 gerendarum
3163 4644 3432 4711 peritissi-

1862 4712 2008 4765 mus,
2058 4699 2346 4759 Dominum
2380 4707 2682 4782 alloquens,
2714 4699 2824 4775 ait:
2854 4722 3236 4785 Fortitudinem
3260 4750 3431 4789 meum

1861 4790 1932 4843 ad
1975 4799 2023 4843 te
2051 4797 2342 4850 custodiam
2365 4798 2433 4856 ⁸⁷.
2472 4802 2552 4859 Ita
2589 4816 2649 4861 ut
2677 4817 2786 4864 tota
2829 4813 2910 4868 vis
2941 4817 3139 4884 quietis
3172 4823 3431 4892 spiritalis

1858 4880 2023 4934 animi
2066 4887 2260 4948 nostri,
2299 4890 2439 4946 unde
2464 4909 2767 4953 nascuntur
2797 4918 2988 4962 omnes
3019 4908 3268 4979 virtutes,
3294 4931 3428 4973 con~

1857 4980 2106 5027 servetur
2136 4979 2345 5034 auxilio
2374 4981 2585 5039 Domini
2612 5005 2625 5040 :
2659 4991 2750 5058 qui
2787 5001 2843 5048 et
2879 5008 3153 5068 praecepta
3178 5003 3428 5072 dedit,,et

1856 5057 2126 5128 impuram
2170 5065 2504 5125 oblivionem
2556 5088 2586 5128 a
2632 5057 2788 5132 nobis
2835 5057 3079 5152 espellit;
3109 5098 3217 5145 eta
3247 5057 3423 5152 conti-

1855 5156 2051 5204 nentcr
2068 5151 2507 5226 inclamantibus,
2534 5164 2818 5235 ignaviam:
2835 5187 2955 5242 qua:
2977 5182 3422 5250 tranquillitatem
