3906 6192
461 268 597 337 1511

1650 259 2011 320 HESYCHII
2048 258 2515 318 PRESBYTER]
2541 263 2554 276 '

3574 250 3705 315 1512

459 384 683 455 quidam
714 379 928 448 sapiens
968 374 1126 438 dixit,
1163 373 1440 428 adhaereat
1468 385 1668 426 nomen
1693 372 1824 455 Jesu
1864 370 2038 439 spira-

2176 388 2326 435 ατον,
2360 370 2497 424 ἀλλὰ
2541 366 2713 439 Ἰησοῦ
2744 362 2966 436 ὀνόματι
3015 362 3244 434 μάστιξε
3276 361 3596 433 πολεμίους,
3625 364 3717 417 καὶ

459 448 586 530 culo
632 483 749 535 tuo,
793 478 846 525 et
877 468 1145 522 universa:
1174 464 1333 519 vitae:
1366 461 1586 534 jamque
1618 448 1912 532 cognosces
1946 476 2032 514 re-

462 565 662 635 quietis
685 562 944 617 fructum.

538 746 658 801 100.
688 739 916 809 Quando
938 752 1063 801 nos,
1091 735 1182 806 qui
1214 733 1415 804 alioqui
1458 729 1666 803 indigni
1702 746 1917 795 sumus,
1969 729 2037 782 ad

466 838 651 893 divina
675 840 731 887 et
753 830 1038 901 impolluta
1072 826 1330 899 mysteria
1371 824 1594 887 Christi,
1621 821 1715 877 Dei
1744 819 1967 886 summi,
1987 826 2043 873 et

455 919 861 983 'cxtimescendi
894 920 1038 991 regis
1066 919 1262 984 nostri,
1294 932 1405 972 non
1432 917 1549 970 sine
1587 914 1818 969 horrore
1843 911 2041 967 admit-

470 1019 661 1082 timur,
695 1024 824 1070 tunc
840 1014 1106 1082 majorem
1130 1007 1596 1064 etaccuratiorcm
1624 1002 2039 1074 temperantiam

470 1117 527 1162 et
578 1105 781 1161 mentis
836 1102 1138 1158 custodiam
1172 1102 1553 1156 demonstrare
1613 1097 1927 1151 debemus:
1986 1101 2045 1147 ut

472 1198 613 1272 ignis
669 1196 909 1261 divinus,
964 1209 1162 1263 nempe
1188 1206 1387 1262 corpus
1442 1189 1658 1245 Domini
1688 1187 1859 1242 nostri
1911 1185 2045 1240 Jesu

471 1289 702 1353 Christi,
744 1297 968 1357 peccata
1002 1297 1215 1350 nostra,
1247 1292 1303 1339 et
1334 1294 1444 1338 tam
1484 1297 1711 1352 magnas
1734 1296 1898 1350 quam
1926 1280 2046 1333 exis

473 1397 608 1451 guas
642 1380 833 1433 sordes
864 1378 1138 1431 absumat.
1166 1374 1299 1428 Nam
1340 1373 1498 1435 illud,
1565 1371 1749 1425 statim
1779 1379 1837 1423 ut
1860 1369 2045 1439 ingrc-

475 1471 622 1524 ditur
657 1468 712 1521 in
735 1481 859 1532 nos,
887 1464 1106 1534 expellit
1140 1479 1170 1517 e
1198 1463 1365 1517 corde
1399 1460 1681 1530 improbos
1708 1458 1935 1528 spiritus
1956 1471 2049 1510 nc-

475 1561 683 1631 quitite,
709 1566 933 1630 peccata
960 1558 1014 1609 in
1042 1556 1199 1609 nobis
1226 1556 1419 1608 oborta
1439 1552 1713 1607 condonat
1738 1566 1751 1600 :
1791 1560 1844 1604 et
1868 1548 2050 1603 relin-

476 1653 662 1721 quitur
676 1650 892 1703 animus
914 1661 1204 1716 pravarum
1230 1643 1619 1713 cogitationum
1642 1638 2052 1711 perturbatione

480 1756 709 1797 vacuus.
739 1740 964 1794 Necnon
1005 1738 1049 1791 si
1080 1746 1289 1806 postea,
1344 1742 1551 1789 stantes
1586 1734 1652 1787 ad
1688 1731 1834 1786 fores
1876 1730 2056 1785 cordis
2091 1716 2128 1773 Β

479 1824 676 1898 nostri,
709 1832 999 1902 diligenter
1015 1830 1259 1883 animum
1280 1827 1810 1884 conservaverimus,
1839 1822 2055 1892 quando

482 1939 699 1978 rursum
729 1922 793 1975 ad
816 1936 878 1974 ea
910 1919 1167 1990 mysteria
1189 1918 1524 1982 accedimus,
1573 1929 1772 1983 corpus
1810 1911 2056 1966 divinum

482 2014 692 2083 majore
724 2012 924 2075 adhuc,
949 2010 1179 2077 majore,
1214 2009 1459 2077 inquam,
1494 2005 1786 2076 splendore
1818 2011 2057 2058 mentem

483 2101 782 2174 perfundit,
822 2109 877 2156 et
907 2100 1079 2155 stella:
1109 2100 1345 2154 similem
1376 2098 1576 2152 reddit.

903 2233 1257 2291 CENTURIA
1290 2231 1628 2287 SECUNDA.

558 2352 609 2405 1.
634 2349 851 2405 Oblivio
884 2349 1071 2403 delere
1104 2347 1243 2402 solet
1291 2346 1493 2400 mentis
1537 2341 1865 2405 custodiam,
1922 2341 2064 2396 sicut

485 2457 625 2511 aqua
655 2441 1174 2511 exstinguitignem.
1224 2438 1498 2493 Conlinua
1547 2450 1678 2490 vero
1698 2450 1824 2506 erga
1873 2433 2063 2489 Jesum

487 2533 751 2604 precatio,
797 2531 1113 2586 vehementi
1158 2531 1349 2600 juncta
1401 2528 1799 2599 temperantize,
1843 2527 2064 2581 tandem

488 2625 749 2680 absorbet
773 2624 921 2676 illam
951 2639 982 2677 e
1035 2632 1237 2677 mente.
1279 2621 1412 2692 Eget
1440 2622 1587 2675 enim
1619 2620 1795 2673 oratio
1851 2626 2064 2688 tempe-

488 2715 686 2781 rantia,
722 2728 833 2768 non
854 2713 1011 2767 aliter
1035 2728 1199 2782 quam
1240 2712 1454 2780 lampas
1477 2710 1698 2782 exigua,
1731 2709 1939 2764 lumine
1973 2709 2061 2763 lu-

491 2823 697 2863 cernae.

559 2924 616 2977 2.
649 2920 1052 2976 Elahorandum
1101 2925 1187 2973 est
1225 2915 1277 2970 in
1314 2912 1661 2971 asservandis
1681 2914 1749 2970 iis
1777 2928 1898 2994 quae
1940 2920 2069 2969 sunt

492 3016 726 3086 pretiosa
776 3029 790 3067 :
853 3011 1091 3082 pretiosa
1141 3023 1306 3079 porro
1374 3023 1561 3061 revera
1617 3016 1765 3071 sunt,
1802 3022 1923 3076 qua:
1965 3022 2068 3061 nos

493 3113 827 3159 conservant
855 3103 924 3155 ab
958 3100 1107 3154 omni
1144 3099 1299 3161 vitio,
1334 3107 1442 3152 tam
1468 3097 1713 3168 corporis
1737 3113 1901 3167 quam
1941 3096 2070 3151 ani-

493 3211 616 3251 mze.
640 3196 709 3250 Et
731 3202 859 3248 sunt
889 3194 1011 3256 ista,
1034 3190 1297 3247 Custodia
1339 3191 1559 3255 mentis,
1616 3205 1803 3244 secum
1860 3188 2071 3244 habens

494 3300 760 3340 annexam
800 3282 1201 3337 invocationem
1217 3280 1347 3336 Jesu
1376 3280 1598 3343 Christi,
1637 3278 1906 3350 profunda
1947 3295 2073 3334 cor-

495 3378 580 3431 dis
613 3388 830 3445 semper
856 3373 1081 3440 inlueri,
1115 3373 1356 3427 animum
1385 3378 1668 3442 perpetuo,
1701 3371 1852 3425 utita
1871 3370 2069 3436 dicam,

497 3466 846 3517 ﬂuctuantem
879 3460 1229 3529 tranquillum
1262 3459 1511 3529 reddere,
1537 3458 1705 3512 etiam
1729 3458 1798 3512 ab
1829 3457 1898 3512 iis
1922 3457 2071 3529 cogi-

497 3554 793 3609 tationibus
826 3568 947 3622 quze
970 3559 1135 3607 rectae
1177 3552 1484 3606 videntur:
1545 3550 1680 3605 dare
1726 3565 1950 3619 operam
2015 3559 2074 3604 ut

497 3642 921 3713 cogitationibus
950 3643 1187 3697 libenter
1208 3657 1516 3707 careamus,
1551 3657 1618 3697 ne
1656 3641 1806 3698 fures
1856 3658 1957 3697 nos
1987 3641 2070 3696 la-

501 3745 668 3790 teant.
704 3737 767 3789 Et
805 3735 1053 3804 quamvis
1082 3734 1415 3789 laboriosum
1454 3734 1542 3800 sit,
1593 3734 1648 3788 in
1694 3734 2073 3790 conservando

499 3828 661 3882 corde
699 3840 1044 3896 permanere,
1069 3834 1124 3879 at
1153 3826 1398 3895 proxima
1423 3834 1507 3880 est
1532 3825 1860 3880 consolatio.

567 3918 619 3972 ὃ.
648 3917 803 3973 Mens
842 3918 988 3972 enim
1007 3933 1127 3987 quae
1150 3917 1271 3971 sine
1298 3917 1710 3972 intermissione
1732 3915 2069 3982 custoditur,

498 4022 554 4065 et
576 4020 758 4065 tamen
797 4010 847 4064 ei
878 4009 1197 4064 conceditur
1241 4008 1496 4079 excipere
1542 4009 1763 4074 formas,
1811 4009 2075 4081 imagines

500 4101 863 4157 ctillusiones
917 4101 1276 4155 obscurorum
1315 4109 1370 4154 et
1416 4100 1710 4170 pravorum
1757 4102 2073 4171 spirituum,

500 4191 637 4246 solet
677 4205 743 4246 ex
801 4191 882 4245 eis
930 4189 1063 4260 ipsis
1120 4190 1482 4260 cogitationes
1514 4191 1726 4246 lucidas
1748 4192 2070 4260 concipere.

499 4281 632 4336 Nam
661 4291 720 4336 ut
757 4283 921 4337 carbo
938 4280 1207 4337 ﬂammam
1236 4283 1506 4352 producit,
1544 4284 1718 4338 multo
1738 4284 1913 4352 magis
1933 4284 2077 4337 Deus

2136 464 2212 527 ὡς
2263 464 2425 532 σοφός
2472 480 2556 524 τις
2599 461 2838 529 λέλεχεν,
2885 456 3058 528 Ἰησοῦ
3088 453 3260 526 ὄνομα
3298 452 3630 525 κολληθήτω
3656 456 3720 528 τῇ

2137 558 2272 625 πνοῇ
2323 572 2415 607 σου
2471 554 2565 606 καὶ
2610 551 2761 623 πάσῃ
2815 552 2880 620 τῇ
2928 549 3040 618 ζωῇ
3095 564 3214 614 σου,
3255 548 3352 600 καὶ
3378 547 3506 601 τότε
3539 547 3726 618 γνώσῃ

2137 645 2369 716 ἡσυχίας
2395 644 2688 713 ὠφέλειαν.

2211 737 2281 808 ρ’.
2313 738 2482 790 Ὅταν
2547 736 2656 788 τῶν
2702 733 2863 787 θείων
2913 732 3008 785 καὶ
3072 732 3359 802 ἁχράντων
3409 728 3729 800 μυστηρίων

2140 828 2378 898 Χριστοῦ
2411 826 2506 880 τοῦ
2563 825 2700 879 Θεοῦ
2749 826 2844 878 καὶ
2877 824 3114 895 μεγάλου
3141 822 3408 893 βασιλέως
3440 823 3613 893 ἡμῶν
3642 839 3723 887 φο-

2145 920 2306 990 6εροῦ
2340 918 2585 990 φρικτῶς
2635 917 2960 987 ἁξιωθῶμεν
2999 917 3049 969 οί
3097 915 3331 980 ἀνάξιοι,
3366 913 3497 966 τότε
3538 914 3732 983 μᾶλλον

2145 1010 2243 1079 τὴν
2269 1008 2430 1077 νῆψιν
2485 1008 2581 1062 καὶ
2622 1008 2722 1078 τὴν
2781 1008 3010 1077 τήρησιν
3042 1005 3138 1058 τοῦ
3174 1005 3294 1068 νοὸς
3321 1003 3422 1056 καὶ
3450 1003 3737 1075 ἀκρίϐειαν

2146 1098 2568 1169 ὲπιδειξὼμεθα,
2604 1099 2692 1152 ἵνα
2723 1096 3083 1168 καταναλώσῃ
3121 1096 3282 1167 ἡμῶν
3303 1096 3407 1158 τὰς
3436 1096 3739 1166 ἁμαρτίας,

2148 1193 2244 1244 καὶ
2265 1192 2333 1244 τὰ
2366 1190 2538 1261 μικρὰ
2575 1191 2669 1243 καὶ
2695 1189 2764 1241 τὰ
2818 1188 3031 1258 μεγάλα
3052 1187 3420 1258 ρυπάσματα.
3446 1186 3517 1238 τδ
3554 1185 3668 1256 πῦρ
3689 1187 3743 1239 τὸ

2151 1281 2350 1347 Θεῖκὸν,
2390 1282 2559 1351 ῆγουν
2588 1280 2648 1334 τὸ
2672 1281 2833 1351 σῶμα
2854 1279 2948 1333 τοῦ
2974 1279 3178 1349 Κυρίου
3203 1279 3365 1350 ἡμῶν
3399 1278 3588 1349 Ἰησοῦ
3619 1280 3741 1347 Χρι-

2155 1372 2302 1426 στοῦ.
2344 1372 2454 1427 Καὶ
2508 1373 2619 1443 γὰρ
2669 1373 3058 1444 εἰσερχόμενον
3115 1375 3173 1425 ὲν
3219 1376 3381 1443 ἡμῖν,
3411 1374 3492 1426 τὰ
3540 1374 3744 1440 πονηρὲ

2156 1461 2445 1530 πνεύματα
2472 1459 2572 1530 τῆς
2596 1461 2862 1531 πονηρίας
2899 1461 3061 1523 εὐθὺς
3109 1463 3175 1515 ὲκ
3214 1465 3315 1532 τῆς
3372 1460 3638 1531 καρδίας
3655 1464 3746 1515 ai:-

2154 1552 2391 1619 ελαύνει,
2420 1554 2517 1607 καὶ
2539 1554 2637 1616 τὰς
2681 1552 2958 1623 ἁμαρτίας
2997 1553 3098 1616 τὰς
3145 1554 3582 1626 προγενομένας
3627 1555 3745 1623 ἡμῖν

2158 1646 2450 1715 συγχωρεῖ,
2481 1643 2576 1696 καὶ
2602 1643 3082 1713 καταλιμπάνεται
3120 1645 3148 1697 ό
3180 1644 3306 1707 νοῦς
3356 1645 3549 1714 χωρὶς
3600 1646 3744 1714 όχλήυ

2161 1754 2299 1790 σεων
2356 1734 2610 1805 πονηρῶν
2669 1734 2987 1804 λογισμῶν·
3053 1736 3149 1788 καὶ
3198 1734 3362 1807 εἴπερ
3402 1736 3558 1805 μετὰ
3591 1737 3744 1789 ταῦτα

2159 1826 2404 1897 ἀκριϐῶς
2442 1826 2532 1878 τὸν
2561 1824 2683 1878 νοῦν
2724 1828 3078 1897 τηρήσωμεν.
3123 1826 3216 1879 καὶ
3244 1828 3303 1880 ἐν
3343 1826 3507 1897 πύλῃ

2157 1915 2317 1986 ἡμῶν
2345 1915 2582 1986 στῶμεν,
2620 1917 2709 1969 ὅτε
2742 1916 2905 1969 πάλιν
2940 1917 3398 1987 καταξιωοῶμεν,
3431 1919 3647 1988 μᾶλλον
3679 1919 3746 1971 ἔτι

2159 2011 2254 2064 καὶ
2287 2012 2488 2082 μᾶλλον
2520 2012 2838 2085 λαμπρύνει
2873 2014 2964 2067 τὸν
2992 2015 3140 2080 νοῦν,
3172 2015 3269 2068 καὶ
3293 2016 3637 2085 ἀστεροειδῆ
3666 2015 3751 2067 αὖ·

2159 2101 2252 2154 τὸν
2270 2103 2331 2155 τὸ
2366 2102 2509 2156 θετον
2538 2102 2700 2175 σῶμα
2729 2105 3130 2176 ἀπεργάζεται.

2570 2239 2890 2292 ΔΕΥΤΕΡΑ
2919 2237 3367 2294 ΕΚΑΤΟΝΤΛΣ.

2236 2360 2302 2407 α’.
2342 2353 2498 2425 Λήθη
2543 2353 2824 2407 σϐεννύειν
2888 2348 2997 2407 οἶδε
3047 2352 3167 2415 νοὸς
3215 2352 3531 2421 φυλακὴν,
3586 2353 3761 2425 ὥσπερ

2167 2445 2422 2500 σϐέννυσι
2479 2445 2591 2516 πῦρ
2656 2445 2841 2517 ὕδωρ’
2908 2445 3138 2515 συνεχὴς
3171 2443 3229 2496 δὲ
3273 2444 3471 2512 Ἰησοῦ
3515 2447 3653 2515 εὐχὴ
3694 2450 3763 2508 εἰς

2164 2535 2321 2599 τέλος
2384 2536 2556 2608 αὐτὴν
2619 2536 2901 2608 ἐκδαπανᾷ
2946 2535 3045 2606 τῆς
3083 2536 3318 2606 καρδίας
3353 2538 3510 2604 μετᾶ
3566 2538 3763 2607 νήψεως

2170 2629 2433 2683 συντόνου
2462 2646 2476 2660 ο
2503 2628 2696 2701 χρῄζει
2755 2628 2865 2699 γὰρ
2899 2629 2931 2699 ή
2975 2626 3112 2698 εὐχὴ
3142 2629 3243 2698 τῆς
3282 2626 3551 2697 νήψεως,
3592 2629 3765 2696 ὥσπερ

2168 2719 2480 2792 λαμπάδιον
2508 2721 2687 2789 φωτὸς
2717 2719 2934 2790 λύχνου.
3045 2704 3051 2709 ’
3638 2748 3653 2756 -

2246 2916 2312 2989 β’.
2341 2916 2533 2972 Πονείν
2592 2912 2672 2970 δεῖ
2698 2915 2792 2969 ἐπὶ
2837 2915 2903 2986 τῇ
2941 2915 3156 2985 φυλακῇ
3197 2914 3309 2967 τῶν
3334 2916 3556 2984 τιμίων
3583 2932 3599 2946 ο
3630 2918 3762 2986 τξριιι

2172 3011 2229 3064 δὲ
2291 3010 2367 3072 ὼς
2419 3007 2658 3079 ἀληθῶς,
2688 3007 2757 3059 τὰ
2793 3007 3135 3075 φυλάσσοντα
3169 3007 3325 3076 ἡμᾶς
3363 3008 3567 3077 πάσης
3590 3008 3765 3068 κακίας

2177 3100 2441 3170 αἰσθητῆς
2468 3116 2527 3152 τε
2563 3098 2659 3152 καὶ
2688 3099 2907 3168 νοητῆς.
2938 3098 3125 3151 Ταῦτα
3153 3098 3209 3150 δέ
3244 3100 3360 3151 εἰσι
3394 3100 3630 3169 φυλακὴ
3666 3103 3765 3160 νύις

2174 3197 2271 3249 σὺν
2324 3191 2503 3262 Ἰησοῦ
2555 3189 2799 3262 Χριστοῦ
2840 3188 3152 3259 ἐπικλήσει,
3204 3188 3441 3258 βλέπειν
3478 3208 3544 3242 τε
3575 3192 3665 3242 ἀεὶ
3706 3198 3765 3249 si;

2171 3284 2232 3338 τὸ
2290 3282 2455 3354 βάθος
2500 3282 2599 3350 τῆς
2667 3280 2920 3353 καρδίας,
2953 3280 3046 3332 καὶ
3081 3280 3391 3348 ἡσυχάζειν
3438 3282 3689 3344 ἀεννᾶως
3716 3283 3763 3347 τί

2172 3377 2404 3448 διανοίᾳ,
2440 3376 2506 3429 ἵν’
2531 3373 2708 3437 οὕτως
2738 3374 2899 3438 εἴπω,
2934 3374 3030 3425 καλ⁵
3054 3376 3119 3425 ὲκ
3146 3372 3254 3425 τῶν
3287 3373 3607 3426 δοκούντων
3628 3374 3771 3438 λογι-

2176 3469 2328 3540 σμῶν
2358 3466 2733 3539 εὑρίσκεσθαι,
2781 3466 2868 3519 ἵνα
2906 3464 2982 3537 μὴ
3040 3464 3397 3519 λανθάνωσιν
3433 3469 3489 3518 οἱ
3513 3466 3766 3519 adis-.13:-

2174 3561 2268 3615 καὶ
2295 3562 2345 3614 εί
2388 3560 2483 3612 καὶ
2514 3557 2785 3628 πονοῦμεν
2815 3560 2882 3628 τῇ
2930 3557 3126 3628 καρδίᾳ
3164 3558 3639 3627 παραμένοντες,
3674 3560 3769 3612 £2:

2176 3653 2345 3723 ἐγγὺς
2375 3654 2409 3724 ἡ
2437 3649 2805 3722 παράκλησις.

2247 3925 2317 3987 γ’.
2351 3917 2571 3988 Πέφυκε
2595 3915 2760 3988 γὰρὴ
2796 3914 2991 3984 καρδία
3025 3913 3403 3979 ἀδιαλείπτως
3438 3918 3776 3988 τηρουψ.

2178 4013 2275 4066 καὶ¹
2308 4009 2758 4080 συγχωρουμένη,
2795 4007 2895 4069 τὰς
2934 4006 3171 4076 μορφὰς,
3237 4006 3340 4060 καὶ
3397 4009 3515 4071 τὰς
3554 4012 3775 4069 εἰκόνες,

2179 4102 2274 4155 καὶ
2302 4100 2399 4165 τὰς
2439 4099 2741 4168 φαντασίας
2768 4097 3023 4168 δέχεσθαι
3060 4096 3170 4150 τῶν
3212 4101 3536 4153 σκοτεινῶν
3571 4104 3675 4154 καὶ
3699 4117 3777 4151 :3-

2179 4191 2364 4263 νηρῶν
2391 4190 2743 4260 πνευμάτων,
2766 4188 3066 4258 λογισμοὺς
3098 4190 3455 4258 φεγγοειδεῖς
3482 4191 3551 4255 ἐξ
3588 4194 3778 4245 Ean-.15

2179 4284 2451 4336 κυῖσκειν.
2491 4282 2707 4351 Ὠσπερ
2733 4279 2843 4350 γὰρ
2873 4280 3098 4350 κάρδων
3135 4281 3304 4351 γεννᾷ
3355 4281 3582 4351 φλέγε..
3621 4283 3777 4350 πλῷ

500 4372 755 4426 habitans
778 4373 832 4426 in
866 4372 1050 4437 corde,
1086 4388 1152 4427 ex
1185 4381 1375 4428 sancto
1408 4374 1757 4443 baptismate,
1814 4375 1861 4428 si
1918 4389 2064 4444 repe-

2184 4373 2385 4445 μᾶλλον
2411 4376 2439 4427 ὁ
2469 4371 2695 4426 ἒνοικῶν
2724 4372 2789 4442 τῇ
2835 4371 3032 4442 καρδία
3058 4370 3192 4434 Θεὸς
3221 4372 3333 4424 ἀπὸ
3352 4373 3463 4426 τοῦ
3494 4376 3665 4441 ἁγίου
3699 4374 3779 4441 3:-

502 4462 606 4515 riat
630 4477 813 4515 aerem
837 4462 1146 4517 intellectus
1163 4464 1335 4517 nostri
1361 4468 1557 4534 purum
1586 4480 1613 4517 a
1640 4464 1929 4534 spiritibus
1972 4481 2072 4520 ne-

499 4551 707 4620 quitizn,
748 4552 850 4605 sub
872 4552 1118 4605 custodia
1149 4554 1349 4607 mentis
1372 4564 1733 4616 asscrvatum,
1806 4555 2075 4612 accendet

501 4640 890 4695 intellectivam
930 4640 1098 4694 animi
1134 4641 1306 4695 nostri
1358 4642 1673 4696 facultatem
1735 4643 1803 4697 ad
1834 4653 2078 4699 contem-

501 4730 818 4801 plationem,
850 4728 1080 4798 perinde
1103 4740 1164 4784 ut
1198 4729 1412 4784 ﬂamma
1443 4747 1651 4786 ceram.

572 4818 626 4873 4.
657 4817 1121 4884 Quemadmodum
1147 4819 1467 4874 imminente
1509 4819 1689 4890 pluvia
1714 4819 1892 4892 fulgur
1922 4822 2078 4877 volu-

504 4908 649 4968 tatur
691 4913 748 4968 in
792 4925 938 4983 _aere
989 4912 1361 4966 ﬁrmamenti:
1402 4913 1474 4966 ita
1494 4929 1721 4969 necesse
1760 4924 1845 4970 est
1874 4932 2079 4970 nomen

500 5003 632 5060 Jesu
660 5004 862 5059 Christi
900 5011 1167 5074 perpetuo
1193 5004 1397 5059 versari
1434 5004 1489 5058 in
1523 5022 1649 5059 area
1682 5007 1862 5062 cordis
1881 5009 2075 5063 nostri.

502 5095 657 5160 Quod
688 5103 877 5150 exacte
910 5103 1133 5160 norunt,
1151 5094 1242 5164 qui
1275 5095 1476 5149 mentis
1505 5105 1559 5151 et
1592 5095 1792 5151 interni
1817 5096 1945 5153 belli
1980 5114 2079 5168 pe-

502 5185 733 5241 riculum
765 5184 1033 5241 fecerunt.
1061 5185 1150 5241 Sic
1190 5185 1390 5241 bellum
1415 5186 1785 5244 intellectuale
1814 5190 2078 5261 gerimus,

503 5284 563 5329 ut
595 5274 649 5328 in
676 5274 813 5329 acie.
837 5274 1101 5342 Primum,
1124 5276 1426 5331 attentione
1457 5278 1665 5332 utimur
1693 5295 1705 5331 :
1743 5279 1965 5341 deinde,
1986 5278 2080 5333 ubi

505 5366 718 5418 hostem
781 5363 1110 5434 cogitatione
1141 5364 1305 5421 ferire
1346 5367 1620 5433 novimus,
1655 5366 1832 5437 ipsum
1899 5367 2082 5422 verbis

503 5453 900 5509 maledictionis
934 5454 988 5508 in
1017 5456 1201 5510 animo
1260 5457 1519 5512 iracunde
1565 5457 1859 5522 caedimus;
1923 5458 2082 5512 tertio

504 5554 629 5594 mox
678 5542 895 5605 ordine,
951 5559 1046 5599 cor
1094 5553 1548 5615 eontorquentes,
1614 5547 1867 5601 invocato
1949 5545 2081 5601 Jesu

504 5625 744 5693 Christo,
770 5629 1134 5699 imprecamur
1165 5636 1236 5702 ei,
1273 5644 1333 5690 ut
1364 5636 1766 5705 quamprimum
1813 5637 2081 5695 dissolva-

2176 4465 2505 4535 πτίσματος,
2565 4464 2727 4533 εἴπερ
2779 4463 3026 4531 εὑρίσκει
3057 4462 3174 4531 ,τὸν
3215 4464 3356 4532 ἀέρα
3407 4467 3517 4534 τῆς
3550 4467 3783 4522 διανοέις

2178 4557 2334 4627 ήμῶν
2357 4554 2599 4625 καθαρὸν
2649 4554 2868 4624 ἀνέμων
2909 4553 3180 4622 πονηρίας
3203 4569 3217 4583 ⁸
3262 4554 3358 4606 καὶ
3391 4556 3510 4609 ὑπὸ
3546 4557 3782 4627 quinti;

2178 4648 2298 4713 νοὸς
2326 4647 2493 4719 τηροῦ
2503 4665 2687 4716 μενον,
2727 4647 2961 4699 ἀνάπτει
2985 4646 3045 4700 τὸ
3066 4646 3425 4717 διανοητικὺν
3459 4652 3646 4719 ἡμῶν
3670 4652 3783 4717 ’.τρὶς

2181 4735 2443 4807 θεωρίαν,
2474 4736 2550 4798 ὡς
2583 4736 2717 4805 φλὸξ
2754 4736 2946 4804 κηρόν.

2249 4827 2313 4881 δ’.
2345 4829 2440 4879 Δετ
2497 4827 2606 4897 γὰρ
2648 4828 2735 4880 ἀεὶ
2786 4828 3041 4897 στρέφειν
3097 4828 3157 4879 ὲν
3199 4829 3510 4897 χωρήματι
3568 4832 3787 4902 aupéis:

2182 4916 2339 4989 ἡμῶν
2384 4917 2564 4988 Ἰησοῦ
2595 4918 2833 4996 Χριστοῦ
2896 4919 3094 4989 ὄνομα,
3122 4918 3321 4989 ὥσπερ
3363 4923 3470 4973 καὶ
3493 4923 3791 4993 ἀστραπὴν

2184 5007 2512 5079 στρέφεσθαι
2543 5009 2601 5060 ἐν
2644 5008 2768 5078 ἀέρι
2811 5008 2909 5060 τοῦ
2943 5008 3333 5079 περεὼματος
3364 5010 3543 5063 ὑετοῦ
3572 5013 3791 5081 μέλλοιε-

2181 5115 2292 5160 τος.
2319 5097 2428 5150 Καὶ
2453 5088 2564 5166 γὰρ
2591 5097 2749 5151 τοῦτο
2774 5098 2954 5152 ἴσασιν
2986 5099 3232 5168 ἀκριϐῶς
3261 5103 3314 5152 οἱ
3337 5105 3555 5170 πεῖραν
3591 5102 3697 5156 τοῦ
3714 5097 3790 5151 νεῖ

2183 5186 2398 5255 ἔχοντες
2445 5189 2540 5241 καὶ
2583 5189 2676 5241 τοῦ
2734 5188 2883 5242 ἔνδον
2934 5190 3195 5260 πολέμου,
3246 5192 3324 5255 ὡς
3346 5195 3450 5245 καὶ
3492 5196 3567 5245 ἐν
3602 5196 3789 5258 τοὶξεῖ⁸

2183 5276 2323 5330 οὕτω
2367 5278 2457 5331 τὸν
2518 5279 2708 5350 νοητὸν
2761 5280 3001 5351 πόλεμον
3061 5284 3510 5352 στρατηγῶμενο
3580 5286 3795 5354 πρὲτιστ

2186 5372 2464 5442 προσοχῇο
2521 5368 2642 5424 εἶτα
2682 5372 2773 5425 τὸν
2815 5372 3010 5444 ἐχθρὸν
3052 5373 3575 5444 λογισμῷγνόνως
3622 5392 3787 5446 παρι-

2186 5460 2440 5525 ϐαλόντα,
2466 5462 2647 5530 λόγοις
2681 5463 2929 5536 κατάρας
2949 5466 3007 5519 ὲν
3027 5466 3228 5539 καρδίᾳ
3257 5468 3382 5538 μετ’
3423 5469 3622 5540 ὀργῆς
3645 5470 3795 5522 εὖτὲ-ι

2188 5550 2458 5621 βάλλομεν
2485 5553 2642 5624 τρίτη
2674 5556 2828 5619 τάξις
2884 5556 3071 5623 εὐθὺς,
3104 5558 3486 5623 κατεύξασθαι
3517 5563 3665 5617 κατ’
3708 5563 3797 5616 αὖε

2184 5640 2303 5708 τοῦ,
2339 5644 2747 5714 συστρέφον-τας
2777 5648 2876 5719 τὴν
2906 5649 3134 5719 καρδίαν
3164 5655 3228 5722 τῇ
3264 5653 3582 5729 ἐπικλήσει
3630 5651 3797 5727 Ἰηπί
