3906 6192
267 275 394 342 152ί

880 349 887 355 .
950 287 1044 347 DE
1083 287 1630 352 TEMPERANTIA
1657 287 1750 348 ET
1789 285 1829 346 ν

1960 283 2150 344 ἪΤΕ.
2174 309 2240 317 -
2270 284 2658 345 CENTURIA
2687 285 2744 345 ΙΙ

3380 289 3514 355 1522

261 392 485 463 δῦναμιν
498 392 1019 467 ἀρῤητον,ἀρῤήτου
1041 396 1096 450 δὲ
1117 399 1211 451 καὶ
1233 397 1444 469 ἀρετῶν
1470 396 1830 469 θεωρητικήν.

1960 389 2003 445 id
2039 392 2145 445 \‘illl
2182 407 2458 453 arcanam,
2497 407 2820 447 arca-norum
2863 404 2917 448 et
2976 395 3236 452 Vii‘lllllllil
3269 410 3511 454 COiliCﬂl-

262 485 363 538 Καὶ
383 482 545 554 βάθος
568 483 774 556 ὑψηλὸν
795 487 890 540 τοῦ
920 488 1153 560 ἀπείρου
1177 490 1336 544 θείων
1367 491 1585 546 ἐννοιῶν
1613 494 1669 544 ὲν
1694 509 1830 561 καρ-

260 574 342 647 δία
361 576 676 646 δεξάμενος,
698 578 1022 652 ὀφθήσεται,
1057 581 1133 646 ὡς
1163 584 1384 651 ἐφικτὸν
1406 585 1621 654 καρδίᾳ,
1646 584 1674 636 6
1702 584 1834 647 Θεὸς

258 668 363 722 τῶν
392 667 532 723 θεῶν
555 685 570 701 ο
612 671 640 723 ὁ
679 670 736 725 δὲ
775 671 901 736 νοῦς
934 674 1232 743 ἐκπλαγεὶς
1274 677 1518 730 κυδαίνει
1563 678 1834 747 ἀγαπητι-

259 761 368 826 κῶς
409 761 546 816 Θεὸν
596 763 690 818 τὸν
746 763 1079 836 βλεπόμενον
1120 769 1216 822 καὶ
1267 768 1570 838 βλέποντα,
1612 768 1707 822 καὶ
1745 768 1834 821 διὰ

257 851 412 908 τοῦτο
440 857 663 911 κάκεῖνο
691 858 787 912 καὶ
817 856 982 922 σώζει
1009 859 1100 914 τὸν
1125 860 1460 927 ἀτενίζοντα.

269 1059 272 1062 ~
324 1031 391 1090 λ’.
407 1032 578 1089 Βυθὸν
602 1033 804 1106 ὑψηλὸν
820 1034 1116 1106 κατόψεται
1139 1040 1456 1106 γνωστικῶς
1482 1041 1679 1111 ἡσυχία
1701 1059 1835 1112 m9-

258 1119 418 1194 διακὴ
445 1123 855 1197 κατορθουμένη
874 1163 892 1189 ,
941 1125 1039 1181 καὶ
1079 1127 1294 1195 ἐξαίσια
1320 1131 1472 1200 παρά
1503 1129 1638 1184 Θεοῦ
1673 1132 1835 1184 ἀκου-

261 1210 512 1280 σθήσεται
537 1209 632 1278 οὖς
662 1214 914 1286 ἡσυχίας.

325 1303 426 1359 λα’.
468 1305 772 1378 ὀδοιπόρος
818 1308 919 1380 μὲν
952 1309 1170 1380 μακρὰν
1205 1309 1300 1363 καὶ
1351 1310 1710 1365 δυσδιάὸατον
1741 1312 1836 1366 καὶ

258 1395 536 1467 ἀργαλέαν
580 1398 700 1454 ὁδὸν
746 1401 1061 1457 στείλασθαι
1095 1402 1460 1475 ἐναρξάμενος
1481 1443 1496 1468 ,
1539 1404 1750 1473 πλάνην
1775 1420 1835 1457 τε

261 1491 610 1565 ὑφορώμενος
654 1496 714 1550 ἓν
752 1495 834 1567 τῷ
875 1497 1279 1571 ὑποστρέφειν,
1319 1498 1524 1570 σημεῖά
1569 1516 1690 1552 τινα
1740 1498 1836 1552 καὶ

259 1583 484 1654 ὁδηγοὺς
527 1586 587 1638 ὸν
633 1587 916 1661 ὁδοιπορίᾳ
969 1589 1140 1644 αὐτοῦ
1181 1590 1588 1661 καταπὴξεται,
1645 1589 1836 1661 ῥᾳδίαν

259 1675 410 1747 αὑτῷ
441 1677 540 1748 τὴν
571 1678 708 1750 πρὸς
737 1679 808 1734 τὰ
831 1682 1004 1735 οίκεῖα
1034 1683 1422 1754 ἑπανάκαμψιν
1448 1681 1830 1752 προξενοῦντα.

259 1766 465 1834 Λόγους
483 1768 544 1822 δὲ
567 1770 596 1823 ό
621 1770 900 1841 νηφαλίως
916 1772 1116 1829 ὁδεύων
1138 1773 1279 1846 ἀνὴρ
1294 1772 1656 1846 στηλὼσεται,
1675 1771 1835 1827 τοῦτο

258 1853 388 1909 αὐτὸ
411 1857 502 1909 καί⁵
522 1856 686 1923 αὐτὸς
710 1859 1084 1932 ὑφορώμενος.
1422 1891 1426 1902 ν

326 1948 428 2021 λβν.
469 1950 632 2007 Ἀλλὰ
670 1949 750 2025 τῷ
796 1954 897 2027 μὲν
932 1955 1198 2027 όδιοπόρῳ
1240 1957 1669 2026 ἑπανακάμψαι,
1712 1955 1838 2010 ὅθεν

260 2038 422 2111 ἐξέϐη
439 2044 618 2115 χαρᾶς
657 2043 918 2116 πρόξενον
950 2061 966 2076 ο
998 2047 1251 2117 modum
1294 2049 1351 2102 δὲ
1381 2047 1836 2119 ἐπανακάμιττειν

259 2129 340 2194 εις
371 2130 440 2184 τὰ
466 2131 644 2186 ὀπίσω
662 2175 680 2202 ,
711 2133 931 2207 ὄλεθρος
975 2135 1156 2208 ψυχῆς
1183 2136 1411 2209 λογικῆς
1432 2181 1447 2204 ,
1481 2139 1576 2193 καὶ
1611 2141 1836 2210 σημεῖον

263 2221 597 2288 ἀποστασίας
625 2223 1068 2300 τῶν-θεαρέστων
1095 2227 1274 2300 ἔργων
1303 2247 1362 2284 τε
1394 2232 1487 2283 καὶ
1515 2229 1710 2299 λόγων,
1739 2231 1837 2285 καὶ

263 2311 498 2380 ἐννοιῶν,
513 2330 607 2369 και
632 2314 744 2381 εξει
770 2317 828 2370 ὗν
857 2316 1035 2390 καιρῷ
1052 2318 1222 2374 ὕπνου
1255 2319 1431 2392 ψυχῆς
1460 2319 1834 2394 θανατηφόρου

265 2401 387 2467 τοὺς
414 2402 608 2473 λόγους
635 2404 712 2470 ὡς
757 2406 961 2480 κέντρα
1009 2408 1378 2480 διεγείροντας
1415 2410 1576 2466 αὐτὸν
1600 2413 1669 2484 τῇ
1701 2412 1836 2467 ὐπο-

263 2495 461 2567 μνήσει
497 2498 592 2552 τοῦ
624 2499 820 2553 πολλοῦ
848 2502 1042 2573 κάρου,
1072 2503 1168 2559 καὶ
1198 2503 1473 2574 ῥᾳθυμίας
1495 2505 1594 2576 τῆς
1617 2503 1676 2572 ἒξ
1702 2505 1840 2576 ἀμε-

260 2578 403 2646 λείας
433 2583 581 2656 αὐτῷ
611 2587 922 2659 συμϐάσης.

331 2675 431 2744 λγ·.
448 2677 536 2730 Ἔν
565 2678 798 2749 θλίψεσι,
839 2679 934 2735 καὶ
956 2679 1322 2752 ἀπογνώσεσι,
1348 2685 1442 2737 καὶ
1466 2685 1838 2756 ἀπελπισμοῖς

269 2769 657 2838 περιπεσόντας
687 2772 838 2841 ἡμᾶς
875 2771 982 2845 χρὴ
1011 2775 1185 2828 ποιεῖν
1213 2776 1270 2828 ὲν
1303 2776 1515 2840 ἑαυτοῖς
1541 2775 1637 2828 τοῦ
1671 2775 1838 2831 Δασὶδ

262 2859 353 2912 τὸν
375 2859 554 2927 λόγον,
582 2862 798 2932 ὲκχὲειν
825 2863 921 2934 τὴν
947 2864 1178 2935 καρδίαν
1215 2863 1373 2936 ἡμῶν
1397 2865 1532 2937 πρὸς
1565 2865 1655 2920 τὸν
1681 2866 1835 2932 Θεὸν,

264 2966 280 2997 2
299 2950 359 3002 αὶ
383 2950 481 3019 τὴν
520 2951 704 3022 δέησιν
732 2955 827 3007 καὶ
847 2954 948 3026 τὴν
994 2953 1174 3024 θλίψιν
1200 2955 1358 3026 ἡμῶν
1385 2955 1463 3019 ὡς
1497 2954 1614 3009 ἔστι
1645 2956 1837 3028 Κυρίῳ

1936 484 2242 553 platricem.
2284 484 2500 538 Etcum
2529 484 2691 538 imam
2725 486 3148 556 profunditatem
3178 489 3512 545 infinitarum

1935 575 2256 630 notitiarum
2289 576 2600 632 divinarum
2646 578 2828 632 animo
2860 579 3025 634 fuerit
3054 592 3299 637 assecuta
3320 623 3334 647 ,
3367 585 3512 638 vidc-

1935 666 2082 722 bitur
2123 666 2267 721 Deus
2309 667 2574 732 deorum,
2625 679 2889 738 quantum
2930 672 3266 740 permittitur
3309 674 3512 740 animo,

1936 759 2080 814 unde
2127 775 2285 814 mens
2329 759 2557 814 attonita
2597 761 2866 831 glorificat
2917 763 3289 819 amantissime
3341 766 3509 820 Deum

1935 856 2290 919 conspectum
2309 859 2366 904 et
2387 851 2818 922 conspicientem
2850 871 2862 907 :
2891 854 2985 924 qui
3008 863 3241 926 utraque
3262 857 3328 912 de
3351 872 3512 913 causa
3626 875 3629 878 ·

1935 938 2152 994 assidue
2192 939 2497 995 intuentem
2526 942 2724 997 salvat.

2006 1033 2093 1088 50.
2127 1031 2234 1088 Cor
2274 1035 2661 1104 tranquillmn,
2733 1040 3086 1095 emendatum
3145 1049 3200 1096 ct
3253 1041 3513 1097 noscendi

1937 1124 2175 1195 peritum
2197 1127 2532 1181 scrutabitur
2559 1128 2716 1183 valde
2744 1130 3014 1201 profunda
3038 1134 3292 1188 :«.tauris
3319 1135 3515 1204 quietae

1937 1216 2139 1271 mentis
2166 1216 2431 1272 efficietur
2465 1235 2496 1273 a
2526 1219 2637 1276 Deo
2667 1236 2835 1292 capax
2874 1224 3129 1279 audiendi
3165 1225 3450 1280 immensa.

2008 1306 2096 1362 5i.
2133 1304 2319 1361 Viator
2361 1307 2514 1364 brevi
2559 1310 2905 1379 profecturus
2957 1315 3170 1385 longam
3197 1354 3212 1378 ,
3282 1317 3511 1371 transitu

1936 1395 2213 1452 difﬁcilem
2243 1405 2299 1452 ct
2328 1399 2633 1455 molestiam
2669 1402 2810 1458 viam
2835 1447 2848 1470 ,
2902 1405 3192 1475 suspicans
3234 1407 3396 1462 etiam
3444 1422 3515 1461 ne

1938 1487 2264 1542 divertendo
2297 1497 2464 1554 erret,
2500 1490 2652 1561 signa
2682 1493 2950 1562 quaedam,
2985 1495 3084 1549 via.-
3115 1495 3300 1561 duces,
3332 1494 3386 1548 in
3417 1510 3512 1549 sua

1937 1577 2279 1649 profectione
2306 1579 2512 1653 deﬁgit,
2535 1596 2656 1652 quae
2684 1581 2898 1638 facilem
2923 1585 3026 1639 sibi
3052 1595 3246 1653 parent
3279 1587 3512 1640 reditum

1939 1669 2008 1724 ad
2034 1683 2154 1723 sua.
2186 1669 2283 1724 Vir
2308 1680 2513 1739 autem,
2540 1674 2634 1744 qui
2666 1674 2847 1730 sobrie
2880 1675 3104 1739 incedit,
3151 1693 3272 1746 qua:
3322 1677 3511 1732 audie-

1939 1761 2029 1827 rit,
2056 1759 2263 1816 notabit
2293 1779 2306 1816 :
2342 1761 2488 1818 idem
2522 1765 2688 1820 etiam
2721 1764 2838 1835 ipse
2869 1765 3195 1822 observans.

2011 1935 2102 1992 5‘2.
2131 1935 2237 1992 Sed
2264 1936 2453 1992 viatori
2476 1937 2694 2008 quidem
2717 1939 2940 2005 reditus,
2963 1943 3107 1998 unde
3132 1958 3384 2016 egressus
3405 1955 3511 2010 est,

1939 2027 2178 2083 ltetitiam
2210 2029 2382 2100 gignit
2411 2047 2425 2083 :
2459 2029 2642 2086 sobrio
2672 2037 2858 2086 autem
2883 2031 2999 2086 viro
3033 2049 3314 2105 regressus
3357 2036 3424 2092 ad
3451 2053 3513 2091 ea

1937 2135 2059 2190 quae
2083 2135 2115 2174 a
2142 2129 2294 2193 tergo
2331 2120 2572 2192 reliquit,
2601 2131 2687 2177 est
2710 2123 2908 2180 anima:
2943 2125 3220 2181 rationalis
3241 2127 3512 2192 interitus,

1936 2227 2002 2268 ac
2035 2211 2292 2268 indicium
2317 2212 2639 2270 defectionis
2666 2215 2735 2270 ab
2778 2215 3056 2286 operibus,
3078 2220 3421 2274 sermonibus
3459 2229 3516 2278 et

1935 2303 2352 2376 cogitationibus
2388 2304 2498 2361 Deo
2533 2306 2719 2378 gratis.
2751 2305 2798 2362 ls
2845 2307 3028 2378 itaque
3053 2318 3296 2380 tempore
3339 2313 3513 2367 somni

1937 2393 2154 2450 lethalis
2184 2395 2380 2450 anima:
2415 2397 2704 2452 habiturus
2759 2409 2845 2453 est
2895 2399 3286 2471 cogitationes,
3345 2402 3518 2456 instar

1936 2485 2250 2542 aculeorum
2269 2486 2572 2544 excitantes
2587 2503 2738 2554 eum,
2757 2492 3272 2547 commemoratione
3283 2494 3518 2564 crapula:

1937 2578 2141 2642 multae,
2167 2586 2224 2633 et
2253 2577 2504 2648 ignavias,
2536 2579 2814 2634 nascentis
2843 2595 2874 2634 e
2896 2582 3254 2652 negligentia.

2007 2671 2100 2726 33.
2131 2669 2267 2727 Cum
2300 2669 2592 2726 incidimus
2617 2671 2670 2724 in
2707 2670 3104 2738 tribulationes,
3127 2673 3519 2743 desponsioncs

1937 2761 2110 2818 animi
2167 2761 2712 2829 acdesperationes,
2769 2761 2932 2816 verba
2987 2761 3209 2818 Davidis
3265 2764 3320 2818 in
3363 2766 3519 2820 nobis

1940 2853 2045 2925 ipsi
2079 2851 2307 2923 exsequi
2338 2852 2634 2919 debemus,
2665 2853 2945 2908 effundere
2986 2854 3038 2908 in
3069 2866 3368 2925 conspectu
3422 2857 3518 2911 Dei

1939 2943 2109 3000 corda
2135 2952 2342 3010 nostra,
2373 2945 2748 3014 precationem
2791 2957 2846 3002 et
2871 2948 3225 3004 aﬂiictionem
3253 2958 3518 3016 nostram,

268 3039 637 3110 ἀναγγέλλειν·
665 3043 1140 3117 ἑξομολογούμεθα
1163 3046 1270 3116 γὰρ
1293 3045 1370 3117 τῷ
1393 3044 1535 3117 Θεῷ.
1557 3044 1634 3111 ὡς
1659 3046 1838 3117 σοφῶς

1960 3045 2002 3092 ιι
2024 3044 2132 3103 est,
2171 3033 2403 3091 Domino
2447 3036 2797 3093 denuntiare.
2836 3039 3178 3096 Confitentur
3210 3042 3354 3097 enim
3390 3043 3517 3108 Deo,

263 3129 545 3205 δυναμένῳ
581 3133 652 3188 τὰ
691 3135 816 3191 καθ’
851 3137 1004 3208 ἡμᾶς
1046 3136 1342 3208 διοικῆσαι,
1387 3137 1482 3193 καὶ
1524 3139 1625 3212 τὴν
1660 3137 1839 3209 θλίψιν

265 3221 359 3274 ἐπὶ
385 3221 718 3296 συμφέροντι
759 3225 986 3296 ποιῆσαι
1021 3227 1238 3299 ῥᾳδίαν,
1275 3229 1370 3282 καὶ
1394 3228 1664 3300 ῥύσασθαι
1691 3231 1844 3302 ἡμᾶς

265 3310 365 3382 τῆς
395 3310 646 3384 ὀλεθρίας
670 3329 731 3367 τε
756 3313 853 3368 καὶ
879 3315 1130 3387 φθαρτῆς
1165 3315 1365 3390 λύπης.

342 3489 440 3544 λδ’.
463 3490 647 3560 Θυμὸς
673 3491 782 3564 γὰρ
805 3492 958 3566 παρά
986 3494 1151 3565 φύσιν
1179 3496 1324 3551 κατά
1345 3496 1646 3570 ἀνθρώπων
1669 3498 1843 3554 κινού-

273 3597 453 3660 μενος,
477 3583 572 3637 καὶ
592 3582 769 3655 λύπην
795 3585 856 3638 οὐ
879 3585 1024 3640 κατά
1043 3586 1179 3642 Θεὸν
1222 3590 1319 3643 καὶ
1340 3589 1568 3661 ἀκηδίαν
1601 3590 1844 3662 δμποιεῖτ

271 3672 549 3744 φθαρτικά
574 3675 775 3745 ὁμοίως
798 3677 908 3730 εῖσὶ
936 3677 1046 3732 τῶν
1075 3677 1294 3747 ἀγαθῶν
1314 3695 1374 3733 τε
1407 3679 1504 3735 καὶ
1523 3681 1846 3751 γνωστικῶν

269 3765 581 3836 λογισμῶν,
614 3764 651 3820 ἀ
686 3768 714 3820 6
746 3767 948 3839 Κύριος
986 3771 1053 3842 τῇ
1094 3768 1482 3842 ἐξομολογήσει
1507 3772 1843 3844 σκορπίζων,

272 3855 452 3928 χαράν
488 3859 726 3929 ἐμποιεῖ.

344 3947 438 4001 λε’.
492 3948 785 4020 Λογισμῶν
834 3949 890 4006 δὲ
931 3952 992 4006 ιν
1043 3951 1280 4024 καρδία,
1322 3954 1420 4008 καὶ
1460 3955 1536 4025 μὴ
1579 3955 1846 4012 θελόντων

272 4038 437 4109 ἡμῶν
475 4041 762 4109 παγέντων
802 4059 863 4096 τε
909 4043 1003 4098 καὶ
1035 4044 1374 4114 ἱσταμένων,
1406 4043 1710 4117 ἐξαλείφειν
1747 4049 1849 4103 πέ-

274 4147 450 4199 φυκεν
499 4131 675 4195 Ἰησοῦ
711 4132 844 4205 εὐχὴ
869 4135 1010 4205 μετά
1042 4135 1258 4207 νήψεως
1296 4137 1361 4191 ἐκ
1394 4137 1604 4209 βαθέων
1627 4139 1846 4197 ἐννοιῶν

275 4217 526 4295 καρδίας.

347 4314 456 4380 λς’.
485 4316 806 4386 Κουφισμὸν
838 4315 896 4370 δὲ
949 4317 1046 4371 καὶ
1081 4317 1274 4390 χαρὰν,
1309 4318 1368 4372 ἐν
1410 4319 1588 4392 θλίψει
1637 4323 1847 4380 πολλῶν

1947 3138 2206 3200 tanquam
2233 3144 2297 3184 ea
2332 3145 2454 3200 qua:
2478 3129 2618 3186 circa
2663 3146 2765 3186 nos
2795 3142 2961 3199 sunt,
3017 3135 3293 3205 sapienter
3322 3135 3522 3206 guber-

1947 3221 2122 3288 nanti,
2157 3229 2210 3277 et
2244 3220 2338 3292 qui
2371 3221 2778 3278 tribulationem
2826 3240 2950 3279 cum
3003 3224 3178 3280 fructu
3212 3226 3384 3282 levem
3409 3226 3524 3282 etii-

1948 3326 2075 3368 cere
2127 3319 2346 3382 potest,
2387 3321 2444 3368 et
2479 3311 2712 3368 liberare
2742 3328 2845 3369 nos
2871 3313 2942 3370 ab
2991 3315 3214 3370 interitu
3245 3325 3299 3372 et
3330 3331 3522 3371 corru-

1949 3401 2129 3474 ptibili
2155 3401 2428 3456 molestia.

2019 3492 2111 3548 54.
2165 3490 2244 3547 Ira
2271 3493 2538 3563 siquidem
2569 3493 2831 3548 adversus
2862 3493 3112 3550 homines
3143 3505 3338 3566 praeter
3365 3503 3524 3550 natu-

1953 3599 2068 3640 ram
2097 3593 2296 3648 emota,
2329 3594 2382 3639 et
2428 3584 2704 3640 tristitiam
2752 3601 2860 3640 non
2887 3585 3193 3641 secundum
3230 3587 3420 3651 Deum,
3469 3595 3526 3640 et

1953 3674 2174 3730 taedium
2218 3673 2388 3746 gignit
2419 3691 2431 3726 :
2465 3690 2584 3744 qua:
2616 3675 2821 3744 pariter
2874 3686 3232 3746 corrumpunt
3273 3676 3444 3730 bonas
3472 3684 3529 3731 et

1952 3763 2195 3820 eruditas
2254 3763 2653 3833 cogitationes:
2687 3773 2743 3819 et
2783 3780 2880 3834 per
2922 3764 3318 3821 confessionem
3363 3765 3525 3820 dissi-

1953 3863 2153 3928 pantur
2187 3869 2218 3908 a
2249 3855 2478 3909 Domino
2514 3855 2755 3910 laztitiam
2785 3856 3076 3912 inferente.

2024 3946 2114 4002 35.
2160 3945 2534 4016 Cogitationes
2560 3946 2617 4000 in
2657 3946 2860 4013 animo,
2899 3948 2981 4002 vel
3006 3947 3162 4003 nobis
3181 3948 3364 4004 invitis
3395 3949 3528 4005 lixas

1903 4092 1924 4102 ε
1956 4050 2009 4096 et
2041 4039 2430 4104 consistentes,
2467 4039 2650 4094 delere
2675 4040 2814 4094 solet
2833 4041 3144 4112 deprecatio
3166 4057 3292 4113 erga
3313 4041 3525 4108 Jesum,

1955 4148 2022 4188 ex
2055 4130 2264 4188 intimis
2283 4130 2452 4186 animi
2476 4132 2833 4204 conceptibus
2871 4143 2987 4189 orta
3031 4150 3155 4190 cum
3209 4134 3520 4191 sobrietate.

2025 4313 2114 4370 56.
2153 4311 2289 4368 Cum
2323 4311 2576 4383 angimur
2601 4312 2950 4368 multitudine
2976 4314 3363 4386 cogitationum
3393 4315 3528 4369 irra-

276 4404 492 4474 ἀλόγων
524 4405 800 4476 λογισμῶν
842 4406 1128 4478 γενόμενοι
1167 4409 1477 4482 εὑρήσομεν
1501 4452 1516 4478 ,
1544 4412 1673 4466 ὅταν
1704 4432 1840 4486 μεμ-

1960 4405 2264 4471 tionalium,
2300 4403 2473 4458 levari
2498 4404 2739 4460 dolorem
2777 4418 2836 4460 et
2881 4406 3115 4461 recreari
3175 4423 3276 4462 nos
3325 4408 3531 4463 sentie-

273 4493 507 4565 ψὼμεθα
547 4497 773 4561 ἑαυτοὺς
820 4499 878 4551 ὲν
920 4499 1170 4572 ἀληθείᾳ,
1214 4503 1310 4555 καὶ
1353 4504 1765 4574 ἀπροσπαθῶς·
1814 4507 1840 4578 ἢ

1960 4513 2100 4563 mus,
2126 4495 2172 4552 si
2205 4511 2352 4559 vere,
2396 4504 2452 4552 et
2507 4496 2653 4551 omni
2703 4497 2904 4553 affectu
2961 4499 3231 4568 deposito,
3284 4501 3532 4570 aosipsos

276 4587 358 4658 τῷ
381 4588 702 4657 ἀναγγεῖλαι
739 4590 916 4644 πάντα
947 4591 1197 4663 καθάπερ
1225 4591 1602 4665 ἀνθρώπῳ,τῷ
1633 4595 1840 4669 Κυρίῳ.

1960 4605 2306 4646 accusemus:
2347 4597 2444 4644 aut
2473 4588 2518 4642 si
2555 4588 2803 4656 Domino,
2840 4591 2992 4646 velut
3021 4591 3228 4671 homini
3313 4609 3530 4648 annim-

280 4678 392 4732 Καὶ
443 4677 661 4743 πάντως
700 4680 766 4733 ὲκ
796 4679 904 4734 τῶν
947 4681 1042 4735 δυο
1085 4682 1394 4753 εὑρήσομεν
1440 4685 1747 4740 ἀνάπαυσιν
1785 4687 1840 4741 ἐκ

1960 4687 2154 4742 tiemus
2183 4685 2386 4740 omnia.
2416 4683 2526 4739 ilac
2556 4684 2756 4754 duplici
2805 4684 3034 4750 ratione,
3066 4693 3122 4739 et
3186 4700 3295 4738 not.
3350 4684 3529 4747 aliter,

280 4770 505 4834 παντὸς,
540 4767 631 4825 καὶ
655 4770 828 4834 ἄλλως
856 4771 957 4825 οὐκ
981 4771 1148 4827 ἔστιν.
1169 4772 1230 4825 Ei
1256 4772 1311 4825 δέ
1328 4789 1392 4840 γε
1420 4775 1754 4846 νομίζοιμεν,
1775 4775 1840 4840 ὡς

1962 4776 2359 4832 recreationem
2390 4776 2758 4831 omnimodam
2788 4776 3188 4832 nanciscemur.
3225 4773 3318 4826 Sin
3343 4771 3534 4826 existi-

283 4860 545 4933 χειρικῶς
577 4861 640 4914 τὸ
680 4862 791 4917 τῶν
836 4865 1160 4935 ποιημάτων
1189 4864 1386 4929 αἴτιον,
1433 4865 1527 4918 καὶ
1568 4867 1840 4936 πυγμικῶς

1965 4881 2213 4931 memus,
2272 4865 2418 4919 velut
2468 4873 2720 4936 porrecta
2775 4881 2962 4930 manu,
3032 4864 3202 4917 Deum
3251 4872 3530 4916 auctorem

283 4952 750 5023 ἀνταμεισόμεθα,
782 4955 1134 5024 γνωσόμεθαο
1191 4954 1253 5008 '0
1281 4955 1441 5023 ἔχων
1468 4950 1588 5012 ὦτα
1615 4957 1840 5012 ἀκούει)

1965 4972 2168 5021 rerum,
2214 4965 2270 5010 et
2317 4956 2514 5011 horum
2548 4972 2672 5011 esse
2716 4971 2957 5020 causam,
3013 4963 3069 5008 et
3123 4952 3304 5007 oblato
3351 4968 3532 5022 pugno

283 5041 572 5110 ἀκουέτω,
603 5043 766 5114 φησὶν
797 5045 826 5098 6
863 5043 1087 5115 Κύριος.

1968 5047 2193 5118 rependi
2224 5047 2386 5102 nobis
2422 5062 2814 5118 cognoscemus
2854 5045 3005 5110 illud,
3043 5044 3145 5108 Qui
3178 5043 3326 5097 habet
3379 5059 3534 5096 aures

1970 5137 2238 5203 audiendi,
2270 5137 2535 5204 audiat“,
2571 5135 2746 5206 inquit
2779 5135 3063 5192 Dominus.

358 5217 455 5282 λζ’.
495 5217 691 5273 Είκόνα
716 5219 811 5274 τοῦ
841 5219 933 5273 νοῦ
966 5221 995 5274 6
1021 5221 1314 5295 νομοθέτης
1351 5210 1556 5296 Μωσῆς
1583 5223 1860 5296 λαμϐάνε-

282 5325 378 5363 ται
406 5311 558 5381 παρὰ
586 5312 694 5365 τῶν
714 5312 985 5382 πατέρων,
1006 5313 1066 5376 ὃς
1088 5313 1224 5368 Θεὸν
1247 5318 1350 5387 6ρᾷ
1377 5319 1437 5370 ἐν
1462 5320 1527 5389 τῇ
1558 5317 1727 5389 βάτῳ,
1762 5317 1856 5371 καὶ

287 5398 352 5451 τὸ
394 5399 684 5469 πρόσωπον
723 5401 1042 5470 δοξάζεται,
1091 5405 1184 5459 καὶ
1219 5405 1351 5472 Θεὸς
1391 5407 1587 5480 Φαραὼ
1621 5409 1725 5462 ὑπὸ
1767 5408 1863 5462 τοῦ

287 5487 429 5543 Θεοῦ
461 5490 569 5546 τῶν
600 5492 740 5548 θεῶν
767 5493 1112 5563 καθίσταται,
1160 5497 1436 5568 Αἴγυπτον
1470 5501 1740 5572 μαστίζει,
1771 5503 1862 5555 καὶ

369 5670 416 5706 ’⁸
432 5671 622 5734 Matth.
654 5693 728 5738 ιι.
762 5677 844 5732 l5.

2042 5228 2133 5286 57.
2172 5226 2370 5283 Mentis
2390 5227 2676 5299 imaginem
2702 5243 2733 5280 a
2765 5227 3009 5297 patribus
3028 5225 3236 5296 accepit
3262 5224 3535 5298 legislator

1971 5321 2169 5384 Moses,
2195 5317 2289 5388 qui
2332 5318 2500 5372 Deum
2532 5316 2680 5371 videt
2714 5317 2766 5370 in
2801 5316 2957 5382 rubo,
3011 5316 3163 5371 vultu
3213 5316 3530 5377 illustratur.

1979 5412 2122 5466 Deus
2145 5406 2447 5461 Pharaonis
2471 5421 2500 5458 a
2521 5404 2631 5459 Deo
2650 5404 2876 5460 deorum
2908 5405 3282 5470 constituitur,
3305 5405 3535 5475 ﬂagellat

1971 5501 2288 5575 Egyptum,
2331 5495 2518 5554 educit
2569 5495 2846 5563 lsraelem,
2902 5506 2958 5552 et
3003 5495 3150 5568 leges
3199 5496 3372 5553 sancit
3413 5512 3536 5566 qua
