3906 6192
256 206 274 264 ι
284 203 387 266 ὒ29

962 200 1060 260 DE
1103 199 1786 262 ΤΕΜΡΕΒΔΝΤΙΑΈΤ
1822 197 2184 260 ΥιῐὶΤΗΤΕ.
2225 191 2706 260 -ὈΕΝΤῙΙΒΙΛ
2742 197 2824 258 ΙΙ.

249 331 425 383 πομεν
457 310 556 380 τὴν
595 306 740 362 κατὰ
777 305 981 378 κράτος
1016 305 1198 362 αὐτῶν
1246 303 1417 380 ἧτταν
1438 347 1452 372 ,
1483 307 1582 379 τὴν
1616 307 1704 362 διὰ
1730 310 1822 361 τοῦ

1933 305 2224 374 reprobum
2255 303 2497 384 titulum,
2525 319 2692 375 quam
2714 303 2986 359 invocatio
3019 302 3257 363 Domini.
3280 308 3360 364 Ac
3399 325 3504 365 nos

261 407 438 479 Ἰησοῦ
481 405 576 461 τοῦ
599 402 840 478 μεγάλου
884 402 1021 458 θεοῦ
1059 404 1240 473 ἡμῶν,
1270 403 1364 456 καὶ
1398 401 1498 474 τὴν
1525 401 1684 474 ἡμῶν
1715 400 1825 456 τῶν

247 499 516 556 ταπεινῶν
535 498 633 554 καὶ
663 495 898 552 εὐτελῶν
925 494 1022 550 καὶ
1048 495 1258 568 ἀγρίων
1284 495 1582 566 ἐκδίκησιν.

319 764 418 836 νβ’.
484 763 610 820 Ὅτι
651 761 855 828 πάντες
891 760 944 817 οι
971 760 1222 832 λογισμοὶ
1260 758 1414 815 οὐδὲν
1450 758 1641 832 ἔτερόν
1685 757 1828 812 εἰσιν

253 855 364 911 ἀλλ’
384 855 419 926 ἢ
439 853 735 925 φαντασίαι
766 852 926 924 μόναι
959 851 1226 923 αἰσθητῆς
1245 851 1341 905 καὶ
1373 849 1660 922 κοσμικῶν
1681 865 1826 921 πρα-

251 948 500 1022 γμάτων,
523 947 576 1000 oi
599 946 784 1001 πολλοὶ
799 945 1122 1018 ἀγνοοῦμεν.
1144 945 1318 1015 Εἴπερ
1335 943 1392 997 δὲ
1413 941 1737 1013 χρονίσομεν
1765 942 1826 996 ὲν

251 1037 384 1110 εὐχῇ
418 1036 702 1107 νήφοντες,
719 1036 1001 1108 στερίσκει
1035 1035 1136 1107 μὲν
1163 1032 1300 1105 εὐχὴ
1324 1032 1421 1105 τὴν
1448 1032 1687 1087 διάνοιαν
1720 1031 1827 1086 πά-

253 1144 355 1198 σης
385 1125 622 1190 ὑλώδους
644 1124 948 1195 φαντασίας
970 1125 1248 1198 λογισμῶν
1265 1123 1545 1195 ῥυπαρῶνο
1567 1121 1826 1194 γνωρίζει

252 1215 308 1270 δὲ
329 1213 474 1286 αὐτὴ
519 1215 615 1271 καὶ
638 1215 762 1280 τοὺς
778 1215 971 1284 λόγους
993 1213 1104 1270 τῶν
1135 1214 1433 1284 πολεμίων,
1467 1211 1564 1266 καὶ
1590 1210 1652 1266 τδ
1683 1211 1827 1282 μέγα

251 1304 444 1376 κέρδος
474 1303 642 1375 εὐχῆς
657 1321 716 1357 τε
743 1305 840 1359 καὶ
868 1303 1085 1376 νήψεως
1105 1321 1122 1337 ο
1148 1301 1320 1373 Πλὴν
1344 1301 1469 1370 τοῖς
1495 1300 1824 1372 ὀφθαλμοῖς

250 1413 370 1452 σου
410 1396 834 1466 κατανοήσεις,
884 1396 985 1451 καὶ
1013 1395 1426 1452 ἀνταπόδοσιν
1462 1391 1825 1466 ἁμαρτωλῶν

251 1491 456 1560 νοητῶν
485 1491 692 1561 νοητῶς
713 1490 809 1545 καὶ
836 1489 999 1556 αὐτὸς
1017 1487 1084 1542 σὺ
1096 1489 1256 1560 ὄψει,
1303 1488 1399 1543 καὶ
1446 1487 1828 1566 κατανοήσεις,

250 1584 388 1655 φησὶ
430 1582 595 1637 Δαϐὶδ
633 1584 663 1636 ό
703 1581 850 1649 θεῖος
917 1581 1186 1654 μελφδός.

1927 396 2150 466 quidem
2182 397 2286 466 ipsi
2316 395 2692 466 conspicimus
2715 394 2771 449 in
2797 395 3006 460 animo,
3036 395 3104 452 de
3124 396 3248 463 illis,
3303 408 3500 469 poten-

1928 488 2000 544 tia
2015 487 2147 544 Jesu
2166 489 2365 544 summi
2401 487 2497 544 Dei
2525 487 2723 555 nostri,
2752 495 2868 543 tum
2892 487 3175 544 victoriam
3207 489 3347 554 dari,
3385 499 3500 576 tum

1925 588 2193 647 nostram,
2231 580 2326 650 qui
2352 580 2588 637 humiles
2614 619 2632 648 ,
2697 580 2889 648 exiles,
2941 588 2998 636 et
3025 581 3244 638 inutiles
3288 598 3500 652 sumus,

1925 673 2191 729 ultionem
2215 672 2380 728 sumi.

1998 765 2084 818 52.
2123 763 2443 835 ignoramus
2495 763 2745 835 plerique
2817 765 3104 822 universas
3146 766 3503 838 cogitationes

1923 854 2062 910 nihil
2087 854 2234 910 aliud
2281 869 2403 911 esse
2461 863 2828 927 praeterquam
2887 857 3034 913 solas
3085 857 3180 912 im.
3199 857 3503 930 ginationes

1924 944 2214 1001 sensilium
2240 952 2298 1001 et
2347 946 2749 1002 mundanorum
2783 963 2988 1004 rerum.
3033 947 3188 1014 Quod
3239 949 3288 1005 si
3331 949 3503 1005 sobrii

1925 1039 2183 1111 precibus
2199 1039 2575 1107 immoremur,
2609 1040 2848 1111 precatio
2872 1042 3050 1112 privat
3081 1044 3326 1098 animum
3353 1043 3504 1099 omni

1925 1145 2112 1186 crassa
2185 1131 2529 1187 sordidarum
2613 1133 3008 1203 cogitationum
3086 1135 3503 1208 imaginatione.

1925 1215 2249 1286 Perspicuas
2281 1216 2448 1272 etiam
2471 1217 2584 1286 ipsa
2609 1217 2742 1274 facit
2763 1219 3004 1275 hostium
3033 1229 3184 1276 artes
3202 1261 3216 1275 .
3235 1229 3292 1276 et
3315 1220 3504 1276 decla-

1925 1316 2032 1371 rat,
2059 1307 2256 1378 ingens
2284 1323 2350 1362 ex
2374 1308 2630 1378 precibus
2654 1316 2710 1364 et
2733 1310 3089 1380 temperantia
3113 1326 3324 1367 lucrum
3349 1312 3501 1368 oriri.

1929 1397 2295 1454 Verumtamen
2318 1397 2483 1453 oculis
2511 1399 2614 1452 tuis
2637 1401 3014 1465 considerabis,
3032 1410 3081 1455 et
3103 1402 3501 1456 retributionem

1926 1497 2258 1558 peccatorum
2283 1487 2606 1558 spiritalium
2639 1488 2823 1545 animo
2845 1491 3007 1545 etiam
3030 1498 3090 1544 tu
3111 1488 3228 1561 ipse
3248 1491 3442 1545 videbis
3460 1491 3502 1556 ¹,

1928 1585 1986 1634 et
2011 1577 2404 1641 considerabis,
2418 1577 2598 1648 inquit
2623 1577 2791 1634 David
2817 1579 3123 1634 modulator
3154 1578 3392 1634 divinus.

319 1672 422 1744 νγ⁹.
461 1673 944 1746 Μνημουεύσωμιν
968 1711 986 1738 ,
1028 1676 1077 1729 εί
1131 1672 1378 1740 δυνατὸν,
1426 1671 1523 1726 τοῦ
1595 1670 1822 1727 θανάτου

1999 1669 2089 1723 55.
2127 1665 2470 1737 Perpetuam,
2495 1667 2542 1722 si
2594 1667 2708 1722 ﬁeri
2740 1675 2938 1738 potest,
2989 1669 3182 1724 mortis
3229 1678 3503 1739 gestemus

247 1765 612 1830 ἀδιαλείπτως
630 1781 645 1797 ο
670 1765 740 1821 δι’
764 1759 833 1839 ἧς
861 1766 1082 1838 μνήμης
1098 1764 1402 1838 φροντίδων
1431 1762 1690 1827 ἀπόθεσις
1717 1779 1826 1833 μα-

249 1856 556 1928 ταιοτήτων
583 1872 646 1910 τε
670 1856 732 1910 ἐν
758 1856 892 1927 ἡμῖν
921 1857 1214 1924 γεννᾶται,
1245 1855 1461 1924 φυλακή
1485 1872 1548 1908 τε
1573 1853 1692 1917 νοὸς
1729 1852 1825 1907 καὶ

250 1947 506 2019 διηνεκὴς
535 1945 758 2017 δέησιςσ
780 1944 1164 2016 despondeam
1203 1944 1258 1997 δὲ
1289 1942 1387 1997 τοῦ
1411 1941 1680 2014 σώματος,
1709 1938 1827 2010 pst-

210 2084 226 2108 ,
251 2037 404 2104 λυξις
451 2037 749 2110 ἁμαρτίας,
778 2035 874 2090 καὶ
903 2035 1112 2106 σχεδον,
1142 2036 1191 2088 ei
1230 2033 1314 2087 δεῖ
1351 2031 1586 2102 τάληθὲς
1627 2029 1824 2094 εἰπεῖν,

253 2119 406 2182 πᾶσα
458 2125 630 2198 ἁρετὴ
677 2124 892 2195 ἄγουσα
940 2125 1006 2177 ὲκ
1053 2121 1260 2192 ταύτης
1332 2119 1656 2183 ὲκϐλὺζεται
1683 2134 1697 2148 ·
1742 2117 1825 2172 διὸ

251 2221 330 2285 ὡς
375 2222 446 2294 τῇ
476 2219 586 2294 ἰδίᾳ
623 2221 787 2292 πνοῇ,
828 2219 878 2274 εί
904 2218 1150 2285 δυνατὸν,
1183 2213 1263 2287 τῷ
1301 2214 1588 2286 πράγματι
1615 2211 1830 2285 χρησῶο

255 2308 418 2381 μεθα.
1550 2305 1571 2322 ⁴”

322 2485 417 2541 νῦ.
462 2483 681 2556 Καρδία
721 2481 1018 2550 ξενωθεϊσα
1075 2481 1427 2554 φαντασιῶν,
1468 2480 1670 2545 τελέως
1694 2479 1824 2551 νοή-

253 2593 406 2649 ματα
451 2574 667 2642 τέξεται
726 2573 892 2647 μέσον
924 2573 1099 2643 αὐτῆς
1140 2574 1447 2645 σκιρτῶντα
1481 2573 1602 2626 θεῖά
1628 2589 1687 2626 τε
1729 2573 1825 2626 καὶ

253 2664 629 2741 μυστηριώδη,
655 2665 719 2719 δν
735 2665 941 2732 τρόπον
974 2665 1266 2736 σκιρτῶσιν
1300 2663 1506 2743 ἰχθύες,
1535 2662 1630 2718 καὶ
1662 2665 1825 2731 ὲγκυ-

252 2759 480 2814 ϐιστῶσι
501 2758 748 2827 δελφῖνες
776 2755 1126 2827 γαληνιὼσης
1152 2755 1456 2826 θαλάσσης·
1489 2755 1585 2809 καὶ
1613 2753 1824 2827 ῥιπίζει-

247 2867 341 2904 ται
395 2848 496 2920 μὲν
541 2847 788 2904 θάλασσα
822 2846 929 2900 ὑπὸ
972 2844 1178 2916 λεπτῆς
1224 2844 1420 2915 αὔρας.
1453 2844 1725 2908 ’Δϐυσσος
1763 2843 1828 2898 δὲ

1925 1759 2409 1828 memoriamzqua
2461 1773 2739 1824 curarum,
2769 1759 3071 1814 vanitatum
3128 1759 3398 1824 omnium,
3446 1769 3504 1814 ct

1923 1849 2260 1919 reliquorum
2285 1865 2406 1920 quae
2438 1857 2567 1904 sunt
2595 1849 2651 1905 in
2691 1850 2873 1916 nobis,
2898 1851 3170 1921 depositio
3217 1850 3498 1906 nascitur:

1925 1940 2273 1996 conservatio
2335 1940 2502 1996 etiam
2553 1940 2798 2008 mentis,
2851 1949 2908 1998 ct
2957 1942 3179 1997 assidua
3221 1943 3500 2014 precatio.

1923 2029 2184 2087 alienatio
2215 2031 2346 2087 item
2372 2031 2441 2086 ab
2467 2030 2619 2085 omni
2657 2030 2900 2101 corporis
2955 2024 3175 2099 affectu,
3200 2034 3502 2089 exsecratio

1925 2123 2156 2194 peccati,
2189 2137 2252 2180 ac
2281 2122 2699 2194 propemodum,
2737 2121 2784 2177 si
2817 2137 3006 2178 verum
3045 2123 3228 2179 dicere
3264 2132 3498 2193 oportet,

1925 2212 2102 2268 virtus
2127 2213 2311 2268 omnis
2343 2227 2412 2268 ex
2440 2227 2504 2268 ea
2539 2211 2800 2282 prodicns
2837 2212 3088 2268 scaturit.
3132 2212 3499 2280 Quamobrem

1944 2316 2046 2372 pso
2073 2301 2242 2368 facto,
2278 2311 2534 2372 tanquam
2562 2301 2785 2372 propria
2813 2301 3134 2373 spiratione,
3159 2303 3206 2357 si
3253 2302 3368 2358 ﬁeri
3397 2318 3500 2374 po-

1929 2401 2054 2458 test,
2089 2401 2312 2448 utamur
2337 2408 2422 2448 ea.

1995 2483 2085 2538 54.
2125 2481 2277 2540 Mens
2304 2483 2495 2554 procul
2517 2482 2586 2538 ab
2608 2482 2954 2539 illusionibus
2982 2483 3238 2549 alienata,
3271 2485 3494 2540 tandem

1925 2574 2142 2631 divinas
2187 2583 2248 2630 et
2295 2576 2566 2646 mysteriis
2614 2575 2807 2646 plenas
2860 2577 3248 2647 conceptiones
3295 2577 3494 2645 pariet,

1919 2665 2203 2736 exsultans
2241 2665 2294 2719 in
2350 2666 2530 2721 medio
2555 2665 2660 2731 sui,
2698 2667 3156 2737 quemadmodum
3206 2668 3499 2738 tranquillo

1924 2756 2061 2811 mari
2097 2756 2354 2812 exsiliunt
2401 2757 2606 2826 pisces,
2654 2765 2714 2812 et
2763 2756 2999 2814 demisso
3049 2757 3226 2828 capite
3253 2758 3499 2828 delphini

1925 2847 2253 2903 subsultant.
2310 2845 2376 2901 Et
2431 2845 2535 2902 levi
2573 2846 2796 2918 quidem
2828 2862 2958 2902 aura
2991 2847 3249 2918 perﬂatur
3297 2864 3446 2905 mare
3479 2866 3494 2904 :

248 2941 477 3014 καρδίας
507 2939 612 2995 ὑπὸ
640 2937 969 3014 [πνεύματος
985 2937 1166 3007 ἁγίου.
1189 2937 1319 2992 Ὀτι
1345 2935 1435 3004 δὲ,
1475 2935 1664 3008 φησιν,
1683 2933 1822 2990 ἐστὲ

1933 2937 2150 3008 abyssus
2182 2946 2362 2993 autem
2386 2937 2586 3004 cordis,
2622 2937 2830 3008 Spiritu
2861 2949 3072 2997 sancto.
3112 2937 3374 3004 Quoniam
3400 2957 3499 2994 au-

245 3004 384 3096 υεὸι,
421 3004 852 3098 ἐξαπέστειλεν
885 3032 920 3084 δ
961 3004 1102 3096 θεὸς
1141 3027 1209 3084 τὸ
1255 3004 1498 3098 Πνεῦμα
1532 3004 1640 3082 τοῦ
1686 3026 1822 3082 riae

1933 3004 2029 3086 rem
2061 3031 2204 3094 estis,
2235 3029 2330 3096 ait,
2359 3029 2460 3099 ﬁlii
2491 3030 2608 3094 Dei,
2632 3004 2774 3084 misit
2802 3030 2945 3086 Deus
2968 3028 3227 3099 Spiritum
3258 3029 3390 3084 Filii
3415 3031 3499 3085 sui

251 3126 463 3193 αὐτοῦ,
487 3126 556 3182 ἐν
594 3124 726 3192 ταῖς
758 3123 1029 3192 καρδίαις
1063 3121 1233 3192 ὑμῶν
1275 3119 1523 3191 κρᾶζον,
1562 3121 1758 3189 ’Δϐϐὰ,
1789 3121 1826 3174 ό

250 3216 747 3376 Πῖἒῖῗρ;ἑπορήσει
781 3303 878 3358 καὶΙ
903 3302 1206 3375 διχονοήσει
1236 3302 1348 3364 πᾶς
1379 3301 1616 3372 μοναχδς
1657 3317 1829 3355 πνευ-

251 3392 482 3466 ματικοῦ
529 3391 714 3465 ἔργου,
762 3391 870 3464 πρὸ
917 3393 1134 3463 νήψεως
1172 3389 1266 3445 νοῦ
1310 3390 1595 3456 λαϐέσθαι,
1647 3391 1682 3464 ἢ
1725 3390 1826 3444 οὐκ

249 3485 404 3550 εἰδὼς
433 3484 532 3556 μὲν
551 3484 612 3538 τὺ
625 3481 830 3556 ταύτης
850 3483 1123 3556 κάλλος,ἢ
1154 3482 1309 3566 εἰδὼς
1341 3483 1463 3556 μὲν,
1480 3483 1548 3537 δι’
1565 3482 1826 3554 ἀμελείας

245 3578 305 3632 δὲ
339 3576 415 3648 μὴ
437 3575 760 3647 δυνάμενος,
779 3577 881 3646 τῆς
910 3576 967 3630 δὲ
995 3575 1229 3650 ἀπορίας
1249 3573 1637 3646 ἀναμφιϐόλως
1655 3572 1824 3644 λυθή-
1879 3615 1886 3641 ι

249 3686 426 3734 σεται,
483 3668 602 3732 νοὸς
652 3667 885 3739 τήρησιν
937 3665 1156 3732 ἐπιϐὰς,
1203 3666 1238 3737 ἦ
1279 3667 1394 3719 ἐστι
1448 3665 1542 3720 καὶ
1603 3664 1825 3734 λέγεται

248 3760 527 3832 πρακτικὴ
576 3757 865 3830 φιλοσοφία
911 3758 1050 3824 νοὸς,
1080 3757 1158 3822 ὡς
1198 3757 1300 3830 τὴν
1338 3756 1457 3811 ὁδὸν
1497 3755 1747 3828 εὑρηκὼς
1785 3750 1822 3831 ᾖ

245 3849 420 3919 εἶπεν,
465 3851 610 3922 Ἐγώ
647 3852 767 3922 ειμι
804 3851 844 3922 ἠ
871 3849 1032 3918 ὁδὸς,
1067 3849 1166 3906 καὶ
1200 3849 1240 3920 ἠ
1265 3848 1624 3917 ἀνάστασις,
1655 3849 1753 3905 καὶ
1786 3851 1825 3922 ὴ

243 3943 380 4013 ﬁmi.
1181 3979 1184 3981 λ

313 4121 421 4188 νς⁹.
448 4118 619 4176 Πάλιν
638 4113 795 4184 αὖθις
809 4118 1079 4190 ἀπορήσει
1099 4117 1242 4189 όρῶν
1261 4117 1499 4174 ἄϐυσσον
1515 4118 1815 4192 λογισμῶν,

242 4211 342 4265 καὶ
389 4210 593 4282 πλῆθος
627 4209 837 4281 νηπίων
885 4207 1270 4274 Βαϐυλωνίων,
1298 4208 1436 4264 ἀλλὰ
1484 4209 1580 4263 καλ¹
1612 4208 1818 4282 ταύτην

1925 3117 1982 3172 in
2012 3118 2170 3173 corda
2204 3127 2398 3185 uestra,
2423 3118 2762 3186 clamantem,
2790 3117 2960 3186 Abba,
2991 3117 3216 3176 Pater’.

1995 3289 2084 3344 55.
2125 3289 2202 3344 De
2231 3289 2397 3360 opere
2424 3290 2651 3361 spiritali
2684 3291 2981 3361 haesitabit,
3011 3293 3157 3348 etab
3194 3307 3261 3349 eo
3287 3294 3498 3350 alienus

1925 3381 2030 3437 erit
2055 3381 2230 3437 omnis
2267 3383 2586 3450 monachus,
2619 3383 2710 3454 qui
2741 3384 3155 3454 temperantiam
3183 3385 3351 3440 animi
3371 3395 3498 3442 ante

1923 3489 2034 3529 non
2057 3475 2284 3546 adeptus
2311 3475 2494 3542 fuerit,
2525 3483 2621 3530 aut
2647 3474 2975 3546 ignoraverit
2996 3477 3116 3544 ejus
3141 3474 3491 3545 dignitatem:

1923 3572 2018 3619 aut
2053 3564 2238 3620 scierit
2265 3565 2508 3636 quidem,
2547 3565 2642 3622 sed
2673 3565 2921 3622 socordia
2964 3565 3148 3620 victus
3189 3580 3308 3620 eam
3337 3581 3496 3621 exer-

1923 3666 2048 3708 cere
2087 3669 2196 3709 non
2231 3653 2420 3724 possit.
2455 3653 2572 3721 Qua
2595 3655 2784 3723 procul
2815 3647 2982 3710 dubio
3003 3653 3345 3709 dubitatione
3370 3655 3498 3709 libe-

1923 3744 2150 3812 rabitur,
2174 3745 2264 3800 ubi
2284 3745 2486 3804 mentis
2506 3745 2947 3803 observationem
2978 3760 3267 3818 aggressus
3297 3745 3460 3800 fuerit
3477 3762 3498 3798 ::

1921 3851 2044 3907 quae
2069 3845 2126 3892 et
2161 3845 2246 3892 est
2295 3845 2351 3891 et
2402 3837 2604 3892 dicitur
2649 3836 2992 3908 philosophia
3039 3835 3239 3891 mentis
3271 3835 3493 3890 activa:

1921 3921 2376 3998 quemadmodum
2397 3926 2537 3984 viam
2561 3927 2872 3999 appellavit,
2910 3926 3005 3998 qui
3027 3926 3199 3983 dixit:
3230 3925 3343 3996 Ego
3375 3942 3505 3981 sum'

1919 4021 2027 4086 via,
2056 4020 2386 4086 resurrectio,
2414 4028 2462 4074 et
2490 4021 2596 4076 vita
2615 4020 2656 4074 ³.

1991 4111 2080 4168 56.
2121 4113 2311 4169 Denuo
2350 4114 2642 4180 haesitabit,
2676 4113 2964 4171 attendens
3003 4113 3254 4185 abyssum
3287 4112 3498 4184 cogita-

1920 4205 2152 4272 tionum,
2178 4214 2234 4261 et
2259 4206 2667 4262 multitudinem
2686 4206 3034 4278 parvulorum
3055 4205 3498 4276 Babyloniorum.

241 4301 361 4356 λύει
377 4301 476 4374 τὴν
502 4302 740 4374 ἀπορίαν
764 4301 1023 4375 Χριστός,
1045 4303 1159 4372 εῑγε
1179 4305 1246 4374 τῇ
1270 4303 1428 4374 βάσει
1451 4301 1551 4374 τῆς
1579 4302 1818 4368 διανοίας

1933 4295 2030 4354 Sed
2060 4298 2203 4354 hanc
2231 4299 2395 4354 etiam
2417 4299 2823 4356 haesitationem
2855 4298 3018 4356 solvit
3041 4297 3312 4362 Christus,
3345 4297 3499 4353 dumr

240 4394 505 4466 διηνεκῶς
537 4395 626 4449 με’
654 4395 817 4450 αὐτὸν
840 4395 1124 4467 ίστάμεθα.
1152 4396 1235 4451 Τὰ
1263 4396 1320 4450 δὲ
1348 4396 1526 4452 πάντα
1561 4394 1816 4450 Βαϐυλώ-

1933 4391 2081 4448 modo
2112 4391 2164 4447 ei
2198 4392 2347 4448 velut
2373 4390 2542 4446 animi
2580 4390 2937 4447 fundamento
2965 4390 3315 4446 continenter
3350 4388 3498 4444 inni-

240 4503 330 4541 νια
381 4487 552 4557 νήπια
594 4495 652 4542 η
694 4489 763 4560 τῇ
804 4487 985 4560 πέτρα
1026 4487 1200 4559 ταύτῃ
1241 4476 1816 4559 ὲδαφιοῦντεςὲναπο-

243 4575 514 4649 κροὲομεν
536 4577 1050 4650 ταιηροῦντεςτκατὰ
1078 4577 1140 4631 τὸ
1168 4577 1371 4648 λόγιον,
1390 4580 1492 4652 τὴν
1519 4578 1815 4666 ἐπιθυμίαν

242 4668 404 4741 ἡμῶν
419 4668 479 4734 te
505 4670 706 4727 αὑτων.
729 4673 834 4739 ⁸ος
856 4671 987 4742 γὰρ,
1015 4671 1176 4742 φησϊ,
1206 4672 1510 4740 φυλάσσει
1529 4669 1812 4748 ἐντολὴν,

239 4763 316 4818 οὐ
359 4761 649 4833 γνώσεται
683 4763 851 4833 ῥῆμα
885 4763 1155 4832 πονηρόν
1175 4780 1192 4796 '
1246 4761 1426 4834 χωρὶς
1462 4761 1576 4834 τὰρ
1629 4760 1818 4844 ista”;

239 4855 370 4927 ἔφη,
393 4855 466 4909 οὐ
493 4853 761 4909 δύνασθε
789 4855 989 4910 ποιεῖν
1011 4853 1220 4912 οὐδέν.

309 5026 413 5091 νζ.
439 5019 608 5092 οὗτος
636 5024 992 5099 ἀληθινδςτῷ
1026 5027 1140 5081 δντι
1177 5028 1432 5101 μοναχὺς,
1454 5029 1484 5084 ὸ
1506 5027 1667 5101 νῆψιν
1680 5046 1813 5085 κατ-

238 5117 446 5188 ορθῶνο
476 5118 574 5172 καὶ
595 5111 751 5182 οὗτος
781 5117 1333 5191 ἁληθινὸςξνηφάλιος,
1361 5121 1391 5173 ό
1421 5120 1483 5177 ιν
1511 5120 1714 5192 καρδία
1733 5117 1810 5176 ὢν

238 5210 499 5282 μπναχόςο

208 5297 214 5303 ’
308 5307 414 5372 νην.
458 5300 1003 5373 Συμπαρὲκτείνεται
1048 5301 1360 5372 ἀνθρώποις
1399 5303 1427 5358 ό
1459 5303 1574 5374 βίος
1615 5303 1674 5357 ἐν
1699 5302 1809 5357 ἔνι-

235 5395 440 5460 αυτοῖς,
475 5393 536 5448 ὲν
568 5393 761 5465 μησὶν,
788 5395 848 5448 ὲν
893 5394 1185 5464 ἑϐδομάσιν
1206 5395 1298 5464 ,ἔν
1330 5412 1389 5450 τε
1415 5397 1674 5467 ἡμέραις,
1709 5396 1806 5450 καὶ

1921 4491 2118 4538 tamur.
2162 4481 2454 4538 Universos
2480 4490 2660 4536 autem
2689 4480 3009 4554 Babylonios
3037 4480 3333 4536 infantulos
3369 4479 3503 4535 huic

1919 4583 2090 4646 petrae
2141 4583 2399 4646 tanquam
2450 4573 2765 4642 pavimento
2817 4573 3114 4639 allidimus,
3179 4571 3499 4641 implentes,

1915 4666 2068 4738 juxta
2093 4667 2392 4737 eloquium,
2419 4667 2754 4735 desiderium
2779 4673 3028 4721 nostrum
3055 4679 3119 4719 ex
3158 4661 3291 4732 ipsis
3318 4661 3359 4714 ⁸.
3391 4660 3501 4725 Qui

1919 4759 2080 4825 enim,
2120 4758 2325 4829 inquit,
2363 4761 2586 4814 custodit
2645 4767 2987 4830 prteceptum,
3044 4771 3148 4809 non
3197 4754 3498 4824 experietur

1922 4851 2212 4921 quidquam
2237 4851 2368 4906 ntali
2387 4852 2435 4904 ³.
2462 4849 2598 4918 Quia
2621 4850 2734 4904 sine
2760 4864 2863 4914 me,
2891 4846 2991 4913 ait,
3021 4845 3152 4900 nihil
3170 4845 3382 4918 potestis
3409 4846 3498 4916 [α-

1922 4957 2038 4997 cere
2069 4942 2112 4998 '.

1992 5032 2081 5089 57.
2117 5030 2216 5089 ilic
2245 5031 2490 5105 profecto
2529 5045 2693 5088 verus
2719 5036 2805 5084 est
2847 5025 3170 5090 monachus,
3218 5025 3312 5096 qui
3344 5034 3494 5084 recte

1919 5124 2336 5194 temperantiam
2369 5133 2615 5189 exercet;
2650 5129 2707 5176 et
2735 5117 2825 5174 hic
2854 5133 2984 5174 vere
3026 5125 3338 5189 temperans
3383 5127 3491 5185 est,

1917 5213 2010 5286 qui
2033 5214 2338 5269 monachus
2365 5221 2450 5268 est
2478 5213 2682 5267 animo.

1985 5304 2074 5360 58.
2121 5302 2239 5359 Vita
2270 5303 2553 5358 hominum
2580 5299 2955 5372 protenditur,
2982 5313 3082 5370 per
3108 5313 3304 5366 annos,
3333 5315 3488 5355 men-

1912 5409 2022 5462 ses,
2050 5393 2440 5460 hebdomadas,
2469 5393 2606 5462 dies,
2642 5391 2825 5456 horas,
2856 5398 3066 5456 noctes,
3107 5400 3164 5447 et
3210 5401 3484 5447 momenta

313 5592 498 5651 πρωί.
533 5611 620 5664 xc,
650 5597 702 5653 8.
781 5595 1004 5654 'Galat.
1038 5611 1112 5662 tv,
1142 5594 1196 5651 6.
1253 5573 1692 5664 'Joan..xt,25.
1771 5596 1822 5653 ~;

1933 5596 1959 5654 Ι.
1991 5611 2206 5664 cxxxvt,
2239 5596 2293 5651 5.
2369 5598 2388 5629 ⁵
2417 5596 2585 5652 Eccli.
2619 5610 2733 5664 Vill,
2759 5596 2811 5652 5.
2892 5597 2911 5625 ⁶
2936 5592 3090 5652 Joan.
3119 5609 3210 5660 xv,
3241 5593 3300 5649 5.

3366 198 3592 266 1530'
