3906 6192
290 210 425 276 1533

999 215 1096 275 DE
1119 214 1668 276 TEMPERANTIA
1699 215 1795 274 ET
1834 214 2193 278 VIRTUTE.
2233 241 2302 258 ’σ-
2341 219 2731 280 CENTURIA
2770 220 2852 280 II-

3389 216 3527 284 1534

345 321 438 388 ξέ.
462 319 646 377 ταῦτα
685 323 964 394 μυστικῶς
990 324 1369 379 ἀποκαλύπτει
1399 325 1477 396 νῷ
1507 326 1760 398 ἑπομένῳ
1785 326 1844 395 τῇ

2025 327 2116 382 65.
2156 327 2353 383 Isthmo
2393 329 2616 400 mystice
2652 328 2857 384 revelat
2898 311 3080 384 animo
3121 325 3526 400 obteinperami

277 415 464 486 ἐντολῇ
517 413 685 470 αὐτοῦ
742 418 810 486 τῇ
861 416 1146 489 φασκούσῃ
1167 458 1182 483 ,
1237 418 1350 472 Kal
1405 420 1852 489 περιτεμεῐσθε,

276 510 428 580 φησὶ,
455 507 569 578 τὴν
609 509 1111 580 σκληροκαρδίαν
1139 510 1333 581 ὑμῶν.
1362 512 1472 568 Καὶ
1503 513 1582 576 ὡς
1611 513 1851 584 είρηται,

275 600 482 665 ἑννοίας
512 601 757 669 ὲξαισίας
779 602 1086 657 ἐκδιδάσκει
1121 603 1410 672 ἀνθρώπου
1439 605 1600 675 νῆψις
1623 607 1656 676 ἡ
1685 622 1855 659 σπου-

276 691 395 746 δαία
419 710 432 723 ο
455 694 517 746 τὸ
547 694 657 763 γὰρ
685 695 840 748 Θείον
882 695 1426 767 ἀπροσωπόληπτον,
1459 696 1583 750 ὅθεν
1629 697 1795 766 φησιν
1825 696 1855 748 ό

275 784 502 855 Κύριος,
539 785 791 838 Ἀκούετέ
823 801 924 856 μου
950 785 1044 840 καὶ
1074 784 1307 841 συνίετε.
1335 787 1439 852 Ὃς
1464 786 1573 856 γὰρ
1593 785 1671 838 ἂν
1699 785 1850 854 Exod,

275 871 594 942 δοθήσεται
631 873 794 940 αὐτῷ
835 872 933 928 καὶ
966 875 1508 944 περισσευθήσεται
1533 889 1546 904 ·
1587 873 1654 940 ὃς
1677 873 1744 926 δὲ
1766 871 1854 943 μὴ

276 967 420 1037 ἔχει,
445 966 542 1020 καὶ
571 965 603 1018 ὃ
627 967 794 1020 δοκεῖ
819 966 1004 1034 ἔχειν,
1025 967 1349 1036 ἀρθήσεται
1369 966 1471 1022 ἀπ’
1489 963 1699 1021 αὐτοῦ.
1715 964 1852 1031 Καὶ,

280 1057 406 1123 Τοῖς
444 1054 723 1126 ἀγαπῶσι
760 1055 871 1110 τὸν
906 1057 1076 1124 Θεὸν,
1121 1055 1320 1110 πάντα
1358 1056 1644 1127 συνεργεῖ
1673 1057 1761 1122 εις
1787 1055 1856 1110 τὸ

272 1149 512 1218 ἀγαθόν.
553 1145 740 1219 Πολλῷ
769 1144 900 1218 γοῦν
947 1147 1145 1218 μᾶλλον
1173 1147 1321 1218 αὐτῷ
1347 1149 1404 1204 αἱ
1440 1147 1632 1219 ἀρεταὶ
1663 1164 1855 1218 συνερ-

271 1241 554 1312 γήσουσιν.
1079 1305 1088 1312 ο

337 1327 442 1397 Eg’.
469 1331 546 1385 Οὐ
589 1329 962 1402 περιπατήσει
996 1329 1182 1383 πλοῖον
1213 1328 1386 1383 πολλά
1430 1329 1606 1400 μίλια,
1646 1329 1854 1384 ὑδάτων

263 1424 452 1493 χωρὶς.
485 1423 578 1476 καὶ
609 1423 703 1477 νοῦ
725 1423 960 1495 τήρησις
994 1423 1106 1477 οὐδ’
1146 1423 1284 1485 ὅλως
1320 1421 1661 1493 προϐήσεται
1686 1423 1855 1495 χωρὶς

261 1513 472 1583 νήψεως
503 1514 600 1566 σὺν
624 1494 952 1568 ταπεινώσει
983 1513 1076 1569 καὶ
1105 1513 1239 1584 εὐχῇ
1285 1511 1456 1586 Ἰησοῦ
1485 1512 1721 1586 Χριστοῦ
1779 1494 1846 1567 δι’

259 1603 404 1676 ὅλης.

1959 431 2231 489 praecepto
2257 420 2399 488 ejus,
2426 421 2569 490 quod
2603 419 2754 484 dicit,
2789 419 2855 472 Et
2885 421 3285 488 circumcidetis,
3331 421 3528 493 inquit,

1933 559 1936 562 .
1957 511 2214 566 duritiam
2233 512 2403 567 cordis
2425 512 2579 567 uestri
2603 511 2668 565 “.
2693 509 3074 580 Temperantia
3097 528 3315 583 quoque
3346 513 3528 569 homi-

1956 600 2045 656 nls
2085 601 2372 672 diligenter
2397 601 2630 666 exculta,
2669 600 2934 656 sublimes
2961 601 3121 656 docet
3148 611 3203 656 et
3220 603 3528 674 intelligen-

1957 691 2082 759 tias,
2117 701 2178 747 ut
2197 693 2401 748 dictum
2433 703 2517 749 est
2543 710 2560 746 :
2591 693 2717 762 quia
2737 709 2941 748 numen
2978 692 3220 748 divinum
3241 709 3526 763 personam

1955 799 2067 841 non
2094 786 2307 855 accipit.
2321 785 2475 841 Unde
2505 785 2760 841 Dominus
2785 785 2894 840 ait:
2914 783 3112 840 Audite
3128 800 3235 850 me,
3253 793 3308 840 et
3335 786 3530 842 intelli-

1957 877 2086 949 gite,
2142 875 2370 929 llabenti
2418 875 2650 940 dabitur,
2698 883 2748 930 et
2778 874 3110 938 abundabit;
3140 876 3189 928 ei
3215 883 3394 930 autem
3437 877 3528 946 qui

1957 983 2060 1022 non
2079 967 2254 1032 habet,
2280 974 2329 1020 et
2361 967 2498 1038 quod
2512 967 2716 1020 videtur
2743 965 2953 1032 habere,
2986 967 3257 1036 auferetur
3285 966 3350 1020 ab
3373 983 3436 1021 eo
3459 970 3526 1024 “.

1955 1060 2430 1132 Etzbiligentibus
2469 1059 2657 1125 Deum,
2717 1059 2895 1112 omnia
2950 1068 3297 1127 cooperantur
3335 1060 3402 1114 in
3445 1060 3533 1114 bo-

1957 1169 2083 1208 num
2117 1152 2182 1206 ⁸³.
2213 1150 2427 1219 Quanto
2467 1151 2638 1223 magis
2671 1159 2819 1207 certe
2845 1150 3298 1220 cooperabuntur-
3327 1152 3381 1207 ei
3411 1152 3525 1208 vir-

1959 1253 2012 1300 tu
2022 1254 2104 1301 tos

2027 1335 2116 1391 66.
2157 1335 2322 1392 Navis
2351 1335 2520 1391 multa
2549 1336 2723 1393 millia
2749 1354 2860 1396 non
2898 1341 3296 1410 perambulabit
3322 1341 3528 1410 absque

1955 1445 2132 1502 aqua:
2188 1429 2264 1484 ita
2303 1430 2644 1486 conservatio
2686 1432 2888 1488 mentis
2924 1433 3060 1490 citra
3111 1433 3526 1502 temperantiam

1955 1523 2201 1595 junctam
2266 1520 2578 1588 humilitati,
2618 1530 2674 1578 et
2721 1523 3086 1594 implorationi
3145 1524 3277 1582 Iesu
3321 1525 3526 1581 Christi

1959 1614 2211 1679 assiduae,
2241 1628 2582 1683 nequaquam
2614 1613 2879 1684 proficiet.

325 1699 438 1766 ξς,
454 1699 615 1754 Οῑκου
649 1699 921 1772 θεμέλιος,
945 1699 1084 1754 λίθοι
1106 1716 1124 1732 ι
1162 1697 1366 1770 ταύτης
1395 1697 1452 1752 δὲ
1481 1697 1582 1769 τῆς
1618 1696 1843 1768 ἀρετῆς,

2023 1705 2114 1762 67.
2149 1705 2580 1771 Fundamentum
2647 1706 2845 1764 domus
2893 1716 3022 1762 sunt
3069 1706 3313 1777 lapides:
3361 1707 3526 1777 hujus

260 1789 350 1844 καὶ
377 1788 644 1860 θεμέλιοι,
671 1791 767 1845 καὶ
794 1790 1014 1863 δροφοι,
1037 1791 1100 1843 τὸ
1140 1788 1521 1862 προοκυνητὸν
1552 1789 1650 1842 καὶ
1691 1787 1848 1855 ἀγιον

266 1879 430 1950 Ξνομα
462 1880 556 1933 τοῦ
593 1881 797 1951 Κυρίου
823 1880 980 1951 ἡμῶν
1015 1879 1190 1950 Ἰησοῦ
1247 1877 1510 1951 Χριστοῦ.
1553 1877 1662 1931 Καὶ
1692 1873 1850 1947 εὐχεο

264 1972 366 2042 ρῶς
399 1973 497 2042 μὲν
523 1974 822 2044 ναυαγήσει
857 1973 1197 2043 κυϐερνήτης
1225 1972 1414 2042 ἀφρων
1441 1973 1498 2024 ὲν
1527 1965 1707 2042 καιρῷ
1729 1968 1853 2024 κλύ-

261 2061 445 2125 δωνος,
478 2063 604 2125 τοὺς
631 2062 728 2132 μὲν
757 2061 961 2125 ναύτας
1001 2061 1296 2127 ὲκδιὼξας,
1325 2061 1424 2125 τὰς
1451 2060 1510 2115 δὲ
1533 2059 1725 2123 κώπας
1752 2059 1848 2113 καὶ

261 2152 331 2208 τὰ
363 2151 506 2206 ἱστία
541 2155 598 2206 ὲν
638 2153 724 2222 τῷ
757 2151 1213 2222 πελάγει.ρίψας,
1245 2151 1409 2215 αὐτὸς
1441 2150 1498 2204 δὲ
1528 2149 1808 2205 καθεύδων
1828 2166 1843 2181 ο

265 2243 654 2317 εὐχερέστερον
678 2244 735 2299 δὲ
771 2244 927 2315 ψυχὴ
959 2243 1523 2315 καταποντισθήσεται
1554 2244 1618 2296 ὲκ
1660 2243 1848 2312 δαιμό-

267 2352 373 2390 νων
398 2334 609 2404 νήψεως
639 2333 946 2405 ἀμελοῦσα,
974 2335 1071 2388 καὶ
1091 2333 1189 2388 τοῦ
1225 2334 1608 2390 ἐπικαλεῖσθαι
1639 2334 1697 2387 δν
1725 2334 1845 2395 ταῖς

268 2425 603 2498 προσϐολαῖς
627 2425 960 2498 ἀρχομέναις
998 2423 1172 2496 Ἰησοῦ
1211 2424 1448 2496 Χριστοῦ
1473 2424 1666 2493 ὄνομα.

341 2513 442 2588 ξηῆ
480 2518 545 2571 ’0
567 2517 809 2587 οἴδαμεν,
843 2517 1147 2587 γράφοντες
1175 2514 1418 2585 λέγομεν
1443 2532 1456 2546 ⁸
1489 2517 1582 2569 καὶ
1613 2515 1642 2568 ὂ
1670 2514 1845 2585 ἑωρά-

270 2623 478 2677 καμεν,
530 2605 627 2678 τὴν
667 2607 787 2660 ὁδὸν
833 2607 1232 2671 διαϐαίνοντες,
1286 2604 1675 2678 μαρτυροῦμεν
1730 2605 1844 2668 τοῖς

271 2695 540 2761 θέλουσιν,
568 2697 621 2750 ετ
641 2713 705 2766 γε
727 2695 994 2774 λήψεσθαι
1025 2697 1094 2749 τά
1122 2696 1387 2769 εἰρημένα
1419 2694 1838 2766 βουληθήσεσθε.

271 2787 394 2842 Ὀτι
434 2788 594 2851 αὐτὸς
627 2787 869 2858 εἴρηκεν,
916 2787 1058 2844 Ἐὰν
1093 2787 1181 2856 μή
1222 2805 1312 2852 τις
1343 2788 1526 2857 μείνῃ
1567 2787 1639 2841 ἐν
1686 2788 1839 2856 ἐμοὶ,

264 2881 706 2948 ἐκϐληθήσεται
743 2880 882 2946 ἔξω,
921 2881 1002 2944 ὡς
1049 2880 1114 2931 τὸ
1143 2877 1373 2946 κλῆμα,
1410 2878 1508 2932 καὶ
1535 2875 1840 2946 συνάγου-

263 2988 372 3026 σιν
397 2973 569 3037 αὐτὸ,
601 2971 700 3026 καὶ
734 2973 822 3037 εις
856 2971 926 3024 τὸ
953 2970 1074 3040 πῦρ
1089 2967 1426 3035 βάλλουσι,
1461 2967 1562 3026 καί
1586 2969 1837 3024 καίεται.

277 3060 336 3113 '0
356 3060 412 3114 δὲ
446 3061 620 3131 μένων
643 3061 701 3115 ὲν
727 3061 870 3131 ἐμοὶ,
902 3058 1060 3127 κάγὼ
1081 3059 1138 3111 ὲν
1160 3057 1331 3129 αὐτῷ.
1379 3059 1464 3120 Ὠς
1490 3057 1600 3130 γὰρ
1627 3057 1840 3128 λάμψαι

263 3151 416 3224 ἣλιον
449 3154 623 3224 φωτὸς
651 3153 783 3223 ἀτερ
807 3152 868 3204 οὗ
891 3151 1133 3214 δυνατὸν,
1151 3150 1323 3211 οὕτως
1349 3149 1610 3204 ἀδύνατον
1632 3149 1772 3202 καθα
1783 3165 1842 3219 ρ-

267 3243 426 3313 θῆναι
455 3243 683 3312 καρδίαν
727 3241 900 3312 ῥύπου
929 3239 1214 3308 λογισμῶν
1246 3237 1547 3302 ἀπωλείας,
1577 3237 1708 3291 ἄνευ
1742 3239 1844 3309 τῆς

267 3331 611 3403 ἐπικλήσεως
632 3329 898 3402 Χριστοῦ,
927 3323 961 3406 ᾖ
986 3330 1062 3392 ῶς
1089 3330 1157 3400 τῇ
1178 3329 1286 3400 ἰδίᾳ
1318 3327 1456 3398 πνοῇ
1486 3326 1842 3400 χρησώμεθα·

263 3420 329 3475 τὸ
357 3421 462 3492 μὲν
489 3421 619 3494 γὰρ,
641 3419 755 3492 φῶς
773 3437 788 3454 ο
816 3421 866 3474 oi
896 3421 974 3488 δὲ,
1013 3417 1224 3483 σκότος.
1257 3419 1364 3473 Καὶ
1387 3417 1416 3470 6
1452 3418 1572 3489 μὲν,
1595 3417 1727 3482 Θεὸς
1750 3419 1844 3473 καὶ

267 3512 583 3584 Δεσπότης·
621 3513 671 3566 οἱ
709 3511 788 3578 δὲ,
819 3511 1000 3566 δοῦλοι
1024 3510 1317 3587 δαιμόνων.

339 3603 782 3670 ξθ’.Φωτστόκος,
812 3604 906 3659 καὶ
931 3603 1370 3676 ἀστραπητόκος,
1394 3603 1488 3657 καὶ
1517 3601 1840 3672 φωτοϐόλος,

241 3695 361 3756 ⁵καὶ
396 3697 676 3772 πυρφόρος
707 3698 740 3768 ἡ
776 3695 871 3752 τοῦ
908 3696 1000 3752 νοῦ
1035 3695 1247 3768 φυλακὴ
1275 3694 1575 3765 προσφυῶς
1619 3696 1716 3750 καὶ
1747 3710 1845 3764 φε-

267 3791 537 3863 ρωνῦμως
565 3787 874 3844 καλείσθω·
917 3787 1178 3859 ὑπερέχει
1209 3786 1338 3857 γὰρ,
1390 3785 1603 3858 τάληθῆ
1649 3785 1841 3856 φάναι,

262 3884 512 3956 ἀπείρων
536 3881 871 3953 σωματικῶν
902 3880 1000 3934 καὶ
1024 3877 1235 3934 πολλῶν
1262 3877 1485 3952 ἀρετῆς.
1515 3877 1719 3932 Τούτου
1749 3872 1842 3932 οῦν

261 3976 431 4031 ἕνεκα
476 3977 590 4040 τοῖς
638 3975 842 4046 τιμίοις
880 3974 1108 4045 ὀνόμασι
1149 3971 1338 4027 καλεῖν
1367 3971 1473 4044 χρὴ
1514 3970 1615 4044 τὴν
1641 3970 1842 4044 ἀρετὴν

263 4069 492 4139 ταύτην,
523 4067 611 4121 διὰ
647 4066 714 4121 τὰ
735 4066 795 4132 ἐξ
823 4061 996 4135 αὐτῆς
1023 4063 1317 4134 τικτόμενα
1341 4063 1630 4134 ἀγλαοφαῆ
1662 4061 1838 4134 φῶτα·

263 4153 347 4222 οἷς
377 4161 424 4214 οί
456 4157 785 4232 ἐρασθέντες
815 4155 875 4224 ἐξ
917 4155 1262 4229 ἁμαρτωλῶν
1307 4155 1403 4210 καὶ
1439 4154 1701 4226 ἀχρείων,
1747 4156 1842 4210 καὶ

265 4249 534 4323 βεϐήλων,
567 4253 661 4304 καὶ
707 4247 1034 4319 ἀγνώστων,
1078 4247 1354 4303 ἀσυνέτων
1385 4265 1447 4301 τε
1483 4248 1577 4303 καὶ
1612 4247 1840 4315 ἀδίκων,

1953 1807 2136 1854 autem
2177 1798 2394 1853 virtutis
2421 1798 2782 1855 fundamenta
2809 1808 2866 1853 et
2907 1809 3053 1853 recta
3093 1807 3221 1852 sunt
3271 1805 3524 1852 sanctum

1950 1898 2006 1946 et
2031 1889 2362 1945 adorandum
2407 1903 2608 1945 nomen
2643 1888 2860 1945 Domini
2903 1889 3076 1943 nostri
3121 1888 3250 1942 Jesu
3299 1889 3521 1945 Christi.

1950 1978 2136 2049 Itaque
2167 1979 2499 2050 gubernator
2546 1979 2700 2032 navis
2754 1977 3092 2046 imprudens,
3136 1976 3229 2045 qui
3277 1986 3524 2046 tempore

1949 2070 2198 2141 procella:
2246 2070 2425 2124 nautis
2474 2067 2735 2138 expulsis,
2791 2067 2958 2121 remis
2992 2075 3048 2121 et
3094 2067 3228 2121 velis
3273 2068 3327 2121 in
3371 2081 3523 2121 mare

1950 2162 2227 2233 proiectis,
2256 2161 2475 2227 dormit,
2516 2160 2672 2216 facile
2710 2159 3050 2230 nsulragium
3090 2158 3242 2214 facit.
3287 2157 3523 2213 Facilius

1947 2262 2128 2310 autem
2181 2253 2358 2308 anima
2406 2253 2754 2324 demergetut
2813 2269 2845 2306 a
2895 2251 3259 2314 daemonibus,
3318 2266 3442 2321 quis
3467 2260 3524 2307 et

1947 2343 2363 2414 temperantiam
2391 2343 2633 2415 negligit,
2670 2355 2728 2398 et
2751 2342 3132 2414 ingruentibus
3161 2343 3523 2414 suggestioni-

1945 2436 2050 2492 bus
2079 2436 2335 2491 invocare
2357 2449 2558 2490 nomen
2588 2433 2720 2490 Jesu
2746 2435 2950 2490 Christi
2975 2450 3085 2489 non
3114 2445 3290 2489 curat.

2010 2527 2099 2584 68.
2139 2527 2294 2593 Quod
2337 2528 2561 2593 scimus,
2605 2527 2824 2597 scriptis
2870 2527 3151 2583 dicimus:
3197 2527 3341 2596 quod
3375 2527 3518 2581 vidi-

1944 2634 2088 2686 mus,
2118 2620 2248 2674 dum
2276 2620 2418 2674 viam
2456 2619 2897 2689 transigeremus,
2932 2617 3285 2671 testiﬁcantur
3319 2617 3513 2671 volen-

1945 2711 2090 2765 tibus
2120 2727 2135 2774 ;
2187 2709 2233 2764 si
2272 2709 2492 2780 quidem
2522 2709 2769 2777 excipere
2803 2708 2945 2763 dicta
2966 2707 3120 2762 vobis
3153 2707 3350 2772 libeat;
3391 2708 3519 2776 quia

1943 2802 2058 2872 ipse
2097 2801 2234 2856 dixit
2265 2819 2279 2857 :
2307 2801 2364 2856 Si
2398 2804 2514 2871 quis
2555 2801 2612 2854 in
2673 2817 2754 2854 me
2801 2817 2905 2854 non
2959 2801 3229 2863 manserit,
3282 2800 3521 2854 mittetur

1943 2892 2107 2962 foras,
2135 2891 2269 2944 sicut
2304 2890 2505 2960 palmes
2539 2904 2558 2944 :
2604 2900 2654 2944 et
2693 2889 2942 2960 colligunt
2979 2905 3117 2952 eum,
3165 2898 3216 2941 et
3253 2889 3311 2940 in
3345 2889 3518 2958 ignem

1944 2985 2182 3047 mittunt,
2204 2989 2253 3037 et
2279 2981 2612 3048 πάριθι.οΜ
2633 2991 2814 3036 autem
2837 2991 3025 3036 manet
3055 2981 3110 3034 in
3143 2995 3250 3046 me,
3273 2989 3330 3035 et
3351 2980 3521 3051 egoin

1945 3091 2032 3131 eo.
2076 3073 2210 3129 Nam
2263 3074 2405 3130 sicut
2459 3073 2539 3128 sol
2567 3073 2770 3143 absque
2814 3072 3020 3129 lumine
3063 3071 3354 3140 splendere
3408 3085 3518 3126 non

1942 3173 2144 3236 potest,
2209 3165 2284 3220 ita
2326 3180 2423 3220 cor
2459 3164 2674 3235 purgari
2715 3179 2830 3220 non
2874 3172 3054 3234 potest
3084 3164 3338 3219 sordibus
3373 3163 3520 3234 peri-

1945 3255 2216 3310 mentium
2269 3253 2679 3323 cogitationum,
2727 3254 2846 3308 sine
2897 3253 3102 3308 Christi
3150 3254 3523 3317 invocatione,

1944 3357 2051 3413 qua
2100 3343 2326 3408 utimur,
2367 3340 2518 3395 velut
2564 3341 2780 3411 propria
2823 3341 3140 3410 spiratione.
3188 3341 3320 3396 Illud
3372 3343 3518 3400 enim

1943 3429 2150 3494 lumen,
2176 3429 2261 3484 hae
2287 3444 2415 3484 vero
2457 3430 2694 3484 tenebrae
2727 3447 2739 3482 :
2780 3437 2836 3484 et
2881 3430 2971 3483 ille
2999 3431 3243 3500 quidem,
3273 3432 3418 3487 Deus
3455 3447 3522 3487 ac

1947 3519 2250 3586 Dominus;
2280 3519 2364 3574 ha
2390 3534 2542 3584 vero,
2573 3520 2881 3576 daemonum
2909 3519 3138 3576 ancilla.

2015 3610 2105 3668 69.
2143 3611 2404 3668 Custodia
2460 3611 2658 3666 mentis
2713 3626 2976 3681 germano
3025 3620 3080 3667 et
3110 3626 3241 3668 vero
3297 3611 3519 3668 nomine

1944 3699 2209 3771 lucipara,
2250 3699 2601 3772 fulguripara,
2638 3701 2820 3757 lumen
2867 3700 3143 3766 eminens,
3190 3707 3246 3755 et
3290 3699 3518 3772 ignifera

1945 3792 2237 3848 vocitetur.
2270 3792 2501 3861 Superat
2535 3790 2705 3854 enim,
2736 3797 2794 3846 ut
2817 3804 3008 3844 verum
3037 3788 3304 3852 dicamus,
3330 3786 3520 3866 inﬁni-

1944 3893 2028 3941 tas
2055 3900 2144 3940 res
2179 3899 2488 3954 corporeas,
2529 3893 2588 3939 et
2644 3883 2873 3939 virtutes
2920 3883 3228 3954 plerasque.
3281 3881 3398 3946 Qua
3449 3880 3520 3934 de

1944 3993 2109 4034 causa
2132 3977 2305 4031 virtus
2345 3977 2448 4031 ista
2479 3974 2641 4030 claris
2683 3973 2996 4029 nominibus
3042 3982 3127 4028 est
3170 3971 3518 4042 appellanda,

1943 4067 2014 4125 ob
2047 4065 2327 4137 splendida
2363 4065 2571 4119 lumina
2629 4079 2748 4134 qua:
2797 4071 3096 4118 nascuntur
3137 4079 3200 4118 ex
3233 4079 3295 4117 ea
3334 4077 3346 4114 :
3381 4077 3524 4132 quo-

1943 4173 2068 4214 rum
2119 4171 2303 4212 amore
2346 4155 2441 4227 qui
2491 4155 2797 4226 capiuntur,
2861 4167 2961 4224 per
3002 4150 3188 4207 Jesum
3238 4149 3524 4206 Christum

1944 4250 2176 4307 evadere
2205 4256 2431 4320 possunt
2462 4263 2530 4303 ex
2558 4244 2956 4320 peccatoribus,
2985 4243 3289 4312 inutilibus,
3333 4243 3524 4313 inqui-

261 4341 488 4408 δίκαιοι,
513 4335 828 4414 εὔχρηστοι,
867 4341 1119 4411 καθαροὶ,
1164 4340 1335 4408 ἀγιοι,
1367 4339 1464 4394 καὶ
1489 4340 1696 4394 συνετοὶ
1747 4340 1836 4395 διὰ

1950 4340 2104 4408 natis,
2137 4338 2334 4412 ignotis
2364 4345 2419 4392 et
2448 4335 2834 4409 insipientibus
2875 4341 2930 4389 et
2958 4333 3184 4404 iniquis,
3212 4330 3366 4402 justi,
3413 4331 3520 4386 ho-

279 4433 452 4506 Ἰησοῦ
487 4433 722 4506 Χριστοῦ
755 4433 1008 4503 γενέσθαι
1057 4431 1314 4487 δύνανται
1337 4448 1352 4464 ·
1389 4431 1486 4485 καὶ
1534 4433 1594 4486 οὐ
1632 4431 1795 4502 μόνον
1818 4471 1835 4499 ,

263 4526 405 4584 ἀλλά
431 4527 526 4580 καὶ
562 4525 800 4596 μυστικὰ
829 4523 1075 4597 θεωρεῖν,
1109 4524 1206 4578 καὶ
1232 4523 1562 4595 θεωρητικοὶ
1603 4523 1838 4594 γενόμε-

263 4635 349 4673 νοι
379 4617 459 4689 τῷ
491 4617 945 4689 ἀκραιφνεοτάτῳ
971 4616 1065 4670 καὶ
1107 4615 1324 4686 ἀπείρῳ
1361 4615 1504 4685 φωτὶ
1532 4614 1628 4670 νῦν
1651 4616 1840 4688 διανή-

262 4709 458 4782 χεσθαι
503 4709 872 4782 συμϐήσεται,
915 4707 1106 4780 θήγειν
1135 4723 1196 4761 τε
1241 4706 1390 4778 αὐτῷ
1434 4707 1696 4779 ἀρῤήτοις
1743 4707 1842 4779 θή-

259 4800 407 4867 ξεοι,
431 4799 526 4852 καὶ
551 4800 650 4853 οὖν
674 4797 825 4869 αὐτῷ
853 4793 1168 4851 κατοικοῦσί
1203 4811 1266 4850 τε
1295 4795 1391 4850 καὶ
1431 4794 1833 4863 πολιτεύονται,

259 4891 392 4945 emt
409 4889 703 4961 ἐγεύσαντο
733 4889 814 4944 ὅτι
835 4890 1075 4962 Χριστὸς
1092 4890 1120 4943 ό
1141 4885 1369 4958 Κύριος,
1387 4887 1466 4952 ὡς
1493 4888 1833 4959 πληροῦσθαι

263 4981 459 5053 σαφῶς
496 4983 554 5034 ιν
585 4984 697 5045 τοῖς
721 4981 986 5044 τοιούτοις
1021 4978 1434 5050 πρωωγγὲλοις
1463 4978 1528 5031 τὺ
1552 4978 1656 5032 τοῦ
1681 4979 1832 5034 θείου

264 5073 450 5138 Δαϐὶδ,
476 5072 652 5142 Πλὴν
665 5072 885 5126 δίκαιοι
917 5070 1466 5141 ἐξομολογήσονται
1487 5069 1566 5137 τῷ
1592 5072 1838 5142 ὀνόματί

261 5177 409 5229 σου,
439 5164 536 5218 καί
558 5163 1033 5234 κατοικήσουσιν
1059 5162 1256 5230 euasi};
1275 5163 1400 5218 σὺν
1425 5162 1506 5230 τῷ
1535 5164 1835 5234 προσώπῳ

255 5272 410 5312 vos"
431 5257 600 5321 ὅντως
613 5271 719 5326 γαρ
743 5257 824 5329 Oi},
845 5257 1014 5320 ὅντως
1033 5250 1179 5310 οὗτοι
1205 5256 1354 5326 μόνοι
1376 5256 1626 5329 ἀτρεκῶς
1645 5259 1838 5312 ἐπικα-

267 5347 485 5404 λοῦνται
522 5351 619 5404 καὶ
657 5349 1102 5420 ὲξομολογοῦνται
1145 5349 1265 5422 Θεῷ
1292 5391 1308 5417 ,
1353 5342 1398 5419 ᾧ
1445 5352 1542 5404 καὶ
1593 5348 1840 5423 φιλοῦσιν

257 5442 478 5516 ’ὁμιλεῖν
504 5445 828 5515 ἀγαπῶντες
857 5447 1041 5502 αὐτόν.

1942 4434 2120 4490 mines
2153 4430 2315 4502 frugi,
2373 4427 2519 4500 puri,
2561 4427 2754 4494 sancti,
2800 4435 2856 4481 et
2900 4425 3198 4495 sapientes,
3230 4437 3409 4494 neque
3461 4423 3524 4477 id:

1942 4525 2140 4591 solum,
2175 4523 2271 4580 sed
2311 4523 2476 4577 etiam
2511 4521 2730 4576 eveniet
2774 4528 2835 4575 ut
2862 4519 3084 4591 mystica
3116 4515 3466 4588 speculentur
3498 4530 3522 4567 ι

1941 4626 1998 4674 et
2028 4616 2121 4672 ubi
2166 4613 2486 4686 speculativi
2523 4612 2729 4668 fuerint
2774 4609 2976 4677 eﬂecti,
3018 4619 3080 4664 ut
3119 4607 3414 4680 purissimo
3462 4613 3518 4659 et

1941 4705 2157 4763 inﬁnito
2183 4706 2391 4760 lumine
2431 4703 2791 4775 trajicianmr,
2837 4710 2893 4758 et
2928 4709 3262 4757 exacuantur
3288 4696 3358 4752 ab
3394 4695 3515 4766 ipso

1941 4797 2158 4854 arcanis
2185 4795 2526 4853 acuminibus
2557 4811 2577 4851 ι
2611 4804 2666 4851 et
2695 4809 2818 4851 cum
2846 4793 2968 4862 ipso
2999 4791 3257 4846 habitant
3294 4797 3350 4846 et
3380 4803 3517 4844 con-

1943 4903 2254 4962 versantur,
2302 4895 2429 4965 quia
2471 4894 2827 4963 gustaverunt
2868 4883 3013 4955 quod
3065 4880 3250 4939 suavis
3291 4888 3374 4937 est
3403 4879 3514 4935 Do-

1941 4988 2126 5044 minus
2162 4992 2262 5040 :ut
2307 4985 2366 5040 in
2419 4983 2618 5038 talibus
2655 4975 2984 5052 protsngelis
3039 4973 3184 5028 clare
3222 4971 3514 5042 imple-ator

1941 5078 2075 5134 illud
2103 5075 2272 5132 divini
2299 5074 2516 5133 Davidls
2541 5092 2554 5128 :
2585 5070 2953 5126 Verumtamen
2966 5066 3103 5138 justi
3132 5064 3512 5136 conﬁtebuntur

1924 5171 2140 5236 ,nomini
2168 5179 2275 5237 tuo,
2303 5177 2351 5223 et
2385 5167 2696 5223 habitabant
2747 5164 2875 5218 recti
2894 5178 3008 5216 eum
3036 5159 3179 5214 οιιίιι.
3211 5167 3302 5211 tuo
3359 5155 3382 5190 ⁸
3434 5152 3512 5210 Re

1943 5264 2090 5320 enim
2133 5277 2282 5326 vera,
2309 5275 2390 5327 re,
2424 5261 2666 5330 inquam,
2701 5270 2832 5313 vera
2867 5253 2924 5309 hi
2947 5253 3047 5310 solt
3086 5251 3298 5306 sincere
3349 5249 3508 5304 invo-

1944 5365 2070 5412 cant
2123 5364 2178 5410 et
2215 5352 2542 5410 conﬁtentur
2573 5349 2723 5406 Deo:
2754 5359 2878 5402 cum
2907 5359 3015 5417 quo
3064 5341 3297 5413 colinqul
3340 5355 3506 5413 expe-

1943 5456 2064 5504 Iunt
2081 5489 2093 5501 .
2117 5451 2360 5500 amantes
2381 5457 2524 5499 eum.

341 5617 383 5651 “
407 5615 562 5675 Deut.
591 5634 645 5685 κ,
673 5617 755 5673 l6.
834 5620 875 5652 "
897 5617 1086 5675 Matth.
1113 5634 1235 5688 xxv,
1261 5619 1350 5677 29.
1431 5622 1473 5654 ¹³
1496 5621 1653 5678 Rom.
1687 5639 1801 5693 vni,
1823 5623 1912 5681 ΞΒ.
1990 5626 2030 5656 ¹⁴
2058 5621 2214 5677 Joan.
2250 5637 2338 5686 xv,
2368 5618 2419 5674 θ.
2508 5620 2548 5651 ¹⁵
2588 5616 2728 5674 Psal.
2761 5628 2977 5677 cuius,
3000 5610 3086 5666 14.
