3906 6192
419 194 555 259 1535

1608 194 1972 255 HESYCHII
2014 195 2488 256 PRESBYTER!

3544 191 3713 258 me

486 300 576 356 70.
618 294 713 355 Va:
762 298 1010 355 interiori
1061 298 1292 364 homini,
1352 309 1575 372 propter
1644 305 1997 359 exteriorem.

2177 302 2241 359 0'.
2278 304 2417 357 Οὐαὶ
2448 303 2539 356 τὸν
2567 304 2677 356 ἔσω
2708 303 2816 358 ἀπὸ
2840 304 2946 356 τῶν
2967 296 3104 367 {Enr
3138 302 3350 370 σφόδρα
3376 300 3491 373 γάρ
3514 302 3717 374 λυπη-

412 390 646 448 Gravem
679 395 828 448 enim
867 390 1175 446 molestiam
1220 391 1473 447 internus
1513 394 1679 449 homo
1709 395 2001 451 contrahet

414 485 485 540 ab
531 485 773 542 externis
818 483 1089 548 sensibus,
1128 492 1243 537 tum
1298 485 1390 541 ille
1447 487 1694 542 molestia
1752 487 2001 554 allectus,

414 576 638 648 ﬂagellis
665 576 943 646 castigabit
977 591 1094 631 eos.
1116 575 1219 643 Qui
1245 588 1535 634 exsecutus
1554 588 1637 635 est
1663 582 1808 650 quod
1840 581 2004 639 habet

419 670 623 735 littera,
649 670 762 737 jam
802 668 956 723 novit
989 669 1136 739 quod
1167 670 1504 727 tbeoremate
1528 672 1860 729 continetur.

492 784 579 838 “ll.
622 782 703 849 Si,
761 797 828 838 ex
877 784 1149 838 sententia
1205 783 1451 847 Patrum,
1516 787 1747 841 interior
1817 798 2004 843 noster

420 874 587 929 homo
611 875 682 929 sit
713 884 1047 944 temperans,
1089 877 1253 931 etiam
1294 878 1623 933 exteriorem
1660 890 1838 949 potest
1867 896 2003 934 cou-

419 981 659 1021 servare.
691 965 964 1021 C.eterum
1008 983 1108 1023 nos
1148 977 1202 1023 et
1240 969 1506 1023 malorum
1554 968 1841 1025 ell‘ectorcs
1889 972 2002 1026 drc-

422 1071 634 1120 mones,
682 1058 844 1113 ambo
883 1059 1047 1113 simul
1095 1067 1476 1129 perpetramus
1522 1071 1765 1130 peccata.
1808 1063 1884 1117 Ac
1946 1061 2001 1117 hi

420 1145 644 1214 quidem
676 1145 731 1199 in
775 1145 1198 1217 cogitationibus
1240 1146 1504 1202 duntaxat
1529 1151 1645 1203 sive
1675 1150 2003 1219 descriptio-

422 1236 585 1294 nibus
622 1238 1012 1309 imaginatoriis
1053 1254 1150 1309 pro
1189 1239 1420 1295 arbitrio
1464 1240 1703 1296 formant
1732 1242 1785 1296 in
1818 1242 2002 1295 animo

424 1338 749 1400 peccatum:
796 1344 900 1385 nos
947 1340 1129 1386 autem
1174 1338 1229 1385 et
1269 1332 1693 1402 cogitationibus
1741 1332 1909 1395 intus,
1947 1341 2003 1386 et

422 1427 578 1476 extra
606 1421 868 1491 operibus
895 1420 1046 1491 ipsis.
1088 1422 1223 1477 Nam
1259 1438 1383 1479 cum
1419 1421 1777 1477 crassitudine
1807 1435 2004 1490 corpo-

426 1512 503 1566 ris
532 1510 811 1567 daemones
848 1522 1092 1576 careant,
1137 1515 1565 1587 cogitationibus
1604 1512 1756 1579 solis,
1794 1512 2003 1567 machi-

426 1602 649 1658 natione
694 1611 857 1672 atque
885 1605 1354 1663 circumventione
1375 1607 1630 1661 nituntur
1648 1645 1662 1671 ,
1696 1615 1751 1661 et
1779 1604 2004 1676 perinde

2107 396 2333 467 θήσεται
2359 398 2389 449 ὁ
2418 396 2564 448 ἔνδον
2604 395 2893 467 ἄνθρωπος
2920 393 3032 447 άπὸ
3064 393 3177 446 τῶν
3225 391 3330 455 ἔξω
3352 394 3713 463 αισθήσεω).

2106 488 2216 541 Καὶ
2266 487 2532 557 λυπηθεὶς
2575 482 2730 551 οὗτος
2781 486 3003 557 μάστιξι
3063 488 3329 556 χρήσεται
3388 485 3541 538 κατὰ
3589 487 3716 538 τῶν

2105 582 2212 649 ἔξω
2262 580 2596 651 αἰσθήσεων.
2650 580 2710 633 '0
2758 578 2977 649 πράξας
3027 576 3092 631 τδ
3139 578 3202 629 ὲν
3246 577 3323 646 τῷ
3372 578 3711 649 γράμματι,

2108 672 2209 743 ήδη
2235 671 2450 739 επέγνω
2488 669 2551 723 τὸ
2584 672 2643 723 ὲν
2672 669 2752 739 τῷ
2776 667 3116 739 θεωρήματι.

2175 788 2278 838 οα’.
2325 781 2453 835 Ἐάν
2484 784 2513 835 ό
2537 780 2645 834 ἔσω
2672 779 2830 851 ἡμῶν
2864 778 3157 848 ἄνθρωπος
3184 777 3328 830 κατὰ
3359 776 3491 839 τοὺς
3520 778 3707 831 Πατέ-

2110 891 2208 945 ρας
2236 874 2421 945 νήφει,
2451 872 2677 935 δυνατός
2703 873 2819 924 ἐστι
2848 869 3081 939 φυλάξαι
3123 868 3219 923 καὶ
3261 869 3355 922 τὸν
3393 869 3527 936 ἔξω,
3562 868 3713 939 πλὴν

2105 970 2185 1021 ὅτι
2208 968 2365 1037 ἡμεῖς
2384 981 2444 1018 τε
2467 966 2565 1017 καὶ
2589 966 2637 1017 οί
2653 963 2995 1033 κακεργάται
3024 962 3281 1031 δαίμονες
3298 962 3505 1024 κοινῶς
3530 962 3713 1031 ἄμφω

2104 1054 2547 1127 διαπραττόμεθα
2586 1053 2688 1118 τὰς
2722 1052 3019 1124 ἁμαρτίας.
3065 1053 3178 1106 Καὶ
3207 1053 3256 1105 οί
3305 1053 3407 1121 μὲν
3445 1053 3512 1105 ὲν
3556 1053 3714 1119 λογι-

2108 1149 2265 1219 σμοῖς
2300 1146 2483 1217 μόνον,
2515 1146 2633 1218 ἦτοι
2665 1146 2722 1198 ἐν
2751 1143 3148 1216 φαπασιώδεσι
3199 1143 3564 1214 ζωγραφίαις
3587 1146 3713 1198 δια-

2108 1239 2535 1311 σχηματίζουσιν
2570 1239 2627 1291 ἐν
2657 1237 2754 1308 νῷ,
2783 1237 2859 1301 ὡς
2897 1236 3215 1309 βούλονται,
3244 1237 3346 1306 τὴν
3379 1238 3713 1308 ἁμαρτίαν·

2107 1334 2268 1402 ἡμεῖς
2293 1331 2348 1385 δὲ
2377 1331 2471 1385 καί
2490 1330 2579 1384 διά
2607 1329 2891 1401 λογισμῶν
2914 1328 3129 1383 ἔνδοθεν
3143 1328 3237 1384 καί
3259 1329 3329 1383 δι’
3353 1328 3552 1399 ἔργων
3579 1329 3716 1395 ἔξω-

2117 1428 2237 1483 θενσ
2272 1428 2582 1499 παχύτητος
2616 1427 2724 1499 γάρ
2756 1426 3027 1497 σωμάτων
3052 1425 3389 1497 ἀποροῦντες
3418 1427 3472 1479 oi
3505 1426 3715 1498 δαῖμο-

2106 1537 2218 1583 νες,
2244 1519 2335 1573 διὰ
2362 1518 2644 1589 λογισμῶν
2680 1516 2841 1587 μόνον
2874 1516 2973 1569 καὶ
2996 1515 3279 1588 δολιότητα
3307 1516 3408 1569 καὶ
3440 1516 3709 1587 ἀπάτην,

2106 1614 2203 1667 καί
2249 1612 2328 1676 ὡς
2369 1611 2559 1675 αὐτοῖς
2599 1607 2923 1681 προξενοῦσι
2968 1608 3064 1662 καὶ
3104 1610 3238 1678 ἡμῖν
3286 1609 3393 1679 τὴν
3442 1609 3709 1664 κόλασιν.

425 1692 586 1749 nobis
617 1708 681 1749 ac
718 1695 824 1749 sibi
876 1708 1175 1765 procurant
1206 1698 1557 1769 supplicium.
1603 1695 1763 1763 Quod
1802 1695 1846 1751 si
1885 1693 2005 1749 exi-

2121 1706 2171 1760 Ei
2193 1703 2302 1776 γὰρ
2328 1702 2640 1773 παχύτητος
2676 1701 2949 1771 σωμάτων
2982 1699 3058 1770 μή
3084 1700 3481 1769 ὲστερίσκοντο
3513 1698 3565 1754 οί
3586 1701 3708 1755 άλι-

428 1781 587 1839 liales
614 1784 691 1839 illi
718 1784 877 1839 molis
896 1800 1175 1856 corporeae
1202 1803 1310 1842 non
1341 1797 1525 1844 essent
1548 1797 1820 1859 expertes,
1844 1788 2007 1842 etiam

427 1873 587 1928 factis
637 1874 773 1943 ipsis
829 1890 1057 1945 peccare
1107 1892 1220 1932 non
1267 1878 1632 1933 desinerent:
1684 1888 1745 1933 ut
1795 1878 1887 1947 qui
1940 1876 2009 1931 ad

425 1963 595 2034 impie
644 1964 914 2036 agendum
973 1975 1215 2037 paratam
1274 1983 1491 2039 semper
1553 1975 1772 2024 servent
1828 1968 2010 2023 inten-

433 2054 665 2110 tionem.

500 2146 589 2201 79.
630 2146 758 2201 Sola
790 2148 1037 2217 precatio
1077 2149 1317 2219 perimit,
1364 2158 1419 2206 et
1460 2149 1515 2204 in
1541 2149 1783 2206 cinerem
1815 2148 2013 2222 redigit

425 2255 619 2297 eorum
646 2238 909 2294 fraudes:
945 2254 1143 2310 nempe
1181 2237 1342 2296 Iesus
1381 2240 1526 2295 Deus
1557 2250 1614 2295 et
1650 2240 1746 2298 Dei
1777 2240 1949 2295 Filius
1977 2256 2009 2295 a

429 2332 590 2388 nobis
640 2331 989 2386 continenter
1034 2339 1092 2386 et
1128 2331 1248 2387 sine
1296 2330 1639 2387 haesitatione
1679 2332 2007 2387 invocatus:

429 2420 525 2489 qui
553 2433 777 2488 prorsus
796 2418 877 2473 eis
903 2433 1013 2473 non
1037 2419 1323 2489 permittit,
1361 2428 1419 2473 ut
1448 2419 1533 2474 vel
1575 2418 1787 2473 initium
1824 2419 2011 2475 incur-

427 2508 603 2563 sionis
638 2524 751 2564 sua
782 2508 968 2578 (quam
999 2509 1162 2564 etiam
1205 2508 1624 2580 impressionem
1666 2510 2014 2579 vocant),aut

429 2598 662 2652 formam
694 2598 1090 2654 subostendant
1121 2599 1289 2654 menti
1322 2599 1377 2653 in
1400 2600 1625 2669 speculo
1652 2599 1962 2655 intellectus
1995 2618 2009 2654 :

431 2686 519 2742 vel
548 2686 811 2755 quosdam
848 2701 1133 2742 sermones
1170 2686 1408 2743 habeant
1430 2703 1553 2743 cum
1589 2688 1774 2744 corde.
1819 2688 2014 2744 Forma

432 2789 597 2845 porro
640 2774 998 2837 damoniaca,
1038 2790 1160 2845 qua:
1205 2775 1383 2830 nullas
1429 2776 1588 2831 habet
1621 2776 1765 2831 vires
1811 2777 1867 2831 in
1898 2793 2013 2845 cor,

430 2866 540 2922 erit
559 2867 723 2921 etiam
754 2882 926 2922 vacua
972 2868 1411 2937 cogitationibus,
1454 2877 1516 2923 ut
1555 2868 1795 2924 diximus
1838 2885 1853 2921 :
1886 2870 2015 2939 quia

431 2958 851 3029 cogitationibus
884 2960 1352 3015 intercedentibus
1380 2960 1619 3016 animam
1647 2961 1786 3017 clam
1813 2961 2014 3031 alloqui

430 3049 597 3113 solet,
629 3058 686 3104 et
714 3050 945 3106 edocere
971 3050 1122 3105 vitia.

504 3160 597 3215 73.
655 3160 1021 3227 Quamobrem
1085 3160 1430 3217 assiduarum
1494 3178 1717 3233 precum
1786 3162 2013 3228 auxilio,

434 3261 700 3321 purgatur
750 3266 843 3305 aer
887 3252 1085 3307 mentis
1129 3248 1335 3309 nostrte'
1372 3255 1583 3309 nebulis
1635 3255 1907 3321 obscuris,
1961 3262 2018 3310 et

434 3344 617 3398 ventis
680 3342 1135 3411 nequissimorum
1198 3345 1508 3414 spirituum.
1580 3345 1777 3401 Mentis
1833 3355 2015 3401 autem

434 3448 566 3488 aere
596 3440 841 3503 purgato,
872 3447 979 3486 non
1012 3441 1210 3503 potest,
1243 3434 1439 3504 inquit,
1473 3434 1523 3489 ei
1558 3450 1668 3488 non
1708 3436 1891 3489 lucere
1933 3434 2016 3489 di-

442 3521 625 3576 vinum
656 3522 784 3578 Jesu
826 3523 1007 3577 lumen
1047 3542 1061 3579 :
1107 3523 1268 3578 modo
1303 3540 1372 3577 ne
1413 3539 1548 3578 vana
1602 3524 1791 3594 gloria,
1826 3539 2018 3594 super-

440 3615 529 3670 bia
568 3623 623 3671 et
670 3617 1034 3671 ostentatione
1099 3616 1272 3671 simus
1313 3616 1505 3681 inﬂati,
1557 3626 1612 3671 et
1668 3615 1899 3671 leviores
1948 3616 2017 3671 ad

440 3711 708 3782 captanda
742 3728 863 3783 qua:
887 3720 1017 3767 sunt
1051 3711 1618 3782 incomprehensibilia
1652 3730 1666 3766 :
1708 3713 1856 3767 etab
1886 3711 2016 3767 Jesu

441 3803 779 3872 reperiamur
825 3817 934 3856 non
974 3817 1095 3860 esse
1136 3804 1505 3874 _0pitulatione
1554 3804 1725 3875 digni,
1767 3819 1833 3859 eo
1873 3803 2018 3875 quod

440 3890 692 3948 Christus
728 3891 891 3947 index
921 3892 1241 3948 humilitatis
1268 3893 1445 3948 oderit
1478 3893 1604 3948 vitia
1636 3894 1745 3948 illa.

511 4004 597 4058 74.
641 4002 843 4057 Demus
884 4017 1014 4074 ergo
1047 4004 1183 4058 colla
1233 4004 1447 4061 duobus
1496 4006 1638 4071 istis,
1685 4006 1917 4063 orationi
1964 4017 2021 4065 et

442 4092 735 4148 humilitati
779 4108 792 4144 :
842 4107 963 4162 quae
1028 4094 1269 4149 adhibita
1326 4096 1681 4165 temperantia
1738 4105 1868 4152 sunt
1921 4098 2020 4154 ad-

441 4200 633 4240 versus
685 4185 960 4239 daatnones
1028 4194 1276 4253 armata,
1331 4186 1559 4257 perinde
1616 4204 1680 4243 ac
1735 4187 2021 4246 ﬂammeus

441 4276 608 4331 ensis.
654 4275 906 4343 Quandiu
960 4276 1107 4331 enim
1163 4276 1242 4332 sic
1282 4293 1526 4349 agemus,
1572 4279 1796 4351 singulis
1830 4279 2022 4337 diebus

2107 1797 2308 1866 τήριοι,
2343 1792 2452 1847 οὐδ’
2481 1792 2549 1847 ἂν
2575 1791 2669 1845 καί
2696 1790 2764 1845 δι’
2796 1789 2973 1862 ἔργων
3017 1790 3358 1860 ἁμαρτάνειν
3405 1793 3710 1857 ἐπαύοντο,

2109 1884 2335 1955 ἑτοίμην
2371 1883 2453 1946 εἰς
2496 1882 2557 1936 τὸ
2594 1880 2816 1936 άσεϐεῖν
2852 1878 2953 1954 τήν
3003 1880 3331 1953 προαίρεσιν
3370 1882 3463 1936 άε⁵ι
3507 1882 3709 1937 διασύ-

2111 1974 2319 2041 ζοντες.

2182 2154 2280 2226 οβ’.
2304 2151 2454 2225 Εὐχή
2477 2152 2535 2207 δὲ
2568 2150 2952 2223 μονολόγιστον
2970 2149 3170 2205 κτείνει
3197 2167 3257 2204 τε
3289 2151 3391 2204 καὶ
3436 2150 3712 2221 Eme-poi

2112 2247 2209 2311 τάς
2240 2245 2424 2303 αὐτῶν
2460 2247 2697 2309 ἀπάτας,
2727 2244 2795 2299 δι’
2821 2241 2983 2314 ήμῶν
3030 2241 3544 2312 παρακαλούμενος
3609 2245 3710 2311 ’1η-

2114 2336 2239 2401 σοῦς
2262 2337 2291 2390 ὁ
2324 2336 2453 2402 Θεδς
2499 2336 2594 2391 καὶ
2622 2335 2759 2389 Θεοῦ
2787 2334 2939 2398 Υίδς,
2969 2332 3209 2404 συνεχῶς
3232 2333 3291 2387 δὲ
3329 2333 3428 2386 καί
3462 2335 3711 2395 ἀόκνως,

2117 2428 2242 2500 μηδ’
2275 2428 2414 2493 ὅλως
2442 2428 2793 2499 παραχωρῶν
2832 2425 3064 2490 τούτοις,
3092 2424 3219 2480 οὔτε
3248 2424 3355 2497 τήν
3387 2426 3586 2497 ἀρχὴν
3619 2428 3711 2495 τῆς

2115 2520 2391 2591 εἰσϐολῆς,
2424 2521 2492 2591 ῆν
2515 2520 2580 2591 δὴ
2615 2520 2711 2574 καί
2738 2518 3050 2591 προσϐολὴν
3090 2518 3377 2581 καλοῦσιν,
3412 2519 3710 2585 ὑποδεῖξαι

2114 2614 2193 2686 τῷ
2230 2614 2304 2685 νῷ
2331 2615 2389 2668 ἐν
2426 2613 2723 2684 κατόπτρῳ
2746 2613 2846 2681 τῆς
2881 2612 3144 2676 διανοίας,
3182 2609 3245 2663 οὐ
3294 2612 3559 2680 μορφὴν,
3591 2611 3709 2665 οὕτε

2119 2706 2227 2777 μὴν
2255 2704 2445 2773 λόγους
2491 2702 2643 2767 τινάς
2676 2702 2911 2771 λαλῆσαι
2954 2703 3022 2775 τῇ
3054 2699 3276 2772 καρδίᾳ.
3312 2702 3709 2771 Δαιμονιώδης

2114 2797 2170 2852 δὲ
2220 2795 2403 2867 μορφὴ
2455 2794 2529 2867 μὴ
2566 2794 2879 2849 εἰσδύνουσα
2919 2795 2977 2847 ὲν
3014 2792 3353 2864 καρδίςι,>ιαί⁵
3394 2793 3708 2865 λογισμῶν,

2116 2887 2191 2950 ὡς
2229 2885 2460 2955 ἔφημεν,
2503 2883 2635 2955 κενὴ
2668 2883 2847 2947 ἔσται,
2888 2882 2971 2937 ὃτι
3008 2884 3075 2953 τῇ
3107 2882 3256 2953 ψυχῇ
3282 2882 3378 2936 διὰ
3422 2882 3712 2952 λογισμῶν

2116 2975 2324 3045 ὁμιλεῖν
2381 2991 2441 3027 τε
2485 2973 2579 3028 καὶ
2618 2973 2959 3028 ἐκδιδάσκειν
2995 2972 3097 3043 τὴν
3153 2972 3364 3029 κακίαν
3398 2971 3539 3038 ἔθος
3578 2975 3711 3046 αὐτῇ

2042 3041 2087 3103 c
2118 3041 2441 3137 λεληθότως.

2186 3186 2283 3249 ογ¹.
2323 3178 2414 3244 Ἐξ
2442 3177 2611 3250 εὐχῆς
2640 3172 2733 3232 οῦν
2760 3177 3022 3248 συνεχοῦς
3050 3176 3354 3248 καθαρεύει
3384 3177 3414 3230 ὁ
3456 3177 3580 3249 ἀήρ
3620 3181 3718 3247 τῆς

2115 3271 2356 3333 διανοίας
2390 3271 2454 3323 ἐκ
2490 3268 2668 3339 νεφῶν
2715 3268 3027 3333 σκοτεινῶν,
3072 3267 3133 3334 ἐξ
3176 3268 3403 3338 ἀνέμων
3449 3270 3719 3339 πνευμά-

2116 3377 2226 3413 των
2260 3357 2666 3430 πονηροτάτων.
2696 3354 3111 3430 Καθαρεύονὶος
3132 3358 3191 3413 δὲ
3210 3357 3305 3411 τοῦ
3340 3359 3447 3427 τῆς
3478 3360 3717 3430 καρδίας

2118 3451 2305 3522 ἀέρος,
2329 3448 2645 3504 άνένδεκτον
2677 3448 2755 3521 μὴ
2780 3448 3021 3521 λάμπειν
3051 3452 3216 3520 φησὶν
3241 3449 3403 3522 αὐτῷ
3432 3451 3504 3503 τὸ
3541 3451 3717 3505 θεῖκδν

2119 3544 2235 3614 φῶς
2272 3542 2469 3615 Ἰησοῦ,
2512 3546 2561 3597 εἰ
2602 3545 2761 3615 μήτοι
2797 3560 2862 3612 γε
2896 3544 3003 3598 ὑπὸ
3046 3543 3359 3611 κενοδοξίας
3398 3545 3511 3599 καὶ
3551 3546 3717 3615 τῦ-ᾳου

2120 3638 2213 3690 καὶ
2243 3635 2624 3707 φανητιασμοῦ
2679 3634 3001 3706 φυσώμεθα,
3046 3636 3140 3689 καὶ
3190 3636 3607 3709 κουφιζόμεθα
3653 3643 3722 3701 εἰς

2117 3726 2189 3780 τά
2220 3727 2480 3799 ἀκίχητα,
2514 3726 2609 3779 καί
2634 3726 2933 3798 ἀϐοήθητοι
2955 3728 3095 3800 πρὸς
3130 3726 3303 3800 Ἰησοῦ
3329 3729 3723 3802 εὑρισκόμεθα

2119 3819 2293 3887 αὐτοὶ,
2329 3820 2406 3891 τῷ
2440 3822 2619 3891 μισεῖν
2666 3819 2757 3874 τὸν
2802 3819 3037 3891 Χριστὸν
3084 3821 3151 3875 τά
3184 3821 3446 3889 τοιαῦτα,
3486 3824 3595 3878 τὸν
3633 3825 3721 3892 τῆς

2119 3910 2504 3975 ταπεινώσεως
2532 3910 2879 3983 ὕποδείκτην.

2190 4017 2281 4073 08'.
2328 4017 2608 4091 Ἐχώμεθα
2638 4021 2821 4075 τοίνυν
2853 4021 3020 4093 εὐχῆς
3053 4022 3150 4077 καὶ
3179 4026 3606 4093 ταπεινώσεως
3629 4029 3725 4082 τῶν

2120 4105 2212 4161 δύο
2258 4106 2482 4175 τούτων,
2520 4108 2678 4165 ἅτινα
2725 4109 2865 4163 κατὰ
2908 4109 3180 4181 δαιμόνων
3210 4112 3309 4166 σὺν
3352 4114 3542 4184 νήψει
3576 4118 3724 4171 ὀπλί-

2122 4196 2327 4265 ζονται,
2346 4194 2437 4254 οἷα
2464 4200 2713 4271 μάχαιρα
2736 4202 2987 4271 φλόγινος
3007 4220 3021 4233 ο
3050 4202 3228 4269 ἔξεστι
3254 4204 3368 4275 γὰρ
3399 4208 3560 4278 ἡμῖν
3588 4211 3727 4264 οὕτω

2122 4307 2187 4359 γε
2220 4289 2435 4345 ποιοῦσι
2476 4291 2597 4345 καθ’
2627 4292 2845 4362 ἡμέραν
2884 4295 2978 4347 καί
3023 4294 3148 4349 καθ’
3193 4295 3347 4367 ῶραν
3390 4301 3728 4372 καρδιακῶς

440 4376 497 4421 et
522 4366 671 4421 horis
696 4366 825 4432 laeti,
855 4365 1147 4437 mysticum
1175 4366 1375 4424 festhm
1405 4368 1588 4425 animo
1616 4369 1892 4426 celebrare
1928 4386 2012 4442 po-

2122 4380 2400 4452 μυστικῶς
2432 4382 2755 4453 γηθομένοις
2792 4384 3091 4456 ἑορτάζειν.

444 4457 694 4513 terimus.

514 4568 602 4623 75.
641 4568 775 4624 Octo
814 4567 1185 4639 generaliores
1230 4569 1442 4627 vitiosa:
1477 4571 1854 4642 cogitationes,
1896 4589 2017 4643 quas

442 4660 827 4733 cogitationem
855 4675 1075 4716 omnem
1118 4661 1578 4731 complectuntur,
1621 4671 1678 4717 et
1711 4663 1855 4718 unde
1880 4680 2019 4719 cun-

443 4760 545 4807 ctae
582 4759 879 4805 nascuntur
927 4750 1405 4820 (quemadmodum
1445 4767 1512 4807 ex
1548 4751 1681 4807 Jove
1704 4761 1759 4808 et
1801 4752 2017 4811 Junone

442 4844 625 4901 omnis
671 4846 885 4900 daemon
934 4845 1336 4911 exsecrandns,
1390 4847 1528 4903 deus
1572 4846 1905 4913 Graecorum,
1957 4858 2020 4906 ut

444 4937 629 4994 lerunt
660 4938 876 4993 illorum
938 4936 1179 5009 fabulae),
1212 4953 1405 4995 omnes
1476 4939 1708 4995 redeunt
1761 4941 1829 4997 ad
1873 4941 2019 4997 fores

444 5028 634 5084 animi.
665 5028 796 5094 Quae
828 5045 951 5083 cum
975 5028 1287 5085 invenerint
1316 5038 1555 5087 mentem
1584 5031 1828 5087 custodia
1853 5032 2021 5088 desti-

447 5130 642 5183 tutam,
668 5121 939 5191 sigillatim
964 5121 1366 5193 ingrediuntur,
1387 5138 1487 5179 suo
1500 5139 1730 5193 qnazque
1754 5130 2017 5194 tempore.

445 5212 794 5285 Quaecunque
822 5215 991 5281 enim,
1020 5215 1235 5271 illarum
1267 5224 1412 5279 octo.
1437 5216 1691 5288 cogitatio
1712 5217 2018 5273 ascendens

448 5303 503 5358 in
532 5304 794 5372 animum,
821 5305 1189 5364 introduxerit
1217 5307 1537 5373 exercitum,
1569 5322 1768 5378 nempe
1799 5322 2017 5379 gregem

447 5394 810 5452 obscenarum
863 5397 1275 5470 e0gitationum,
1307 5414 1394 5464 ea,
1432 5399 1785 5455 obtenebrata
1815 5408 2020 5465 mente,

449 5495 711 5555 provocat
750 5503 967 5559 corpus,
1004 5504 1269 5548 conversa
1297 5491 1363 5547 ad
1392 5507 1557 5563 opera
1598 5490 1775 5562 turpia
1820 5506 2021 5562 perpe-

455 5572 668 5629 tunda.

2190 4585 2283 4634 οε⁹.
2309 4579 2374 4635 Οἰ
2396 4579 2541 4634 ὀκτὼ
2590 4581 2952 4646 γενικώτατοι
2978 4585 3081 4655 τῆς
3098 4586 3299 4651 κακίας
3333 4588 3652 4663 λογισμοὶ,
3676 4594 3729 4646 ἑν

2116 4668 2200 4739 οἷς
2228 4672 2544 4745 περιέχεται
2571 4675 2682 4738 πᾶς
2722 4675 3004 4746 λογισμὸς,
3034 4677 3128 4731 καὶ
3152 4679 3209 4746 ιε
3248 4672 3323 4732 ὧν
3372 4682 3613 4750 πάντες
3637 4686 3729 4756 τήν

2117 4764 2332 4833 γένεσιν
2352 4764 2569 4834 ιχουσιν
2592 4763 2689 4835 (ὡς
2714 4767 2778 4818 ὲκ
2794 4766 2891 4835 τῆς
2913 4767 3093 4837 Ἥρας
3109 4773 3176 4824 ’τε
3197 4768 3293 4821 καὶ
3319 4769 3424 4823 τοῦ
3443 4774 3598 4839 Διὸς
3629 4777 3725 4839 πᾶς

2117 4852 2329 4923 δαίμων
2360 4852 2561 4924 ἐναγὴς
2595 4852 2714 4917 θεὸς
2741 4853 2987 4921 Δαναῶν,
3016 4858 3158 4911 κατά
3180 4858 3306 4922 τοὺς
3334 4859 3597 4918 ἐκείνων
3627 4866 3727 4937 μᾷ.

2120 4944 2289 5013 θους),
2314 4944 2515 5008 πάντες
2542 4943 2869 5016 άνέρχονται
2906 4948 2965 4999 ὲν
2992 4947 3137 5018 πύλῃ
3177 4950 3404 5022 καρδίας
3428 4992 3443 5016 ,
3493 4960 3613 5011 καὶ
3644 4960 3729 5011 τὸν

2119 5034 2247 5090 νοῦν
2284 5034 2537 5106 εὑρόντες
2585 5035 2918 5104 ἀφύλακτον,
2950 5033 3032 5102 εἷς
3070 5040 3193 5093 καθ’
3233 5035 3316 5103 εἷς
3352 5044 3727 5118 εἰσέρχονται

2119 5128 2180 5182 ἐν
2212 5126 2327 5198 ίδίῳ
2353 5125 2551 5198 καιρῷ.
2584 5125 2874 5197 ὐπότερος
2898 5127 3007 5199 γὰρ
3036 5128 3147 5183 τῶν
3174 5130 3318 5185 ὀκτὼ
3343 5132 3727 5209 διαλογισμὸς

2119 5215 2327 5287 ἀναϐάς
2357 5215 2417 5269 ὲν
2453 5214 2652 5286 καρδίᾳ
2691 5215 2909 5289 εἰσέλθῃ
2953 5216 3122 5287 ἑσμὸν
3148 5218 3436 5288 λογισμῶν
3457 5226 3727 5297 αἰσχρῶν

2120 5308 2376 5379 φάλαγγα
2417 5308 2755 5376 εἰσαγαγεῖν,
2796 5310 2891 5364 καί
2926 5310 3072 5364 οῦτω
3107 5311 3201 5365 τὸν
3247 5311 3378 5366 νοῦν
3415 5318 3722 5381 σκοτίσας.

2120 5398 2346 5452 ἐκκαλεῖ
2369 5398 2431 5451 τὸ
2461 5398 2640 5469 σῶμα,
2673 5399 3008 5470 τρεπόμενος
3038 5401 3120 5465 εἰς
3150 5401 3428 5473 ἐργασίαν
3455 5405 3723 5479 αἰσχρῶν

2125 5491 2389 5563 πράξεων.
