3906 6192
189 326 199 350 Ι
270 237 402 305 1537

1005 235 1104 296 DE
1132 232 1682 295 TEMPERANTIA
1712 232 1807 292 ET
1847 228 2211 291 VIRTUTE.
2251 255 2319 264 -
2353 229 2741 290 CENTURIA
2778 231 2863 294 II.

3336 182 3346 192 ’
3398 229 3533 294 1593

333 348 442 415 σεῖ’.
479 347 538 401 ’0
560 346 737 400 τοίνυν
764 344 863 416 τήν
893 345 1141 417 κεφαλὴν
1174 363 1240 415 τη
1251 346 1360 416 ρῶν
1391 346 1491 415 τὴν
1523 343 1617 398 τοῦ
1643 343 1840 412 δφεως,

2016 339 2106 394 76.
2149 337 2496 410 Quapropter
2527 340 2619 409 qui
2651 349 2814 411 caput
2842 341 3111 411 serpentis
3136 341 3530 410 observaverit,

264 442 359 496 καὶ
396 441 466 494 δι’
493 439 870 511 ἀντιρρήσεως
908 437 1227 509 θυμοειδοῦς
1264 436 1592 508 ὼκεθύμοις
1632 437 1839 508 ῥήμασι

1941 441 1996 487 et
2029 430 2294 486 iracunde
2334 429 2676 498 reluctando,
2717 431 2901 487 verbis
2935 427 3196 489 animosis
3244 451 3399 501 usus,
3444 437 3530 490 in-

263 530 566 604 χρώμενος,
593 529 702 594 πὺξ
746 529 926 599 βαλὼν
952 531 1171 600 δείματι
1215 529 1603 600 ἀπεκρούσατο
1625 527 1718 581 τὸν
1745 542 1842 579 πο-

1964 529 2088 576 ecto
2128 535 2314 592 pugno
2350 521 2407 575 in
2451 521 2666 577 faciem,
2695 521 2994 592 pulsaverit
3042 523 3253 579 hostem
3305 524 3382 593 {in
3424 542 3536 597 quo

266 625 448 694 λέμιον
473 621 526 694 (δ
558 623 653 676 καὶ
685 621 781 676 νῦν
808 639 894 686 τις
917 621 1077 685 ἄλλος
1100 617 1169 692 ἦν
1191 622 1443 691 κοπιῶν),
1468 621 1706 690 Πρῶτος
1725 618 1843 673 τῶν

267 714 510 784 καρπῶν
564 714 913 783 μεταλάϐοι,
958 713 1034 780 ὡς
1084 713 1232 768 δοκεῖ
1281 713 1510 784 Παύλῳ.
1559 713 1620 766 '0
1661 711 1842 765 τοίνυν

270 806 408 859 θλῶν
433 805 529 876 τὴν
555 806 744 876 κάραν,
789 805 1024 875 ιξίφυγι.
1052 805 1150 858 καὶ
1183 803 1414 868 πολλοὺς
1450 803 1722 873 πονηροὺς
1753 801 1843 855 λο·

268 897 502 968 γισμούς
548 894 644 951 καί
692 896 834 967 εργα
884 897 1249 968 πονηρότερα,
1295 895 1390 949 καὶ
1435 896 1557 948 τότε
1596 893 1844 964 διαμένει

268 989 585 1060 ἀκύμαντος
613 990 647 1060 ή
679 987 912 1054 διάνοια,
945 988 1042 1042 τοῦ
1077 987 1215 1041 Θεοῦ
1259 986 1700 1058 ἀπεκδεχομένου
1745 983 1845 1055 τὴν

270 1083 443 1154 αὐτῆς
464 1083 796 1154 ἐγρήγορσιν
819 1082 898 1145 είς
927 1082 1053 1144 τοὺς
1073 1081 1389 1152 λογισμοὺς,
1415 1079 1510 1133 καὶ
1527 1079 1848 1147 ἀντιδωρου-

271 1176 436 1246 μένου
463 1173 602 1246 αὐτῇ
636 1172 858 1238 είδέναι,
906 1171 1026 1236 πῶς
1058 1173 1140 1226 δεῖ
1180 1171 1578 1243 περιγενέσθαι
1591 1171 1720 1234 τούς
1750 1169 1848 1223 ἀν·-

268 1266 656 1329 τιπαλαίοντας
681 1265 873 1336 αὐτὴν,
900 1265 996 1318 καὶ
1009 1265 1158 1327 ὅπως
1179 1264 1285 1335 χρὴ
1317 1262 1677 1333 καθαίρεσθαι
1706 1263 1850 1316 κατὰ

272 1356 470 1428 μικρὸν
512 1357 616 1425 τὴν
661 1355 910 1426 καρδίαν,
962 1357 1027 1408 ὲκ
1073 1353 1354 1424 λογισμῶν
1397 1353 1722 1406 κοινούντων
1753 1351 1850 1405 καὶ

274 1449 594 1519 μιαινόντων
620 1449 713 1501 τὸν
743 1447 892 1512 evre,
918 1447 1235 1519 ἄνθρωπον,
1264 1446 1340 1510 ὥς
1379 1463 1545 1517 φησιν
1572 1447 1600 1498 6
1624 1443 1848 1515 Κύριος,

284 1543 385 1598 Ἐκ
418 1541 527 1612 τῆς
563 1541 816 1610 καρδίας
856 1541 1209 1612 ἐξέρχονται
1245 1540 1624 1611 διαλογισμοί
1662 1553 1851 1608 πονη-

265 1632 384 1700 ροὶ,
409 1631 700 1701 πορνεῖαι,
715 1631 1004 1701 μοιχεῖαι,
1027 1629 1276 1687 κάκεῖνά
1295 1632 1413 1686 εισι
1436 1630 1508 1685 τὰ
1529 1630 1854 1685 κοινοῦντα

269 1725 375 1776 τὸν
404 1722 742 1791 ἄνθρωπον.
1071 1758 1082 1763 ~

339 1812 437 1878 οἵ.
475 1816 683 1878 Ὄντως
703 1813 813 1887 ἄρα
839 1813 1062 1874 δύναται
1083 1812 1231 1887 ψυχὴ
1261 1814 1322 1869 εν
1357 1813 1549 1887 Κυρίῳ
1565 1811 1757 1881 στῆναι
1785 1811 1853 1883 τῇ

272 1907 474 1976 ἑαυτῆς
507 1907 782 1980 εὐμορφίᾳ
812 1908 908 1963 καὶ
941 1908 1239 1980 ὡραιότητι
1259 1909 1354 1963 καὶ
1380 1909 1661 1979 εὐθύτητι,
1690 1906 1766 1970 ὡς
1796 1905 1855 1972 ἐξ

273 1998 448 2069 ἀρχῆς
474 1999 614 2069 πρὸς
640 1998 775 2052 Θεοῦ
803 1999 1028 2071 ἐκτίσθη
1063 1999 1184 2054 λίαν
1239 1999 1380 2071 καλή
1409 2016 1470 2052 τε
1498 1999 1594 2054 καὶ
1649 1996 1855 2063 εὐθεῖα,

275 2087 457 2152 καθώς
493 2105 659 2161 φησιν
686 2090 716 2144 6
748 2089 923 2160 μέγας
953 2089 1048 2143 τοῦ
1108 2090 1314 2161 Κυρίου
1349 2090 1605 2162 Θεράπων
1655 2086 1857 2142 Ἀντώοο

269 2196 407 2244 νιος,
431 2178 530 2248 τῆς
555 2178 737 2251 ψυχῆς
761 2179 824 2233 τὸ
839 2177 1027 2252 νοερὸν
1061 2180 1206 2235 κατὰ
1233 2180 1398 2250 φύσιν
1428 2181 1660 2252 ἐχούσης
1685 2179 1856 2251 ἀρετῇ

274 2271 586 2325 συνίσταται
609 2287 624 2302 ·
653 2273 750 2324 καὶ
765 2269 926 2326 πάλιν
949 2268 1072 2324 εἶπε
1089 2284 1104 2299 ⁸
1124 2272 1198 2325 Τὸ
1219 2273 1328 2343 γὰρ
1352 2269 1574 2344 εὐθεῖαν
1594 2266 1734 2325 εἶναι
1757 2268 1859 2342 τὴν

274 2357 474 2428 ψυχὴν,
501 2358 664 2412 τοῦτό
698 2361 817 2414 ἐστι
867 2360 930 2414 τὸ
972 2360 1115 2414 κατὰ
1154 2361 1319 2432 φύσιν
1359 2362 1550 2434 νοερὸν
1598 2362 1737 2431 αὐτῇ
1781 2361 1859 2425 ὡς

277 2449 508 2520 ἐκτίσθη
529 2465 544 2482 ο
580 2449 674 2504 καὶ
705 2449 825 2522 μετ’
851 2450 1009 2520 ὀλίγα
1035 2446 1193 2516 αὖθίς
1220 2468 1355 2523 φησι
1375 2468 1391 2484 ·
1409 2451 1858 2524 Καθαρεύσωμεν

273 2539 376 2610 τὴν
409 2539 673 2598 διάνοιαν.
717 2541 862 2611 Ἐγὼ
912 2542 1022 2615 γὰρ
1064 2541 1308 2598 πιστεύω
1333 2544 1416 2597 ὅτι
1462 2543 1859 2616 καθαρεύσασα

273 2632 422 2706 ψυχὴ
452 2635 791 2708 πανταχόθεν
815 2636 914 2691 καὶ
959 2637 1102 2692 κατὰ
1139 2637 1301 2708 φύσιν
1343 2637 1560 2692 ἑστῶσα
1584 2679 1599 2702 ,
1636 2637 1858 2692 δύναται

273 2725 557 2798 διορατικὴ
589 2729 854 2800 γενομένη
886 2727 1114 2784 πλείονα
1165 2728 1261 2782 καί⁸
1292 2730 1608 2801 μακρότερα
1639 2727 1799 2800 βλέπε
1811 2745 1859 2783 ιν

273 2816 384 2872 τῶν
406 2804 678 2889 δαιμύνων
696 2859 713 2886 ,
755 2818 956 2890 ἔχουσα
1006 2819 1098 2874 τὸν
1157 2819 1613 2874 ἀποκαλύπτοντα
1651 2819 1859 2890 Κύριον

273 2909 411 2982 αὐτῇ
431 2925 447 2942 ο
479 2909 607 2965 τάδε
664 2912 832 2982 φησὶν
855 2913 887 2966 6
917 2911 1126 2977 κλεινὸς
1167 2911 1477 2976 Ἀντώνιος,
1508 2910 1586 2974 ὥς
1616 2927 1784 2982 φησιν
1828 2911 1858 2964 6

276 2999 453 3073 μέγας
496 3000 818 3067 ’Δθανάσιος
840 3003 902 3058 ιν
929 3002 1009 3075 τῷ
1034 3001 1164 3074 περὶ
1207 3001 1499 3057 Ἀντωνίου
1526 2999 1658 3073 Βίῳ.

347 3270 448 3338 οη’.
478 3261 594 3329 Πᾶς
645 3263 904 3334 λογισμὸς
933 3263 1206 3333 φαντασία
1231 3262 1290 3316 ἐν
1328 3263 1406 3334 νῷ
1436 3261 1687 3334 αἰσθήσει
1713 3263 1860 3328 τινὸς

279 3355 606 3425 πράγματος
621 3370 639 3388 ο
659 3353 785 3416 νοῦς
798 3352 910 3424 γὰρ
923 3352 1002 3406 ὢν
1023 3354 1055 3406 6
1088 3351 1373 3424 ’Δσσύριος
1399 3350 1509 3405 οὐ»
1527 3349 1702 3415 ἄλλως
1719 3350 1862 3405 ἀπα-

279 3446 381 3517 τᾷν
406 3443 673 3513 ἑξισχύει,
711 3445 762 3498 εί
799 3443 875 3515 μὴ
909 3443 1172 3515 χρήσεται
1224 3444 1340 3508 τοῖς
1388 3441 1522 3512 παρ’
1555 3441 1715 3514 ήμῶν
1775 3443 1861 3496 al-

282 3533 501 3609 σθητοτς
521 3537 618 3590 καὶ
646 3535 956 3607 συνήθεσιν.

353 3715 450 3772 οθθ.
491 3715 583 3779 Ὣς
616 3714 676 3768 οὐ
705 3712 928 3769 δυνατὸν
956 3711 1069 3786 ἄρα
1085 3709 1249 3783 δρνεα
1278 3709 1500 3768 διιῖικειν
1520 3710 1670 3781 ἡμᾶς
1697 3710 1756 3766 ιν
1777 3709 1860 3782 τῷ

283 3808 407 3880 ἀέρι
429 3806 682 3880 πτερωτὰ
701 3805 862 3870 ὄντας
884 3799 1230 3876 ἀνθρώπους,
1251 3802 1287 3876 ή
1315 3799 1646 3858 ἁνίπτασθαι
1668 3799 1860 3874 ὥσπερ

281 3900 533 3965 κάκεῖνα,
560 3895 721 3951 τοῦτο
746 3895 847 3967 τῆς
878 3894 1038 3967 ήμῶν
1088 3892 1307 3964 φύσεως
1345 3891 1448 3948 οὐκ
1474 3889 1734 3964 ιχούσηςο
1763 3888 1858 3945 οῦ-

281 4006 392 4054 τως
409 3989 474 4044 οὐ
504 3987 730 4044 δυνατὸν
783 3987 1082 4060 λογισμούς
1107 3987 1458 4061 αὐτομάτως
1483 3987 1859 4060 δαιμονιώδης

284 4079 666 4154 περιγενέσθαι
689 4079 860 4152 χωρὶς
888 4079 1056 4151 εὐχῆς
1081 4079 1356 4151 νηπτικῆς
1396 4077 1602 4150 συχνῆς
1621 4117 1637 4142 ,
1669 4077 1704 4148 ἢ
1731 4079 1859 4132 ἁτε-

281 4176 390 4240 νῶς
412 4175 550 4246 ἄγαν
580 4174 716 4247 πρὸς
741 4172 876 4229 Θεδν
891 4173 1048 4246 δμμα
1066 4171 1162 4230 νοῦ
1183 4170 1464 4245 νήχεσθαι.
1486 4171 1548 4226 El
1571 4168 1728 4236 δὲού,
1753 4171 1858 4242 γῆν

281 4266 560 4341 θραύσεις.

1942 611 2104 667 modo
2134 611 2406 682 quispiam
2431 610 2572 665 alius
2607 609 2917 682 laborabat)
2947 610 3160 667 Primus
3186 616 3251 668 de
3278 617 3536 686 fructibus

1944 703 2211 772 percipere
2239 703 2408 767 debet,
2443 709 2508 757 ut
2547 702 2726 773 placet
2768 703 2938 759 Paulo
2973 703 3039 758 ¹⁸.
3087 705 3191 772 Qui
3225 721 3356 778 ergo
3399 724 3534 763 con-

1946 793 2129 847 tundit
2158 800 2340 862 caput,
2378 791 2426 848 is
2454 801 2510 848 et
2538 793 2742 848 multas
2785 794 3147 870 cogitationes
3185 812 3385 866 pravas
3417 801 3536 854 evi-

1946 891 2043 948 tat,
2086 891 2140 937 et
2174 897 2342 952 opera
2404 883 2611 953 pejora.
2665 883 2861 955 Fitque
2908 894 3044 953 tum,
3097 895 3160 941 ut
3213 889 3538 958 tranquillus

1946 979 2266 1043 permaneat
2307 973 2525 1028 animus
2564 991 2578 1029 :
2629 975 2788 1045 cujus
2840 977 3229 1032 excitationem
3275 979 3538 1035 adversus

1948 1068 2306 1140 cogitationes
2351 1069 2550 1139 probat
2587 1068 2752 1138 Deus,
2813 1063 2870 1126 et
2919 1073 3315 1128 remunerandi
3373 1089 3537 1128 causa

1948 1163 2103 1217 docet
2159 1177 2308 1228 eum,
2354 1173 2464 1233 quo
2509 1172 2671 1233 pacto
2738 1163 3124 1236 impugnantes
3168 1181 3228 1220 se
3274 1180 3539 1236 superare

1950 1263 2115 1325 queat
2146 1272 2159 1308 :
2191 1261 2248 1308 et
2283 1269 2391 1324 qua
2431 1255 2647 1311 ratione
2675 1271 2772 1312 cor
2809 1258 3071 1328 paulatim
3101 1273 3338 1331 purgare
3371 1275 3539 1330 opor-

1949 1354 2066 1401 teat
2101 1346 2524 1418 cogitationibus
2567 1349 2974 1406 maculantibus
3012 1359 3068 1405 et
3119 1351 3540 1410 inauinantibus

1953 1438 2268 1494 interiorem
2331 1439 2633 1504 hominem,
2688 1439 2832 1495 sicut
2919 1449 2998 1495 att
3065 1441 3332 1498 Dominus
3389 1461 3404 1499 :
3458 1443 3541 1497 De

1957 1532 2108 1584 corde
2165 1538 2350 1586 exeunt
2421 1531 2766 1601 cogitationes
2829 1532 3010 1599 malet,
3076 1535 3363 1600 adulteria,
3428 1538 3538 1606 for-

1955 1622 2246 1676 nicationes
2302 1636 2321 1676 :
2375 1630 2425 1677 ει
2471 1622 2583 1678 lucc
2628 1631 2750 1677 sunt
2801 1639 2920 1693 qui:
2966 1626 3311 1696 coinquinant
3369 1627 3540 1681 homi-

1958 1729 2076 1768 nem
2121 1713 2210 1770 ".e

2030 1805 2116 1859 77.
2146 1805 2257 1862 Hac
2294 1805 2479 1878 itaque
2525 1807 2741 1863 ratione
2772 1815 2956 1878 potest
2981 1806 3162 1862 anima
3209 1821 3305 1878 per
3353 1805 3538 1862 Domi-

1955 1910 2088 1951 num
2145 1897 2380 1954 retinere
2404 1913 2556 1954 suam
2587 1898 2764 1969 ipsius
2814 1907 3187 1968 venustatem,
3220 1901 3538 1970 pulchritu-

1951 1989 2144 2044 dinem
2193 2000 2251 2045 et
2295 1991 2706 2065 rectitudinem,
2767 1990 2910 2047 sicut
2954 1991 3110 2048 initio
3136 2002 3317 2048 creata
3343 2001 3428 2048 est
3472 1993 3540 2047 ad

1958 2079 2373 2136 similitudinem
2396 2080 2514 2148 Dei,
2552 2081 2712 2137 valde
2750 2083 3000 2153 speciosa
3032 2091 3087 2138 et
3117 2093 3292 2150 recta,
3324 2093 3389 2139 ut
3449 2083 3540 2139 in-

1956 2171 2076 2243 quit
2106 2187 2335 2244 magnus
2369 2171 2586 2228 Domini
2612 2189 2806 2229 servus
2825 2173 3120 2240 Antonius,
3153 2175 3370 2240 animae,
3418 2191 3542 2245 qum

1957 2265 2259 2320 secundam
2281 2273 2531 2320 naturam
2572 2267 2797 2338 regitur,
2827 2267 2911 2323 vis
2967 2266 3296 2323 intellectiva
3325 2277 3540 2324 constat

1959 2355 2182 2411 virtute.
2215 2356 2280 2412 Et
2302 2357 2502 2412 iterum
2523 2356 2681 2425 dixit,
2713 2357 2938 2414 Rectam
2975 2375 3096 2416 esse
3122 2360 3382 2426 animam,
3437 2361 3542 2416 hoc

1959 2455 2065 2512 est,
2100 2446 2276 2518 ipsam
2317 2447 2522 2505 habere
2550 2447 2868 2505 facultatem
2917 2449 3307 2508 intellectivam
3332 2462 3542 2507 naturae

1957 2547 2406 2605 consentaneam,
2439 2541 2517 2595 uti
2539 2549 2717 2596 creata
2750 2552 2855 2597 est.
2883 2541 2951 2597 Et
2993 2543 3203 2609 statim,
3244 2543 3435 2613 paucis
3457 2543 3543 2597 in-

1957 2629 2226 2699 teriectis,
2271 2630 2398 2686 ait:
2434 2632 2668 2703 Purgato
2736 2631 2909 2687 simus
2969 2634 3173 2688 animo.
3230 2633 3345 2706 Ego
3391 2633 3539 2688 enim

1960 2721 2124 2776 credo
2153 2716 2410 2787 animam,
2447 2737 2776 2793 quacunque
2805 2731 2959 2794 parte
2997 2733 3303 2796 purgatam,
3339 2733 3395 2778 et
3437 2739 3540 2777 na-

1961 2813 2082 2863 tura
2112 2823 2212 2864 sua
2252 2819 2617 2876 constantem,
2637 2826 2820 2882 posse,
2851 2813 3224 2884 perspicacem
3260 2814 3532 2876 eﬂ’ectam,

1960 2900 2170 2956 acutius
2195 2909 2253 2956 et
2271 2901 2566 2957 remotiora
2589 2902 2794 2969 videre,
2822 2917 2984 2973 quam
3001 2903 3215 2974 possint
3238 2903 3534 2970 daemones,

1887 3021 1932 3083 ο
1962 2989 2162 3083 quippe
2191 3005 2313 3083 quae
2341 2990 2631 3083 Dominum
2661 2991 2766 3048 sibi
2801 2992 3137 3048 revelantem
3165 2992 3384 3058 habeat,
3404 2993 3534 3049 Haec

1961 3079 2097 3136 dicit
2124 3080 2358 3152 inclytus
2375 3079 2672 3149 Antonius,
2707 3091 2932 3139 auctore
2959 3083 3264 3141 Athanasio
3311 3099 3534 3156 magno,

1959 3169 2018 3226 in
2039 3169 2164 3227 Vita
2196 3170 2443 3227 Antonii.
3397 3216 3401 3226 .

2031 3258 2119 3314 78.
2151 3258 2374 3324 Quaevis
2400 3259 2657 3331 cogitatio
2681 3268 2766 3316 est
2786 3260 3104 3333 imaginatio
3127 3279 3251 3334 quc
3275 3263 3452 3320 oritur
3481 3265 3534 3320 in
3616 3247 3624 3253 ’

1960 3355 2144 3402 mente
2171 3363 2237 3403 ex
2272 3351 2622 3420 perceptione
2675 3352 2935 3409 sensitiva
2957 3355 3038 3409 rei
3058 3356 3362 3426 cujusdam.
3397 3356 3536 3412 Cum

1957 3435 2109 3490 enim
2135 3436 2388 3507 Assyrius
2409 3439 2480 3494 sit
2495 3440 2741 3511 spiritus,
2772 3457 2884 3498 non
2932 3453 3116 3514 potest
3134 3445 3297 3502 aliter
3319 3447 3532 3516 fallere,

1958 3539 2122 3596 quam
2147 3527 2193 3582 si
2229 3537 2416 3584 utatur
2438 3531 2507 3588 iis
2525 3547 2648 3602 qua:
2679 3543 2811 3589 sunt
2837 3534 3046 3590 nostris
3059 3536 3313 3592 sensibus
3341 3546 3400 3593 et
3416 3554 3538 3594 mo-

1960 3616 2113 3674 ribus
2136 3618 2441 3676 familiaria.

2032 3711 2119 3768 79.
2153 3710 2226 3768 Ut
2241 3726 2362 3777 nos,
2381 3714 2473 3785 qui
2502 3730 2694 3772 sumus
2725 3715 2996 3783 homines,
3019 3733 3150 3778 aves
3166 3733 3225 3774 in
3249 3734 3378 3777 aere
3437 3735 3536 3777 vo-

1959 3802 2138 3860 lantes
2160 3806 2376 3876 assequi
2409 3821 2520 3861 non
2577 3823 2891 3878 possumus,
2921 3821 3036 3876 aut,
3075 3812 3537 3882 quemadmodum

1957 3893 2084 3963 illae,
2114 3911 2335 3953 sursum
2363 3898 2570 3965 volare,
2604 3915 2731 3956 cum
2766 3901 2908 3957 hanc
2939 3902 3047 3958 vim
3109 3912 3302 3959 natura
3349 3915 3536 3960 nostra

1957 4004 2070 4046 non
2123 3990 2374 4048 habeat:
2433 3991 2507 4047 ita
2580 3993 2702 4050 sine
2759 3995 3030 4066 frequenti
3059 4003 3116 4052 et
3164 3998 3538 4068 temperantia

1959 4080 2120 4151 plena
2145 4080 2413 4146 oratione,
2437 4093 2534 4139 aut
2562 4083 2874 4141 vehementi
2919 4086 3204 4142 oculorum
3230 4089 3432 4144 mentis
3479 4089 3536 4144 in

1959 4172 2130 4228 Deum
2169 4173 2493 4242 intentione,
2547 4191 2660 4231 non
2691 4186 2847 4248 potes
2901 4178 3156 4234 fortuitas
3181 4179 3538 4251 cogitationes

1957 4264 2258 4322 diabolicae
2286 4281 2546 4338 superare
2575 4287 2589 4325 :
2629 4268 2716 4325 sin
2757 4270 2964 4334 minus,
2992 4277 3196 4326 terram
3230 4270 3413 4327 feries.

350 4363 427 4412 π’.
462 4358 525 4411 El
545 4355 764 4428 ἀληθῶς
799 4355 912 4428 ἄρα
958 4353 1276 4426 περιϐαλεῖν
1316 4352 1548 4427 αίσχύνῃ
1589 4353 1722 4420 τούς
1771 4353 1855 4408 λο-

2033 4355 2123 4413 80.
2155 4355 2405 4414 Profecto
2425 4358 2474 4414 si
2500 4373 2630 4416 vere
2660 4359 2816 4431 cupis
2852 4360 3075 4433 cingere
3102 4361 3314 4432 pudore
3379 4361 3530 4433 cogi-

279 4447 514 4518 γισμούς
541 4445 738 4516 θέλεις,
771 4446 881 4502 καὶ
899 4444 1193 4518 ἡσυχάζειν
1239 4444 1507 4518 εὐμενῶς,
1537 4445 1634 4501 καὶ
1661 4445 1856 4516 νήφειν

278 4539 348 4609 τῇ
376 4536 578 4609 καρδίᾳ
633 4535 772 4607 μετὰ
829 4534 1103 4603 εὐκολίας,
1142 4533 1319 4607 Ἰησοῦ
1359 4533 1492 4606 εὐχὴ
1541 4531 1858 4605 κολληθήτω

283 4628 349 4696 σῇ
401 4627 563 4698 πνοῇ,
613 4625 710 4681 καὶ
761 4627 824 4682 ιν
871 4624 1082 4697 ὀλίγαις
1133 4625 1374 4696 ήμεραις
1401 4623 1688 4694 γινόμενον
1736 4621 1857 4693 ὕψει

279 4733 456 4772 τουτο.
875 4746 877 4748 ·

352 4808 466 4865 sta’.
511 4808 598 4874 Ὦς
618 4810 728 4882 γὰρ
755 4810 816 4865 ἑν
841 4809 970 4882 ἀέρι
1002 4806 1310 4881 γράμματα
1339 4806 1401 4861 οὐ
1455 4806 1678 4862 δυνατὸν
1721 4823 1859 4878 γρα-

282 4901 453 4972 φῆναι
472 4917 492 4932 ’-
525 4901 607 4955 δεῖ
629 4899 909 4974 γὰραύτὰ
931 4901 1014 4966 είς
1059 4918 1114 4955 τι
1146 4901 1308 4972 σῶμα
1341 4898 1668 4971 στήσασθαι,
1706 4898 1858 4963 ὅπως

280 4992 348 5047 ἂν
373 4992 572 5067 διαρκῆ
603 4991 914 5057 σώζωνται*
930 4991 1074 5047 οὕτω
1093 5008 1159 5062 γε
1179 4995 1250 5064 τῇ
1270 5008 1412 5062 κοπη
1421 4992 1492 5063 ρᾷ
1514 4990 1674 5062 νήψει
1699 4989 1860 5062 ήμῶν

279 5085 348 5154 τῇ
376 5083 510 5156 εὐχῇ
551 5081 731 5155 Ἰησοῦ
765 5083 1006 5155 Χριστοῦ
1045 5082 1429 5155 κολληθῶμεν,
1465 5083 1550 5138 ἴνα
1576 5085 1608 5154 ἡ
1639 5082 1738 5154 τῆς
1763 5099 1861 5153 νη-

283 5176 610 5246 φαλιὰτητος
641 5174 930 5246 πάγκαλος
953 5175 1149 5247 ἁρετὴ,
1175 5175 1412 5247 διαρκὴς.
1437 5176 1535 5229 σύν
1565 5175 1717 5247 αὐτῷ
1743 5173 1859 5228 δια-

285 5264 449 5336 μένῃ,
507 5264 604 5319 καὶ
639 5264 706 5321 δι’
752 5264 915 5320 αὐτοῦ
955 5265 1088 5337 ἡμῖν
1158 5267 1239 5329 είς
1313 5265 1488 5320 αιῶνα
1537 5263 1862 5335 διατηρῆται

282 5357 666 5430 ἀναφαίρετος.

357 5448 471 5520 πβ’.
499 5451 737 5506 Κύλισον
783 5449 878 5505 ἐπὶ
907 5449 1112 5523 Κύριον
1143 5451 1213 5507 τὰ
1246 5450 1385 5522 ἔργα
1415 5467 1536 5518 σου,
1572 5450 1667 5504 καὶ
1691 5449 1858 5523 εὐρή-

359 5631 410 5668 ιι
433 5629 479 5688 ιι
507 5630 651 5687 Tim.
683 5645 746 5697 ιι,
767 5629 820 5687 e.
901 5630 942 5664 ιτ
963 5592 1153 5686 naua.
1175 5645 1267 5696 xv,
1286 5627 1380 5695 κιο,
1407 5629 1500 5684 ao.

1961 4445 2217 4511 tationes,
2249 4455 2306 4502 et
2333 4461 2430 4503 eas
2457 4447 2692 4521 benigne
2747 4465 3100 4522 componere,
3139 4460 3536 4523 temperantem

1961 4534 2125 4590 etiam
2145 4535 2390 4592 animum
2413 4535 2573 4593 facile
2617 4553 2957 4618 comparare,
3033 4542 3347 4612 deprecatio
3405 4541 3537 4598 Jesu

1960 4627 2238 4683 adhaereat
2263 4627 2548 4700 spirationi
2581 4639 2687 4686 tua:
2711 4640 2803 4688 :et
2840 4632 2944 4689 hoc
2981 4633 3124 4688 intra
3153 4647 3360 4706 paucos
3415 4632 3536 4687 dies

1963 4716 2081 4774 ﬁeri
2103 4720 2424 4791 perspicies.

2030 4809 2120 4865 81.
2151 4811 2223 4867 Ut
2243 4812 2389 4867 enim
2411 4813 2606 4872 litterae
2633 4817 2800 4873 scribi
2831 4825 3114 4888 nequeunt
3167 4798 3227 4871 in
3263 4829 3414 4879 sere,
3467 4827 3538 4869 eo

1959 4899 2108 4969 (ιιιοά
2143 4899 2201 4954 in
2223 4915 2456 4972 tmpore
2481 4904 2718 4974 quodam
2733 4919 2960 4960 necesse
2991 4905 3197 4960 habent
3238 4903 3540 4959 subsistere

1961 4999 2022 5044 ut
2041 4991 2315 5048 duratum
2349 5003 2642 5050 serventur
2671 5011 2685 5047 :
2711 4995 2798 5049 ita.
2839 5010 2940 5065 per
2975 4994 3301 5049 laboriosam
3323 4999 3537 5062 tempe~

1963 5083 2199 5138 rantiam
2229 5095 2473 5140 nostram
2497 5086 2800 5158 precationi
2829 5086 2961 5142 Jesu
3013 5085 3216 5140 Christi
3266 5084 3537 5138 inhaerea-

1961 5189 2086 5230 mus
2111 5192 2126 5231 :
2153 5184 2214 5230 ut
2237 5179 2493 5246 praeclara
2513 5178 2686 5232 virtus
2709 5177 3086 5248 temperantia:
3107 5191 3232 5233 cum
3268 5175 3388 5246 ipso
3410 5189 3536 5244 per-

1962 5265 2124 5322 duret
2147 5275 2204 5321 et
2242 5277 2476 5333 maneat,
2510 5277 2566 5323 et
2585 5283 2685 5337 per
2727 5270 2907 5338 ipsum
2962 5267 3126 5326 nobis
3182 5275 3536 5322 conservetur

1962 5358 2016 5414 in
2041 5359 2258 5425 smcula,
2293 5360 2424 5415 ades
2463 5370 2523 5414 ut
2549 5359 2750 5414 auferri
2783 5376 2891 5416 non
2916 5360 3108 5431 possit.

2033 5449 2120 5505 82.
2157 5449 2322 5508 Versa
2380 5451 2434 5506 in
2488 5449 2779 5509 Dominum
2833 5468 3000 5524 opera
3051 5461 3167 5520 tua,
3195 5459 3250 5508 et
3289 5449 3536 5508 invenies
