3906 6192
254 279 374 345 1549

1374 280 1436 340 S.
1467 274 1790 341 LONGINI
1829 277 2312 341 MARTYRIUM.

3327 274 3462 340 1550

253 407 432 462 ρωσεν.
467 388 608 462 Πρὸς
631 387 838 453 τούτοις
866 391 977 452 τοῖς
998 387 1801 461 γράμμασι’συναποστόλλουσι

1924 387 2036 442 eris
2071 398 2125 443 et
2155 388 2415 458 pecunias
2443 386 2666 441 mittunt
2700 394 2755 440 et
2780 384 3005 455 Longini
3040 393 3268 438 mortem
3297 385 3464 455 depo-

254 483 334 536 καὶ
361 482 635 552 χρήματα,
664 481 758 534 καὶ
769 480 870 533 τὸν
891 479 1153 549 Λογγίνου
1181 479 1412 534 θάνατον
1438 479 1796 547 ἐξαιτοῦνται,

252 567 523 630 «sua;
546 567 818 639 Καίσαρος
847 568 1288 639 ὑφαρπάσαντες.
1316 570 1426 624 Καὶ
1452 569 1517 640 δὴ
1547 568 1800 640 βασιλικὰ

253 657 540 726 γράμματα
582 659 664 721 είς
703 657 800 728 τὴν
843 656 1098 712 Ἰουδαίαν
1137 658 1216 729 τῷ
1247 658 1462 730 Πιλάτῳ
1488 660 1802 730 κομίζονται

251 749 378 808 κατά
408 750 670 817 Λογγίνον
704 749 934 804 καὶτῶν
969 751 1066 804 σὺν
1101 751 1270 820 αὐτῷ,
1301 749 1378 814 ὡς
1404 751 1488 804 ὅτι
1514 752 1563 804 ot
1589 750 1660 803 τά
1691 749 1812 805 τῶν·

251 839 416 893 ὅπλων
453 839 851 910 ἀμελήσαντες,
879 840 1022 909 ξίφει
1065 842 1165 905 τὰς
1213 841 1456 909 κεφαλὰς
1497 839 1804 894 ἀποθέσθαι

252 929 738 1006 κελεύοιμεν.”Οθεν
783 915 986 1003 σπουδῇ
1017 932 1187 1002 πολλῇ
1217 935 1328 995 τοῖς
1360 931 1470 986 τῶν
1497 931 1674 1000 φόνων
1698 931 1804 984 ὑπ-

253 1018 463 1088 ηρέταις
489 1013 518 1072 ὁ
539 1018 767 1083 ιΙιλάτος
795 1020 1098 1092 ιγχειρίζει
1124 1020 1192 1075 τά
1217 1021 1521 1092 γράμματα
1547 1019 1641 1074 τοῦ
1667 1019 1808 1074 Καί-

254 1124 426 1178 σαρος.
452 1111 514 1161 Ol
541 1109 598 1163 δὲ
624 1110 788 1180 τάχος
819 1109 1126 1176 διαϐάντες,
1152 1112 1252 1180 τὴν
1284 1111 1392 1164 τῶν
1423 1111 1808 1165 Καππαδόκων

253 1199 346 1268 γῆν
380 1199 671 1268 φθάνουσιν
691 1215 706 1233 ο
738 1200 833 1254 καὶ
863 1200 1124 1271 μαθόντες
1163 1203 1222 1254 ὲν
1265 1199 1422 1272 ἀγρῷ
1455 1199 1692 1272 πατρῴῳ
1715 1201 1808 1253 τὸν

253 1292 503 1359 Λογγῖνον
555 1289 896 1359 φιλοσοφεῖν,
941 1286 1038 1345 παὶ
1085 1291 1187 1362 τὴν
1228 1291 1456 1362 ἡσυχίαν
1501 1290 1805 1356 ἀσκεῖσθαι,

253 1382 460 1436 πάντων
491 1382 599 1435 τῶν
628 1381 925 1436 πολιτικῶν
963 1383 1307 1455 πραγμάτων
1348 1383 1542 1436 ἑαυτὸν
1567 1382 1810 1436 ditand-

257 1471 431 1536 ξαντα.
473 1473 577 1526 Τὸν
616 1474 786 1543 ἀγρὸν
827 1473 1026 1543 αὐτίκα
1066 1473 1597 1542 καταλαμϐάνουσιν,
1632 1475 1810 1546 ἡσυχῇ

254 1561 308 1614 τὸ
337 1561 620 1630 ἐπίταγμα
649 1550 883 1617 Πιλᾶτου
923 1564 1016 1617 καὶ
1037 1563 1313 1634 Καίσαρος
1349 1562 1660 1615 ἐπιτελέσαι
1691 1561 1813 1632 βουο

254 1653 483 1723 λόμενοι,
507 1652 649 1706 ὥστε
678 1652 753 1724 μὴ
773 1654 855 1718 είς
889 1653 1071 1723 φυγὴν
1095 1652 1188 1706 τὸν
1220 1653 1486 1721 Λογγῖνον
1509 1650 1810 1721 τραπῆναι.

1898 493 2089 551 scunt,
2122 483 2341 552 suisque
2380 479 2668 536 calumniis
2715 493 2876 534 aures
2916 486 3247 548 occupantes
3283 477 3465 534 Caesa-

1899 591 2040 642 reas,
2063 573 2406 646 imperatoria
2431 572 2685 628 mandata
2707 570 2760 625 in
2788 570 3031 626 Iudaeam
3059 578 3245 623 contra
3269 569 3470 640 Longi-

1900 683 2032 724 num
2053 665 2299 721 referunt
2324 665 2392 720 ad
2419 663 2683 728 Pilatum;
2713 663 2915 733 quibus
2943 662 3120 732 gladio
3166 661 3220 715 in
3251 677 3347 716 eos
3382 663 3472 731 ju-

1899 757 2132 814 bebatur
2172 756 2629 818 animadvertere,
2665 754 2755 825 qui
2808 753 3054 807 militiam
3081 752 3471 807 deseruissent.

1903 846 2007 903 Eas
2029 848 2234 902 litteras
2247 846 2453 900 Pilatus
2470 846 2730 900 continuo
2747 843 2967 898 tradidit
2995 841 3232 910 probatis
3245 841 3473 895 caedium

1903 953 1935 993 a
1961 954 2022 994 se
2047 939 2450 1010 designatarum
2481 936 2747 992 ministris
2785 953 2799 988 :
2839 934 2942 1005 ipsi
2979 948 3112 988 vero
3154 933 3477 986 festinanter

1905 1029 2247 1085 discedentes
2294 1038 2664 1098 pervenerunt
2709 1025 2764 1080 in
2819 1023 3246 1095 Cappadociam,
3297 1023 3478 1092 ibique

1907 1121 2214 1175 didicerunt
2249 1119 2548 1190 Longinum
2583 1125 2810 1188 paterno
2838 1116 2893 1170 in
2927 1130 3058 1185 agro
3084 1115 3476 1185 philosophari,

1909 1219 1964 1266 et
1997 1211 2217 1264 urbanis
2261 1209 2493 1280 negotiis
2533 1208 2788 1279 curisque
2831 1207 3128 1271 abdicatis,
3167 1207 3352 1260 animo
3383 1221 3483 1276 per

1908 1301 2146 1372 quietem
2176 1302 2480 1356 exercendo
2516 1314 2726 1354 vacare.
2760 1298 2961 1369 Agrum
3007 1298 3187 1366 itaque
3228 1297 3482 1350 enimdcm

1909 1392 2130 1456 adeunt,
2173 1392 2581 1460 decernuntque
2625 1389 2780 1443 Pilati
2814 1405 2876 1444 ac
2911 1388 3141 1443 Caesaris
3181 1388 3484 1458 iussionem

1911 1494 2034 1536 cum
2079 1479 2296 1535 silentio
2326 1478 2569 1548 exsequi,
2607 1494 2676 1534 ne
2710 1479 2849 1533 forte
2885 1479 2939 1532 in
2972 1477 3154 1548 fugam
3188 1493 3486 1532 conversus

1914 1572 2209 1643 Longinus,
2258 1570 2511 1625 manibus
2548 1569 2664 1624 suis
2708 1569 3013 1638 eriperetur
3044 1585 3058 1622 :
3088 1568 3230 1622 unde
3283 1567 3484 1623 factum

1914 1670 2016 1726 est,
2041 1669 2102 1715 ut
2135 1660 2340 1714 nemini
2367 1659 2662 1730 quidquam
2699 1674 2889 1713 eorum
2921 1673 3041 1728 quae
3073 1657 3349 1712 habebant
3377 1673 3488 1727 prae

254 1743 408 1798 Ὅθεν
438 1744 652 1816 ἀθρόως
681 1744 998 1814 ὑπέστησαν
1024 1741 1104 1814 τῷ
1131 1742 1309 1814 ἀνδρὶ,
1339 1743 1416 1807 ὼς
1439 1743 1524 1795 ἔπ’
1547 1742 1691 1812 ἀλλῳ
1709 1742 1817 1796 τινὶ

1924 1753 2167 1808 inanibus
2188 1752 2450 1807 audentes
2466 1752 2819 1813 concredere,
2837 1751 3057 1822 ipsimet
3071 1750 3318 1822 Longino
3337 1751 3489 1804 velut

251 1833 553 1900 διαϐάντες,
589 1835 687 1889 καὶ
714 1834 869 1890 οὐδὲν
893 1833 1074 1888 οὐδενὶ
1093 1833 1204 1888 τῶν
1233 1832 1376 1904 μετά
1410 1833 1599 1905 χεῖρας
1633 1832 1814 1886 αὐτῶν

253 1927 662 1998 ἐπιφερομένων
698 1926 1046 2000 ἐθάρρησαν
1093 1921 1214 1980 εἶτα
1238 1924 1574 1988 εἰσελθόντες
1611 1923 1707 1978 καὶ
1739 1923 1816 1994 τῷ

254 2015 496 2086 Λογγίνῳ
525 2017 933 2088 περιτυχόντες,
958 2015 1058 2070 οὐκ
1099 2016 1301 2080 εἰδότες
1339 2015 1504 2070 αὑτὸν
1537 2011 1700 2082 εἷναι,
1725 2015 1817 2070 τὸν

254 2104 429 2168 αὐτοῖς
450 2121 510 2158 τε
536 2107 633 2160 καὶ
652 2106 870 2178 Πιλάτῳ
904 2104 1257 2176 ζητούμενον,
1287 2104 1544 2182 ἄρχονται
1583 2106 1815 2179 ἐρωτᾷν,

254 2191 349 2246 ποῦ
372 2195 401 2247 ὁ
427 2195 690 2264 Λογγῖνος
717 2197 826 2267 εἴη.

321 2291 394 2349 ς’.
435 2287 496 2340 '0
523 2287 581 2342 δὲ
609 2289 916 2361 Μακάριος,
946 2289 1044 2344 τοῦ
1078 2290 1223 2345 θείου
1257 2287 1574 2360 Πνεῦματος
1600 2287 1747 2359 αὐτῷ
1761 2287 1820 2341 τὸ

251 2382 430 2453 δρᾶμα
457 2379 1348 2452 προσδηλὼσαντος,ἀκολουθείτε,
1373 2382 1558 2451 φησὶν.
1587 2381 1679 2436 καὶ
1694 2379 1820 2434 τοῦ-

250 2489 338 2525 τον
361 2471 720 2541 ὑποδείκνυμι
751 2471 900 2541 ὑμῖν.
919 2472 1052 2525 Τότε
1078 2471 1214 2543 πρὸς
1233 2470 1425 2525 ἑαυτὸν
1445 2473 1474 2525 ό
1508 2472 1663 2540 ᾰγιος
1682 2472 1822 2540 Λογο

251 2567 418 2633 γῖνος,
451 2565 528 2626 ὡς
558 2563 727 2628 είκὸς,
767 2563 1225 2634 εὐφραινόμενος,
1262 2563 1357 2619 καὶ
1386 2562 1481 2616 τοῦ
1523 2563 1822 2635 μαρτυρίου

249 2655 347 2722 τὴν
393 2652 584 2706 θυσίαν
614 2653 1060 2718 ὑποσπουδτπων,
1095 2653 1281 2722 ἔλεγεν
1313 2653 1434 2707 καθ’
1458 2655 1680 2708 ἑαυτόν·
1727 2655 1824 2721 Ὠς

249 2744 446 2812 ὡραῖοι
493 2748 548 2798 οι
581 2745 767 2810 πόδες
812 2743 932 2804 τῶν
970 2745 1510 2815 εὐαγγελιζομένων
1548 2745 1821 2814 εἰρήνην,

249 2835 368 2888 τῶν
394 2833 929 2904 εὐαγγελιζομένων
959 2837 1029 2890 τὰ
1054 2837 1265 2906 ἀγαθά.
1286 2837 1398 2892 Νῦν
1420 2837 1548 2901 τοὺς
1564 2839 1825 2908 οὐρανοὺς

249 2929 625 2999 ἀνεῳγμένους
665 2928 869 2999 ὂψομαι
906 2930 1004 2998 (2),
1052 2930 1148 2983 νῦν
1197 2931 1470 3000 ἱστορήσω
1519 2931 1620 3001 τὴν
1667 2929 1824 2994 δόξαν

1915 1844 2072 1900 alteri
2099 1844 2518 1914 supervenerint
2545 1842 2930 1914 improvisi,ad
2958 1856 3194 1911 eumque
3225 1841 3490 1896 acceden-

1915 1943 1999 1990 tes
2025 1943 2080 1989 et
2113 1935 2442 1998 nescientes,
2479 1935 2656 2004 ipsum
2685 1949 2805 1989 esse
2830 1949 2993 2004 quem
3021 1934 3364 2004 quaerebant,
3400 1933 3487 1987 in-

1918 2035 2202 2098 terrogare-
2230 2026 2524 2098 creperint,
2550 2025 2642 2082 ubi
2670 2034 2815 2082 esset
2841 2023 3136 2098 Longinus.

1990 2291 2042 2346 6.
2083 2291 2178 2347 Ille
2190 2307 2318 2347 vero
2333 2307 2448 2346 rem
2470 2305 2686 2345 omnem
2697 2288 2865 2343 divini
2885 2287 3126 2358 Spiritus
3145 2288 3374 2358 edoctus
3399 2287 3497 2342 ad-

1921 2385 2129 2439 monitu
2157 2401 2171 2439 :
2203 2384 2306 2449 Me,
2337 2384 2532 2453 inquit,
2562 2380 2872 2452 sequimini,
2909 2389 2965 2435 et
3009 2381 3186 2450 ipsum
3211 2380 3496 2435 ostendam

1921 2475 2090 2530 vobis.
2113 2473 2219 2529 Nec
2235 2491 2383 2530 mora
2404 2493 2417 2529 :
2437 2475 2657 2528 domum
2685 2487 2780 2527 eos
2807 2486 2959 2526 suam
2982 2472 3224 2542 gaudens
3245 2472 3346 2527 ded
3357 2473 3494 2534 uxit,

1923 2580 2086 2634 seque
2107 2565 2170 2618 ad
2190 2565 2426 2637 martyrii
2444 2579 2542 2634 pro
2564 2563 2782 2619 Christo
2803 2562 3070 2617 subeundi
3085 2561 3410 2617 sacrificium
3430 2576 3497 2616 ex

1924 2667 2054 2714 tunc
2075 2673 2348 2728 apparans
2377 2658 2621 2712 studiose
2649 2675 2664 2711 :
2693 2655 2867 2722 Quam
2895 2656 3330 2726 speciosi,inquit
3355 2657 3500 2727 apud

1923 2765 1982 2805 se
2013 2751 2228 2814 tacitus,
2269 2751 2422 2818 pedes
2467 2751 2940 2821 eaangelizantium
2977 2766 3195 2820 pacem.
3241 2751 3501 2822 evangeli-

1923 2841 2160 2894 santium
2214 2839 2382 2893 bona'
2411 2856 2425 2894 :
2458 2855 2606 2895 nunc
2657 2850 2875 2910 apertos
2920 2839 3052 2894 mihi
3103 2839 3272 2895 ctelos
3318 2840 3501 2902 video,

1925 2947 2074 2987 nunc
2114 2929 2234 2985 Filii
2265 2931 2332 2986 ad
2358 2932 2632 2986 dexteram
2665 2930 2843 2986 Patris
2875 2930 3216 3000 contemplor
3251 2930 3500 3002 gloriam,

248 3014 367 3086 Ιτοῦ
402 3015 750 3088 μονογενοῦς]
782 3033 876 3070 του
907 3017 1118 3088 Πατρὸς
1141 3055 1155 3081 ,
1185 3016 1280 3070 νῦν
1313 3015 1413 3086 τῆς
1445 3016 1817 3087 ἀνεκφράστου

1927 3041 2071 3080 nunc
2117 3024 2444 3080 ineﬂ‘abilem
2498 3024 2669 3094 ipsius
2715 3022 2889 3077 Patris
2928 3031 2984 3078 et
3041 3021 3215 3077 sancti
3265 3021 3503 3092 Spiritus

247 3107 534 3178 ἀστραπῆς
560 3106 824 3179 θεωρήσω
856 3108 950 3162 τοῦ
979 3110 1090 3163 [lar
1101 3110 1191 3180 ρὸς
1221 3109 1296 3180 (5)
1322 3108 1438 3182 [τοῦ
1455 3108 1587 3164 Υίοῦ
1613 3110 1705 3164 καὶ
1730 3108 1824 3164 τοῦ

247 3199 428 3272 ἁγίου]
478 3201 817 3272 Πνεῦματος.
841 3202 956 3255 Νῦν
997 3202 1129 3270 ἐρῶ,
1159 3201 1330 3272 Κύριε
1376 3201 1550 3272 Ἰησοῦ
1588 3202 1815 3272 Χριστὲ,

247 3291 396 3357 δέξαι
441 3292 501 3345 τὸ
536 3291 758 3360 πνεῦμά
804 3308 928 3362 μου,
958 3291 1208 3362 καθάπερ
1239 3294 1513 3361 Στέφανος
1551 3296 1580 3347 ὁ
1609 3293 1827 3365 πρῶτος

246 3383 358 3434 τῶν
379 3382 710 3454 Μαρτὺρων,
736 3375 798 3436 οὗ
829 3382 1222 3453 λαμπροτάτην
1241 3384 1428 3454 φωνὴν
1447 3385 1698 3454 ἀφιέντος
1724 3384 1823 3456 (ὦ),

249 3473 480 3543 ἀκήκοα.
525 3474 638 3527 Νῦν
669 3473 1044 3546 Ἰερουσαλὴμ,
1061 3476 1162 3546 τὴν
1189 3475 1474 3544 ἀνωτάτην
1513 3477 1826 3547 χρυσόπυρ-

248 3579 367 3631 γον,
387 3562 484 3633 τὴν
510 3563 682 3634 αὐτὴν
709 3563 810 3635 μὶν
837 3565 1069 3637 πατρίδα
1093 3565 1204 3619 τῶν
1226 3567 1632 3636 ἀγγέλων,ὅ).ου
1653 3566 1710 3620 δὲ
1729 3566 1825 3621 τοῦ

248 3655 360 3707 τῶν
389 3655 560 3724 ἁγίων
605 3657 767 3728 χοροῦ
813 3657 1176 3729 μητρόπολιν,
1213 3658 1350 3730 μετά
1385 3659 1618 3731 κρότων,
1649 3661 1824 3714 επινι-

247 3747 388 3800 κίων
417 3749 509 3802 καὶ
537 3748 834 3819 βασιλικῶν
865 3751 1142 3822 τροπαίων
1166 3751 1524 3824 ἐπιϐήσομαι.
1544 3751 1658 3806 Νῦν
1686 3752 1826 3806 ἀπο-

246 3839 446 3910 δύομαι
483 3841 576 3894 τὸν
603 3841 822 3914 πήλινον
845 3843 1071 3914 χιτῶνα,
1089 3845 1180 3898 καὶ
1205 3843 1333 3908 τοὺς
1362 3844 1823 3909 πολυστενάκτους

246 3933 488 4004 δεσμοὺς
528 3935 631 4005 τῆς
676 3935 878 4007 σαρκὸς
919 3933 1246 4006 ἀποτίθημι,
1285 3937 1379 3991 καὶ
1409 3935 1824 4007 ἀπαλλάττομαι

247 4027 488 4098 φθορᾶς·
524 4027 661 4099 πρὸς
684 4028 997 4100 ἀφθαρσίαν
1031 4029 1138 4099 γάρ
1162 4029 1414 4099 ἕλκομαι,
1445 4030 1542 4083 καὶ
1582 4029 1822 4101 ἀπέρχο-

250 4135 355 4188 μαι
383 4119 478 4172 ἐπὶ⁵
504 4118 595 4172 τὸν
622 4117 817 4189 λιμένα
837 4122 1042 4174 ἐκεῖνον
1071 4123 1168 4190 τῆς
1198 4119 1364 4190 ζωῆς,
1387 4118 1516 4173 ἔνθα
1537 4117 1823 4175 κατοικοῦ-

248 4226 340 4262 σιν
364 4211 412 4263 οἱ
442 4209 607 4278 ἅγιοι.
640 4210 942 4280 Εὐφραίνου
972 4209 1175 4271 τοίνυν,
1204 4209 1374 4281 ψυχὴ,
1422 4209 1559 4280 πρὸς
1597 4210 1690 4264 τὸν
1729 4209 1822 4264 σὺν

247 4303 490 4373 Ποιητὴν
527 4303 622 4356 καὶ
649 4302 929 4373 Δεσπότην
961 4301 1312 4372 ἀπερχομένη
1331 4317 1346 4333 ο
1387 4300 1561 4367 δεῖξον
1599 4299 1822 4370 φαιδρὸν

1933 3114 2273 3185 Splendorem
2323 3114 2562 3177 intueor,
2617 3128 2764 3168 nunc
2817 3111 3036 3168 dicam:
3072 3111 3298 3167 Domine
3350 3110 3500 3173 Jesu,

1931 3205 2146 3275 suscipe
2200 3205 2452 3275 spiritum
2501 3219 2716 3270 meum;
2773 3202 3236 3273 quemadmodum
3299 3203 3504 3274 primus

1932 3304 2230 3364 martyrum
2263 3295 2580 3363 Stephanus
2607 3293 2699 3361 (e),
2731 3292 2888 3361 cuius
2918 3292 3169 3348 abeuntis
3194 3307 3228 3347 e
3253 3293 3360 3347 vita
3387 3295 3504 3363 pul-

1931 3385 2256 3439 cherrimam
2286 3398 2474 3438 vocem
2494 3383 2688 3436 audire
2714 3381 2909 3434 merui.
2943 3381 3063 3436 Jam
3097 3397 3388 3451 supernam
3411 3382 3506 3436 Je-

1932 3476 2165 3531 rusalem
2203 3474 2386 3529 aureis
2426 3474 2745 3528 instructam
2775 3471 3035 3536 turribus,
3063 3473 3380 3542 angelorum
3409 3489 3504 3543 pa.

1932 3569 2125 3632 triam,
2163 3575 2474 3622 sanctorum
2515 3563 2761 3619 omnium
2801 3563 3142 3634 metropolim
3187 3564 3504 3633 spatiosam.

1931 3677 2055 3717 cum
2094 3659 2412 3731 plausibus,
2437 3656 2707 3728 epinieiis,
2741 3655 3014 3727 regiisque
3042 3655 3297 3725 trophaeis
3321 3654 3504 3726 ingre-

1927 3751 2068 3807 diar.
2097 3748 2216 3804 1am
2248 3749 2488 3805 tunicam
2533 3749 2673 3802 hanc
2711 3756 2982 3802 terrenam
3015 3761 3224 3802 exuens
3245 3755 3302 3801 et
3326 3746 3506 3801 carnis

1928 3845 2141 3900 vincula
2171 3843 2437 3898 laboriosa
2461 3842 2761 3911 deponens,
2792 3855 2822 3896 a
2864 3839 3209 3895 mortalitatis
3237 3840 3508 3895 subducar

1928 3935 2312 4005 corruptione,
2350 3932 2750 4000 subvectusque
2795 3931 2864 3986 ad
2918 3930 3342 3986 immortalitatis
3384 3930 3506 3985 feli-

1927 4026 2206 4083 cissimum
2245 4032 2446 4079 statum
2486 4023 2542 4078 in
2590 4031 2804 4094 portum
2853 4021 3069 4078 veniam
3093 4022 3218 4078 vita:
3261 4031 3502 4087 aeternae,

1926 4131 2087 4187 quam
2117 4113 2276 4169 simul
2306 4128 2498 4168 omnes
2532 4112 2705 4169 sancti
2741 4111 3066 4168 inhabitant.
3092 4112 3314 4167 Exsulta
3343 4113 3508 4184 igitur

1925 4215 1982 4262 et
2010 4207 2211 4270 laetare,
2241 4221 2276 4260 ο
2301 4203 2504 4269 anima,
2527 4203 2593 4257 ad
2626 4202 2976 4259 Conditorem
3017 4209 3172 4256 tuum
3217 4209 3273 4256 et
3319 4201 3508 4256 Domi-

1925 4313 2056 4354 num
2106 4297 2398 4352 transitura
2443 4311 2458 4348 :
2502 4307 2752 4348 serenam
2789 4290 2982 4347 faciem
3031 4292 3136 4347 hac
3176 4300 3285 4347 tam
3326 4301 3508 4363 optata

243 4396 309 4448 τὸ
348 4397 638 4465 πρόσωπον
667 4393 860 4464 καιροῦ
901 4391 1212 4457 καλοῦντος,
1245 4393 1338 4447 καὶ
1373 4393 1499 4456 τοὺς
1530 4390 1817 4462 προξένους

1926 4388 2213 4445 occasione
2255 4387 2486 4450 exhibe,
2533 4392 2917 4453 tantorumque
2955 4383 3050 4439 tibi
3088 4384 3290 4441 latores
3331 4386 3508 4444 bono-

245 4502 350 4548 σου
415 4487 525 4540 τῶν
572 4486 842 4540 τοσούτων
887 4485 1108 4553 ἀγαθῶν
1147 4485 1486 4556 φιλοφρόνως
1523 4483 1822 4553 ξενίσωμεν

242 4578 556 4648 χαίροντες,
599 4577 697 4630 καὶ
740 4576 1008 4648 πολυτελῆ
1057 4576 1468 4648 παραθήσωμεν
1515 4577 1816 4648 τράπεζαν,

238 4672 362 4733 τοῖς
393 4670 485 4722 ἰπὶ
515 4668 574 4724 τὸ
602 4669 818 4724 δεῖπνον
845 4669 1004 4742 ήμῶν
1036 4668 1262 4722 καλοῦσι
1292 4669 1590 4739 βασιλικόν.

319 4759 390 4824 ζ’.
429 4759 615 4815 Ταῦτα
640 4762 777 4833 πρὸς
806 4760 998 4815 ἑαυτὸν
1029 4761 1058 4814 ὁ
1081 4761 1340 4827 Λογγῖνος
1362 4757 1698 4824 είπὼν,’τοῦς
1725 4761 1827 4814 ἐπ’

237 4849 414 4904 αὐτὸν
443 4850 696 4916 ἐλθόντας
728 4852 810 4916 είς
852 4852 942 4906 τὸν
982 4853 1111 4906 ἴδιον
1152 4847 1301 4906 οἷκον
1353 4849 1693 4922 παρέλαὸεν,
1728 4851 1825 4904 καὶ

239 4941 468 5008 ξενίσας
490 4941 779 5013 λαμπρῶς,
814 4943 910 4998 καὶ
938 4942 1218 5016 προσώπῳ
1244 4941 1456 5012 φαιδρῷ
1485 4941 1582 4994 καὶ
1618 4939 1822 5010 σφόδρα

237 5035 544 5105 περιχαρεῖ
571 5033 889 5105 Δυμφαγὼν
935 5034 1030 5088 σὺν
1071 5033 1255 5096 αὐτοῖς
1291 5035 1372 5097 είς
1405 5034 1471 5102 ἢν
1511 5030 1823 5103 παρέθηκεν

316 5210 343 5242 ’
385 5209 486 5266 lsa.
513 5224 612 5276 LII,
642 5209 674 5261 7
701 5225 716 5275 ;
741 5207 900 5263 Rom.
933 5224 1000 5272 x,
1034 5207 1119 5262 I5.

1927 4497 2046 4536 rum
2081 4480 2327 4536 hilariter
2355 4485 2519 4548 atque
2547 4475 2890 4548 hospitaliter
2913 4476 3088 4542 habe;
3129 4477 3269 4532 bene
3297 4478 3508 4534 instru-

1924 4582 2066 4629 ctam
2112 4586 2354 4626 mensam
2395 4583 2677 4639 apponens
2715 4567 2802 4633 iis,
2831 4567 2924 4638 qui
2961 4567 3032 4624 ad
3065 4581 3277 4623 caenam
3304 4569 3506 4639 regiam

1927 4673 1980 4719 te
2007 4662 2286 4718 invitaturi
2312 4661 2679 4717 advenerunt.

2001 4754 2052 4807 7.
2092 4751 2222 4807 Haec
2259 4751 2401 4805 intra
2439 4763 2500 4804 se
2542 4749 2758 4803 locutus
2788 4745 3067 4817 Longinus
3102 4744 3376 4798 immissos
3403 4743 3506 4798 sibi

1929 4845 2156 4900 sicarios
2187 4845 2242 4898 in
2272 4845 2494 4898 domum
2523 4855 2678 4896 suam
2712 4837 2959 4909 excepit,
2989 4844 3048 4890 et
3085 4833 3367 4904 splendide
3411 4847 3508 4887 eos

1929 4946 2189 4999 tractans,
2223 4936 2378 4990 vultu
2421 4935 2548 4990 lato
2593 4940 2649 4986 et
2691 4944 2898 5002 magna:
2923 4924 3281 4996 iucunditatis
3309 4922 3506 4978 indicia

1927 5028 2272 5102 praeferente,
2305 5027 2374 5084 ad
2397 5025 2646 5082 eamdem
2688 5037 2814 5078 cum
2866 5017 3002 5091 ipsis
3049 5016 3305 5074 accubuit
3348 5030 3504 5070 men-

1753 5288 1988 5346 ΝΟΤΛΕ.

317 5387 400 5460 (2)
440 5385 545 5460 Per
577 5385 836 5460 futurum
855 5385 1050 5460 melius
1096 5397 1259 5454 quam
1295 5396 1392 5452 per
1426 5394 1668 5452 praesens
1706 5379 1826 5436 haec

234 5457 445 5514 Latine
476 5457 708 5512 fuissent
746 5457 978 5512 reddita.

340 5529 398 5590 3)
436 5527 605 5582 Pleno
629 5527 812 5581 sensui
849 5527 961 5580 lucc
994 5532 1091 5579 aut
1113 5521 1312 5578 similia
1344 5520 1538 5576 deesse
1561 5516 1750 5590 credo.

345 5598 397 5663 ι)
439 5597 662 5668 Videtur
690 5598 959 5668 interpres
981 5593 1175 5668 legisse
1200 5591 1452 5668 ἀφιόντος
1469 5606 1485 5620 ·
1509 5589 1575 5643 ad
1599 5589 1823 5668 verbum

227 5658 431 5722 autem
469 5667 546 5722 sic
574 5666 709 5721 verti
744 5658 920 5736 potest
951 5681 965 5719 :
1004 5658 1225 5730 (Quem
1252 5658 1438 5714 audivi
1474 5658 1827 5730 praeclarissi—

1922 5393 2068 5434 mam
2099 5379 2374 5443 emittere,
2408 5379 2491 5433 vel
2515 5377 2766 5433 emisisse
2794 5393 3008 5435 vocem.
3034 5397 3054 5432 ι

1991 5449 2063 5518 (e)
2107 5447 2333 5519 Passum
2361 5463 2484 5519 esse
2509 5456 2760 5519 sanctum
2791 5449 3134 5519 Stephanum
3179 5456 3301 5517 post
3343 5449 3504 5518 septi-

1923 5516 2073 5588 mum
2111 5518 2343 5588 circiter,
2371 5533 2402 5572 a
2448 5516 2686 5588 Spiritus
2725 5516 2909 5588 sancti
2947 5516 3186 5574 adventui
3233 5516 3503 5588 mensem,

1924 5587 2259 5643 confnrmius
2285 5587 2350 5643 ad
2383 5587 2694 5653 sanetorum
2723 5587 2944 5644 Patrum
2970 5599 3298 5645 consensum
3320 5587 3503 5642 exis-tio

1924 5668 2036 5713 mat
2063 5657 2355 5712 Baronius.
