3906 6192
369 191 516 258 Ίόῦι

1577 189 1872 252 IIESYCH
1881 187 1936 247 li
1976 188 2446 253 PRESBYTERI

3496 180 3644 248 1552

381 316 498 356 sam
534 320 545 354 :
576 301 822 370 factaque
853 313 1008 355 caena
1047 299 1380 368 interrogare
1421 312 1514 352 eos
1539 313 1822 370 aggressus
1849 307 1950 360 est,

2075 288 2351 367 φάπεζαν,
2384 303 2594 374 ιρωτᾳν
2629 300 2767 372 μετὰ
2803 299 2865 353 τὸ
2890 299 3104 354 δεῖπνον
3135 297 3363 368 ἄρχεται
3383 297 3412 350 6
3441 296 3657 364 Λογγῖ-

381 393 508 462 quld
556 393 622 448 iis
670 407 808 463 opus
865 400 1027 445 esset.
1071 389 1149 443 Illi
1197 404 1326 443 vero
1371 389 1736 458 juramentum
1778 390 1846 443 ab
1895 404 1960 443 eo

381 484 679 554 exigentes,
711 481 853 551 quod
898 494 1076 550 neque
1124 494 1313 534 eorum
1346 479 1592 550 vulgaret
1629 495 1960 542 sermonem,

384 593 562 648 neque
602 575 978 632 concreditum
1020 573 1123 627 sibi
1168 581 1440 628 secretum
1491 574 1743 638 nudaret,
1773 573 1964 628 dicunt

381 666 453 732 ei,
488 665 630 735 quod
675 663 856 724 aesar
901 661 1186 731 scripserit
1228 661 1292 716 ad
1342 663 1595 727 Pilatum,
1625 672 1684 718 ut
1719 663 1964 734 Longino

381 772 506 810 cum
545 755 667 809 aliis
689 753 904 809 duobus
931 753 1195 809 militibus
1221 762 1386 824 caput
1415 755 1773 810 auferendum
1801 771 1962 808 cura-

377 855 486 902 ret.
515 845 728 912 Quibus
767 845 856 899 ille
879 862 892 898 :
919 844 1088 914 Ecqui
1112 855 1294 900 autem
1326 856 1455 900 sunt
1482 848 1589 902 duo
1619 847 1706 901 isti
1735 845 1964 917 Longini

326 944 340 985 ti
382 936 551 994 socii?
588 935 902 1007 lntelligens
927 944 1108 989 autem
1141 951 1235 990 eos
1267 952 1409 1002 esse,
1435 937 1526 1007 qui
1561 936 1963 992 Judaicaemer-

381 1028 500 1084 cedi
533 1026 811 1083 Christum
845 1025 1297 1095 prmhabuerant,
1337 1027 1555 1094 scripsit
1595 1027 1661 1082 ad
1709 1042 1803 1081 eos
1842 1026 1964 1079 dili-

381 1119 719 1190 gentissime,
750 1127 806 1171 ut
836 1117 1238 1186 quamprimum
1284 1117 1348 1170 ad
1394 1132 1453 1172 se
1486 1117 1757 1181 venirent,
1791 1115 1964 1170 maxi-

382 1224 598 1265 morum
642 1206 808 1262 futuri
839 1207 1107 1262 bonorum
1141 1204 1453 1275 participes.
1488 1207 1619 1260 Dein
1659 1219 1766 1260 una
1803 1214 1966 1274 atque

384 1297 553 1351 altera
602 1294 691 1349 die
746 1293 988 1364 hospites
1038 1308 1167 1348 suos
1218 1293 1496 1360 retinens,
1539 1294 1699 1348 tertia
1742 1293 1964 1348 domum

384 1388 507 1442 illos
538 1384 724 1441 eduxit
753 1385 806 1440 in
842 1401 1029 1456 agrum
1058 1426 1072 1450 ,
1113 1386 1235 1440 istic
1263 1386 1555 1454 opperiens
1585 1385 1762 1440 socios
1787 1399 1967 1440 accer-

370 1477 540 1542 sitos,
564 1491 702 1546 quos
731 1475 819 1529 ubi
858 1474 1272 1544 propinquiores
1303 1472 1474 1528 factos
1493 1473 1761 1543 cognovit,
1797 1487 1966 1545 expo-

385 1568 492 1621 suit
519 1568 695 1636 ipsum
720 1581 778 1620 se
804 1581 924 1619 esse
958 1564 1284 1634 Longinum,
1305 1579 1466 1633 quem
1492 1571 1818 1632 quaererent.

449 1763 513 1817 .8.
556 1761 660 1831 Ipsi
698 1776 827 1816 vero
874 1759 1107 1830 primum
1157 1757 1320 1813 dictis
1366 1755 1485 1826 ejus
1515 1753 1676 1808 ﬁdem
1707 1751 1970 1806 adhibere

389 1855 716 1925 recusabant
752 1871 764 1905 :
797 1850 1044 1922 persuasi
1068 1849 1264 1904 deinde
1291 1862 1417 1902 vera
1455 1845 1626 1916 loqui,
1658 1858 1787 1900 suos
1807 1841 1972 1897 velle-

389 1946 518 1999 liant
539 1944 784 2014 capillos,
811 1951 864 1997 et
886 1941 1222 1996 miserandas
1247 1939 1314 1994 ad
1343 1939 1518 2008 ipsum
1552 1950 1715 1992 voces
1735 1933 1972 1989 edebant

389 2041 634 2094 dicentes
663 2056 676 2091 :
711 2037 780 2094 Ut
809 2036 937 2108 quid
973 2036 1051 2091 sic
1089 2048 1248 2106 agere
1278 2031 1516 2095 voluisti,
1549 2029 1759 2084 amice?
1793 2025 1971 2092 Quare

392 2135 443 2185 in
473 2140 618 2186 tuam
651 2130 933 2185 venientes
966 2142 1156 2182 necem
1186 2125 1252 2179 ad
1283 2121 1691 2179 tuaminvitasti
1715 2117 1970 2174 domum?

389 2225 500 2278 Cur
516 2223 718 2279 caedem
744 2221 1122 2277 machinantes
1145 2227 1289 2273 tuam
1317 2229 1505 2270 mensa
1524 2223 1579 2268 et
1605 2211 1855 2268 convivio
1878 2225 1972 2266 ex-

392 2315 605 2386 cepisti,
637 2330 745 2370 non
774 2321 990 2368 tantum
1023 2310 1258 2370 una,sed
1285 2309 1453 2363 altera
1479 2321 1694 2377 quoque
1727 2313 1783 2358 et
1817 2303 1971 2358 tertia

323 2466 335 2482 ο
391 2409 510 2462 die?
551 2405 633 2460 An
685 2405 823 2460 forte
860 2420 966 2458 non
1007 2402 1225 2456 videbas
1264 2401 1448 2454 vinum
1480 2409 1632 2453 tuum
1670 2407 1780 2461 tuo,
1811 2409 1970 2464 quem

389 2499 784 2567 qttmcbantus,
821 2494 1158 2549 miscendum
1212 2491 1512 2563 sanguine?
1564 2491 1723 2545 Nunc
1782 2499 1967 2542 autem

389 2589 518 2659 quid
555 2587 840 2642 dicemus?
880 2598 974 2642 aut
1023 2587 1151 2655 quid
1182 2585 1446 2655 agemus?
1485 2585 1529 2637 si
1576 2583 1704 2652 quid
1753 2583 1807 2635 in
1859 2596 1970 2634 rem

392 2691 540 2735 tuam
571 2678 856 2733 consulere
895 2691 1206 2747 possumus,
1238 2675 1324 2728 abi
1358 2675 1409 2726 in
1441 2687 1600 2740 pace,
1632 2671 1972 2739 hospitalita-

391 2775 462 2828 tis
511 2771 815 2826 mercedem
871 2767 1114 2822 referens
1161 2763 1536 2826 remissionem
1587 2761 1806 2822 mortis,
1841 2760 1974 2813 alias

392 2866 488 2919 tibi
519 2881 546 2919 a
579 2862 734 2918 nobis
777 2859 1080 2915 inferendae
1110 2876 1122 2912 :
1150 2871 1326 2926 neque
1360 2855 1505 2910 enim
1538 2852 1773 2924 gladium
1805 2850 1973 2904 aude-

2060 411 2170 457 νος,
2201 394 2254 447 τί
2301 393 2611 466 χρῄζουσιν.
2645 395 2706 446 Oi
2741 393 2797 446 δὲ
2833 392 3032 464 ὅρκους
3081 391 3215 460 παρ’
3244 387 3411 441 αὑτοῦ
3445 389 3656 441 ἀποτί-

2061 500 2274 548 σαντες,
2305 485 2500 555 ὅτιπερ
2541 484 2720 538 αὐτῶν
2745 485 2810 538 οὐ
2833 481 3152 552 δημοσιεύει
3179 480 3272 534 τόν
3300 479 3486 548 λόγον,
3522 479 3654 531 οἱδὶ

2060 577 2259 644 γυμνοῖ
2283 575 2344 629 τὸ
2363 574 2635 648 θυρρηθὶν
2667 576 2987 646 μυστήριον,
3008 572 3293 640 λέγουσιν’
3328 573 3528 642 ὅτιπερ
3555 588 3656 639 γε-

2059 665 2345 736 γράφηκεν
2371 667 2399 718 ό
2430 667 2650 738 Καῖσαρ
2679 666 2819 736 πρὸς
2848 665 3104 726 Πιλᾶτον,
3131 665 3219 717 ἱνα
3255 663 3348 716 τοῦ
3375 663 3658 731 Λογγίνου

2065 757 2184 826 μεθ’
2220 755 2422 826 ἑτέρων
2451 757 2546 810 δύο
2575 755 2928 828 στρατιωτῶν
2953 756 3055 826 τὴν
3083 755 3328 824 κεφαλὴν
3367 755 3658 824 ἀποτέμῃ.

2073 845 2132 898 '0
2175 844 2231 898 δὲ
2279 845 2434 913 ἅγιος
2467 845 2572 914 ἔφη
2597 861 2612 875 ·
2661 845 2768 897 Καὶ
2800 837 2947 898 οὗτοι
2983 843 3131 907 τίνες
3167 841 3276 896 εἶεν
3324 846 3376 896 οἱ
3422 843 3547 914 ἅμα
3579 843 3665 913 τῷ

2061 936 2314 1007 Λογγίνῳ
2338 954 2354 1005 ;
2385 938 2478 990 καὶ
2513 935 2702 1007 μαθὼν
2730 936 2807 1000 ὡς
2837 936 3036 990 ἐκεῖνοί
3069 953 3130 989 τε
3159 932 3301 1006 ἦσαν
3324 937 3373 989 οί
3397 939 3503 1006 τῆς
3520 937 3670 990 Ἰου-

2061 1027 2256 1097 δαῖκῆς
2289 1028 2586 1098 μισαρχίας
2610 1029 2704 1080 τὸν
2733 1022 2970 1099 Χριστὶν
2994 1028 3467 1097 προτιμήσαντες,
3490 1044 3671 1080 σπου-

2062 1121 2124 1191 δῇ
2164 1119 2330 1190 πολλῇ
2374 1119 2574 1189 γράφει
2618 1120 2755 1188 πρὸς
2795 1120 3015 1183 αὐτοὺς,
3041 1119 3102 1172 τὸ
3129 1119 3294 1188 τάχ-ς
3320 1120 3486 1187 ἥκειν
3525 1117 3670 1188 πρὸς

2064 1210 2245 1274 αὑτὸν,
2297 1210 2520 1278 ἀγαθῶν
2556 1210 2814 1279 μεγάλων
2860 1199 3012 1279 αθτῷ
3051 1212 3515 1277 κοινωνήσοντας.
3555 1211 3673 1263 Καὶ

2063 1302 2126 1372 δὴ
2162 1300 2372 1371 ἡμέραν
2397 1300 2540 1354 οὕτω
2569 1301 2700 1372 μίαν
2732 1301 2829 1354 καὶ
2861 1301 3121 1372 δευτέραν
3148 1301 3366 1368 ξενίσας
3407 1303 3617 1365 αὐτοὺς
3643 1303 3673 1354 ό

2065 1393 2328 1460 Λογγῖνος
2385 1391 2727 1464 φιλοφρόνως
2753 1434 2769 1457 ,
2823 1394 2889 1461 τῇ
2953 1393 3116 1462 τρίτῃ
3173 1391 3528 1462 παραλαϐὼν
3592 1394 3673 1455 εἰς

2065 1484 2233 1556 ἀγρὸν
2264 1485 2363 1553 (5),
2399 1485 2515 1538 ἐκεῖ
2541 1483 2668 1548 τοὺς
2701 1483 2833 1556 παρ’
2864 1483 3031 1538 αὐτοῦ
3080 1485 3534 1553 μετασπλέντας
3575 1488 3671 1537 ἀν-

2071 1576 2456 1646 ἐμενεν.”οθεν
2499 1576 2666 1644 ἐγγὺς
2693 1569 2834 1630 εἶναι
2867 1575 3059 1646 μαθὼν
3092 1577 3442 1644 ἀπαγγέλλει
3479 1571 3670 1640 αὐτοῖς

2072 1668 2146 1731 ὼς
2171 1667 2330 1730 αὐτὸς
2361 1667 2445 1737 εῐη
2470 1667 2498 1720 ό
2519 1667 2806 1734 Λογγῖνος,
2832 1667 2862 1719 ὀ
2896 1666 3025 1735 παρ’
3047 1667 3227 1720 αὐτῶν
3258 1666 3435 1734 ζητού
3445 1683 3630 1734 μενος.

2141 1765 2212 1830 η’.
2252 1759 2316 1812 Οί
2360 1759 2418 1812 δὲ
2457 1758 2726 1829 πρότερον
2762 1761 2861 1826 μὲν
2891 1759 3180 1826 ἠπίστουν,
3215 1760 3355 1826 μετὰ
3405 1760 3467 1812 δὲ
3509 1761 3666 1812 τοῦτο

2073 1851 2414 1916 πεισθέντες,
2445 1849 2731 1921 ἐδάκρυον,
2763 1849 3030 1913 τίλλοντες
3057 1849 3158 1910 τὰς
3201 1848 3428 1902 ἑαυτῶν
3456 1849 3669 1918 τρίχας,

2074 1943 2167 1998 καὶ
2192 1943 2415 2015 οἰκτρὰς
2448 1941 2634 2010 φωνὰς
2670 1939 2807 2009 πρὸς
2838 1939 2928 1994 τὸν
2967 1942 3234 2008 Λογγῖνον
3269 1941 3670 2010 φθεγγόμενοι.

2073 2039 2138 2092 Τί
2181 2055 2263 2092 σοι
2299 2037 2360 2092 τὸ
2396 2037 2722 2109 ἐγχείρημα,
2753 2028 2799 2088 ὦ
2841 2036 2981 2106 φίλε,
3019 2036 3200 2100 ἔδοξεν
3232 2035 3436 2102 τοῦτος
3471 2038 3594 2090 Ἵνα
3625 2040 3672 2089 τί

2071 2131 2200 2196 τοὺς
2226 2130 2319 2184 ἐπὶ
2358 2131 2448 2184 τὸν
2490 2130 2580 2183 σὺν
2612 2129 2867 2191 ἐλθόντας
2913 2129 3072 2197 φόνον
3118 2129 3202 2190 εἰς
3242 2127 3335 2182 τὸν
3377 2125 3543 2182 οἶκόν
3585 2146 3671 2181 σου

2073 2225 2295 2288 ἐλαϐεςς
2329 2223 2483 2286 Τίνος
2508 2223 2666 2294 χάριν
2697 2225 2812 2285 τοῖς
2842 2209 2922 2284 είς
2951 2220 3172 2291 σφαγήν
3208 2237 3306 2274 σου
3351 2238 3676 2289 παραγενο-

2076 2318 2258 2387 μένοις
2286 2315 2498 2368 ὃεῖπνον
2531 2313 2855 2375 ὲπετέλεσας
2878 2311 3168 2380 πολυτελῆ,
3204 2312 3305 2364 καὶ
3342 2312 3676 2382 παρέθηκας

2072 2405 2370 2479 τράπεζαν,
2401 2407 2462 2460 οὐ
2489 2405 2618 2474 μίαν
2657 2406 2818 2473 μόνον
2851 2403 3086 2474 ἡμέραν,
3111 2403 3249 2455 ἀλλὰ
3279 2405 3379 2455 καὶ
3413 2403 3675 2468 δευτέραν

2075 2501 2169 2553 καὶ
2212 2499 2433 2569 τρίτην;
2466 2492 2614 2567 ’Δρά
2662 2512 2754 2548 σου
2797 2495 2888 2548 τὸν
2937 2490 3081 2546 οἶνον
3123 2496 3223 2565 οὐχ
3274 2495 3468 2565 ἑώρας
3519 2495 3676 2562 ἐντῷ

2075 2589 2267 2658 αἵματί
2306 2605 2420 2648 σου,
2458 2587 2538 2655 τῷ
2565 2587 2700 2656 παρ’
2723 2587 2882 2654 ἡμῶν
2914 2585 3259 2657 ζητουμένῳ,
3290 2585 3674 2655 κιρνώμενον,

2075 2681 2188 2733 Νῦν
2225 2680 2324 2750 μὲν
2346 2679 2396 2731 τί
2419 2679 2502 2732 δεῖ
2531 2681 2741 2741 εἰπεῖνς
2777 2678 2906 2731 τίδὲ
2937 2677 3169 2748 πρᾶξαι,
3199 2677 3233 2746 ἢ
3263 2676 3674 2747 βουλεύσασθαι

2074 2771 2203 2841 περὶ
2238 2769 2330 2822 σοῦ
2365 2769 2748 2839 δυνησόμεθα;
2783 2767 2936 2822 ἄπιθι
2983 2770 3041 2821 ἒν
3084 2769 3302 2841 εἰρήνῃ,
3341 2769 3552 2839 μισθὸν
3583 2771 3675 2837 τῆς

2075 2862 2254 2929 ξενίας
2296 2860 2477 2914 λαϐὼν
2508 2861 2602 2914 τοῦ
2643 2861 2776 2931 παρ’
2809 2860 2966 2931 ἡμῶν
3006 2859 3245 2913 θανάτου
3286 2861 3392 2930 τὴν
3443 2863 3672 2929 ἄρρεσι-ο·

394 2974 514 3012 mus
534 2966 730 3012 contra
768 2967 821 3010 te
852 2952 1120 3016 attollere,
1160 2948 1377 3004 reveriti
1425 2947 1612 3004 salem.
1641 2944 1971 2998 erubescen-

2076 2956 2234 3024 ἡμεῖς
2266 2954 2374 3025 γὰρ
2417 2951 2684 3006 ἐπιθεῖναί
2717 2969 2800 3006 σοι
2829 2953 2888 3005 τὸ
2919 2951 3074 3020 ξίφος
3098 2953 3162 3004 οὺ
3186 2952 3518 3022 τολμῶμεν,
3551 2969 3676 3021 vas-

392 3061 474 3102 tes
507 3061 782 3110 mensam,
811 3043 1171 3099 formidantes
1203 3041 1370 3094 Deum
1403 3036 1787 3108 hospitalitatis
1820 3034 1968 3089 arbi-

395 3151 537 3191 trmn
570 3134 833 3204 :expedit
858 3133 1018 3187 nobis
1055 3147 1084 3185 a
1119 3130 1291 3186 Pilato
1320 3129 1614 3184 discrimen
1651 3127 1759 3198 pati
1789 3127 1971 3197 potius

393 3243 553 3297 quam
586 3226 813 3297 Longini
847 3235 1011 3293 caput
1037 3222 1376 3278 abscindere.
1405 3220 1690 3288 Quomodo
1719 3236 1849 3275 vero
1875 3235 1973 3290 per

395 3334 610 3373 onmem
642 3318 807 3372 vitam
838 3317 1139 3370 tabesceret
1173 3311 1528 3372 conscientia.
1557 3319 1613 3364 et
1642 3325 1971 3366 convescen-

396 3421 478 3464 tes
513 3409 697 3463 videre
721 3406 888 3461 nobis
919 3405 1232 3459 videremur
1252 3402 1529 3473 sanguinis
1556 3401 1743 3456 avidos
1771 3401 1973 3455 dmmo-

398 3500 532 3554 nes?
556 3497 840 3566 Quomodo
878 3495 972 3552 tibi
1007 3509 1201 3549 manus
1236 3508 1521 3564 possemus
1569 3493 1825 3562 injicere?
1858 3501 1972 3546 tor—

399 3601 530 3662 pent
580 3591 728 3646 enim
774 3605 886 3644 non
929 3588 1093 3643 modo
1136 3587 1238 3642 illa:
1281 3586 1472 3651 nobis,
1508 3585 1602 3639 sed
1637 3593 1692 3639 et
1725 3583 1892 3654 pedes
1919 3592 1974 3638 et

397 3701 595 3754 corpus
629 3683 982 3748 universum;
1013 3682 1096 3737 vel
1127 3680 1492 3751 cogitantibus
1513 3678 1774 3733 duntaxat
1798 3677 1973 3732 istius-

398 3777 546 3838 modi
592 3775 835 3839 facinus,
867 3789 977 3844 quo
1018 3771 1382 3829 bcnel'actoris
1423 3769 1590 3826 nostri
1636 3768 1973 3839 hospitisqne
2030 3772 2048 3790 '

398 3869 736 3924 efficerentur
767 3867 1058 3924 occis-ores.

464 3963 519 4018 9.
559 3961 640 4016 Ita
674 3959 895 4030 quidem
929 3959 1019 4014 isti
1053 3958 1129 4013 ad
1175 3957 1235 4014 Β.
1269 3956 1574 4028 Longinum
1609 3973 1620 4009 :
1651 3970 1761 4009 non
1793 3964 1970 4010 tamen

397 4054 724 4125 persuadere
755 4059 1051 4121 potuerunt
1086 4059 1342 4121 prompto
1369 4058 1533 4120 atque
1563 4048 1727 4103 alacri
1758 4048 1826 4103 ad
1855 4063 1975 4103 cer-

398 4161 575 4203 tamen
609 4146 851 4207 athlette,
887 4154 948 4200 ut
971 4145 1316 4200 subeundum
1363 4159 1461 4214 pro
1497 4142 1716 4198 Christo
1743 4158 1972 4213 agonem

396 4240 742 4300 detrectaret,
770 4236 864 4291 sed
895 4236 1074 4306 potius
1105 4235 1292 4289 ﬁdenti
1325 4233 1510 4288 animo
1537 4233 1842 4302 respondit,
1887 4232 1972 4285 di-

2074 3046 2259 3116 κῶμεν
2287 3045 2412 3108 τοὺς
2438 3045 2605 3109 ἃλας,
2639 3043 2984 3115 ὲρυθριῶμεν
3011 3045 3112 3113 τὴν
3148 3044 3476 3115 τράπεζαν,
3507 3045 3679 3097 δεδιξ-

2073 3155 2143 3191 κα
2153 3155 2251 3204 μεν
2272 3136 2362 3191 τὸν
2379 3136 2531 3202 Θεὸν,
2553 3137 2643 3189 τὸν
2662 3137 2760 3206 τῆς
2783 3135 2961 3200 ξενίας
2985 3136 3181 3208 ἔςορον
3203 3151 3220 3163 °
3247 3138 3501 3206 κρεῖττον
3527 3138 3684 3206 ἠμῖς

2075 3227 2407 3281 κινδυνεύειν
2444 3226 2598 3297 παρὰ
2628 3226 2884 3292 Πιλάτου,
2919 3227 2952 3296 ἦ
2987 3225 3086 3298 τὴν
3122 3227 3391 3296 Λογγὲνου
3423 3228 3686 3296 κεφαλὴν

2073 3315 2444 3391 ἀφαιρεῖσθαι.
2482 3319 2608 3383 Πῶς
2650 3319 2708 3372 δὲ
2750 3320 2845 3374 καὶ
2881 3319 3040 3388 ἡμῶν
3080 3319 3173 3372 τὸν
3219 3319 3409 3372 πάντα
3451 3318 3571 3388 βξον
3605 3319 3687 3390 τῷ

2075 3417 2333 3470 συνειδότι
2371 3415 2656 3487 τήκεσθαι,
2687 3415 2782 3467 καὶ
2826 3412 3286 3476 συνδειπνοῦντας
3327 3415 3472 3485 ὀρᾷν
3501 3455 3517 3477 ,
3560 3414 3687 3477 τοὺς

2073 3508 2397 3578 λεγομένους
2443 3508 2765 3577 αίμοχαρεϊς
2809 3505 3104 3574 δαίμονας;
3147 3505 3274 3568 Πῶς
3325 3506 3390 3558 δέ
3447 3523 3540 3559 σοι
3596 3507 3688 3558 καὶ

2074 3600 2460 3669 ὲπενέγκωμεν
2499 3599 2598 3660 τὰς
2637 3601 2855 3668 χεῖρας;
2892 3595 3189 3666 Ναρκῶσιν
3234 3597 3356 3667 γὰρ
3412 3599 3584 3668 ἡμῶν
3628 3599 3686 3649 οὗ

2077 3693 2236 3761 μόνον
2267 3692 2325 3744 αἱ
2363 3694 2562 3762 χεῖρες,
2591 3689 2728 3744 ἀλλὰ
2758 3691 2852 3742 καὶ
2893 3691 2942 3741 οἱ
2981 3689 3160 3752 πόδες,
3187 3688 3285 3740 καὶ
3323 3689 3490 3742 ἅπαν
3533 3690 3688 3759 ἡμῶν

2073 3783 2134 3835 τὸ
2181 3782 2360 3852 σῶμα,
2408 3781 2502 3834 ἐὰν
2543 3783 2701 3834 τοῦτο
2747 3780 3081 3850 πράξωμεν,
3131 3781 3227 3832 ἐὰν
3272 3783 3558 3849 φονευταὶ
3600 3781 3691 3834 τοῦ

2075 3871 2366 3944 εὐεργέτου
2397 3873 2487 3924 καὶ
2519 3869 2798 3941 ξενοδὸχου
2827 3870 3138 3940 γενώμεθα.

2145 3963 2208 4018 θ’.
2253 3962 2438 4017 Ταῦτα
2492 3963 2590 4034 μὲν
2615 3963 2771 4015 αὐτοὶ
2803 3962 2940 4032 πρὸς
2969 3963 3060 4016 τὸν
3089 3962 3379 4033 μακάριον
3413 3965 3693 4034 Λογγῖνον

2075 4055 2290 4126 ἔλεγον·
2327 4057 2388 4110 οὑ
2429 4057 2536 4126 μὴν
2573 4055 2629 4108 δὲ
2663 4055 2884 4108 ἔπειθον
2915 4055 3007 4108 τὸν
3046 4053 3336 4126 πρόθυμον
3371 4060 3473 4110 καὶ
3523 4057 3694 4127 efﬁat-

2077 4167 2171 4220 χον
2204 4147 2442 4219 ἀθλητὴν
2471 4148 2574 4200 τὸν.
2593 4146 2780 4214 ἀγῶνα
2811 4147 2953 4218 ὑπὲρ
2987 4146 3083 4200 τοῦ
3116 4147 3331 4216 κυρίου
3365 4152 3469 4201 καὶ
3501 4151 3692 4219 Σωτῆ-

2081 4258 2170 4312 ρος
2200 4239 2372 4309 Ἰησοῦ
2396 4239 2630 4311 Χριστοῦ
2651 4239 3119 4310 παραιτήσασθαι,
3145 4239 3283 4292 ἀλλὰ
3310 4243 3461 4311 πρὸς
3489 4245 3693 4308 αὐτοῦς

395 4345 528 4384 cens
560 4347 573 4383 :
610 4329 689 4382 Ne
737 4344 824 4383 me
871 4330 1203 4398 proditorem
1235 4327 1358 4381 vitae
1391 4327 1569 4382 velitis
1598 4327 1877 4395 aspicere,
1910 4334 1971 4379 ut

2075 4333 2353 4406 εὐθαρσῶς
2379 4335 2754 4403 ἀποκρίνεται,
2784 4336 2874 4405 Μή
2921 4352 2986 4404 με
3025 4335 3124 4403 (6),
3157 4334 3363 4402 λέγων,
3409 4338 3694 4408 προδότην

395 4421 579 4473 datam
617 4419 755 4472 mibi
812 4420 1042 4487 gratiam
1074 4419 1217 4472 ultro
1249 4419 1436 4473 videar
1465 4417 1755 4471 adduxisse
1784 4416 1838 4469 in
1867 4416 1978 4470 dis-

395 4510 606 4562 crimen
638 4525 650 4560 :
683 4522 795 4561 non
832 4524 932 4578 ego
977 4523 1233 4563 secernar
1293 4509 1362 4562 ab
1396 4509 1592 4562 ovibus
1639 4508 1802 4575 lupus
1841 4506 1978 4560 επε-

379 4611 535 4666 .ctus,
577 4616 754 4670 neque
803 4601 1014 4670 negabo
1055 4615 1219 4668 quem
1274 4600 1446 4653 semel
1493 4598 1782 4651 confessus
1833 4612 1974 4651 sum.

393 4693 512 4750 Non
549 4695 854 4748 obscurabo
884 4693 1030 4746 illius
1064 4689 1314 4762 gleriam,
1343 4706 1450 4760 qna
1482 4691 1589 4745 vidi
1614 4689 1834 4744 concuti
1862 4689 1975 4743 ele-

395 4794 609 4851 menta;
651 4801 831 4856 neque
869 4784 1144 4840 accusabit
1193 4798 1282 4838 me
1331 4783 1661 4838 universitas
1695 4792 1970 4837 creatura-

397 4894 536 4941 rum,
560 4879 709 4948 quod
753 4878 824 4932 ab
864 4891 932 4932 eo
964 4875 1282 4940 defecerint,
1317 4885 1542 4945 propter
1579 4887 1740 4944 quem
1775 4874 1973 4928 caelum

399 4969 606 5024 mltum
629 4983 793 5024 etiam
822 4969 1131 5033 abscondit,
1155 4976 1212 5022 ct
1245 4969 1324 5023 sol
1352 4967 1610 5022 lnciferos
1641 4983 1836 5022 currus
1863 4967 1976 5022 dis-

398 5062 591 5130 solvit;
622 5062 841 5133 quando
863 5063 980 5118 dies
1006 5078 1105 5117 suo
1126 5062 1361 5116 excessit
1388 5078 1418 5116 e
1448 5062 1643 5125 stadio,
1671 5071 1727 5114 et
1754 5077 1857 5114 nox
1882 5075 1980 5130 per

399 5155 502 5208 vim
525 5153 758 5211 adducta
787 5164 893 5220 est,
923 5171 1025 5210 nec
1055 5155 1169 5224 ipsa
1199 5155 1332 5210 satis
1365 5154 1643 5208 sustinens
1671 5167 1832 5224 grave
1853 5167 1981 5206 cru-

2074 4429 2173 4498 τῆς
2211 4428 2355 4498 ζωῆς
2387 4426 2620 4498 ὀφθῆναι
2653 4427 2944 4498 θελήσετε,
2979 4427 3116 4496 μηδὲ
3165 4430 3496 4498 πειραττῆν
3555 4434 3696 4483 απο-

2074 4520 2358 4590 δειχθῆναι
2393 4521 2492 4589 τῆς
2521 4521 2744 4591 χάριτος
2771 4535 2785 4552 ο
2827 4519 2960 4589 μηδὲ
2987 4519 3151 4582 λύκος
3187 4521 3289 4591 τὴν
3323 4523 3444 4574 τῶν
3479 4528 3700 4593 προεξι-

2073 4631 2180 4666 των
2210 4611 2438 4682 ἐκλογὴν
2461 4613 2865 4680 ἀποδυσάμενος
2897 4611 3164 4681 γένωμαι,
3198 4613 3487 4682 μηδαμῶς
3519 4619 3697 4686 ἀρνή-

2077 4696 2262 4773 σομαι,
2293 4703 2352 4755 ὃν
2375 4703 2524 4770 ἅπαξ
2559 4702 2908 4773 ὡμολόγησα.
2951 4704 3042 4773 Μὴ
3073 4702 3344 4772 ζημιωθῶ
3382 4706 3492 4776 τὴν
3529 4708 3700 4771 δέξιν

2077 4790 2313 4861 ἐκείνην,
2347 4791 2416 4861 ἢν
2457 4787 2593 4844 εἶδον
2635 4792 2702 4845 τὰ
2748 4795 2984 4862 στοιχεῖα
3031 4793 3396 4857 σαλεύουσαν,
3448 4800 3534 4867 μή
3589 4817 3697 4867 μςυ

2079 4882 2384 4950 κατήγορος
2441 4881 2470 4932 ὁ
2521 4879 2694 4951 δῆμος
2749 4883 2851 4951 τῆς
2905 4882 3136 4942 κτίσεως
3180 4883 3458 4954 γένηται,
3490 4889 3698 4959 ὅτιπερ

2080 4971 2268 5024 τοῦτον
2314 4972 2584 5044 παρέϐην,
2633 4973 2780 5026 δι’ὃν
2832 4974 3064 5046 οὐρανὸς
3105 4977 3209 5037 τὰς
3255 4979 3482 5041 οἰκείας
3535 4982 3702 5049 δᾷεος

2082 5061 2374 5131 ἐκάλυψεν,
2413 5065 2508 5117 καὶ
2544 5065 2725 5118 ἐδοσεν
2758 5067 2786 5118 ὁ
2809 5066 2964 5136 ἥλιος
2996 5067 3064 5118 τὰ
3097 5067 3208 5118 τῶν
3238 5067 3569 5138 λαμπάδων
3596 5075 3704 5144 ἆρ-

2087 5169 2254 5223 ματα,
2279 5152 2374 5206 καὶ
2414 5155 2446 5224 ἠ
2479 5154 2580 5224 μὲν
2611 5154 2795 5225 ἡμέρα
2834 5160 2895 5208 τδ
2936 5155 3146 5210 στάδιον
3183 5157 3281 5212 τοῦ
3319 5163 3517 5228 φωτὸς
3546 5181 3699 5234 παρ-

1894 5327 2127 5383 NOTAE.

469 5422 546 5494 (5)
571 5423 644 5476 'ln
675 5427 825 5496 textu
860 5422 1055 5496 Latino
1089 5424 1344 5496 mendum
1387 5423 1598 5494 corrige
1629 5423 2002 5496 typograplii~.

386 5493 544 5564 -ιοιιιῐι,
572 5508 708 5564 quo,
743 5511 760 5542 ι
791 5493 1011 5564 domum
1037 5493 1225 5549 eduxit
1257 5493 1312 5547 in
1343 5493 1552 5564 agrum,
1584 5513 1602 5546 ι
1636 5493 1831 5561 legitur
1854 5509 1974 5562 pro,

420 5598 432 5616 .
455 5562 616 5614 domo
646 5561 849 5622 eduxit,
881 5579 899 5610 ι
934 5573 1035 5615 etc.

470 5633 544 5688 ιϐ)
589 5629 856 5696 lnlegrius
886 5629 1191 5699 clariusque
1238 5633 1353 5686 haec
1403 5633 1698 5687 reddentur
1742 5632 1806 5685 ad
1857 5648 1978 5685 ver-

2084 5422 2212 5502 bum
2249 5439 2263 5476 :
2304 5441 2322 5473 ι
2358 5422 2438 5502 Ne
2463 5423 2644 5477 velitis
2675 5424 3005 5502 proditorem
3049 5427 3174 5481 \"kc
3208 5428 3394 5484 videri
3434 5447 3570 5494 me.
3605 5446 3698 5490 aut

2083 5493 2281 5572 divina:
2307 5493 2491 5572 gratia:
2519 5495 2807 5572 innnstrari
2843 5504 3207 5572 tentatorgm;
3250 5509 3308 5572 ut
3341 5516 3420 5554 ne
3445 5493 3692 5572 optanda

2085 5563 2227 5616 inter
2261 5578 2392 5638 oves
2418 5563 2682 5638 electione
2716 5565 2994 5633 repudiata
3029 5566 3235 5638 elliriar
3266 5563 3684 5638 ιιιι,ιις;ἠυ1ὴ.

2092 5643 2249 5686 tenus
2277 5633 2423 5686 enim
2453 5633 2664 5702 negabo
2697 5650 2856 5702 quem
2891 5637 3059 5690 semcl
3091 5633 3390 5694 confessus
3422 5665 3436 5694 :
3456 5633 3576 5696 um.
3603 5665 3626 5699 ι
