3906 6192
443 215 582 281 1555
611 290 635 302 λ
723 275 754 300 τ-

1625 207 1995 282 HESYCHII
2025 223 2503 287 PRESBYTER!

3559 224 3718 294 1556

442 290 635 393 porci;
672 298 850 394 oculis
896 324 1136 390 amissis,
1169 323 1274 380 ﬁde
1308 323 1589 394 superavit
1627 324 2013 394 inﬁrmitatem1

2123 331 2294 386 δοκῶν
2318 329 2503 402 χώρας
2526 329 2872 400 ὑπάρχουσα,
2902 326 3226 399 μονογενοῦς
3261 328 3462 384 τέκνου
3496 283 3722 404 Fuﬁus;

441 427 499 472 et
528 433 651 474 cum
689 417 974 488 unigenito
1007 416 1118 473 ﬁlio
1150 432 1251 472 suo
1273 416 1577 472 Jerusalem
1609 416 1862 484 advenit,
1895 435 2021 490 spe-

440 526 572 566 rans
619 525 679 566 se
725 501 877 564 sacra
933 509 1252 566 adorantem
1303 507 1421 564 loca
1447 507 1626 563 visum
1676 509 2018 580 deperditum

370 588 372 590 6
441 609 917 671 recupemturam.
950 601 1024 657 Ut
1070 600 1236 672 igitur
1281 599 1378 656 ﬁlii
1427 601 1512 656 sui
1568 617 1735 656 manu
1787 601 2020 656 deducta

439 694 658 765 collegit
683 679 854 749 inerte
885 702 1046 750 terra:
1074 693 1379 764 pulverem,
1414 708 1620 763 eosque
1646 693 1820 748 oculis
1854 694 2022 765 caepit

441 784 686 840 studiose
733 786 1041 856 applicare,
1084 785 1130 842 si
1162 785 1302 842 forte
1338 785 1395 841 in
1431 785 1498 841 iis
1543 786 1809 857 reperiret
1850 787 2020 859 colly-

439 875 582 931 rium
609 877 749 933 visui
776 877 1084 948 reparando
1114 876 1404 944 idoneum;
1429 876 1611 931 subito
1633 891 1701 931 ex
1725 877 2022 947 improviso

440 968 669 1022 morbus
731 985 962 1038 puerqu
1025 969 1246 1032 invasit,
1290 977 1650 1037 maternoque
1708 969 1938 1023 abstulit
1989 987 2020 1026 θ

440 1060 752 1130 complexu.
784 1059 971 1130 Itaque
1017 1059 1306 1131 geminatae
1358 1068 1488 1114 sunt
1533 1060 1584 1114 ei
1636 1060 1911 1125 tenebrae,
1956 1076 2021 1117 ac

440 1167 584 1222 pene
616 1152 682 1207 ad
713 1161 959 1208 extrema
1006 1152 1238 1207 deducta
1266 1160 1368 1216 est,
1401 1150 1759 1206 intolerabilis
1783 1151 2019 1207 infortu-

440 1242 520 1296 nii
571 1244 937 1298 succumbens
971 1242 1262 1298 calamitati
1295 1257 1311 1296 :
1343 1242 1676 1298 miserabiles
1705 1252 1887 1298 autem
1923 1260 2020 1298 vo-

441 1346 536 1389 ces
585 1335 652 1388 ad
703 1333 874 1388 Deum
901 1333 1114 1404 iactans
1145 1351 1158 1388 :
1191 1332 1508 1404 Usquequo,
1540 1333 1738 1404 inquit,
1769 1333 2016 1402 Domine,

441 1424 783 1480 Oblivisceris
809 1425 866 1478 in
896 1425 1058 1479 ﬁnem
1075 1425 1098 1478 τ
1118 1425 1414 1496 Usquequo
1435 1426 1638 1481 avertis
1655 1425 1845 1481 faciem
1870 1435 2017 1480 tuam

439 1531 472 1572 ι
509 1516 638 1572 me?
671 1516 965 1587 Usquequo
1013 1531 1211 1586 ponam
1259 1517 1484 1572 consilia
1534 1517 1588 1571 in
1641 1517 1821 1572 anima
1873 1532 2014 1583 mea,

437 1610 658 1666 dolores
691 1609 746 1664 in
781 1610 946 1665 corde
997 1625 1120 1665 meo
1154 1609 1243 1664 die
1289 1624 1355 1664 ac
1402 1609 1603 1665 nocte?
1635 1608 1888 1680 Respice,
1921 1625 2017 1664 ex-

2119 423 2249 488 τοῦς
2284 421 2598 494 ὀφθαλμοὺς
2620 419 2715 475 τοῦ
2744 419 2996 492 σώματος
3026 419 3404 485 ἁποὸαλοῦσα,
3435 423 3634 477 πίστει
3658 427 3725 479 τὸ

2123 513 2295 578 πάθος
2331 515 2624 585 νικήσασα,
2655 512 2796 583 μετὰ
2815 510 2936 566 .τοῦ
2987 511 3317 583 μονογενοῦς
3357 513 3562 568 τέκνου
3615 517 3724 588 τὴν

2131 605 2486 677 Ἰερουσαλὴμ
2509 602 2830 669 κατέλαϐεν,
2850 601 3040 657 ἐνθάδε
3063 603 3428 673 προσδοκῶσα
3449 608 3520 675 τῇ
3539 623 3725 677 προσ-

2121 697 2346 766 κυνήσει
2367 697 2476 749 τῶν
2499 695 2673 764 ἁγίων
2695 695 2878 749 τόπων
2900 694 3028 756 τοῦς
3048 693 3367 763 ὀφθαλμοὺς
3385 694 3718 750 smack.

2131 788 2221 852 Ὦς
2249 787 2343 844 οῦν
2371 786 2865 860 χειραγωγουμένη
2900 786 3008 840 ύπὺ
3037 784 3138 841 τοῦ
3171 785 3310 839 ίδίου
3341 786 3544 841 τέκνου
3589 804 3719 840 συν-

2119 883 2253 952 ἦγεν
2299 882 2394 934 τὸν
2439 879 2568 952 χοῦν
2614 881 2714 950 τῆς
2759 877 2887 948 γῆς,
2920 877 3017 932 καὶ
3062 876 3376 940 τοῐςίδίοις
3406 878 3718 949 ὀφθαλμοῖς

2121 974 2416 1028 ἐσκέπτετο
2441 971 2897 1028 καταπλάσασθαι
2923 970 3138 1034 τοῦτον,
3174 968 3308 1034 ἴσως
3337 972 3396 1023 ἐν
3433 970 3600 1041 αὐτῷ
3629 973 3719 1024 εό-

2123 1067 2330 1139 ρίσκειν
2363 1063 2725 1137 προσδοκῶσα
2755 1063 2851 1118 τοῦ
2904 1062 3082 1132 φωτὸς
3126 1060 3420 1132 κολλύριον
3464 1061 3615 1133 πρὸς
3661 1061 3719 1115 τὶ

2118 1155 2438 1226 ἀναϐλέψαι,
2465 1153 2664 1226 ἀθρόον
2689 1153 2927 1224 ἐπῆλθεν
2952 1153 3109 1217 νόσος
3157 1151 3240 1223 τῷ
3289 1153 3596 1221 μονογενεῖ
3626 1153 3721 1204 αῦ-

2117 1250 2217 1319 τῆς
2264 1247 2385 1318 υίῷ,
2412 1246 2508 1301 καὶ⁵
2551 1247 2881 1316 ἀφήρπασεν
2925 1243 3091 1298 αὐτὸν
3142 1244 3210 1296 ἐκ
3258 1241 3373 1296 τῶν
3427 1243 3721 1312 μητριιαῖιν

2118 1338 2339 1412 χειρῶν.
2371 1338 2503 1392 Τότε
2531 1335 2753 1390 διπλοῦν
2790 1335 2928 1407 αὐτῇ
2955 1334 3018 1389 τδ
3043 1335 3242 1399 σκότος
3267 1333 3382 1388 τῶν
3411 1333 3720 1404 ὁφῦαλμῧν

2117 1430 2355 1502 ἐπῆλθεν
2380 1469 2395 1494 ,
2435 1429 2531 1483 καὶ
2574 1429 2796 1492 τελείως
2844 1426 3215 1483 ἀπεσϐέννυτο
3259 1425 3342 1497 τῷ
3389 1427 3717 1497 δριμυτάτην

2119 1521 2282 1580 πάθει
2327 1520 2426 1589 τῆς
2474 1519 2796 1590 συμφορᾶς·
2843 1518 2877 1587 ἡ
2912 1516 2971 1570 δέ
3001 1516 3228 1588 οἰκτρὰς
3267 1517 3468 1584 φωνὰς
3516 1515 3713 1585 goria,

2119 1612 2256 1685 πρὸς
2299 1611 2390 1666 τὸν
2435 1610 2569 1664 Θεὸν
2612 1608 2802 1679 ἔλεγεν
2821 1625 2837 1640 ο
2867 1607 3016 1672 Ἕως
3051 1608 3206 1672 πότε,
3236 1605 3450 1678 Κύριε,
3479 1605 3712 1677 ἐπιλήσῃ

437 1703 598 1770 andi,
630 1702 892 1758 miserere
924 1703 1066 1768 mei,
1101 1703 1327 1757 Domine
1363 1702 1506 1758 Deus
1539 1717 1694 1759 meus
1727 1719 1744 1757 :
1773 1701 2013 1757 illumina

2122 1720 2225 1774 μου
2260 1703 2339 1765 εἰς
2367 1702 2560 1769 τέλος;
2611 1699 2719 1765 ἕως
2755 1700 2885 1753 πότε
2920 1698 3292 1770 ἀποστρέφεις
3320 1697 3389 1751 τὺ
3422 1698 3714 1768 πρόσωπόν

435 1794 624 1849 oculos
654 1809 806 1849 meos
848 1793 1139 1864 nequando
1179 1803 1403 1864 propter
1435 1793 1686 1848 maeroris
1731 1803 1782 1848 et
1828 1793 2008 1848 luctus

2122 1811 2207 1848 sou
2240 1793 2533 1862 άπ“ἐμοῦ;
2582 1793 2690 1855 ἐως
2741 1791 2887 1855 τίνος
2933 1789 3177 1862 θήσομαι
3224 1789 3435 1860 βουλὰς
3478 1791 3538 1842 ἐν
3568 1790 3712 1860 ψυχῇ

436 1883 866 1954 magnitudinem
915 1883 1289 1939 absorbear'a
1339 1891 1535 1938 morte.
1574 1881 1822 1949 Domine,
1875 1899 2007 1938 num

2122 1903 2240 1956 μου,
2269 1884 2461 1948 ὀδύνας
2488 1885 2546 1939 ἐν
2570 1883 2772 1956 καρδίᾳ
2797 1898 2898 1954 μου
2921 1880 3137 1953 ἡμέρας
3163 1880 3265 1934 καὶ
3291 1879 3544 1945 νυκτόςς
3573 1880 3714 1932 Ἐπί-

437 1974 557 2029 sola
585 1989 687 2045 ego
715 1990 882 2045 super
911 1983 1110 2030 terram
1139 1973 1440 2044 peccatrix,
1463 1973 1607 2044 quod
1633 1974 1686 2027 in
1715 1982 1822 2027 tam
1854 1987 2011 2028 seve-

2122 1977 2330 2047 Βλεψον,
2346 1977 2689 2038 εἰσάκουσον,
2719 1973 2941 2046 ἐλέησόν
2966 1971 3250 2044 με,-Κύριε
3267 1970 3458 2036 όΘεός
3476 1988 3606 2040 μου,
3625 1962 3712 2023 καὶ

435 2079 557 2118 rum
587 2063 828 2119 adducar
853 2063 1344 2136 judicium?Certe
1394 2079 1500 2118 non
1551 2077 1652 2135 ego
1700 2062 1855 2133 pejor
1889 2077 2011 2116 sum

2122 2057 2350 2138 ρῶτιοον
2377 2069 2507 2130 τοὺς
2533 2064 2846 2136 ὀφθαλμούς
2880 2081 2982 2136 μου
3003 2104 3019 2130 ,
3057 2064 3299 2134 μήποτε
3328 2062 3448 2115 ὑπὸ
3485 2061 3594 2132 τῆς
3624 2079 3711 2115 περ

435 2158 744 2224 meretrice,
775 2173 938 2228 quam
982 2156 1272 2228 suscepisti
1309 2155 1405 2212 tibi
1453 2164 1728 2227 unguenta
1775 2154 2013 2210 afferen-

2122 2157 2440 2229 ρισσοτέρας
2469 2155 2648 2227 λύπης
2676 2156 2773 2209 καὶ
2801 2153 2994 2224 ὀδύνης
3011 2151 3318 2208 καταποθῶ
3342 2154 3434 2214 εἰς
3462 2150 3710 2206 θάνατον.

434 2257 568 2302 tem.
613 2247 698 2304 Ile
729 2265 862 2305 vero
905 2247 1335 2304 infelicissimam
1375 2257 1430 2303 et
1466 2247 1748 2303 oculorum
1779 2245 2010 2311 lumine,

431 2352 490 2396 ct
520 2343 804 2415 unigenito
849 2343 962 2399 filio
994 2341 1224 2416 privasti
1252 2361 1266 2396 :
1302 2358 1481 2415 neque
1528 2343 1699 2398 ullubi
1732 2342 1896 2397 relata
1928 2350 2012 2396 est

433 2435 624 2490 salutis
648 2451 796 2505 spes.

2118 2250 2314 2320 Κύριε,
2344 2247 2420 2320 μὴ
2467 2247 2604 2320 μόνη
2657 2245 2772 2315 ἐγὼ
2801 2246 2896 2300 ἐπὶ
2931 2247 3032 2316 τῆς
3073 2245 3177 2316 γῆς
3209 2245 3559 2316 ἁμαρτωλὸς
3590 2261 3713 2312 τυγ-

2118 2341 2267 2413 χάνω
2288 2381 2304 2407 ,
2335 2341 2418 2395 ὅτι
2447 2339 2544 2405 τὰς
2573 2339 2734 2404 δίκας
2756 2337 2962 2402 ταύτας
2988 2339 3346 2412 δρυμυτάτας
3383 2339 3712 2411 ιίσπράττο-

2121 2447 2258 2501 ραις
2289 2429 2658 2500 Δέσποτα,’μὴ
2685 2427 2885 2499 χείρων
2907 2428 3026 2499 εἰμὶ
3051 2430 3150 2500 τῆς
3181 2429 3424 2500 πόρνης,
3449 2429 3525 2498 ἣν

433 2527 600 2592 εδέξω
637 2527 810 2597 μύρον
840 2545 920 2582 σοι
949 2525 1448 2600 προσκομίζουσαν,
1484 2527 1584 2600 ἐμὲ
1619 2525 1675 2581 δέ
1700 2525 1798 2597 τὴν
1823 2523 2168 2595 ταλαίπωρον
2195 2522 2364 2594 μόνην
2395 2523 2492 2576 καὶ
2559 2520 2621 2575 τδ
2679 2520 2796 2589 φῶς
2859 2521 3186 2594 ἐστέρησας,
3254 2521 3354 2575 καὶ
3399 2520 3503 2574 τδν
3557 2537 3709 2592 μενοι

433 2618 568 2688 γενῆ
597 2637 698 2690 μου
726 2621 843 2672 υίδν
873 2620 1089 2683 ἔλαϐες,
1117 2620 1210 2673 καὶ
1235 2621 1335 2673 οὐκ
1365 2619 1512 2673 ἐστιν
1546 2620 1635 2688 μοί
1666 2617 1834 2674 ποθεν
1859 2617 2020 2681 ἐλπὶς
2060 2614 2359 2686 σωτηρίας.

507 2709 592 2763 15.
635 2708 752 2763 Tali
790 2720 1008 2780 tamque
1052 2708 1430 2764 inconsolabili
1459 2708 1514 2762 in
1549 2709 1696 2764 luctu
1730 2723 1855 2762 cum
1889 2723 2017 2778 per-

433 2809 713 2855 severaret
745 2800 981 2866 misera,
1014 2799 1266 2870 apparuit
1299 2799 1594 2855 dormienti
1625 2799 1685 2853 Β.
1715 2798 2014 2869 Longinus,

432 2899 491 2947 et
516 2891 778 2962 quidquid
809 2891 952 2946 circa
982 2907 1042 2946 se
1074 2899 1284 2963 gestum
1314 2901 1461 2946 esset
1489 2891 1665 2947 eidem
1698 2891 2016 2947 manifesta-

433 2983 510 3037 vit
540 3000 554 3036 :
592 2983 700 3054 Ego
725 3026 738 3046 ,
774 2984 1062 3053 inquiens,
1112 2983 1396 3051 Longinus
1443 2983 1694 3039 centurio
1743 3000 1887 3050 sum,
1923 2983 2016 3053 qui

434 3073 538 3128 sub
570 3089 733 3129 cruce
761 3075 1049 3129 Dominum
1078 3074 1264 3128 .lcsum
1297 3074 1576 3129 Christum
1607 3090 1736 3130 vere
1786 3074 1881 3130 Dei
1924 3074 2015 3130 Fi-

434 3163 568 3217 lium
615 3180 735 3218 esse
781 3163 1078 3220 conﬁtebar
1109 3182 1124 3219 :
1157 3175 1345 3220 notum
1389 3167 1554 3238 igitur
1595 3166 1670 3221 sit
1704 3165 1833 3231 tibi,
1868 3166 2014 3236 quod
2041 3147 2083 3206 ο

435 3252 642 3308 Pilatus
682 3253 800 3308 falsi
847 3254 1092 3309 criminis
1122 3271 1208 3309 me
1237 3271 1501 3313 accusans
1531 3255 1803 3312 Cassarem
1844 3257 2015 3312 inter-

434 3345 677 3414 pellavil.
711 3347 870 3416 cujus
915 3347 1068 3416 jussu
1117 3357 1388 3402 resectum
1440 3347 1575 3402 mihi
1624 3356 1790 3419 caput
1830 3355 1934 3410 est,
1961 3356 2016 3402 et

435 3437 545 3492 huc
573 3437 832 3501 delatum,
862 3448 1025 3510 atque
1050 3448 1202 3493 extra
1236 3439 1516 3494 civitatem
1549 3439 1854 3510 projectum
1885 3453 2016 3494 con-

437 3528 741 3584 ferentibus
775 3531 829 3584 in
865 3531 970 3585 hoc
1017 3530 1195 3600 ipsum
1231 3531 1491 3600 pecunias
1519 3529 1830 3585 Iudaeorum
1876 3544 2014 3600 pue-

435 3619 533 3674 ris.
569 3617 684 3675 Sub
714 3619 1056 3690 sterquilinio
1098 3621 1280 3691 itaque
1328 3620 1602 3691 sepultum
1648 3619 1777 3673 illud
1819 3627 1924 3684 est,
1955 3627 2015 3673 ut

435 3711 530 3784 tibi
558 3724 869 3766 servaretur
909 3728 1028 3767 sors
1059 3713 1146 3766 illa
1177 3713 1244 3768 ad
1277 3714 1568 3768 sanitatem
1600 3710 1957 3782 plurimorum
1996 3727 2010 3764 :

432 3802 616 3857 statim
653 3803 854 3872 quippe
883 3817 947 3858 ac
980 3804 1305 3859 revelaveris
1334 3803 1631 3858 indicatum
1663 3801 1756 3856 tibi
1787 3802 2012 3857 thesau-

433 3907 556 3948 rum
582 3935 596 3961 ,
623 3894 812 3950 oculos
849 3902 971 3950 tuos
1001 3895 1236 3966 recipies
1259 3934 1275 3961 ,
1310 3895 1508 3950 deinde
1542 3905 1599 3949 et
1646 3909 1876 3964 puerum
1914 3892 2011 3948 tibi

432 3985 617 4037 vivum
653 3983 840 4039 sistam
864 3999 988 4039 cum
1017 3985 1209 4055 gloria,
1245 3985 1391 4041 unde
1423 3999 1533 4040 non
1564 3984 1840 4039 mediocre
1869 3983 2013 4039 sola-

432 4090 558 4131 men
586 4074 767 4130 luctus
799 4085 925 4132 tuus
948 4077 1202 4148 accipiet.

501 4165 590 4220 Η.
631 4165 855 4222 Talibus
904 4169 1088 4224 verbis
1139 4167 1416 4224 consolata
1465 4166 1626 4222 simul
1660 4174 1716 4222 et
1757 4168 2008 4223 roborata

431 4257 650 4323 mulier,
684 4267 874 4329 utpote
917 4259 1095 4315 fidelis
1127 4275 1240 4314 non
1273 4260 1456 4321 minus
1510 4274 1674 4329 quam
1722 4272 2006 4330 generosa,

2191 2712 2282 2776 ιγ’.
2316 2707 2405 2770 Ὡς
2434 2706 2492 2759 δέ
2529 2701 2599 2778 ἧν
2624 2706 2683 2759 ἐν
2715 2703 2884 2778 πολλῇ
2930 2702 3108 2775 Θλίψει
3149 2704 3246 2758 καὶ¹
3277 2705 3709 2777 ἁπαραμυθήτφ

2117 2801 2326 2868 πένθει,
2359 2802 2606 2873 φαίνεται
2640 2803 2778 2874 αὐτῇ
2809 2801 2935 2856 καθ’
2956 2799 3125 2854 ὕπνον
3146 2800 3176 2853 6
3202 2800 3496 2873 μακάριος
3515 2805 3706 2872 Λογγῖ-

2117 2911 2229 2962 νος,
2251 2894 2346 2948 καὶ
2376 2893 2560 2949 πάντα
2585 2894 2728 2966 αὑτῇ
2751 2893 2820 2948 τὰ
2849 2893 2972 2948 καθ’
2995 2894 3190 2947 ἐαυτὸν
3215 2893 3563 2966 διηγήσατο.
3580 2897 3709 2964 Ἐγύ

2117 2988 2257 3058 εἰμι,
2285 2987 2486 3056 λέγων,
2516 2987 2778 3056 Λογγῖνος
2804 2987 2834 3039 6
2865 2985 3304 3057 'Exatéwapzo;
3321 3027 3340 3053 ,
3381 2987 3413 3039 6
3441 2989 3708 3057 ὁμολογή-

2119 3095 2220 3143 σας
2254 3079 2347 3132 ὲπὶ
2382 3077 2480 3132 τοῦ
2515 3077 2751 3150 σταυροῦ
2783 3078 2876 3132 τὸν
2909 3079 3116 3150 Κύριον
3147 3077 3310 3149 ἡμῶν
3346 3077 3567 3149 Ἰησοῦν
3586 3083 3715 3150 Χριι

2118 3170 2264 3234 στὸν,
2298 3171 2382 3224 ὅτι
2406 3169 2624 3241 ἀληθῶς
2665 3167 2802 3222 Θεοῦ
2837 3168 2953 3232 υἱός
2980 3169 3131 3222 ἐστιν
3162 3160 3356 3232 οὖτοςο
3401 3171 3532 3224 ὅθεν
3577 3173 3707 3225 ἀπ’)

2117 3256 2377 3311 καλύπτω
2423 3273 2527 3323 σοι,
2563 3257 2644 3310 δτι
2673 3256 2908 3320 Πιλάτος
2931 3256 3054 3310 κατ’
3077 3256 3218 3327 ἐμοῦ
3248 3256 3424 3327 ψευδῆ
3449 3258 3716 3329 δημηγφι

2118 3347 2291 3418 ρήσας
2320 3346 2557 3418 ὲρεθίζει
2588 3347 2681 3399 τὸν
2711 3347 2988 3418 Καίσαρα,
3011 3347 3108 3400 καὶ
3135 3348 3444 3418 ἀποτέμνει
3471 3367 3585 3419 μου
3617 3353 3722 3419 τὴν

2117 3435 2379 3508 κεφαλὴν,
2415 3435 2508 3489 καὶ
2539 3434 2772 3490 ἐνταῦθα
2806 3434 3044 3504 κομίζει,
3079 3435 3178 3490 καὶ
3209 3436 3405 3506 ῥίπτει
3454 3437 3575 3504 ἔξω
3621 3439 3714 3508 τῆς

2115 3527 2346 3591 πόλεως,
2365 3526 2630 3581 Ἰουδαίων
2659 3526 2718 3580 δέ
2761 3526 2950 3591 παῖδες
2975 3527 3052 3600 (8)
3093 3527 3408 3599 χρημάτων
3451 3529 3580 3600 ὠνῇ
3628 3530 3716 3582 καὶ

2112 3617 2277 3672 τοῦτο
2321 3618 2730 3688 συνεφώνησαν.
2770 3619 2994 3692 Κόπρος
3040 3618 3223 3673 τοίνυν
3269 3621 3526 3691 πλείστη
3579 3623 3714 3691 αὐτῇ

2115 3708 2475 3778 σεσώρευται,
2506 3709 2649 3798 ὥστε
2695 3727 2777 3764 σοι
2826 3710 2935 3764 ἔδει
2981 3711 3330 3783 φυλαχθῆναι
3361 3711 3461 3766 τδν
3513 3714 3716 3784 κλῆρον

2112 3800 2303 3856 τοῦτον
2334 3803 2471 3872 πρὸς
2499 3802 2742 3873 ἰατρείαν
2760 3817 2778 3835 ο
2807 3801 2925 3873 ἅμα
2955 3804 3066 3874 γὰρ
3097 3803 3268 3873 αὐτὴν
3299 3805 3716 3874 ἀνακαλύψας.

2111 3893 2240 3956 τοὺς
2264 3890 2577 3963 ὀφθαλμούς
2608 3909 2702 3946 σου
2729 3893 3024 3965 ἀπολήψει,
3040 3892 3139 3947 εἷθ’
3159 3892 3339 3958 οὕτως
3366 3901 3722 3967 παραστήσω

2116 3999 2201 4036 σοι
2230 3981 2326 4036 καὶ
2349 3983 2442 4035 τὸν
2474 3982 2642 4038 παῖδα
2666 3982 2847 4048 ζῶντα
2879 3983 3020 4054 μετὰ
3046 3982 3226 4051 δόξης,
3249 3983 3339 4038 δτι
3371 4001 3474 4038 σου
3507 3986 3576 4039 τὸ
3593 3986 3724 4040 πέν-

2111 4074 2204 4138 Θος
2235 4075 2296 4127 ού
2327 4073 2561 4146 μετρίως
2581 4073 2978 4147 παρακαλέσει.

2183 4164 2244 4220 ιδ’
2252 4207 2266 4221 .
2306 4166 2532 4231 Τούτοις
2559 4163 2650 4221 οὖν
2679 4169 2794 4232 τοῖς
2821 4166 3002 4236 λόγοις
3031 4166 3471 4238 παρακληθεῖσα
3492 4171 3530 4240 ἡ
3551 4170 3724 4240 γυνὴ,

2110 4258 2247 4330 όμοῦ
2273 4259 2366 4313 καὶ
2399 4258 2736 4331 νευρωθείσα
2764 4257 2841 4322 ὡς
2871 4258 3098 4329 ἀνδρεία
3123 4258 3219 4312 καὶ
3246 4259 3452 4328 πιστὴ,
3484 4261 3624 4331 πρὸς
3659 4261 3728 4315 τὲ

431 4348 590 4416 petiit
617 4349 685 4404 ad
712 4351 890 4408 locum
930 4351 1150 4419 diduci,
1184 4351 1241 4406 in
1268 4366 1431 4422 quem
1458 4351 1733 4424 deportari
1765 4349 1950 4404 ﬁmum
1978 4362 2009 4402 a

2122 4349 2273 4421 ἔργον
2301 4349 2585 4420 ἠπείγετο,
2616 4348 3096 4421 χειραγωγηθεῑσα
3120 4349 3256 4422 πρὸς
3285 4349 3388 4403 τὸν
3411 4351 3628 4422 χῶρον,
3661 4353 3732 4404 ἐν

431 4436 550 4490 suis
576 4437 900 4495 ductoribus
935 4441 1158 4504 dedicit,
1192 4442 1287 4512 qui
1337 4449 1392 4496 et
1437 4440 1538 4511 ipsi
1583 4440 1766 4495 ﬁdeles
1799 4447 1954 4495 erant
1991 4456 2004 4492 :

2122 4433 2153 4508 ἶ)
2202 4439 2408 4507 κόπρον
2450 4441 2792 4512 σωρευθῆναι
2833 4439 3137 4510 ἐμάνθανεν
3170 4440 3330 4514 παρὰ
3375 4441 3498 4495 τῶν
3543 4443 3734 4512 αὐτὴν

428 4541 669 4597 cumque
716 4543 783 4585 eo
832 4529 1182 4595 advenisset,
1233 4531 1495 4587 continuo
1542 4533 1712 4601 coepit
1756 4530 2008 4585 manibus

2122 4531 2448 4602 5δηγούντων
2470 4570 2487 4598 ,
2521 4532 2617 4586 καὶ
2645 4531 2828 4586 αὐτῶν
2855 4531 3064 4586 πιστῶν
3088 4531 3260 4586 δντων
3278 4547 3295 4561 °
3329 4532 3441 4604 ήδη
3477 4534 3540 4588 δὲ
3570 4535 3734 4603 φθα-

429 4618 702 4689 scalpere,
742 4629 797 4676 et
829 4619 924 4677 Dei
952 4631 1148 4690 agente
1189 4623 1532 4694 providentia
1564 4622 1816 4679 celeriter
1849 4638 2008 4693 repe-

426 4709 504 4764 rit
543 4711 912 4766 venerandum
959 4722 1141 4782 caput,
1171 4721 1226 4767 et
1259 4713 1390 4767 solis
1418 4712 1598 4768 radios
1641 4713 1835 4767 intuita
1870 4722 1955 4769 est
1993 4732 2006 4768 :

428 4800 608 4872 ipsum
638 4817 770 4857 vero
804 4803 1173 4874 complectens
1202 4818 1266 4859 ac
1295 4802 1537 4860 studiose
1561 4803 1789 4859 abluens
1813 4813 1870 4860 et
1903 4821 2006 4860 un—

427 4891 646 4962 guentis
676 4892 937 4948 condiens
967 4895 1225 4965 pretiosis
1245 4934 1266 4962 .
1299 4910 1542 4967 regressa
1579 4905 1662 4951 est
1710 4895 1764 4950 in
1815 4895 2006 4952 civita-

425 4993 560 5052 tem,
593 4999 782 5041 secum
809 4987 865 5043 in
892 5002 1055 5044 suum
1104 4987 1405 5059 hospitium
1436 4988 1691 5044 deferens
1715 4988 2008 5044 inaestima-

424 5075 535 5132 bile
583 5079 959 5148 margaritum.
996 5078 1167 5135 Nocte
1215 5095 1347 5136 vero
1396 5081 1646 5151 sequenti
1702 5095 1919 5135 rursum
1954 5080 2004 5135 ei

425 5176 649 5224 sanctus
688 5168 966 5243 Longinus
994 5171 1197 5239 astitit,
1227 5173 1294 5228 ad
1338 5172 1477 5229 latus
1508 5188 1666 5227 suum
1697 5171 1908 5227 habens
1937 5171 2003 5225 il-

427 5253 536 5311 lius
565 5254 734 5314 ﬁlium
769 5259 1118 5330 splendidum
1146 5276 1210 5317 ac
1237 5261 1611 5318 subridentem
1639 5271 1696 5318 et
1718 5261 1863 5316 velut
1899 5276 2002 5329 nu-

2111 4624 2322 4678 σᾶντων
2356 4625 2439 4688 είς
2468 4623 2563 4680 τὸν
2593 4623 2955 4696 προκείμενον
2977 4625 3165 4692 τόπον,
3184 4625 3422 4697 ἄρχεται
3450 4627 3738 4696 69663::-

2109 4718 2226 4780 ταῖς
2253 4715 2410 4779 ἰδίαις
2430 4715 2620 4786 χερσίν
2634 4732 2648 4747 ·
2673 4715 2796 4770 ὅθεν
2817 4715 3048 4789 προνοίᾳ
3069 4714 3207 4770 Θεοῦ
3236 4715 3434 4788 τάχιον
3467 4717 3741 4788 εὑροῦσι

2111 4807 2211 4878 τὴν
2239 4807 2429 4879 τιμίαν
2454 4807 2534 4880 τῷ
2565 4807 2687 4879 Θεῷ
2717 4807 2962 4878 κεφαλὴν
2981 4848 3001 4876 ,
3031 4807 3380 4880 παραχρῆμα
3407 4808 3521 4874 τὰς
3553 4811 3743 4880 ἡλικ-

2115 4899 2216 4962 κὰς
2264 4901 2490 4965 ἀκτῖνας
2534 4899 2818 4956 ἐθεάσατο.
2849 4897 3314 4974 Περιπτυξαμὲνη
3341 4900 3400 4954 δέ
3432 4903 3536 4956 καὶ
3568 4902 3744 4955 πὶὸ-

2114 5009 2253 5046 νασα
2284 4992 2425 5062 μετὰ
2453 4992 2636 5064 πάσης
2673 4993 2930 5064 σπουδῆς,
2959 4993 3058 5047 ml
3082 4993 3278 5065 μύροις
3307 4994 3561 5064 ἐντίμως
3609 4997 3750 5050 ἐς-

2111 5082 2404 5153 αλείψασα,
2435 5084 2800 5156 ἐπανέρχεται
2823 5085 2914 5139 ἐπὶ
2953 5083 3055 5156 τὴν
3086 5085 3276 5150 πόλιν,
3312 5085 3565 5156 φέρουσα
3622 5088 3744 5140 τὸν

2108 5174 2289 5247 τίμιον
2331 5177 2426 5231 καὶ
2453 5175 2651 5231 ἄσυλον
2685 5175 3033 5248 μαργαρίτην
3053 5217 3069 5242 ,
3101 5175 3230 5230 ἔνθα
3257 5174 3560 5242 ἐξενίζετο.
3598 5179 3744 5231 Καὶ

2105 5266 2172 5337 δὴ
2200 5269 2264 5338 τῇ
2296 5267 2525 5338 ἐπιούσῃ
2557 5268 2714 5322 νυκτὶ
2742 5268 2903 5323 πάλιν
2935 5268 3162 5331 ἐπιστάς
3191 5267 3331 5338 αὐτῇ
3359 5268 3389 5321 6
3426 5268 3746 5340 μακάριος

1928 5438 2162 5496 NOTAE.

495 5522 570 5589 (8)
613 5526 823 5610 usitato
852 5528 1182 5587 llcllenismo
1214 5547 1312 5601 pro
1344 5531 1536 5588 Gratis
1569 5533 1701 5604 ipsis
1737 5551 1746 5587 :
1785 5533 1861 5589 sic
1925 5532 2013 5586 τῶ·

2122 5536 2274 5606 ἰτρῶν
2312 5534 2526 5600 παῖδες,
2584 5537 2771 5591 medici
2820 5546 2978 5604 sunt,
3048 5537 3304 5610 γραςίων
3349 5540 3584 5606 παῖδες,
3613 5541 3736 5608 ri—

429 5603 611 5657 ctores,
651 5604 758 5649 etc.
