3906 6192
234 183 370 247 150.9

1419 179 1678 242 SERMO
1725 177 1807 237 ΙΝ
1856 178 2294 243 SYMEONEM.

3343 180 3483 247 1570

229 298 407 351 πάντα
459 293 617 348 όκνον
667 289 776 344 τῶν
832 288 1022 360 ψυχῶν
1077 288 1512 361 ἀπορρίψαντες·
1565 286 1809 360 λαμπροὶ

1913 287 2110 344 animis
2135 288 2352 360 abiecto
2386 297 2605 359 torpore
2632 305 2647 355 ;
2679 287 2790 344 lani
2819 288 2942 345 laete
2973 304 3330 350 occurramus
3358 294 3490 368 Regi

239 389 504 460 λαμπρῶς
534 384 611 456 τῷ
629 385 881 450 ,βασιλεῖ
912 382 1032 436 τῶν
1069 382 1299 438 αίώνων
1328 382 1424 438 καὶ
1449 382 1661 453 Σωτῆρι
1682 381 1813 448 Χρι-

241 481 350 551 στῷ
388 478 808 548 ὑπαντήσωμεν.
838 475 975 545 Φησὶ
1006 474 1116 544 γὰρ
1160 475 1190 527 6
1232 472 1630 544 εὑαγγελιστὴς
1670 473 1812 525 Λου-

234 575 357 636 κᾶς,
387 570 529 642 μετά
553 570 652 638 τὴν
671 569 1014 639 όκταήμερον
1042 565 1136 620 τοῦ
1164 566 1459 637 νομοθέτου
1487 566 1628 620 κατά
1649 566 1812 634 νόμον

230 665 562 736 περιτομήνσ
583 662 719 716 "Ore
735 660 1139 728 ἐπλήσθησαν
1167 661 1228 714 αι
1258 658 1468 728 ἡμέραι
1497 657 1604 712 τοῦ
1631 662 1813 713 καθα-

223 755 448 825 ρισμοῦ
479 753 680 809 αὐτῶν
710 753 860 806 κατὰ
897 751 1005 806 τὸν
1045 752 1235 822 νόμον
1274 753 1571 818 Μωυσέως
1593 768 1605 782 ·
1641 750 1813 805 καθα-

235 845 428 917 ρισμοῦ
459 844 741 916 δηλονότι,
772 844 873 913 τῆς
904 861 966 896 τε
997 844 1230 915 Μαριὰμ
1267 847 1362 898 καὶ
1405 845 1498 898 τοῦ
1538 844 1772 915 βρέφους
1791 860 1808 879 ⁸

231 937 327 991 καὶ
353 935 450 990 τοῦ
481 936 935 1006 προσδοκωμένου
965 932 1105 990 είναι
1143 937 1380 1007 πατρόςο
1421 937 1568 1005 λέγω
1615 939 1679 1008 δὴ
1713 937 1808 991 τοῦ

242 1028 462 1099 Ἰωσήφ.
481 1027 622 1081 Ἀλλ’
649 1028 1090 1100 ἐκπληττόμενος
1115 1031 1210 1084 ἐπὶ
1238 1034 1352 1094 τοῖς
1380 1030 1647 1101 ῥηθεῖσιν,
1674 1031 1810 1102 προς

228 1121 321 1174 τὸν
351 1120 638 1175 θεσπέσιον
669 1121 1066 1192 εὐαγγελιστὴν
1098 1122 1308 1192 εἴποιμι
1347 1123 1413 1175 ἀν
1433 1138 1446 1152 ο
1467 1122 1520 1176 τί
1543 1123 1742 1191 λέγεις,
1765 1117 1810 1177 ὧ

233 1213 476 1283 μακάριε
510 1210 1122 1279 Δουκᾶ.Ἐπιλελῆσθαί
1153 1229 1244 1282 μοι
1275 1211 1452 1275 δοκεῖς
1473 1212 1584 1266 τῶν
1613 1214 1811 1267 ἀνωτέ-

231 1320 312 1374 ρω
362 1303 514 1373 παρά
560 1302 655 1356 σοῦ
690 1303 1136 1374 συγγραφέντων,
1171 1303 1476 1373 ἀναρμόδια
1517 1304 1628 1376 γὰρ
1672 1305 1806 1376 πρὸς

229 1395 415 1448 ἐκεῖνα
449 1392 520 1447 τὰ
551 1393 648 1448 νῦν
666 1394 817 1464 παρά
841 1393 934 1446 σοῦ
955 1393 1245 1462 λεγόμενα.
1268 1395 1382 1448 Οὐκ
1409 1396 1466 1446 ὲν
1485 1398 1602 1457 τοῖς
1623 1395 1804 1462 Εὐαγ-

229 1483 434 1550 γελίοις
475 1487 542 1554 τῇ
587 1483 899 1555 Θεομήτορι
953 1485 1047 1536 καὶ
1103 1483 1348 1555 παναγίᾳ
1401 1485 1684 1555 Παρθένῳ,
1713 1484 1803 1538 τὸν

229 1574 372 1628 θεῖον
421 1575 664 1648 Γαϐριὴλ
708 1575 954 1644 είσάγεις
1013 1575 1275 1642 λέγονταο
1339 1576 1579 1645 Πνεῦμα
1629 1577 1802 1644 ἅγιον

227 1667 619 1722 ἐπελεύσεται
663 1667 762 1720 ἐπὶ
789 1667 884 1733 σὲ,
916 1667 1014 1721 καί
1058 1667 1312 1738 δύναμις
1345 1667 1640 1736 Ὑψίστου
1676 1669 1806 1722 ἐστι·

227 1758 472 1815 σκιάσει
503 1774 636 1823 σοι;
662 1758 788 1819 Πῶς
825 1754 920 1812 οῦν
965 1761 998 1828 ἠ
1047 1760 1110 1812 ἐκ
1159 1759 1477 1830 Πνεῦματος
1520 1761 1678 1830 ἀγίου
1712 1761 1808 1815 καὶ

227 1851 510 1920 δυνάμεως
547 1850 804 1920 Ὑψίστου
859 1852 1144 1922 κυήσασα,
1181 1856 1276 1905 καὶ
1325 1855 1400 1923 μὴ
1455 1854 1596 1907 κατά
1644 1854 1808 1924 νόμον

229 1940 579 2012 ἀνθρωπίνης
605 1944 854 2012 κυήσεως
875 1983 889 2004 ,
919 1942 1264 2014 καθαρισμοῦ
1296 1945 1495 1999 δέεται.
1529 1945 1652 2008 Πῶς
1682 1945 1740 1998 δὲ
1773 1946 1806 2016 ἡ

231 2031 578 2102 πληρωθεῖσα
623 2032 720 2085 τοῦ
772 2035 957 2086 πᾶσαν
1009 2033 1187 2087 κτίσιν
1238 2034 1526 2105 ὁρωμένην
1572 2037 1672 2088 καὶ
1709 2036 1807 2104 οὑχ

228 2125 511 2195 ὁρωμένην
556 2124 921 2192 ἀγιάζοντος,
980 2125 1302 2194 Πνεὺματος
1353 2128 1512 2196 ἁγίου
1569 2127 1810 2198 ὑπάρχει

229 2216 517 2286 ἀμέτοχος.
555 2216 680 2280 Πῶς
715 2217 771 2270 δὲ
814 2219 846 2288 ἡ
877 2217 1296 2272 ἐπισκιασθεῖσα
1323 2221 1387 2290 τῇ
1418 2219 1513 2272 τοῦ
1553 2219 1808 2288 Ὑψίστου

231 2309 495 2379 δυνάμει,
522 2309 582 2362 οὐ
617 2310 800 2380 πάσης
837 2309 1208 2381 καθαρότητος
1253 2311 1351 2364 καὶ
1399 2310 1670 2382 ἀγιασμοῦ
1708 2311 1811 2364 ὑπ·

230 2402 390 2472 άρχει
424 2402 710 2466 ἀνάπλεως
737 2401 934 2467 ram
957 2402 1028 2456 τά
1059 2403 1187 2472 ἑξῆς
1217 2403 1310 2455 τοῦ
1333 2403 1675 2473 ἀρχαγγέλου
1707 2402 1808 2473 ῥή-

233 2510 380 2563 ματα
401 2533 416 2557 ,
446 2495 555 2546 τῶν
602 2495 879 2565 ῥηθέντων
913 2495 1023 2548 είσὶ
1051 2495 1403 2566 φοϐερώτερα
1425 2511 1456 2558 ⁸,
1481 2494 1630 2565 λέγει
1659 2495 1769 2566 γάρ
1790 2510 1804 2525 ⁶

230 2585 330 2638 Διὸ
375 2586 474 2639 καί
520 2587 588 2640 τὸ
627 2585 1003 2655 γεννώμενον
1039 2586 1230 2655 ἅγιον,
1269 2587 1638 2654 κληθήσεται
1679 2586 1805 2653 Υἱὸς

234 2677 401 2732 Θεοῦ.
434 2678 530 2741 Τίς
565 2674 659 2731 οὖν
685 2678 929 2742 ἀκούσας
958 2677 1150 2748 πρώην
1176 2679 1326 2749 παρά
1363 2678 1454 2731 σοῦ
1488 2677 1683 2740 ταῦτα,
1716 2676 1809 2730 καὶ

231 2770 328 2823 νῦν
363 2769 576 2824 ἀκούων
611 2770 771 2825 πάλιν
809 2769 1044 2840 βοῶντός
1079 2787 1206 2822 σουο
1240 2771 1370 2824 Ὅτε
1400 2769 1808 2836 ἐπλήσθησαν

229 2863 288 2913 at
319 2857 529 2927 ἡμέραι
560 2858 664 2913 τοῦ
691 2857 1068 2927 καθαρισμοῦ
1107 2857 1304 2910 αὐτῶν
1324 2873 1337 2887 ο
1372 2859 1434 2910 οὐ
1467 2855 1692 2918 δικαίως
1717 2855 1808 2906 ὲκ-

231 2951 460 3020 πλαγεὶς
504 2950 791 3020 ἐγκαλέσει
844 2967 946 3004 σοι.
989 2950 1052 3003 Εί
1090 2951 1197 3020 γὰρ
1241 2949 1466 3019 Πνεῦμα
1513 2947 1672 3045 ἅγιον
1708 2947 1807 3017 τὴν
1835 2979 1882 3045 c

230 3039 510 3111 Παρθένον
556 3039 900 3112 ἐπλήρωσεν,
936 3041 1030 3092 καὶ
1068 3041 1100 3110 ἡ
1146 3038 1240 3092 τοῦ
1276 3037 1534 3108 Ὑψίστου
1580 3036 1808 3106 δύναμις

233 3134 319 3188 ἔπ’
341 3133 482 3204 αὐτῇ
515 3117 842 3186 ἐπεσκίασεν
863 3147 878 3160 ⁸
910 3131 1003 3185 καὶ
1045 3132 1107 3183 τὸ
1151 3129 1491 3200 γεννώμενον
1521 3128 1582 3192 ἐξ
1612 3127 1806 3196 αὐτῆς,

233 3219 362 3285 Υίδς
391 3221 492 3290 μέν
525 3222 640 3273 ἑστι
667 3219 762 3273 τοῦ
794 3220 903 3290 πρὸ
929 3219 1142 3273 αἰώνων
1163 3220 1299 3271 Θεοῦ
1325 3237 1338 3249 ·
1377 3221 1471 3270 καὶ
1499 3219 1594 3270 νῦν
1621 3217 1698 3283 δὲ,
1722 3215 1812 3268 διὰ

235 3313 334 3383 τὴν
374 3312 687 3381 οἰκονομίαν
715 3311 1119 3378 κληθήσεται⁸
1150 3311 1266 3372 πῶς
1310 3311 1343 3378 ἡ
1378 3310 1480 3379 τῆς
1519 3308 1672 3371 θείας
1715 3307 1812 3361 καὶ

234 3403 523 3473 όμοουσίου
557 3403 788 3473 Τριάδος
816 3402 1158 3474 γεγενημένη
1195 3402 1438 3472 μέτοχος,
1471 3401 1530 3453 οὑ
1567 3401 1726 3468 μόνον
1748 3397 1810 3450 οὑ

233 3494 480 3548 λείπεται
528 3491 806 3561 ἀγιασμοῦ
856 3492 950 3546 καὶ
999 3492 1353 3562 καθάρσεως·
1402 3490 1518 3544 ἀλλ’
1554 3491 1677 3560 οὑχὶ
1717 3487 1812 3542 καὶ

237 3587 390 3657 πάσῃ
418 3587 486 3657 τῇ
515 3585 691 3638 κτίσει
721 3583 996 3655 ἀγιασμοῦ
1028 3584 1124 3638 καὶ
1160 3582 1482 3653 καθάρσεως
1521 3581 1814 3653 γενήσεται

236 3679 520 3750 πρόξενος.

313 3771 378 3824 Τί
416 3770 473 3823 δὲ
523 3769 662 3840 πρὸς
707 3767 883 3822 ταῦτα
927 3769 956 3820 6
1008 3763 1442 3838 εὐαγγελιστῆςς
1489 3764 1588 3829 οὑ,
1625 3766 1810 3838 φησιν,

235 3862 560 3933 ἐπιλήσμων
588 3861 697 3914 τῶν
721 3861 811 3913 ὑπ’
831 3860 966 3931 ἐμοῦ
997 3859 1278 3932 ῥηθέντων
1296 3860 1554 3930 ἀνωτέρω
1579 3859 1777 3927 γέγονα
1795 3875 1809 3889 ’

235 3954 336 4008 ἀλλ
376 3953 500 4007 οὗτε
535 3951 874 4006 ἀνακόλουθα
917 3956 1028 4015 τοϊς
1073 3951 1408 4024 προλασοῦσι
1432 3991 1448 4016 ,
1483 3952 1551 4005 τά
1583 3953 1676 4004 ἐπὶ
1718 3949 1812 4004 τοῦ

237 4046 507 4117 παρόντος
539 4044 773 4116 ρηθέντα
813 4061 922 4116 μοι.
974 4045 1035 4098 ει
1083 4043 1181 4113 μὲν
1213 4044 1318 4115 γάρ
1362 4043 1575 4114 ἔμεινεν
1609 4043 1815 4096 παντά-

238 4157 404 4194 πασιν
430 4141 459 4192 6
486 4139 629 4203 θεῖος
662 4139 836 4207 Λόγος
869 4140 926 4192 ὲν
960 4140 1072 4202 τοῖς
1099 4138 1265 4201 οείοις
1301 4137 1580 4208 ὑψώμασι,
1614 4136 1706 4189 καὶ
1737 4136 1812 4208 μὴ

235 4233 562 4301 κατεδέξατο
589 4231 853 4294 ἑκουσίως
886 4229 986 4301 τὴν
1018 4230 1157 4302 πρὸς
1185 4231 1286 4299 τὴν
1313 4230 1592 4299 ἡμετέραν
1618 4227 1807 4280 ταπεί-

1910 379 2220 434 surculorum
2240 379 2284 446 δ,
2321 379 2587 435 Salvatori
2607 379 2847 436 Christo.
2882 382 2974 436 Ait
2988 383 3192 454 quippe
3209 388 3490 458 evangeli-

1911 480 1994 527 sta
2024 472 2218 538 Lucas,
2263 483 2390 543 post
2418 473 2743 545 legislatoris
2771 487 2839 529 ex
2875 473 3010 545 legis
3039 478 3252 532 ratione
3294 489 3484 535 octava

1909 562 1998 616 die
2054 563 2529 618 circumcisionem
2567 581 2582 618 :
2615 565 2907 635 Postquam
2943 567 3149 635 impleti
3202 579 3324 623 sunt
3371 573 3486 627 dies

1908 657 2240 726 purgationis
2255 672 2435 710 eorum
2454 658 2737 711 secundum
2755 659 2920 729 legem
2943 659 3140 729 Moysis
3157 661 3198 714 ³.
3215 661 3486 732 Purgati'o-

1909 747 1998 800 nis
2046 746 2254 816 utique,
2286 756 2401 801 tum
2454 747 2656 815 Mariae,
2700 759 2813 804 tum
2857 749 3100 814 infantis,
3131 751 3360 821 ejusque
3390 753 3484 822 qui

1910 847 2066 907 pater
2110 837 2524 893 existimabatur
2569 854 2715 902 esse,
2771 855 2969 909 nempe
3015 839 3261 911 Josephi.
3303 840 3484 896 Caete-

1911 945 2032 984 rum
2079 939 2314 1000 stupens
2345 931 2412 984 ad
2434 931 2604 985 verba
2635 932 2774 997 hac,
2812 932 2870 986 in
2902 933 3050 986 hunc
3077 933 3304 987 modum
3328 948 3485 987 com-

1910 1025 2226 1094 pellaverim
2274 1026 2650 1082 admirabilem
2700 1026 2922 1082 Lucam.
2951 1027 3090 1092 Ouid
3126 1028 3227 1092 ais,
3260 1043 3294 1082 ο
3326 1028 3486 1083 beate

1912 1116 2055 1170 Luca
2087 1114 2110 1167 ?
2143 1115 2361 1171 Videris
2403 1117 2605 1172 oblitus
2637 1132 2851 1182 eorum,
2893 1133 3014 1188 quae
3055 1118 3310 1188 superius
3345 1118 3484 1173 scri-

1908 1223 2116 1278 pseras.
2154 1207 2286 1262 Nam
2331 1209 2616 1264 dissonant
2644 1209 2740 1264 abs
2775 1218 2828 1265 te
2864 1212 3027 1265 modo
3089 1211 3256 1265 dicta.
3289 1211 3484 1266 Nonne

1907 1300 1962 1354 in
2009 1299 2317 1370 Evangeliis
2357 1301 2602 1356 divinum
2645 1301 2952 1356 Gabrielem
2984 1302 3220 1366 inducis,
3270 1302 3324 1355 in
3366 1304 3485 1356 hare

1906 1391 2092 1452 verba,
2143 1389 2238 1444 Dei
2283 1389 2613 1444 Genitricem
2648 1406 2713 1446 ac
2759 1394 3158 1458 sanctissimam
3202 1392 3483 1462 Virginem

1904 1481 2206 1535 aﬂ'antem?
2234 1479 2464 1550 Spiritus
2491 1491 2704 1536 sanctus
2731 1485 3054 1551 superveniet
3073 1485 3128 1536 in
3149 1491 3217 1547 te,
3251 1493 3300 1536 et
3318 1484 3485 1537 virtus

1909 1569 2167 1624 Altissimi
2209 1569 2537 1624 obumbravit
2575 1571 2714 1623 tibi?
2747 1571 2863 1635 Qua
2910 1585 3039 1640 ergo
3078 1571 3309 1635 ratione,
3359 1585 3483 1638 quae

1910 1676 1980 1716 ex
2037 1655 2249 1731 Spiritu
2292 1669 2504 1725 sancto,
2547 1676 2610 1716 ac
2641 1661 2907 1716 Altissimi
2949 1662 3153 1722 virtute
3199 1661 3479 1730 concepit,

1909 1767 2022 1807 non
2069 1766 2202 1806 vero
2235 1753 2535 1807 secundum
2565 1753 2738 1823 legem
2783 1753 3040 1807 humana:
3082 1752 3478 1821 conceptionis,

1910 1845 2232 1915 purgatione
2263 1844 2423 1914 eget?
2451 1843 2737 1910 Quomodo
2764 1852 2969 1909 autem,
3003 1858 3125 1911 quae
3159 1857 3226 1896 eo
3257 1841 3482 1910 impleta

1911 1935 2032 2001 fuit,
2073 1935 2166 2006 qui
2215 1945 2464 1990 naturam
2509 1951 2728 1990 omnem
2765 1943 2876 1990 tum
2926 1935 3100 1988 oculis
3149 1933 3478 2002 subiectam,

1911 2037 2025 2084 tum
2071 2045 2179 2083 non
2215 2029 2601 2098 aspectabilem
2661 2028 2986 2090 sanctiﬁcat,
3020 2027 3259 2096 Spiritus
3305 2024 3484 2080 sancti

1910 2133 2104 2187 expers
2164 2119 2436 2173 exsistit?
2479 2117 2581 2183 Qui
2607 2118 2851 2179 demum,
2910 2131 3074 2186 quam
3139 2113 3487 2169 obumbravit

1911 2211 2086 2264 virtus
2129 2210 2418 2274 Altissimi,
2461 2225 2573 2264 non
2607 2210 2754 2264 omni
2787 2208 3051 2262 munditia
3082 2221 3144 2261 ac
3193 2205 3484 2261 sanctitate

1910 2302 2070 2370 plena
2103 2301 2218 2355 sit?
2248 2300 2446 2355 Verum
2473 2316 2594 2370 quae
2631 2308 2933 2368 sequuntur
2964 2297 3128 2352 verba
3149 2295 3479 2365 archangeli,

1910 2393 2072 2448 dictis
2118 2392 2441 2447 terribiliora
2476 2400 2634 2455 sunt;
2663 2393 2740 2444 a'rt
2772 2391 2953 2444 enim:
2985 2389 3054 2442 Et
3076 2389 3192 2441 ideo
3217 2389 3356 2457 quod
3381 2403 3483 2440 na-

1911 2491 2083 2537 scetur
2104 2497 2169 2536 ea:
2188 2491 2237 2535 te
2255 2491 2516 2546 sanctum,
2541 2480 2707 2534 Filius
2739 2480 2838 2533 Dei
2867 2479 3158 2533 vocabitur.
3190 2477 3325 2542 Quis
3352 2491 3483 2548 ergo

1913 2574 2004 2628 ubi
2029 2575 2144 2628 haec
2169 2589 2345 2642 nuper
2369 2589 2432 2628 ex
2459 2581 2511 2628 te
2531 2573 2796 2634 audisset,
2829 2587 2977 2625 nunc
3005 2570 3201 2623 iterum
3239 2570 3481 2623 claman-

1911 2674 2021 2719 tem
2054 2664 2299 2727 audiens,
2330 2663 2619 2733 Postquam
2649 2662 2852 2729 impleti
2870 2670 2990 2714 sunt
3019 2661 3131 2714 dies
3155 2661 3483 2734 purgationis

1911 2769 2090 2806 eorum
2114 2751 2282 2824 [vulg.
2310 2751 2468 2824 ejus],
2499 2765 2608 2805 non
2633 2751 2830 2805 merito
2863 2760 3110 2820 stupens,
3145 2759 3196 2805 te
3224 2749 3484 2805 accuset?

1913 2841 2195 2911 Siquidem
2221 2842 2368 2897 enim
2392 2841 2632 2911 Spiritus
2653 2851 2876 2896 sanctus
2905 2839 3180 2912 Virginem
3214 2841 3477 2912 implevit,

1911 2949 1975 2988 ac
1995 2933 2258 2988 Altissimi
2300 2935 2471 2988 virtus
2514 2947 2678 3003 super
2718 2948 2838 2987 eam
2881 2933 3247 2999 obumbravit,
3303 2933 3482 3002 quod-

1911 3041 2018 3095 que
2061 3017 2266 3101 natuln
2299 3033 2384 3080 est
2435 3025 2490 3078 in
2531 3039 2615 3089 ea,
2650 3023 2745 3078 Dei
2796 3023 3013 3094 quidem
3054 3023 3223 3080 Filius
3270 3023 3485 3079 exsistit

1911 3125 2038 3171 ante
2078 3118 2320 3181 saecula;
2360 3131 2508 3170 nunc
2558 3130 2691 3170 vero
2731 3115 2894 3170 etiam
2927 3115 3219 3181 vocabitur,
3271 3117 3485 3173 ratione

1911 3208 2306 3263 incarnationis
2339 3224 2354 3272 ;
2405 3207 2697 3277 quomodo,
2755 3224 2876 3276 qua:
2915 3207 3113 3264 divina:
3148 3224 3212 3264 ac
3247 3211 3485 3266 consub-

1913 3299 2188 3353 stantialis
2227 3297 2507 3351 Trinitalis
2551 3297 2656 3350 fuit
2707 3299 2902 3351 effecta
2933 3299 3230 3368 particeps,
3279 3302 3486 3355 nedum

1912 3405 2022 3443 non
2059 3388 2274 3443 deﬁciet
2319 3388 2683 3442 sanctitudine
2704 3403 2766 3442 ac
2811 3387 3066 3457 puritate,
3101 3390 3232 3459 quin
3255 3401 3309 3447 et
3329 3406 3487 3447 crea-

1915 3491 2096 3536 torum
2134 3479 2496 3546 universitati,
2540 3479 2927 3547 sanctitudinis
2955 3494 3019 3534 ac
3055 3480 3312 3551 puritatis
3351 3497 3484 3537 con-

1914 3569 2148 3624 ciliatrix
2174 3569 2440 3624 exsistet?

1985 3774 2124 3841 Quid
2167 3783 2298 3828 vero
2343 3774 2410 3829 ad
2459 3773 2575 3830 haec
2614 3775 2990 3848 evangelista?
3035 3776 3497 3851 Haudquaquam,

1917 3867 2116 3936 inquit,
2161 3866 2363 3922 oblitus
2407 3883 2527 3920 sum
2573 3882 2760 3921 eorum
2801 3884 2922 3934 quas
2967 3869 3078 3924 dixi
3109 3872 3398 3940 superius:
3433 3881 3490 3928 at

1913 3974 2096 4028 neque.
2120 3959 2231 4028 jam
2263 3967 2390 4012 ante
2431 3957 2612 4022 dictis,
2644 3975 2764 4029 quae
2803 3960 2964 4014 modo
2995 3961 3126 4025 dixi,
3154 3962 3335 4016 minus
3357 3978 3490 4019 con-

1915 4065 2048 4104 sena
2103 4058 2250 4104 sunt.
2307 4049 2586 4119 Siquidem
2655 4051 2798 4104 enim
2849 4051 3094 4107 divinum
3138 4054 3372 4110 Verbum
3429 4057 3487 4114 in

1916 4142 2117 4198 divinis
2137 4142 2359 4197 omnino
2381 4142 2669 4197 mansisset
2692 4143 3137 4212 snblimilatibus,
3169 4162 3272 4202 nec
3293 4160 3488 4218 sponte

1917 4249 2012 4288 sua
2036 4233 2101 4286 ad
2139 4240 2380 4286 nostram
2416 4247 2473 4286 se
2495 4231 2858 4286 humilitatem
2901 4233 3162 4288 inclinare
3187 4234 3483 4304 voluisset,

237 4344 402 4382 νωσιν
433 4325 865 4394 συγκατάσασιν,
895 4323 1074 4387 καλῶς
1120 4321 1358 4387 ἐξένιζεν
1403 4323 1548 4392 ὑμᾶς
1593 4320 1710 4389 νῦν,
1742 4319 1809 4372 τὰ

1915 4327 2109 4380 merito
2131 4341 2275 4379 nunc
2295 4340 2391 4379 vos
2434 4324 2868 4393 perturbassent,
2893 4341 3013 4394 qua:
3037 4342 3066 4379 a
3091 4343 3178 4381 me
3195 4327 3481 4382 dicuntur:

234 4419 369 4490 παρ’
394 4418 530 4488 ἐμοῦ
571 4419 874 4487 λεγόμενα·
911 4417 960 4468 εί
1003 4417 1059 4469 δὲ
1093 4414 1334 4485 ἄσαρκος
1368 4413 1446 4466 ὣν
1479 4416 1507 4467 ό
1543 4413 1677 4476 Θεὸς
1717 4413 1811 4467 καὶ

234 4512 549 4582 ἀσώματος,
582 4511 740 4580 σῶμα
774 4511 872 4580 μὲν
903 4509 1256 4580 ἐψυχωμένον
1293 4508 1440 4579 ψυχῇ
1479 4507 1672 4578 λογικῇ
1718 4506 1812 4561 καὶ

234 4607 396 4676 νοερᾷ
430 4604 489 4670 ἐξ
519 4603 900 4674 ἀπειρογάμου
935 4602 1106 4674 κόρης
1137 4601 1254 4669 δι’ἡ
1265 4602 1371 4669 μᾶς
1395 4599 1807 4670 περιϐάλλεταιυ

231 4700 374 4753 οίκεϊ
398 4697 456 4750 δὲ
489 4698 707 4768 μήτραν
737 4697 1170 4767 ἀπεριγράπτως
1208 4691 1566 4764 παρθενικὴν,
1601 4693 1630 4744 ό
1669 4690 1810 4760 πλη-

237 4788 346 4860 ρῶν
395 4787 463 4840 τά
511 4785 838 4856 σύμπαντα·
865 4786 1122 4853 γεννᾶται
1157 4783 1212 4835 δὲ
1244 4785 1301 4836 ὲν
1331 4783 1509 4854 χρόνῳ
1553 4781 1639 4834 διὰ
1690 4782 1815 4844 τοὺς

235 4878 342 4934 ὑπὸ
367 4879 578 4949 χρόνον,
598 4881 626 4931 6
652 4877 860 4948 χρόνων
880 4877 971 4931 καὶ
993 4876 1209 4930 αἰώνων
1239 4874 1641 4945 πρεσϐύτερος·
1678 4873 1815 4943 μᾶλ-

234 4961 326 5018 λον
378 4967 456 5028 δὲ,
502 4968 732 5036 ποιητής
822 4963 1095 5032 ἀγκάλαις
1139 4964 1196 5018 δὲ
1256 4963 1480 5033 Μητρὸς
1533 4961 1812 5032 Παρθένου

234 5055 736 5125 περιλαμϐάνεται,
776 5057 805 5108 6
839 5054 1029 5126 θρόνον
1076 5055 1215 5126 ἔχων
1246 5055 1315 5109 τὰ
1343 5055 1659 5124 Χερουόίμο
1691 5055 1814 5124 τρέ-

235 5161 398 5215 φεται
428 5143 484 5199 δὲ
511 5144 768 5215 γάλακτι,
804 5147 836 5198 6
869 5145 1017 5217 πάσῃ
1050 5148 1116 5216 τῇ
1149 5146 1326 5198 κτίσει
1355 5147 1455 5215 τὴν
1481 5145 1629 5214 ζωὴν
1657 5163 1813 5216 χαρι-

235 5235 498 5308 ζόμενοςο
529 5236 723 5306 φεύγει
753 5237 812 5290 δὲ
848 5239 938 5290 καὶ
971 5237 1218 5308 Ἡρώδην
1250 5240 1329 5301 είς
1362 5239 1659 5306 Αἴγυπτον,
1691 5239 1719 5291 6
1747 5235 1816 5290 τὰ

235 5328 558 5398 πρωτότοκα
589 5329 864 5397 Αἰγύπτου
896 5329 1160 5393 πατάξας,
1197 5330 1290 5382 καὶ
1314 5328 1514 5400 Φαραὼ
1540 5345 1814 5382 καταπον-

230 5417 389 5481 τίσας
427 5419 522 5472 τὸν
562 5419 824 5490 τύραννον
849 5435 864 5450 ·
905 5421 1278 5474 ὑποτάσσεται
1326 5421 1534 5490 δὲέοῖς
1564 5420 1814 5489 γονεῦσιν

1389 5462 1460 5530 δ

317 5601 373 5678 ⁸1
409 5621 549 5677 Tim.
578 5639 616 5689 ι,
649 5624 731 5677 17.
811 5625 830 5656 α
861 5627 990 5682 Luc.
1023 5643 1082 5686 ιι.
1111 5626 1203 5680 se.

1913 4415 1996 4470 sin
2047 4426 2250 4475 autem,
2300 4431 2423 4468 cum
2464 4416 2607 4469 Deus
2661 4425 2828 4480 esset,
2871 4431 2934 4470 ac
2977 4432 3169 4486 expers
3217 4418 3480 4488 corporis,

1913 4521 2112 4576 corpus
2134 4507 2356 4578 quidem
2391 4508 2572 4561 anima
2610 4508 2837 4563 rationis
2863 4525 2926 4564 ac
2958 4509 3264 4566 intellectus
3313 4513 3486 4566 facul-

1912 4608 2024 4654 tate
2063 4600 2288 4670 prmdita
2326 4601 2624 4654 animatum
2653 4641 2667 4666 ,
2713 4616 2778 4654 ex
2817 4601 3043 4670 innupta
3089 4603 3264 4673 puella
3308 4603 3484 4658 nostri

1913 4707 2078 4747 causa
2116 4692 2314 4757 induit,
2347 4707 2410 4746 ac
2437 4692 2778 4764 virginalem,
2812 4695 2903 4763 qui
2931 4696 3113 4748 omnia
3155 4696 3363 4764 implet,
3399 4695 3484 4749 in-

1917 4781 2331 4850 circumscripta
2385 4783 2598 4838 ratione
2624 4783 2894 4838 inhabitat
2933 4792 3188 4836 uterum:
3229 4791 3390 4852 atque
3416 4783 3484 4846 is,

1915 4873 2008 4942 qui
2039 4882 2124 4928 est
2155 4875 2369 4928 saeculis
2413 4876 2724 4946 antiquior;
2755 4876 3000 4945 quinimo
3033 4873 3284 4928 conditor
3311 4887 3486 4928 saecu-

1917 4964 2115 5030 lorum,
2148 4965 2202 5018 in
2237 4976 2482 5035 tempore
2519 4968 2778 5032 nascitur,
2797 4973 3021 5035 prepter
3050 4981 3144 5019 eos
3177 4965 3268 5034 qui
3301 4974 3488 5020 essent

1917 5057 2020 5112 sub
2045 5064 2291 5128 tempore
2318 5075 2332 5111 :
2377 5057 2563 5112 Matris
2592 5057 2832 5128 Virginis
2864 5058 3006 5111 ulnis
3038 5057 3372 5126 astringitur,
3395 5056 3486 5126 qui

1919 5147 2074 5201 sedet
2117 5162 2281 5216 super
2307 5146 2601 5202 Cherubin]
2634 5165 2646 5200 :
2677 5147 2815 5201 lacte
2851 5147 3112 5212 nutritur,
3156 5147 3246 5216 qui
3290 5148 3489 5202 creatis

1918 5238 2192 5294 universis
2216 5239 2377 5310 vitam
2403 5225 2626 5308 largitur
2653 5257 2665 5292 :
2697 5241 2750 5292 in
2773 5238 3061 5308 Aigyptum
3082 5253 3298 5307 quoque
3325 5236 3490 5314 llerof

1917 5332 2040 5386 dem
2087 5330 2242 5401 fugit,
2301 5330 2393 5398 qui
2433 5330 2702 5398 percussit
2749 5329 3102 5399 primogenita
3141 5325 3374 5398 Egypti,
3424 5341 3491 5384 ac

1920 5435 2208 5497 tyrannum
2243 5424 2584 5481 Pharaonem
2617 5421 2909 5478 submersit
2936 5442 2948 5476 :
2978 5419 3264 5491 subjicitur
3289 5431 3491 5490 paren-
