3906 6192
229 197 365 267 1573

1410 179 1670 247 εεεωο
1700 177 1783 240 IN
1821 173 2260 239 SYMEONEM.

3336 169 3472 239 1574

227 326 331 380 χιι,
372 307 408 377 η
435 301 626 358 τούτου
654 298 896 367 ἄσπορος
927 291 1200 364 γέννησις.
1247 289 1325 344 οι
1376 288 1487 361 γὰρ
1535 288 1832 361 διήνοιξεν,

1932 285 2066 341 istit.
2099 282 2312 338 Nedum
2336 280 2487 337 enim
2528 289 2697 335 natus
2726 295 2837 335 non
2870 280 3087 351 aperuit
3117 279 3333 336 vulvam
3373 298 3474 352 pro

226 397 504 471 γεννηθεὶς
549 393 711 465 μόνον
742 388 844 460 τὴν
874 388 1092 459 μήτραν
1117 383 1261 439 κατά
1283 383 1410 447 τοὺς
1436 382 1659 446 λοιποὺς
1689 380 1802 435 τῶν

110 538 112 541 ,
225 488 561 559 ἀνθρώπων
596 481 736 536 ἀλλά
781 481 878 533 καὶ
926 476 1324 546 κεκλεισμένην
1368 473 1471 544 τῆς
1503 472 1803 543 παρθενίας

227 582 323 653 τὴν
348 578 525 649 πύλην
563 572 882 635 κατέλιπεν,
914 569 1059 623 κατὰ
1092 568 1186 621 τὸν
1211 568 1501 637 προφήτην
1544 563 1805 634 Ἰεζεκιὴλ

227 673 319 727 τὸν
344 668 570 725 εἰπόντα
586 683 601 700 ·
630 665 741 720 Kal
765 659 936 718 εἶπέν
950 678 1053 729 μοι
1072 660 1319 728 Κύριοςυ
1347 657 1443 711 Υἱὲ
1465 655 1803 724 ἀνθρώπου,

229 768 267 835 ἡ
304 765 471 829 πύλη
518 759 673 826 αὕτη
720 752 1117 822 κεκλασμένη
1157 751 1354 806 ἔσται.
1415 747 1627 813 Οὐδείς
1678 748 1808 800 εισ-

231 855 543 912 ελεύσεται
579 848 655 904 δι’
686 846 879 915 αὐτῆς
910 844 1009 899 καὶ
1037 842 1423 908 ἐξελεύσεται
1445 856 1460 871 ο
1498 837 1599 893 καὶ
1635 837 1809 893 ἔσται

233 941 649 1012 κεκλασμένη.
704 938 832 1002 Πῶς
872 930 966 991 οῦν
996 935 1091 989 ιπὶ
1134 932 1231 986 τοῦ
1272 930 1352 1002 μὴ
1399 927 1807 993 διανοίξαντος,

234 1034 349 1090 ἀλλ’
398 1027 849 1103 ἑσφραγισμένην
898 1024 1000 1096 τὴν
1041 1020 1218 1092 πύλην
1270 1016 1689 1078 καταλιπόντος,
1739 1013 1811 1068 τά

236 1127 328 1181 ἐπὶ
355 1125 466 1179 τῶν
509 1120 891 1188 διανοιγόντων
932 1111 1368 1186 νομοθετηθέντα
1413 1107 1689 1180 προϐῆναι
1716 1106 1813 1159 δυ-

239 1219 505 1284 νήσεταις
546 1205 690 1263 Ἀλλ’
740 1203 867 1260 οὕτε
918 1204 1074 1273 ᾰγιον
1126 1198 1223 1255 νῦν
1272 1198 1505 1271 πρώτως
1548 1195 1814 1266 κληθῆναι

236 1303 507 1373 δεήσεται,
531 1298 592 1352 τὺ
615 1296 711 1351 καὶ
736 1293 843 1366 πρὸ
870 1292 971 1363 τῆς
1001 1289 1318 1361 συλλήψεως
1344 1287 1535 1357 ἅγιον,
1559 1285 1653 1338 καὶ
1682 1284 1815 1351 Υἱὸς

240 1392 406 1455 Θεοῦ,
438 1390 590 1460 παρά
619 1405 677 1442 τε
708 1386 805 1440 τοῦ
834 1383 1051 1455 Πατρδς
1079 1383 1174 1436 καὶ
1194 1377 1288 1434 τοῦ
1315 1378 1473 1447 ἁγίου
1498 1376 1817 1446 Πνεύματος

242 1478 709 1552 μαρτυρούμενον.
756 1474 896 1529 Ἀλλ’
918 1470 1256 1536 ἀκολούθως,
1287 1469 1383 1523 καὶ
1411 1467 1584 1521 ταῦτα
1614 1466 1816 1536 πρέπει

238 1576 302 1643 τῇ
341 1571 435 1625 τοῦ
469 1569 725 1639 ωτῆρος
760 1563 1066 1635 οἰκονομίᾳ.

1901 390 2054 431 more
2097 374 2433 444 reliquorum
2463 372 2783 438 hominum,
2831 373 2963 440 quin
3015 372 3181 426 etiam
3233 373 3475 429 clausam

1876 466 2226 545 rvirginitatis
2251 474 2465 535 portam
2519 463 2967 532 reliquit,_juxta
3013 463 3158 532 quod
3210 466 3477 535 propheta

1904 556 2154 613 Ezechiel
2170 556 2304 610 dixit
2335 573 2350 610 :
2381 552 2450 609 Et
2473 556 2607 607 dixit
2635 554 2763 606 mihi
2784 552 3036 606 Dominus
3060 569 3078 607 :
3104 552 3149 604 F
3152 554 3209 606 ili
3233 556 3476 620 hominis.

1901 660 2060 715 porta
2088 650 2198 702 [uec
2230 647 2414 701 clausa
2446 646 2565 699 erit.
2591 644 2759 698 Nemo
2785 660 2878 713 per
2902 660 3020 697 eam
3057 646 3399 715 ingredietur,
3429 654 3481 699 et

1906 741 2248 811 egredietur:
2286 747 2334 792 et
2379 737 2479 791 erit
2527 736 2707 789 clausa
2756 737 2819 791 ¹⁰.
2857 736 2973 801 Qua
3006 752 3137 808 ergo
3183 739 3392 792 ratione
3425 739 3481 791 in

1908 831 1976 886 iis
2004 831 2302 886 constituta
2327 830 2419 901 qui
2448 830 2723 901 aperiunt,
2757 830 2809 881 in
2833 843 2899 883 eo
2928 828 3143 898 possint
3166 829 3481 898 procedere.

1907 922 2001 991 qui
2033 936 2146 975 non
2181 920 2419 991 aperuit,
2451 921 2545 975 sed
2584 920 2820 975 clausam
2852 927 3062 989 portam
3102 917 3357 988 reliquit?
3406 918 3486 974 Ac

1912 1027 2092 1082 neque
2130 1026 2279 1067 nunc
2314 1010 2551 1082 primum
2578 1026 2718 1081 opus
2761 1008 2985 1064 habebit
3021 1016 3268 1064 sanctum
3297 1008 3487 1079 appel-

1911 1102 2029 1168 lari,
2063 1103 2207 1172 quod
2245 1110 2375 1156 ante
2401 1101 2566 1155 etiam
2612 1101 3027 1172 conceptionem
3049 1139 3066 1164 ,
3112 1098 3391 1164 Sanctum,
3424 1114 3489 1154 ac

1914 1193 2011 1248 Dei
2038 1193 2230 1257 Filius,
2288 1208 2411 1247 cum
2443 1191 2648 1256 Patris,
2704 1200 2819 1245 tum
2850 1191 3087 1260 Spiritus
3129 1193 3301 1247 sancti
3336 1191 3490 1246 testi-

1912 1284 2119 1350 monio,
2158 1282 2262 1338 luit
2288 1282 2642 1337 declaratum.
2689 1280 2980 1337 Enimvero
3014 1280 3130 1335 hac
3159 1282 3321 1336 etiam
3355 1298 3490 1337 con-

1915 1373 2164 1444 sequenti
2199 1372 2413 1427 ratione
2443 1371 2802 1434 Salvatorem,
2855 1386 2955 1440 pro
2992 1371 3111 1440 ejus
3160 1373 3487 1437 memomia,

1915 1479 1983 1521 ac
2007 1479 2113 1535 qua
2148 1463 2359 1518 ratione
2396 1476 2456 1518 se
2480 1461 2643 1516 nobis
2666 1458 3048 1515 incarnatione
3072 1460 3377 1526 inclinavit,
3395 1462 3492 1516 de-

1918 1562 2067 1612 cent.

306 1663 416 1718 Kal
456 1656 527 1717 οὗ
566 1630 778 1712 δοῦναι
827 1630 1050 1709 θυσίαν
1081 1651 1231 1706 κατὰ
1279 1651 1347 1705 τὸ
1390 1647 1705 1719 εῑρημένον
1744 1646 1815 1701 ἐν

1988 1646 2057 1700 Et
2070 1654 2125 1699 ut
2139 1645 2324 1699 darent
2335 1646 2559 1700 hostium
2578 1645 2862 1699 secundum
2875 1644 3015 1715 quod
3027 1644 3221 1698 dictum
3234 1652 3309 1698 est
3322 1644 3375 1698 in
3386 1646 3493 1716 lege

238 1756 397 1823 νόμῳ
428 1752 651 1820 Κυρίου
673 1765 687 1779 ·
713 1747 917 1817 ζεῦγος
943 1746 1270 1814 τρυγόνων,
1305 1742 1345 1811 ἢ
1374 1740 1483 1795 δύο
1512 1738 1817 1807 νεοσσοὺς

240 1841 625 1913 περιστερῶν.
676 1841 860 1893 Πάντα
898 1835 1134 1907 ἁρμόδια
1175 1835 1244 1904 τῇ
1293 1831 1390 1886 τοῦ
1438 1831 1693 1901 Σωτῆρος
1733 1830 1815 1883 ol-

242 1937 504 2006 κονομικῇ
535 1930 858 1987 καταϐάσει.
890 1924 1073 1981 Ἦσαν
1110 1924 1212 1995 μὲν
1244 1923 1354 1994 γὰρ
1392 1924 1487 1977 καὶ
1514 1922 1671 1976 ἄλλαι
1696 1922 1819 1985 ταῖς

241 2024 556 2087 τικτούσαις
585 2019 1034 2088 πολυτελέστεραι
1078 2014 1571 2087 νενομοθετημέναι
1613 2011 1817 2077 θυσίαι,

242 2110 354 2168 οἷον
387 2112 476 2166 διὰ
518 2110 811 2182 προϐάτων
863 2107 958 2160 καὶ
1001 2103 1178 2160 ἄλλων
1225 2102 1387 2157 τινῶν
1406 2117 1420 2131 °
1472 2100 1586 2154 ἀλλ’
1629 2098 1822 2171 ἐπειδὴ

244 2209 392 2263 ἀπαν
417 2208 481 2259 τὸ
512 2204 613 2274 τῆς
645 2199 1111 2272 ὲνανθρωπήσεως
1138 2196 1436 2267 μυστήριον
1476 2193 1567 2249 διὰ
1605 2193 1823 2247 ἀνεικά-

248 2315 373 2353 στου
402 2294 867 2366 συγκαταϐάσεως
892 2289 1117 2360 γέγονεν
1133 2305 1147 2320 ·
1168 2285 1479 2366 ἀκολούθως
1496 2286 1590 2339 καὶ
1606 2285 1675 2339 τὰ
1694 2302 1762 2337 πε
1770 2285 1825 2355 pi.

246 2362 522 2460 τρυγόνων
535 2388 627 2441 καὶ
640 2381 979 2455 περιστερῶν
1009 2362 1477 2450 νενομοθετημένα
1504 2375 1621 2440 νῦν,
1636 2375 1826 2430 τεθέα-

247 2496 355 2534 ται.
382 2478 494 2532 Καὶ
516 2475 694 2539 καλῶς
714 2477 743 2529 ὁ
771 2471 1055 2534 θεσπέσιος
1077 2468 1289 2533 Παῦλος
1323 2469 1499 2521 πάντα
1527 2470 1592 2537 τῇ
1618 2465 1828 2537 διανοίᾳ

250 2564 580 2638 περιλαϐὼν,
616 2560 997 2634 ἐκπληκτικῶς
1044 2558 1368 2628 ἀνεϐόησεν·
1409 2558 1513 2621 ’ος
1555 2553 1629 2607 δι’
1671 2551 1829 2622 ἡμᾶς

250 2658 658 2728 ἐπτώχευσεν,
687 2655 985 2718 πλούσιος
1015 2650 1122 2713 ὢν.
1152 2650 1255 2703 ινα
1279 2647 1450 2717 ἡμεῖς
1496 2644 1572 2714 τῇ
1589 2646 1829 2699 ἐκείνου

252 2750 513 2818 πτωχείᾳ
552 2745 1017 2814 πλουτήσωμεν.
1050 2740 1196 2812 Πλὴν
1224 2740 1308 2793 ὅτι
1348 2740 1443 2793 καὶ
1473 2737 1534 2791 τὸ
1572 2736 1832 2807 φαινόμε-

252 2859 363 2903 νον,
399 2841 499 2895 ούκ
530 2836 830 2909 ἀσυντελὴς
864 2836 1001 2907 πρὸς
1036 2834 1097 2886 τὸ
1130 2831 1429 2904 μυστήριον
1472 2831 1506 2900 ἡ
1545 2826 1833 2899 προσφορά

1919 1736 2163 1801 Domini;
2183 1746 2582 1805 parturturum,
2601 1744 2693 1791 aut
2710 1743 2841 1790 duos
2855 1735 3030 1806 pullos
3043 1735 3406 1789 columbarum
3426 1735 3490 1791 “.

1917 1826 2238 1898 Congruuut
2269 1824 2475 1890 omnia,
2502 1825 2601 1891 illi,
2636 1812 2799 1895 quam
2839 1839 2900 1879 se
2926 1825 3093 1896 nobis
3125 1823 3373 1879 Salvator
3405 1824 3494 1879 in-

1918 1914 2195 1979 clinanda,
2227 1914 2690 1984 dispensationem
2716 1912 2913 1985 gessit.
2942 1910 3073 1967 Nam
3103 1914 3497 1984 erantquidem

1919 2007 2086 2063 etiam
2127 2007 2481 2079 pretiosiores
2514 2005 2712 2061 hostia:
2733 2005 2856 2059 alia:
2883 2004 3221 2074 parientibus
3244 2006 3498 2074 praescri-

1921 2108 2063 2169 ptas;
2103 2107 2233 2168 puta
2265 2112 2363 2168 per
2401 2111 2564 2161 oves,
2592 2111 2657 2151 ac
2698 2094 2948 2165 quaedam
2984 2095 3128 2149 alia:
3160 2096 3285 2164 quia
3317 2104 3498 2149 tamen

1924 2191 2243 2247 universum
2298 2188 2698 2244 lncarnationis
2752 2187 3115 2259 mysterium,
3174 2187 3501 2240 immensam

1923 2282 2213 2353 quamdam
2238 2281 2652 2337 inclinationem
2675 2279 2887 2345 habuit,
2909 2278 2967 2334 .ei
3012 2288 3378 2334 consentanee
3404 2279 3501 2333 ha-

1925 2374 2114 2429 bentia
2147 2373 2309 2427 modo
2342 2372 2507 2426 etiam
2537 2379 2760 2426 ostensa
2788 2379 2936 2436 sunt,
2964 2385 3084 2440 qua:
3104 2370 3172 2426 de
3198 2370 3504 2427 turturibus

1927 2480 1992 2519 ac
2024 2463 2291 2518 columbis
2322 2472 2482 2516 erant
2513 2462 2630 2533 lege
2656 2462 2990 2530 praescripta.
3025 2450 3171 2514 Bene
3199 2469 3379 2514 autem
3407 2460 3503 2514 ad-

1928 2554 2192 2611 mirabilis
2231 2553 2448 2612 Paulus.
2485 2553 2669 2606 animo
2698 2560 2896 2606 cuncta
2922 2550 3291 2618 complectens
3315 2589 3331 2612 .
3384 2558 3504 2603 stu-

1929 2659 2062 2714 pore
2092 2643 2412 2698 exclamavit
2442 2659 2456 2694 :
2486 2640 2713 2709 Propter
2741 2656 2833 2693 nos
2859 2655 3048 2709 egenus
3068 2639 3243 2709 factus
3267 2648 3363 2701 est,
3385 2654 3505 2692 cum

1931 2741 2061 2787 esset
2094 2732 2275 2794 dives,
2317 2739 2372 2783 ut
2402 2730 2545 2784 illius
2593 2746 2685 2783 nos
2732 2730 2914 2800 inopia
2961 2729 3143 2783 divites
3189 2744 3414 2783 essemus
3438 2729 3529 2783 ⁸⁸.

1931 2822 2226 2889 Caeterum,
2258 2821 2401 2891 quod
2435 2830 2490 2876 et
2524 2821 2702 2893 palam
2741 2838 2828 2877 res
2856 2820 3180 2890 praeferebat
3201 2861 3218 2886 ,
3270 2819 3369 2873 fuit
3398 2819 3506 2873 Do-

252 2932 346 2988 τοῦ
391 2930 597 3003 Κυρίου
646 2928 961 2999 ἐτύγχανεν.
998 2927 1064 2979 At
1114 2923 1216 2993 μὲν
1243 2922 1354 2991 γὰρ
1400 2919 1683 2991 τρυγόνες,
1730 2916 1829 2989 τὴν

1933 2914 2137 2970 minica
2166 2913 2371 2968 oblatio
2418 2914 2563 2967 haud
2602 2912 2810 2966 inutilis
2852 2911 2919 2967 ad
2972 2910 3312 2982 mysterium.
3369 2910 3505 2966 Nam

256 3024 611 3096 σωφροσύνην
655 3020 751 3074 καὶ
777 3020 875 3091 τὴν
922 3016 1143 3086 ἁγνείαν
1179 3013 1280 3085 τῆς
1308 3009 1700 3081 ’Δειπαρθένου
1732 3007 1831 3062 καὶ

1934 3014 2178 3062 turtures
2208 3005 2452 3074 quidem,
2486 3003 2805 3074 pudicitiam
2839 3017 2903 3058 ac
2932 3003 3243 3057 castitatem
3290 3015 3507 3070 semper

256 3114 518 3169 Θεοτόκου
552 3111 847 3182 ἐσήμαινον
869 3125 884 3141 ⁸
909 3110 966 3163 αἱ
1002 3107 1059 3159 δι
1081 3102 1405 3175 περιστεραὶ
1452 3100 1552 3171 τὴν
1579 3100 1659 3164 είς
1684 3098 1833 3168 ἡμᾶς

256 3205 462 3274 ἄφατον
500 3199 933 3273 φιλανθρωπίαν,
963 3197 1057 3250 καὶ
1089 3196 1184 3265 τὴν
1214 3196 1279 3246 ὲκ
1323 3190 1642 3261 Πνεύματος
1670 3188 1833 3257 ἁγίου

257 3291 695 3361 οἰκονομίανίτης
724 3287 1020 3357 κυοφορίας
1050 3284 1292 3355 ἐδήλουν.

333 3382 441 3438 Καὶ
467 3380 597 3435 Mai)
614 3376 689 3449 ἦν
713 3378 1025 3447 ἄνθρωπος
1042 3374 1111 3429 ἐν
1142 3369 1558 3441 Ἰερουσαλὴμ,
1583 3362 1631 3436 ᾧ
1653 3367 1840 3435 ὄνομα

264 3473 511 3545 Συμεών
532 3489 546 3503 ·
577 3471 678 3526 και
711 3473 744 3524 ὀ
776 3470 1086 3538 ἄνθρωπος
1120 3461 1317 3530 οὗτος,
1348 3462 1578 3527 δίκαιος
1607 3459 1706 3514 καὶ
1739 3459 1841 3512 εὐ·-

256 3563 478 3630 λιιόής.
541 3562 817 3633 Ἀρκεῖται
864 3561 1087 3630 ῥήματα
1123 3554 1219 3610 τοῦ
1259 3548 1672 3621 εὐαγγελιστοῦ,
1708 3548 1843 3619 πρὸς

265 3656 324 3710 τδ
359 3653 711 3726 παραστῆσαι
740 3652 838 3722 τὴν
867 3648 961 3703 τοῦ
991 3645 1217 3717 Συμεὼν
1254 3646 1537 3712 ἁγιότητα.
1586 3638 1845 3719 Προσδεέ

267 3750 524 3817 χόμενος
566 3741 954 3811 παράκλησιν
984 3738 1092 3792 τοῦ
1132 3733 1411 3804 Ἰσραήλ·
1449 3732 1629 3799 Ὅπερ
1677 3726 1845 3817 ἡγοῦ-

271 3854 368 3906 μαι
401 3834 713 3905 σημαίνειν,
743 3827 1153 3900 φιλανθρωπίαν
1182 3822 1400 3877 ἔσεσθαι
1450 3822 1515 3874 ὲκ
1552 3817 1688 3872 Θεοῦ
1721 3816 1847 3887 μέλ-

267 3927 469 3982 λουταν
518 3924 597 3997 τῷ
655 3922 898 3996 Ἰσραήλ.
954 3922 1023 3973 Ἦ
1070 3916 1168 3975 καὶ
1207 3915 1383 3979 ἄλλως
1431 3929 1568 3976 πως.
1629 3906 1848 3979 Ἐπειδὴ

267 4020 378 4090 γὰρ
420 4017 637 4089 Ἰσραὴλ
661 4017 807 4082 νοῦς
836 4013 991 4082 ὀρῶν
1017 4011 1162 4077 Θεὸς
1191 4006 1587 4081 ἑρμηνεύεταιο
1633 4000 1849 4056 ἐπένθει

269 4111 328 4165 δὲ
356 4109 564 4180 νοητῶς
613 4109 723 4172 πᾶς
763 4106 889 4170 νοῦς
922 4101 1281 4175 θεωρητικὸς,
1329 4099 1419 4153 διά
1447 4098 1545 4168 τὴν
1577 4100 1852 4167 κρατήσα-

272 4220 372 4256 σαν
407 4201 617 4271 πλάνην
651 4198 751 4269 τῆς
784 4194 1057 4266 ἀγνωσίας
1084 4193 1212 4256 τοὺς
1238 4188 1593 4262 ἀνθρώπους·
1625 4185 1852 4248 εἰκότως

1931 3097 2176 3171 Virginis
2196 3113 2277 3153 ac
2309 3096 2404 3152 Dei
2451 3095 2748 3151 Genitricis
2777 3094 3193 3165 signiﬁcabant;
3246 3093 3513 3149 columba

1933 3200 2141 3249 autem.
2162 3187 2494 3244 ineﬁ'abilem
2533 3189 2587 3241 in
2611 3202 2714 3242 nos
2740 3186 2832 3240 Dei
2859 3185 3225 3243 clementiam.
3242 3198 3514 3253 quamque

1937 3279 2175 3350 Spiritus
2207 3286 2430 3332 sanctus
2453 3276 2839 3331 fecunditatem
2870 3273 3171 3344 dispensat.
3198 3287 3261 3326 ac
3296 3273 3444 3325 facit.

1932 3358 1939 3363 ’
2008 3368 2077 3423 Et
2097 3383 2210 3421 ecce
2225 3367 2378 3420 homo
2395 3375 2510 3419 erat
2531 3366 2587 3418 in
2606 3362 2921 3425 Jerusalem,
2948 3363 3033 3415 cui
3052 3377 3238 3415 nomen
3257 3359 3512 3429 Symeon,

1940 3468 1988 3513 el
2018 3459 2171 3512 homo
2198 3457 2294 3512 iste
2322 3457 2504 3527 justus
2534 3465 2582 3510 et
2625 3456 2907 3510 timoratus
2941 3454 3006 3506 ¹³.
3050 3436 3337 3515 Sulliciunt
3360 3452 3514 3504 Scri-

1943 3559 2117 3621 ptura:
2160 3548 2276 3618 ipsa
2305 3547 2472 3602 verba
2500 3547 2567 3602 ad
2602 3545 2889 3618 Symeonis
2914 3543 3294 3599 declarandam
3324 3541 3517 3597 sancti.

1947 3652 2131 3697 tatem.
2167 3628 2491 3711 Exspectans
2523 3638 2929 3694 consolationem
2961 3634 3129 3690 Israel
3156 3650 3175 3689 :
3204 3635 3345 3705 quod
3389 3643 3518 3703 puto

1944 3731 2270 3804 signiﬁcare,
2297 3747 2460 3803 quam
2492 3731 2636 3786 Deus
2659 3728 2843 3786 lsraeli
2872 3727 3215 3783 clementiam
3247 3741 3311 3781 ac
3346 3726 3519 3781 beni-

1947 3822 2210 3894 gnitatem
2241 3820 2585 3876 exltibiturus
2613 3827 2750 3875 erat.
2780 3818 2892 3872 Aut
2942 3816 3105 3871 etiam
3149 3815 3252 3870 alia
3283 3815 3517 3871 ratione.

1948 3913 2085 3980 Quia
2120 3912 2266 3967 enim
2309 3910 2512 3978 Israel,
2564 3926 2707 3965 mens
2750 3909 2920 3963 Deum
2961 3906 3141 3961 uidens
3191 3904 3518 3973 exponitur;

1949 4019 2109 4061 mens
2134 4012 2319 4059 autem
2357 4002 2537 4057 omnis
2564 3999 3014 4071 contemplationi
3059 3996 3243 4055 dedita
3262 4036 3278 4061 ,
3304 3996 3523 4068 spirita-

1951 4096 2077 4151 liter
2116 4095 2358 4165 lugebat,
2390 4102 2617 4165 propter
2642 4106 2888 4148 errorem
2909 4104 2974 4146 ac
3002 4087 3383 4162 ignorantiam,
3413 4102 3524 4158 quo

1954 4187 2244 4243 tenebatur
2276 4187 2573 4241 humanum
2615 4197 2828 4254 genus;
2880 4180 3079 4236 merito
3112 4179 3384 4251 Symeon,
3428 4177 3522 4249 qui

268 4293 299 4346 ὁ
339 4258 584 4364 Συμεών.
612 4258 845 4351 δίκαιος.
867 4285 943 4340 ὢν
1003 4284 1096 4339 καὶ
1148 4258 1471 4356 προφητικῷ
1525 4275 1832 4351 προϐλέπωι

1947 4274 2130 4345 justus
2144 4284 2309 4338 esset,
2339 4288 2404 4328 ac
2418 4272 2736 4342 praphetico
2758 4284 2924 4325 sensu
2949 4258 3313 4339 prospiceret,
3334 4281 3525 4321 acces~

270 4384 530 4454 νοήματι,
561 4380 825 4452 ἀνέμενεν
853 4378 951 4449 τὴν
979 4374 1282 4447 μέλλουσαν
1314 4370 1532 4425 ἔσεσθαι
1561 4365 1848 4441 παράκλη-

272 4491 361 4530 σιν
396 4472 477 4544 τῷ
514 4472 690 4544 νοητῷ
729 4469 961 4543 Ἰσραὴλ,
994 4466 1083 4522 διὰ
1107 4467 1207 4538 τῆς
1245 4463 1341 4519 τοῦ
1383 4461 1634 4533 Σωτῆρος
1666 4459 1851 4530 ἐπιδη-

275 4567 428 4638 μίας.
456 4565 566 4621 Kal
608 4564 853 4633 Πνεῦμα
882 4562 1053 4633 ἄτιον
1087 4558 1167 4629 ἦν
1201 4557 1293 4612 ἐπ’
1332 4554 1513 4622 αὐτῷ.
1550 4552 1852 4623 ,Μακάριος

273 4653 345 4723 εἳ,
379 4651 425 4711 ὧ
452 4655 758 4728 πρεσϐύτα,
785 4655 866 4709 ὃτι
892 4649 1206 4723 Πνεύματος
1229 4645 1651 4717 κατοικητήριον
1686 4638 1852 4713 ἠξιώ-

274 4749 376 4822 θης
403 4749 679 4818 γενέσθαι.

344 4842 456 4896 Καὶ
492 4836 574 4911 ἦν
609 4838 767 4905 αὐτῷ
796 4829 1355 4907 κεχρηματισμένον
1382 4826 1502 4886 ὑπὸ
1528 4823 1635 4881 τοῦ
1664 4823 1853 4879 11νεύ-

272 4950 459 5002 ματος
496 4930 602 4986 τοῦ
644 4931 819 5001 ἁγίου
851 4928 938 4998 μὴ
971 4925 1124 4983 ἰδεῖν
1160 4922 1442 4986 θάνατον,
1473 4917 1616 4987 πρὶν
1642 4914 1722 4970 ἂν
1753 4913 1853 4982 ιδῃ

274 5024 385 5076 τὸν
432 5020 692 5088 Χριστὸν
746 5018 990 5087 Kvplov.
1050 5015 1165 5069 Οὐκ
1217 5006 1372 5065 εἷπον
1431 5005 1723 5075 ἀνωτέρω,
1773 5002 1856 5054 ὅτι

277 5111 604 5187 προφητικῷ
631 5113 839 5182 ὄμματι
871 5110 1133 5179 ἀνέμενεν
1180 5107 1211 5159 ὁ
1237 5100 1551 5175 πρεσϐύτης
1580 5096 1680 5167 τὴν
1704 5092 1858 5187 παρά

277 5184 374 5258 τοῦ
432 5204 688 5275 Σωτῆρος
745 5201 1130 5273 παράκλησιν;
1191 5196 1322 5249 Ἰδοὺ
1371 5192 1549 5261 σαφὴς
1604 5187 1712 5241 τῶν
1753 5184 1860 5275 προ

278 5292 473 5349 τούτου
516 5274 793 5365 ῥηθέντων
827 5287 1121 5355 ἀπόδειξις.
1181 5278 1570 5349 ’Δπεκαλύφθη
1622 5275 1732 5345 γάρ
1782 5274 1860 5346 τῷ

282 5386 562 5458 προφήτῃ,
593 5385 779 5456 φησὶν,
801 5383 877 5447 ὡς
899 5382 1000 5436 οὐκ
1024 5379 1091 5434 ἂν
1121 5376 1318 5447 φθάσοι
1338 5373 1432 5428 τοῦ
1464 5370 1580 5443 βίον
1607 5368 1667 5421 τὸ
1687 5365 1864 5431 τέλος»

1952 4380 2135 4419 suram
2172 4363 2524 4435 exspectabat
2564 4361 2797 4432 spiritali
2826 4358 3011 4416 lsraeli
3034 4398 3052 4427 ,
3097 4373 3195 4429 per
3229 4356 3526 4413 Salvatoris

1954 4459 2248 4514 adventum
2277 4453 2728 4510 consolationem.
2762 4448 2830 4506 Et
2852 4448 3083 4521 Spiritus
3104 4457 3317 4503 sanctus
3336 4447 3524 4501 eratin

1954 4567 2034 4604 eo.
2066 4548 2262 4603 Beatus
2297 4561 2376 4611 es,
2411 4559 2447 4599 ο
2472 4559 2636 4599 senex
2661 4582 2679 4610 ,
2722 4540 2818 4614 qui
2847 4540 3020 4598 sancti
3050 4538 3286 4612 Spiritus
3317 4535 3528 4592 habita-

1958 4640 2137 4695 culum
2162 4635 2428 4694 merueris
2456 4634 2617 4692 et'lici.

2030 4820 2098 4874 Et
2129 4833 2432 4891 responsum
2461 4822 2733 4886 acceperat
2759 4830 2793 4867 α
2822 4810 3030 4882 Spiritu
3054 4814 3237 4862 sancto
3256 4846 3276 4873 ,
3318 4820 3426 4859 non
3454 4803 3531 4858 ei-

1958 4926 2143 4965 surum
2174 4926 2229 4964 se
2262 4917 2500 4973 mortem,
2528 4906 2633 4959 nisi
2671 4904 2818 4973 prius
2845 4900 3042 4955 uideret
3065 4898 3326 4954 Christum
3347 4894 3531 4949 Domi-

1959 5002 2013 5057 ni
2045 5002 2109 5055 ⁸⁸.
2157 4999 2350 5055 Nonne
2399 4998 2543 5054 bene
2594 4993 2847 5064 superius
2875 4990 3120 5045 dicebam
3145 5026 3161 5052 ,
3214 4985 3533 5057 prophetico

1958 5107 2149 5150 senem
2185 5092 2381 5146 obtutu
2412 5094 2736 5160 exspectare
2768 5083 3007 5137 futuram
3033 5094 3063 5134 a
3091 5077 3373 5133 Salvatore
3401 5089 3537 5130 con-

1960 5179 2322 5239 solationem?
2360 5179 2443 5235 En
2471 5176 2759 5249 perspicua
2790 5170 2945 5242 prius
2966 5168 3232 5224 dictorum
3262 5163 3532 5249 probatio.

1963 5272 2123 5336 Nam,
2164 5267 2360 5339 inquit,
2389 5247 2569 5321 fuerat
2594 5261 2894 5317 revelatum
2918 5254 3220 5328 prophetat,
3248 5266 3358 5306 non
3382 5247 3535 5339 prius

1964 5338 2253 5417 venturum
2276 5358 2400 5412 vita:
2437 5356 2601 5411 tinem
2626 5393 2643 5420 ,
2675 5364 2836 5421 quam
2867 5346 3078 5404 videret
3104 5341 3382 5401 Christum
3431 5338 3538 5393 Do-

351 5564 397 5597 “
432 5562 629 5621 Elech.
656 5576 799 5628 xuv,
832 5562 889 5617 2.
967 5560 1009 5591 ¹¹
1036 5556 1168 5613 ibid.
1194 5555 1287 5609 ﬂ.
1370 5552 1412 5586 ³¹
1437 5551 1478 5607 ll
1500 5549 1626 5604 Cor.
1655 5560 1772 5611 Vttt,
1797 5544 1851 5600 9.
1928 5542 1973 5575 "
1999 5540 2131 5597 ibid.
2156 5539 2249 5593 35.
2325 5535 2368 5569 “
2399 5531 2531 5589 ibid.
2561 5530 2652 5586 26.
