3906 6192
281 409 391 476 1585

1228 410 1483 471 SERMO
1521 410 1601 470 IN
1644 409 1947 469 MEDIAM
1979 396 2537 472 PENTECOSTEN.

3346 406 3481 473 1586

278 520 487 592 μετέχει,
510 518 584 583 ὡς
601 513 741 572 εἶναι
763 517 859 588 τὴν
874 517 1088 589 ἡμέραν
1107 521 1229 571 κατ’
1246 519 1531 590 ἀμφότερα
1546 519 1812 588 τιμᾶσθαι

1923 518 2185 588 particeps
2214 529 2296 574 est
2323 536 2337 585 ;
2374 519 2471 574 sed
2498 528 2554 574 et
2588 519 2872 590 utriusque
2891 564 2907 589 ,
2938 524 3139 579 veteris
3185 522 3389 593 pariter
3416 537 3481 577 ac

275 611 422 674 ἀξίαν.
443 609 503 664 ’0
529 610 629 680 μὲν
652 609 761 679 γὰρ
784 609 1025 671 Μωσέως
1052 608 1212 678 νόμος
1240 609 1318 678 τῷ
1347 609 1655 679 Ἰσραηλέτῃ
1699 605 1814 677 λαῷ

274 700 479 769 ἔφασκε·
511 700 836 764 Μεσούσης
866 698 979 765 τῆς
1008 696 1219 766 ἑορτῆς
1241 736 1256 761 ,
1287 697 1558 765 ποιήσεις
1596 696 1816 750 θυσίαν

275 791 443 857 Κυρίῳ
474 787 555 854 τῷ
595 788 716 854 Θεῷ
744 804 880 851 σου,
907 789 999 842 καὶ
1024 789 1092 842 τα
1120 788 1268 858 ἑξῆς.
1286 788 1502 858 Ἐπειδὴ
1531 788 1610 847 δὲ,
1633 785 1816 850 καθὼς

274 882 410 944 αὐτὸς
433 882 460 933 ὁ
480 880 683 949 Κύριος
709 880 840 949 rgo;
858 880 984 941 τοὺς
1009 878 1300 942 Ἰουδαίους
1329 878 1528 945 ἔφησεν
1551 895 1565 909 ο
1598 881 1666 931 ΕΖ
1698 878 1818 929 ἐπι-

275 973 548 1026 στεύσατε
563 971 818 1037 Μωυσεῖ,
828 971 1222 1025 ἐπιστεύσατε
1241 969 1317 1023 ἂν
1337 969 1467 1038 ἐμοί
1482 987 1494 999 ο
1517 970 1645 1036 περὶ
1669 968 1815 1036 ἐμοῦ

275 1063 368 1132 γὰρ
389 1062 616 1128 ἐκεῖνος
636 1062 930 1131 ἔγραψεν·
954 1062 1029 1126 ὡς
1050 1063 1346 1129 ἀναγκαῖον
1363 1060 1613 1113 ἐντεῦθεν
1636 1061 1814 1111 πάντα

273 1153 330 1205 τὰ
365 1152 603 1215 τυπικῶς
652 1153 710 1205 ὲν
759 1153 952 1222 ἐκείνῳ
996 1151 1379 1223 γεγραμμένα,
1420 1149 1812 1220 ἀλληγορικῶς,

272 1244 374 1314 ἢτοι
417 1242 705 1315 ἀληθινῶς,
742 1245 819 1305 εἰς
855 1243 950 1297 τὸν
999 1242 1203 1313 Κύριον
1248 1241 1648 1310 ἀναφέρεσθαιο
1721 1242 1817 1294 καὶ

271 1333 409 1387 τοῦτο
429 1335 490 1387 τὸ
521 1335 685 1406 μέρος
713 1336 792 1398 εἰς
819 1335 982 1388 αὑτὸν
1012 1335 1416 1404 γεγραμμένον,
1451 1333 1556 1386 ἔδει
1594 1334 1688 1386 καὶ
1715 1334 1818 1387 ὑπ’

270 1425 413 1478 αὑτοῦ
438 1418 754 1495 τιμηθῆναι.
771 1428 867 1497 ⁵Οὐ
899 1426 1006 1495 γὰρ
1034 1422 1185 1497 ἦλθε
1210 1425 1549 1480 καταλῦσαι
1582 1423 1690 1478 τὸν
1715 1426 1816 1479 νό-

269 1531 388 1587 μον,
413 1514 575 1569 ἀλλὰ
596 1515 809 1569 τοῦτον
827 1515 1160 1585 πληρῶσαι,
1189 1517 1281 1568 καὶ
1305 1516 1426 1569 ἀντὶ
1450 1516 1818 1585 στοιχειώδους

270 1608 353 1660 καὶ
398 1606 651 1671 ἀτελοῦς,
683 1607 1052 1678 πνευματικὸν
1100 1608 1195 1661 καὶ
1241 1607 1447 1660 τέλειον
1492 1607 1815 1676 ἀπεργάσα-

270 1698 401 1753 σθαι.

337 1792 445 1859 Τῆς
471 1793 650 1847 τοίνυν
682 1791 895 1861 ἑορτῆς
918 1792 1251 1860 μεσούσης,
1282 1788 1358 1853 ῶς
1383 1806 1544 1859 φησιν
1567 1789 1817 1860 Ἰωάννης

1917 624 2090 673 novae,
2123 618 2183 663 ut
2206 609 2403 664 merito
2428 625 2491 663 ex
2522 617 2753 679 utraque
2783 610 3045 681 honorem
3086 611 3300 666 habeat.
3343 611 3481 665 Nam

1917 695 2128 766 Moyses
2163 698 2381 767 quidem
2414 697 2471 751 in
2520 698 2666 752 hunc
2694 699 2916 754 modum
2950 700 3150 770 p0pulo
3189 700 3487 754 lsraelitico

1917 787 2170 841 sanciens
2199 788 2278 840 ait
2312 805 2325 841 :
2360 787 2530 841 Media
2556 789 2842 858 festivitate
2883 791 3043 859 facies
3077 792 3345 845 victimam
3380 791 3486 844 Do-

1916 878 2059 931 mino
2088 876 2192 929 Deo
2228 887 2337 939 tuo,
2371 886 2478 933 etc.
2514 875 2583 932 “.
2638 877 2774 943 Quia
2805 889 3013 944 autem,
3053 879 3193 934 sicut
3230 878 3488 933 Dominus

1916 966 2033 1035 ipse
2055 967 2256 1022 Judaeis
2279 967 2353 1022 ait
2390 985 2403 1021 :
2441 965 2499 1021 Si
2530 968 2879 1022 credidissetis
2903 968 3087 1039 Moysi,
3119 969 3247 1029 mihi
3286 983 3489 1038 quoque

1916 1060 2095 1129 utique
2110 1058 2456 1112 credidissetis
2476 1076 2489 1112 :
2510 1059 2572 1113 de
2600 1076 2679 1113 me
2704 1060 2839 1116 enim
2870 1058 2957 1119 ille
2976 1060 3181 1128 scripsit
3203 1058 3270 1114 δ’.
3287 1056 3500 1123 Qucum.

1914 1151 2207 1205 admodum
2234 1150 2363 1205 inde
2388 1150 2756 1208 necessarium
2790 1151 3095 1217 conficitur,
3128 1162 3187 1206 ut
3210 1148 3391 1204 omnia
3425 1148 3497 1208 in;

1916 1241 2033 1312 lege
2060 1256 2158 1312 per
2190 1241 2413 1312 ﬁguram
2445 1242 2643 1311 scripta
2667 1283 2684 1308 ,
2716 1242 3000 1312 allegorice
3025 1281 3041 1307 ,
3071 1257 3170 1297 seu
3201 1255 3318 1312 Ipsa
3348 1238 3495 1297 veri-,7

1919 1341 2050 1395 tate,
2100 1332 2157 1388 in
2190 1332 2476 1390 Dominum
2516 1332 2825 1387 referamur
2846 1373 2859 1397 ,
2888 1333 2962 1387 ita
2995 1343 3048 1388 et
3077 1341 3280 1402 partem
3318 1332 3482 1395 hanc,

1917 1438 2038 1492 quae
2069 1422 2124 1476 in
2157 1438 2283 1477 eum
2331 1423 2529 1494 scripta
2569 1432 2733 1489 esset,
2774 1423 2844 1478 ab
2881 1438 2947 1477 eo
2980 1436 3196 1492 quoque
3230 1422 3482 1476 honorari

1915 1515 2157 1584 oportuit
2182 1532 2197 1567 :
2228 1513 2348 1569 Non
2381 1515 2521 1568 enim
2551 1516 2689 1569 venit
2711 1514 2907 1569 solvere
2937 1514 3100 1584 legem
3124 1555 3141 1580 ,
3176 1513 3268 1567 sed
3309 1514 3487 1567 adimi.

1919 1606 2060 1675 plere
2088 1604 2154 1672 ⁸³,
2187 1613 2351 1675 atque
2378 1604 2766 1667 elementarem
2806 1619 2868 1659 ac
2896 1601 3303 1674 imperfectam,
3332 1602 3491 1673 spiri-

1922 1695 2083 1751 talem
2110 1703 2271 1765 atque
2293 1694 2589 1766 perfectam
2621 1694 2852 1750 efﬁcere.

1994 1786 2093 1840 Die
2121 1786 2286 1858 igitur
2312 1787 2443 1857 {esto
2467 1788 2749 1853 mediante,
2778 1788 2957 1859 inquit
2985 1786 3226 1843 Joannes
3270 1799 3494 1856 evange-

265 1885 291 1938 ὁ
314 1883 717 1955 εὐαγγελιστὴς,
752 1884 932 1949 ἀνέϐη
966 1887 999 1937 ό
1034 1882 1272 1950 Ἰησοῦς
1301 1884 1388 1947 εἷς
1412 1882 1475 1935 τὸ
1504 1881 1684 1949 ἱερὸν,
1722 1880 1818 1934 καὶ

1923 1878 2066 1944 lista,
2095 1879 2329 1933 ascendit
2349 1876 2498 1933 Jesus
2530 1879 2586 1932 in
2614 1880 2885 1950 templum,
2915 1890 2970 1935 et
2985 1879 3199 1943 docebat
3222 1878 3289 1933 “.
3317 1878 3493 1943 Quan-

265 1971 589 2026 ἐδίδασκεν.
620 1972 682 2025 ΕΞ
710 1971 818 2041 γὰρ
848 1972 942 2024 καὶ
984 1971 1084 2039 τῆς
1117 1970 1500 2040 Σκηνοπηγίας
1539 1962 1608 2039 ἦν
1633 1969 1815 2040 ἑορτὴ,

264 2063 344 2115 ὅτε
391 2060 666 2130 μεσούσης
712 2062 884 2130 αὐτῆς
924 2061 1093 2131 ἀνέϐη
1128 2062 1155 2113 ὁ
1186 2059 1391 2130 Ἰησοῦς
1419 2063 1499 2123 είς
1528 2060 1590 2113 τδ
1637 2060 1814 2132 ἱερόψ

266 2151 372 2205 ἀλλ’
403 2151 527 2221 ἐμοὶ
578 2150 674 2204 νῦν
719 2154 844 2221 περῖ
878 2151 1056 2214 τοῦτο,
1091 2150 1253 2220 μέσον
1289 2149 1553 2221 πολλαχοῦ
1575 2152 1673 2218 τῆς
1703 2151 1816 2204 Πα-

264 2244 412 2303 λαιᾶς
440 2244 535 2297 καὶ
567 2240 711 2306 Νέας
735 2242 1007 2312 διαθήκης
1034 2242 1316 2312 τιμᾶσθαι,
1336 2243 1364 2294 ὁ
1389 2243 1607 2306 σκοπὸς,
1628 2243 1703 2306 ὡς
1727 2245 1821 2297 καὶ⁵

264 2334 351 2387 ἐπὶ
381 2332 462 2403 τῷ
496 2333 641 2386 τέλει
669 2331 870 2404 προῖὼν
905 2332 1104 2399 ἔδειξεν
1138 2335 1166 2386 ὁ
1202 2333 1380 2401 λόγος.
1400 2332 1607 2402 Ἀνέϐη
1642 2333 1821 2387 τοίνυν

264 2427 296 2479 ό
326 2424 560 2490 Ἰησοῦς
588 2425 675 2489 εἰς
701 2423 771 2477 τὸ
800 2422 963 2492 ἱερὸν
997 2424 1093 2476 καὶ
1123 2421 1424 2478 ἐδίδασκε.
1455 2425 1691 2479 Πάντοτε
1716 2425 1822 2478 πᾶ-

265 2532 344 2570 σιν
377 2516 662 2585 ἐπωφελὴς
715 2516 811 2568 καὶ
854 2517 1119 2585 σωτήριος
1167 2515 1200 2585 ἡ
1246 2514 1481 2587 Χριστοῦ
1524 2517 1818 2587 παρουσία.

274 2606 358 2660 Ἐν
409 2606 540 2677 ἱερῷ
585 2605 862 2667 διδάσκει,
917 2606 1164 2675 φωτίζων
1209 2608 1335 2670 τοὺς
1376 2606 1713 2670 ἀκούονταςο
1765 2610 1822 2661 ὲν

262 2697 542 2759 πλατείαις
571 2696 992 2767 θαυματουργεῖ,
1016 2699 1143 2761 τοὺς
1169 2697 1524 2759 ἀσθενοῦντας
1555 2698 1784 2769 ἰώμενος
1802 2714 1819 2732 ο

261 2788 318 2840 ἐν
359 2788 681 2856 συμποσίοις
725 2788 886 2851 σώζει
940 2788 1298 2858 ἁμαρτωλοὺς
1349 2788 1773 2861 ἐπιστρέφοντας
1802 2805 1818 2820 ·

259 2881 316 2932 ἑν
361 2879 636 2942 τελωνίοις
681 2879 915 2950 ἁρπάζει
966 2880 1105 2948 πρὸς
1153 2880 1451 2950 μαθητείαν
1487 2882 1611 2943 τοὺς
1637 2879 1821 2951 ἅρπα-

257 2985 391 3037 γας·
439 2969 498 3021 ἐν
529 2968 736 3031 πλοίοις
775 2967 1082 3029 καθεύδων,
1109 2970 1484 3038 κατακοιμίζει
1532 2972 1597 3041 τῇ
1643 2972 1821 3024 ἐπιτι-

259 3060 423 3130 μήσει
475 3059 568 3112 τὸν
624 3058 908 3113 κλύδωνα·
968 3059 1140 3123 ἁλιεῖς
1193 3059 1426 3129 ἰχθύων,
1487 3061 1824 3132 σαγηνευτὰς

254 3151 593 3206 ἀναδείκνυσι
641 3151 870 3222 κόσμου,
903 3150 1046 3204 οὔτω
1085 3153 1141 3203 ὲν
1190 3152 1352 3204 παντὶ
1396 3153 1545 3222 τύπῳ
1586 3153 1817 3206 πάντοτε
1846 3196 1885 3222 ι,

254 3244 420 3296 πᾶσιν
451 3239 741 3310 ὲπωφελὴς
788 3241 884 3294 καὶ
922 3241 1185 3310 σωτήριος
1242 3243 1276 3310 ἡ
1326 3240 1562 3311 Χριστοῦ
1614 3259 1819 3313 παρουο

254 3333 366 3386 σία.
425 3332 565 3385 Ἀλλ’
600 3330 801 3399 ἴδωμεν
846 3331 975 3393 τοὺς
1027 3330 1352 3400 ἀγνώμονας
1410 3331 1717 3398 Ἰουδαίους,
1769 3333 1821 3386 τί

253 3423 364 3492 ἄρα
396 3422 462 3474 ὲκ
496 3421 594 3488 τῆς
624 3419 718 3472 τοῦ
752 3418 1003 3488 Σωτῆρος
1038 3419 1388 3482 διδασκαλίας
1428 3419 1819 3492 ὠφελήθησαν

255 3511 460 3581 μᾶλλον
504 3510 561 3564 δὲ
601 3510 728 3573 τοὺς
775 3509 884 3562 τῶν
924 3510 1193 3564 Ἰουδαίων
1242 3511 1542 3581 ἄρχοντας,
1593 3512 1822 3578 Οἵτινες

252 3591 371 3668 τὴν
399 3599 586 3664 δόξαν
625 3597 746 3653 τῶν
772 3598 1115 3668 ἀνθρώπων,
1155 3600 1308 3669 ὑπὲρ
1358 3600 1469 3667 τὴν
1498 3600 1687 3667 δόξαν
1716 3602 1822 3659 τοῦ

253 3692 408 3748 Θεοῦ
431 3734 446 3757 ,
489 3692 609 3763 ἦτοι
644 3690 703 3743 τὸ
748 3691 1059 3745 καλεῖσθαι
1130 3691 1325 3746 Ῥαὸϐὶ
1351 3733 1366 3756 ,
1414 3693 1818 3763 ἀγαπήσαντες,

250 3784 352 3852 τῆς
380 3783 547 3845 δντως
598 3781 969 3852 ἁναποόλήτου
1016 3779 1207 3852 δόξης,
1265 3781 1409 3850 λέγω
1462 3783 1546 3855 δὴ,
1597 3784 1699 3854 τῆς
1742 3784 1821 3849 είς

250 3874 491 3946 Χριστὸν
540 3873 794 3938 πίστεως,
828 3874 1053 3938 ἑαυτοὺς
1094 3873 1493 3944 ἀπεστέρησαν.
1556 3876 1710 3930 Ἐπεὶ
1739 3880 1822 3932 ὃτι

247 3968 317 4019 ὲκ
350 3963 448 4017 τοῦ
478 3965 715 4033 πλήθους
742 3965 919 4019 αὐτῶν
948 3965 1274 4019 ἐπίστευσαν
1298 3967 1396 4019 οὐκ
1436 3967 1607 4036 ὀλίγοι
1631 4008 1647 4032 ,
1693 3986 1822 4039 μετ-

247 4055 449 4109 ἔπειτα
486 4056 514 4109 ὁ
546 4054 934 4125 εὐαγγελιστὴς
966 4044 1247 4126 σαφηνίζει
1278 4056 1532 4124 φάσκωνσ
1574 4059 1675 4112 Ἕκ
1714 4058 1820 4113 τοῦ

243 4143 371 4203 οὖν
402 4146 613 4216 ὄχλου,
639 4147 858 4202 πολλοὶ
881 4148 1252 4203 ἐπίστευσαν
1272 4151 1361 4216 είς
1382 4150 1587 4204 αὐτόν.
1643 4153 1706 4205 Οἱ
1728 4148 1821 4209 οὖν

239 4239 318 4293 τὰ
350 4239 679 4310 ἀπρόσφορα
708 4239 837 4309 περὶ
882 4238 974 4291 τοῦ
1023 4239 1339 4294 διδασκάλου
1387 4240 1816 4314 ἐνθυμούμενοι,

238 4331 308 4384 τὸ
361 4330 619 4400 θεομισὲς
658 4329 870 4400 ὑπῆρχε
914 4328 1022 4382 τῶν
1067 4330 1370 4402 ἀρχιερέων
1421 4335 1516 4387 καὶ
1556 4350 1821 4406 γραμμα-

237 4427 391 4478 τέων
423 4425 519 4482 καὶ
546 4424 748 4477 λοιπῶν
777 4423 1052 4493 ἀρχόντων
1084 4424 1379 4495 συνέδριον,
1420 4426 1616 4490 οἵτινες
1672 4428 1820 4482 διδά-

1919 1983 2083 2040 quam
2133 1969 2280 2026 enim
2306 1962 2459 2049 dies
2492 1970 2666 2027 festus
2692 1971 3039 2042 Scenopegia:
3073 1980 3227 2035 erat,
3263 1986 3385 2026 eum
3425 1983 3512 2024 eo.

1924 2061 2197 2117 mediante
2240 2061 2397 2119 Jesus
2436 2064 2489 2117 in
2537 2063 2796 2133 templum
2831 2063 3114 2129 ascendit,
3164 2063 3269 2119 hoc
3311 2073 3492 2116 tamen

1920 2152 2094 2206 solum
2153 2153 2207 2207 in
2264 2155 2679 2225 prtesentiarum
2734 2154 2895 2209 velim
2930 2163 3251 2218 ostensum,
3308 2151 3492 2207 multis

1920 2242 2131 2300 Veteris
2153 2260 2307 2315 aeque
2352 2260 2416 2300 ac
2441 2244 2580 2299 Novi
2625 2242 2963 2300 Testamenti
3002 2244 3138 2300 locis
3163 2286 3180 2312 ,
3229 2243 3490 2298 honorem

1922 2336 2102 2390 medio
2142 2336 2352 2400 haberi,
2401 2336 2478 2391 uti
2529 2336 2691 2391 etiam
2720 2336 2895 2392 oratio
2933 2351 3192 2407 processu
3234 2337 3287 2389 in
3326 2334 3490 2388 finem

1921 2425 2176 2481 ostendit.
2205 2428 2454 2481 Ascendit
2487 2428 2669 2499 itaque
2704 2427 2854 2482 Iesus
2879 2429 2933 2482 in
2964 2427 3233 2497 templum,
3266 2434 3313 2480 et
3339 2423 3493 2478 docev

1922 2516 2031 2570 bat.
2065 2515 2329 2573 Omnibus
2350 2518 2494 2573 omni
2525 2518 2646 2573 loco
2674 2518 2824 2573 utilis
2845 2526 2927 2573 est
2948 2533 3014 2579 ac
3036 2516 3264 2571 salubris
3289 2513 3491 2568 ChriSIi

1923 2609 2209 2678 praesentia
2255 2609 2465 2664 Docens
2486 2610 2541 2664 in
2566 2610 2789 2679 templo,
2808 2609 3084 2664 auditores
3108 2607 3377 2661 illuminat
3404 2604 3451 2637 “
3470 2647 3486 2666 .

1923 2698 2175 2754 miracula
2208 2701 2265 2755 in
2295 2700 2501 2770 plataeis
2527 2710 2768 2770 patrans,
2807 2700 3053 2754 infirmos
3078 2706 3267 2765 sanat;
3312 2696 3494 2752 convi-

1921 2791 2025 2844 viis
2055 2790 2377 2846 assistens“
2401 2809 2416 2860 ;
2443 2800 2756 2862 peccatores
2782 2791 2851 2847 ad
2881 2791 3163 2863 meliorem
3197 2804 3494 2846 conversos

1923 2882 2129 2953 frugem
2147 2884 2319 2938 salvat
2335 2883 2410 2949 "’;
2433 2883 2485 2938 in
2505 2884 2720 2940 teloniis
2731 2892 2977 2955 raptores
2991 2882 3092 2938 sibi
3117 2882 3168 2936 in
3194 2881 3493 2952 discipulos

1921 2974 2158 3043 rapit“;
2187 2974 2240 3028 in
2258 2975 2484 3047 navigiis
2504 2976 2783 3031 dormiens
2802 2976 2870 3040 δ’,
2897 2983 3273 3045 tempestatem
3310 2973 3494 3027 incre-
3538 3033 3553 3055 κ

1924 3065 2104 3135 pando
2135 3067 2286 3120 sedat
2315 3085 2328 3121 :
2360 3067 2659 3136 piscatores
2688 3067 2945 3139 piscium,
2975 3065 3164 3135 mundi
3192 3064 3493 3135 piscatores

1924 3158 2051 3213 facit
2078 3160 2147 3223 ";
2178 3159 2256 3214 sic
2286 3160 2487 3231 ubique
2542 3146 2797 3216 omnibus
2834 3160 2983 3216 utilis
3030 3174 3093 3214 ac
3129 3157 3361 3213 salubris
3403 3156 3491 3212 illa

1921 3249 2120 3304 Christi
2161 3253 2446 3320 praesentia
2478 3260 2580 3307 est.
2633 3253 2906 3308 Caeterum
2961 3250 3246 3306 videamus
3285 3249 3491 3320 impro-

1921 3340 2019 3394 bos
2048 3338 2286 3403 Iudaeos,
2320 3341 2450 3409 quid
2477 3358 2543 3397 ex
2573 3342 2872 3396 Salvatoris
2924 3341 3174 3396 doctrina
3222 3340 3491 3396 commodi

1922 3431 2204 3484 consecuti
2242 3431 2391 3496 sint;
2426 3446 2522 3485 seu
2556 3432 2727 3503 magis
2753 3431 3061 3487 Judaeorum
3085 3431 3494 3501 principes,qui

1924 3517 2205 3584 nimirum,
2259 3520 2528 3573 hominum
2557 3518 2784 3590 gloriam
2814 3519 3089 3589 diligentes
3121 3519 3290 3588 magis
3334 3506 3493 3587 quam

1923 3609 2151 3680 gloriam
2180 3610 2275 3665 Dei
2312 3611 2358 3642 ⁸¹
2392 3652 2408 3676 ,
2433 3610 2538 3666 hoc
2562 3620 2665 3676 est,
2698 3612 2876 3667 vocari
2919 3610 3088 3665 Rabbi
3110 3612 3156 3644 "
3191 3625 3361 3675 ;vere
3405 3609 3491 3664 illa

1924 3700 2252 3755 inauferibili
2280 3700 2468 3773 gloria,
2512 3700 2638 3768 fide,
2675 3700 2916 3775 inquam,
2950 3700 3008 3755 in
3054 3699 3369 3768 Christum,
3401 3714 3490 3754 se-

1924 3790 2073 3863 ipsos
2102 3792 2406 3861 privarunt.
2440 3789 2596 3857 Quod
2625 3792 2771 3847 enim
2800 3806 2911 3846 non
2942 3790 3098 3862 pauci
3125 3806 3192 3846 ex
3231 3791 3323 3846 illo
3349 3798 3491 3847 cmtu

1922 3882 2270 3948 crediderint,
2289 3881 2527 3936 declarat
2542 3881 2883 3952 postmodum
2899 3881 3246 3954 evangelista,
3265 3882 3454 3939 dicens
3472 3899 3487 3934 :

1925 3971 2001 4029 De
2034 3973 2186 4027 turba
2223 3981 2401 4027 autem
2459 3974 2613 4028 multi
2650 3974 2981 4030 crediderunt
3026 3974 3082 4028 in
3136 3989 3252 4029 eum
3309 3973 3376 4029 ⁵³.
3440 3972 3481 4027 li

1923 4080 2051 4135 ergo
2079 4063 2171 4136 qui
2222 4063 2521 4121 inconsona
2553 4064 2621 4119 de
2645 4074 2976 4135 praeceptore
3003 4064 3333 4136 cogitabant,
3382 4062 3492 4120 Deo

1922 4153 2123 4212 ndihile
2151 4153 2443 4213 concilium
2472 4153 2601 4209 illud
2630 4163 2767 4222 erat,
2793 4153 3132 4225 pontiﬁcum,
3165 4154 3489 4216 scribarum.

1921 4258 1985 4298 ac
2005 4242 2333 4313 reliquorum
2363 4243 2675 4315 principum
2703 4260 2718 4309 ;
2742 4244 2833 4313 qui
2868 4243 3128 4298 nimirum
3153 4242 3381 4298 Domino
3403 4242 3508 4301 do-.

1922 4339 2098 4397 cente,
2127 4332 2381 4387 dicebant
2443 4349 2458 4387 :
2513 4332 2784 4398 Quomodo
2826 4330 2910 4384 hic
2966 4330 3170 4385 litteras
3207 4331 3322 4397 scit,
3375 4347 3495 4385 cum

1914 4438 2028 4493 pan
2053 4420 2297 4477 didicerit
2326 4423 2416 4478 ιιι
2453 4422 2733 4492 Ejusmodi
2758 4430 2939 4476 autem
2970 4436 3071 4476 vos
3117 4431 3173 4476 et
3218 4421 3492 4493 cOgitatiu,

239 4531 478 4578 σκοντος
509 4512 604 4567 τοῦ
637 4514 838 4584 Κυρίου
867 4513 1102 4582 ἔφασκον
1127 4528 1141 4544 ·
1172 4512 1293 4580 Πῶς
1316 4509 1495 4581 οὗτος
1516 4515 1819 4585 γράμματα

1925 4511 2245 4566 Iudaeorum
2291 4510 2660 4566 obedientiam
2700 4518 2942 4575 accusat,
2975 4510 3066 4581 qui
3112 4509 3247 4581 legis
3280 4525 3496 4579 semper

235 4601 421 4659 οἶδεν
441 4603 527 4673 μὴ
552 4604 940 4672 μεμαθηκώς;
988 4603 1053 4655 ἸΙ
1094 4603 1151 4656 δὲ
1204 4604 1426 4675 τοιαύτη
1458 4606 1607 4675 φωνή
1638 4623 1697 4659 τε
1725 4608 1821 4661 καὶ

233 4695 454 4756 ἔννοια,
491 4697 783 4765 κατηγορεῖ
811 4694 910 4763 τῆς
946 4694 1054 4747 τῶν
1104 4693 1368 4747 Ἰουδαίων
1414 4695 1697 4761 ἀνηκοΐας,
1744 4697 1822 4762 ὡς

231 4786 361 4847 τοῖς
390 4786 637 4853 νομικοῖς
667 4784 762 4837 καὶ
791 4785 1147 4853 προφητικοίς
1173 4782 1557 4856 πραγγέλμασι
1591 4784 1822 4839 πάντοτε

234 4874 493 4928 ὲνάντιοι
546 4875 824 4943 γεγόνασι.
877 4874 950 4926 Τὸ
1002 4873 1112 4944 γὰρ
1180 4875 1349 4943 φῆσαι
1396 4875 1628 4937 αὐτούς·
1691 4876 1824 4944 Πῶς

229 4961 437 5032 οὗτος
482 4964 789 5036 γράμματα
834 4962 959 5019 οἶδε
985 4964 1503 5035 μὴομεμιιθηκώςς
1553 4967 1826 5023 δείκνυσιν

166 5034 195 5053 ⁹
223 5057 323 5110 ὅτι
362 5058 433 5110 ὲκ
484 5055 745 5125 νομικῶν,
769 5056 888 5127 ἦτοι
912 5057 1296 5127 προφητικῶν,
1332 5058 1677 5129 γραμμάτων
1726 5059 1824 5131 τὴν

220 5145 604 5199 διδασκαλίαν
630 5146 660 5198 δ
688 5144 877 5214 Σωτὴρ
914 5144 971 5198 τὸ
1017 5145 1317 5215 τηνικαῦτα
1344 5144 1627 5217 ὲξύφηνεν.
1663 5147 1825 5201 Ὅθεν

220 5236 316 5301 ὡς
399 5234 466 5301 ἐξ
511 5235 804 5308 ἐγγράφων
852 5236 1217 5300 διδάσκοντος,
1268 5237 1468 5309 καίπερ
1521 5238 1826 5310 γράμματα

220 5330 318 5399 μὴ
386 5328 725 5399 μεμαθηκὼς
754 5369 770 5390 ,
832 5329 958 5399 περὶ
1013 5329 1173 5381 αὑτὸν
1231 5329 1505 5401 φθονερῶς
1565 5332 1657 5400 (οὐ
1718 5332 1828 5402 γὰρ

216 5419 703 5491 Θαυμαστικῶς),
746 5421 1083 5491 ἐξιστάμενοι
1135 5420 1402 5490 ἔφασκον
1459 5420 1587 5489 Πῶς
1644 5419 1826 5489 οὗτος

211 5508 564 5581 γράμματα
597 5510 758 5564 οἶδεν
784 5510 871 5579 μὴ
896 5509 1293 5581 μεμαθηκώςς
1321 5509 1382 5562 Ei
1412 5510 1518 5579 γὰρ
1559 5509 1634 5581 μὴ
1665 5509 1824 5564 τοῦτο

1926 4618 1989 4658 ac
2002 4603 2389 4673 prophetarum
2417 4601 2687 4657 mandatis
2708 4599 2909 4655 fuerint
2936 4600 3224 4656 adversati.
3256 4600 3495 4670 Dicendi

1927 4694 2096 4760 enim,
2122 4692 2391 4759 Quomodo
2428 4694 2514 4748 hic
2542 4694 2639 4746 scit
2663 4694 2895 4760 litteras,
2926 4709 3045 4747 cum
3070 4708 3172 4746 non
3208 4691 3503 4759 didicerim

1928 4790 2114 4853 aperte
2162 4783 2424 4851 indicant,
2453 4792 2583 4839 tunc
2604 4784 2893 4839 Dominum
2915 4799 2983 4839 ex
3009 4782 3227 4858 scriptis
3258 4782 3389 4852 legis
3430 4796 3495 4850 ac

1929 4874 2338 4945 prOphetarnm,
2372 4873 2719 4931 contexnisse
2744 4873 3072 4951 doctrinam.
3105 4870 3260 4942 Quod
3288 4872 3515 4941 itaque,“

1929 4978 1996 5017 ex
2027 4963 2322 5033 Scripturis
2351 4965 2594 5032 docei'ct,
2627 4978 2939 5036 quanquam
2962 4978 3072 5021 non
3102 4963 3369 5018 didicerat
3399 4963 3492 5017 lit-

1932 5064 2093 5121 teras,
2132 5056 2334 5112 invidia
2361 5059 2414 5112 in
2449 5057 2629 5130 ipsum
2665 5058 2789 5129 (nec
2812 5056 2958 5113 enim
2989 5053 3366 5124 admiratione)
3392 5055 3492 5108 oh-

1931 5152 2213 5215 stupcntes
2231 5146 2487 5201 dixerunt
2518 5163 2531 5199 :
2562 5143 2831 5210 Quomodo
2863 5146 2947 5209 hic
2984 5145 3080 5205 scit
3108 5143 3330 5209 litteras,
3373 5159 3492 5195 cum

1929 5250 2032 5288 non
2060 5235 2299 5289 didicerit
2334 5238 2359 5292 7
2406 5235 2685 5305 Siquidem
2712 5236 2879 5300 enim,
2912 5251 3070 5297 secus
3103 5250 3193 5290 res
3236 5233 3488 5296 habebat,

1926 5341 2251 5398 novamque,
2277 5335 2439 5397 atque
2466 5328 2731 5381 hactenus
2751 5327 3008 5398 ignotam,
3043 5343 3219 5398 neque
3247 5326 3521 5397 Scriptua

1931 5419 2005 5473 ris
2035 5419 2287 5473 traditam
2340 5418 2643 5474 doctrinam
2688 5419 3015 5490 exponebat,
3051 5420 3250 5475 frustra
3280 5418 3495 5494 .fuisset

1929 5509 2018 5564 ille
2043 5518 2254 5581 stupor,
2285 5509 2428 5581 quod
2461 5525 2568 5565 non
2613 5509 2779 5566 sciret
2810 5509 3038 5566 littei'as.
3070 5509 3144 5565 Ea
3173 5525 3302 5565 vero
3342 5509 3507 5581 cogis

306 5667 361 5697 “
406 5664 581 5719 Exod.
607 5681 713 5723 xm.
748 5666 839 5721 2:2.
916 5665 960 5696 “
988 5665 1146 5721 Joan.
1177 5682 1230 5731 ν,
1262 5665 1352 5720 46.
1429 5664 1473 5696 ⁵³
1495 5665 1683 5719 Matth.
1713 5683 1765 5728 ν,
1796 5666 1819 5720 1

1957 5664 2003 5696 δ’
2018 5663 2179 5724 Joan.
2204 5685 2300 5733 vn,
2330 5668 2414 5723 Ιιῑ.
2492 5670 2534 5699 ⁸⁵
2560 5668 2718 5724 Joan.
2748 5683 2840 5720 vn.
2876 5667 2959 5723 M.
3037 5667 3081 5700 “
3107 5666 3269 5723 Marc.
3299 5684 3371 5734 νι,
3403 5668 3490 5724 56.

202 5735 268 5777 θ’
305 5735 455 5790 Luc.
491 5751 587 5801 νει,
619 5736 707 5789 48.
783 5733 826 5768 “
844 5735 1037 5789 Matth.
1066 5752 1138 5798 xi,
1170 5736 1222 5790 9.
1300 5733 1344 5767 ⁸⁸
1367 5734 1549 5791 Matth.
1580 5752 1697 5801 vttt,
1725 5736 1813 5790 ‘26.

1923 5734 2143 5792 'Matth.
2176 5754 2249 5804 νι,
2273 5742 2326 5794 9.
2402 5737 2442 5768 ⁸¹
2476 5738 2631 5793 Joan.
2657 5755 2751 5804 xu,
2783 5738 2869 5794 45.
2946 5739 2991 5771 ⁵³
3018 5736 3206 5792 Matth.
3252 5733 3404 5803 χχιιι,
3440 5738 3503 5804 λ,

207 5809 274 5843 ³³
314 5804 493 5859 Joan.
526 5823 620 5874 vn,
656 5807 743 5862 5|.
821 5806 865 5838 “
893 5803 1051 5860 Joan.
1091 5821 1185 5870 vn,
1221 5805 1305 5859 15.
