3906 6192
370 214 506 280 μοι)
564 247 573 255 -

1348 219 1653 277 LEONTll
1702 219 2209 279 NEAPOLI’l‘ANl
2270 219 2609 279 El‘lSCOi'I

3504 217 3639 281 1506

368 328 567 383 mentis
595 330 877 399 proposito
913 329 1162 385 instructi
1209 340 1412 393 essent,
1450 332 1937 401 reprehensionum
1969 387 1972 396 ε

2064 349 2166 386 ὀν.
2200 332 2389 386 Ταῦτα
2433 333 2718 404 εἰρηκότος
2739 375 2753 399 ,
2791 334 3030 404 σώςρονι
3067 333 3319 404 λογισμῷ
3349 333 3644 402 ἐννοήσατε

370 417 702 481 libertatem,
751 418 858 472 nisi
900 432 1023 473 esse
1050 434 1179 472 vere
1216 418 1496 474 Christum
1523 422 1945 491 cognovissent;

371 523 481 562 nou
518 524 582 563 ea
611 524 733 578 qua:
763 508 1080 564 dicerentur
1116 509 1285 564 fuisse
1323 509 1546 565 silentio
1576 525 1640 565 ac
1664 512 1783 566 sine
1805 523 1945 568 stre-

373 602 486 668 pitu
510 610 868 671 suscepturos
897 617 913 666 ;
950 616 1057 654 nou
1095 603 1274 655 tardos
1292 602 1431 656 adeo
1461 603 1673 658 futuros
1702 607 1771 657 ad
1812 606 1950 659 iram

373 689 438 753 ⁸⁸,
465 691 554 759 qui
580 689 659 745 sic
684 689 878 743 veloces
895 699 1049 743 erant
1081 691 1152 743 ad
1169 690 1536 759 effundendum
1550 692 1859 760 sanguinem
1883 691 1948 745 ⁸³.
1974 690 1977 693 ’

374 778 741 841 Quamobrem
813 779 1039 849 cognito
1105 780 1250 848 quod
1296 794 1327 833 e
1368 795 1429 834 re
1473 789 1631 845 erat,
1678 796 1742 835 ac
1788 796 1953 851 supra

375 867 598 921 modum
626 868 880 922 admirati
914 868 1243 932 doctrinam,
1266 870 1420 924 multi
1448 871 1824 933 crediderunt.
1860 870 1954 926 Vi-

375 956 749 1024 des,dilecte,
801 962 1108 1028 praesentiae
1156 962 1359 1015 Christi
1399 962 1453 1015 in
1500 962 1704 1032 templo
1748 963 1957 1017 linem?

378 1045 542 1102 Vides
574 1049 840 1103 doctrina:
896 1066 1061 1120 quam
1113 1053 1397 1121 proposuit
1434 1053 1670 1108 fructum
1721 1052 1746 1106 ?
1792 1053 1956 1107 Vides

375 1137 505 1207 quid
534 1139 579 1193 is
591 1140 893 1209 negotiatus
906 1142 1199 1211 (εδει-ἧι,ᾳυὶ
1222 1143 1330 1196 vult
1345 1160 1521 1197 omnes
1545 1144 1716 1199 salvos
1732 1144 1850 1212 ﬁeri
1864 1144 1911 1177 ⁸³
1934 1145 1958 1197 ?

374 1226 605 1291 Idcirco,
642 1231 733 1299 qui
775 1233 954 1285 omnia
1019 1233 1161 1285 nouit
1212 1234 1523 1303 priusquam
1574 1235 1708 1303 fiant
1755 1234 1823 1300 “,
1876 1235 1957 1290 le-

379 1329 465 1375 sto
494 1320 584 1374 illo
611 1320 700 1376 die
729 1322 1022 1384 mediante,
1052 1323 1145 1391 qui
1175 1331 1293 1377 erat
1326 1324 1696 1394 Scenopegiaa,
1727 1341 1959 1395 propere

378 1408 446 1463 ad
472 1409 735 1479 templum
770 1409 1211 1479 venit,cumjam
1236 1424 1330 1463 eos
1355 1410 1445 1478 qui
1477 1411 1723 1465 salvandi
1750 1421 1956 1476 esseut,

381 1501 610 1569 przescia
641 1500 946 1554 divinitatis
995 1515 1220 1572 sagena,
1251 1509 1378 1555 ante
1401 1516 1559 1555 suum
1589 1500 1644 1554 in
1696 1501 1827 1555 illud
1867 1502 1962 1555 ad-

381 1601 627 1656 ventum,
656 1592 1035 1648 conclusisset.

2047 441 2162 488 τες,
2195 426 2277 478 ὅτι
2331 424 2505 488 οὕτως
2537 424 2673 496 πρὸς
2706 427 2798 479 τὸν
2834 426 2955 477 κατ’
3006 425 3168 478 αὑτοῦ
3206 426 3371 494 φόνον
3412 424 3647 491 ὲξωπὶι-

2051 514 2240 582 σμένοι
2273 516 2339 583 τῇ
2376 513 2693 584 προαιρέσει
2731 514 2781 566 οἱ
2830 513 3116 582 ἄρχοντες,
3157 514 3208 565 εί
3258 512 3339 582 μὴ
3396 511 3646 579 ἔγνωσαν

2050 604 2214 658 αὐτὸν
2262 604 2352 657 τὸν
2398 605 2630 674 Χριστὸν
2663 603 2878 674 ἀληθῶς
2925 599 3088 668 εἶναι,
3139 603 3240 655 οὐκ
3286 603 3356 656 ἂν
3406 602 3648 671 ﬂventa-1

2050 694 2159 747 τῶν
2190 695 2429 765 ἑλέγχων
2461 695 2559 767 τὴν
2589 696 2933 767 παρρησίαν·
2964 696 3067 748 οὐκ
3110 694 3176 748 ἂν
3207 694 3393 765 ἡσυχῆ
3432 694 3647 746 κατεδέο

2054 784 2213 851 ξαντο
2262 786 2330 838 τὰ
2374 784 2676 855 λεγόμεναο
2731 786 2833 837 οὐκ
2881 785 2947 838 ἂν
2992 784 3196 853 ταχεῖς
3267 784 3457 849 ὄντες
3509 784 3648 850 πρὶς

2054 873 2316 943 αἱμάτων
2369 875 2664 945 ἔκχυσιν,
2720 875 2897 940 οὕτως
2948 876 3199 944 ,ϐραδεῖς
3254 876 3416 945 πρὸς
3479 876 3650 942 ὁρτὰς

2054 965 2427 1032 διετέθησαν.
2461 966 2625 1020 Ὅθεν
2655 965 2716 1019 τὸ
2762 966 2880 1020 δέον
2926 967 3269 1034 ἐπιγνόντες.
3304 966 3407 1020 καὶ
3447 966 3553 1035 τὴν
3585 965 3651 1016 διο

2054 1056 2353 1109 δασκαλίαν
2418 1057 2977 1125 ὑπερθαυμάσαντες,
3031 1056 3219 1108 πολλοὶ
3292 1056 3651 1108 ἐπίστευσα-ι.

2073 1144 2258 1216 Ὁρᾷς,
2291 1147 2568 1215 ἁγαπητὲ,
2600 1147 2662 1199 τὸ
2694 1148 2869 1217 πέρας
2908 1146 3004 1215 τῆς
3039 1149 3097 1199 ὲν
3121 1146 3197 1216 τῷ
3221 1145 3363 1216 ἱερῷ
3389 1144 3498 1198 τοῦ
3530 1145 3654 1213 Χρι-

2061 1234 2188 1287 στοῦ
2220 1237 2556 1305 παρουσίας;
2615 1236 2747 1306 ὁρᾷς
2793 1236 2886 1289 τὶν
2918 1235 3132 1305 καρπὸν
3178 1235 3281 1305 τῆς
3320 1233 3658 1304 παρατεθεῇ

2060 1340 2161 1391 σης
2213 1322 2591 1392 διδασκαλίαςς
2663 1325 2889 1393 βλέπεις
2942 1325 3039 1395 τὴν
3092 1323 3506 1395 πραγματείαν
3579 1324 3659 1374 τοῦ

2062 1414 2293 1468 πάντοτε
2340 1416 2569 1481 πάντας
2600 1416 2885 1482 θέλοντος
2927 1410 3485 1482 σωθῆναι;Τούτου
3517 1413 3661 1480 χάριν

2063 1508 2097 1560 δ
2124 1505 2321 1560 πάντα
2354 1507 2666 1576 γινώσκων
2705 1505 2850 1572 πρὶν
2895 1504 3190 1574 γενέσεως
3240 1502 3493 1564 αὐτῶν,
3529 1501 3661 1552 ἐπεί-

2064 1597 2166 1667 χθη
2195 1596 2524 1651 καταλασετν
2558 1596 2620 1649 τὸ
2654 1596 2796 1665 ἱερὸν
2827 1595 2926 1662 τῆς
2959 1594 3078 1647 τότε
3111 1594 3317 1663 ἑορτῆς
3362 1591 3661 1662 μεσοῦσης,

379 1685 502 1752 ἥτις
555 1680 625 1756 ἦν
654 1684 751 1754 τῆς
781 1684 1186 1755 Σκηνοπηγίας,
1213 1684 1338 1749 τοὺς
1369 1683 1610 1755 σωθῆναι
1662 1683 1957 1757 μέλλοντας
1993 1688 2058 1758 τῇ
2092 1689 2475 1760 προγνωστικῇ
2500 1687 2712 1759 σαγήνῃ
2738 1687 2838 1755 τῆς
2866 1685 3139 1755 Θεότητος,
3169 1683 3280 1753 πρὸ
3346 1682 3459 1734 τοῦ
3526 1682 3662 1735 ἀνελ-

381 1779 496 1831 θεῖν
525 1780 603 1840 είς
635 1778 695 1831 τὸ
725 1777 868 1847 ἱερὸν
900 1778 1270 1845 περικλείσας.

456 1864 609 1919 llunc
636 1874 857 1935 quoque
876 1880 979 1920 nos
1008 1864 1252 1929 modum,
1276 1874 1602 1936 praesentem
1632 1865 1963 1936 Medimpen-

2136 1864 2295 1920 οὕτω
2325 1864 2419 1917 καὶ
2462 1865 2625 1935 ἡμεῖς
2668 1863 2769 1936 τὴν
2817 1864 3103 1936 παροῦσαν
3131 1863 3362 1936 ἡμέραν
3404 1864 3521 1932 τῆς
3571 1865 3666 1917 lle.

385 1964 624 2010 tecostes
648 1955 794 2010 diem
832 1954 1197 2017 celebremus,
1248 1956 1615 2026 suscipientes
1664 1956 1962 2012 Salvatoris

383 2046 710 2109 doctrinam,
729 2062 792 2101 ac
809 2048 1366 2117 aversati-nequitiam
1384 2048 1712 2119 principum
1744 2048 1962 2103 Judaeu-

388 2154 535 2203 rum,
568 2154 775 2209 eosque
816 2140 1033 2194 tandem
1068 2140 1288 2206 imitati,
1346 2141 1439 2209 qui
1472 2140 1692 2196 Christo
1734 2138 1964 2195 Domino

386 2230 757 2286 crediderunt.
784 2229 855 2286 Ut
884 2238 1069 2285 autem
1099 2231 1293 2299 majori
1331 2232 1558 2287 honoris
1631 2231 1852 2286 cumulo
1877 2231 1963 2285 di-

387 2336 551 2390 gnum
595 2321 912 2375 noverimus
931 2320 1470 2391 Meditepentecostes
1490 2322 1658 2387 diem,
1681 2322 1771 2376 ubi
1799 2336 1966 2392 pauca

388 2408 457 2463 de
480 2407 659 2463 medio
695 2407 1013 2475 dixerimus,
1034 2407 1198 2463 linem
1226 2408 1448 2464 dicendi
1476 2407 1755 2464 faciemus.

468 2585 559 2639 Ait
608 2584 792 2654 itaque
832 2583 1002 2640 David
1037 2587 1106 2640 ad
1132 2586 1304 2640 Deum
1345 2605 1359 2640 :
1396 2585 1460 2639 In
1493 2586 1661 2640 medio
1720 2586 1971 2640 Εεείρεὶω

394 2676 623 2730 laudabo
677 2686 728 2730 te
760 2676 829 2730 ⁸³.
862 2678 950 2741 Ει,
999 2676 1263 2745 Operatus
1319 2686 1395 2731 est
1428 2678 1655 2731 salutent
1692 2678 1748 2731 in
1803 2680 1971 2732 medio

395 2777 550 2823 terra
570 2768 638 2824 “.
673 2767 931 2823 Salomon
964 2783 1092 2823 vero
1121 2768 1379 2823 didicisse
1410 2784 1467 2823 se
1506 2769 1583 2823 ait
1621 2786 1649 2822 a
1677 2771 1968 2838 sapientia,

394 2858 610 2914 Initium
641 2868 690 2914 et
720 2860 1222 2914 consummationem
1249 2900 1263 2922 ,
1298 2870 1346 2913 et
1395 2860 1725 2913 medietatem
1773 2871 1972 2929 tempo-

398 2969 516 3007 rum
544 2952 612 3007 ⁸⁷.
650 2952 904 3009 Habacuc
934 2955 1098 3008 etiam
1134 2953 1189 3006 in
1219 2954 1436 3007 cantico
1469 2969 1483 3005 :
1527 2950 1595 3005 In
1633 2953 1805 3006 medio
1839 2953 1975 3006 duo-

399 3060 550 3098 orum
573 3045 892 3098 animalium
943 3045 1271 3114 cognosceris
1313 3044 1380 3096 ⁸⁸.
1460 3042 1617 3098 Alius
1662 3044 1791 3098 ittm
1855 3059 1976 3113 pro-

2064 1955 2502 2025 σοπεντηκοστῆς
2553 1955 2923 2027 ἑορτάσωμεν,
2966 1956 3069 2026 τὴν
3115 1953 3212 2008 τοῦ
3267 1955 3558 2023 Σωτῆρος
3604 1956 3671 2007 διε-

2060 2044 2358 2100 ὃασκαλίαν
2408 2044 2794 2115 προσιέμενοι,
2840 2046 2939 2115 τὴν
2986 2045 3311 2114 φαυλότητα
3385 2045 3515 2097 τῶν
3583 2048 3663 2114 ἀρ·

2063 2137 2267 2209 χόντων
2291 2136 2400 2189 τῶν
2438 2135 2707 2190 Ἰουδαίων
2765 2137 3234 2207 ἀποστρεφόμενοι
3262 2176 3280 2200 ,
3322 2136 3469 2197 τοὺς
3528 2152 3674 2189 azm-

2067 2228 2366 2291 στευκότας
2408 2229 2487 2299 τῷ
2522 2228 2772 2299 Δεσπότῃ
2800 2228 3022 2299 Χριστῷ
3062 2228 3517 2297 ἐκμιμούμενοι.
3568 2227 3675 2281 Ἵνα

2065 2323 2121 2377 δὲ
2154 2320 2412 2376 ἑπιπλέον
2441 2319 2659 2391 γνῶμεν
2684 2321 2849 2391 τιμῆς
2876 2319 3032 2384 ἀξίαν
3075 2321 3177 2389 τὴν
3219 2318 3329 2387 τῆς
3381 2320 3674 2372 Msenatu-

2065 2412 2339 2483 τηκοστῆς
2381 2412 2617 2481 ἡμέραν,
2648 2410 2806 2479 ὀλίγα
2857 2410 2985 2479 περὶ
3034 2410 3338 2480 μεσότητος
3396 2410 3677 2475 εἰπόντες,

2067 2502 2160 2556 τὸν
2203 2502 2362 2571 λόγον
2391 2501 2853 2573 καταπαύσωμεν.

2138 2594 2307 2662 Λέγει
2349 2594 2529 2647 τοίνυν
2571 2592 2736 2646 Δαϐὶδ
2780 2591 2917 2663 πρὸς
2968 2588 3060 2642 τὸν
3107 2589 3241 2641 Θεὸν
3267 2604 3288 2618 ·
3351 2590 3468 2641 Ἐν
3511 2590 3679 2659 μέσῳ

2071 2683 2440 2751 Ἐκκλησίας
2491 2682 2743 2750 ὑμνήσω
2777 2696 2871 2735 σε.
2911 2677 3451 2746 Καὶ,-Ε1ργὰσατο
3486 2697 3675 2745 σωτη

2062 2774 2206 2844 ρίαν
2241 2773 2310 2827 ὲν
2340 2772 2512 2843 μέσῳ
2554 2770 2663 2839 τῆς
2693 2770 2827 2840 γῆς.
2868 2770 3007 2837 Φησὶ
3032 2768 3089 2820 δὲ
3123 2771 3152 2820 ὁ
3190 2767 3504 2837 Σαλομὼν,
3546 2770 3679 2821 6&6.-

2071 2864 2267 2936 δὰχθαι
2309 2864 2463 2936 ⁸τιθαρά
2506 2863 2602 2933 τῆς
2647 2860 2860 2931 σοφίας,
2914 2859 3139 2927 Ἀρχὴν
3182 2858 3284 2911 καὶ
3334 2861 3535 2923 τέλος
3589 2861 3680 2912 καὶ

2067 2955 2377 3025 μεσότητα
2392 2955 2647 3023 χρόνων.
2686 2952 2748 3006 '0
2800 2952 2860 3004 δὲ
2904 2950 3237 3020 Ἀμϐακοὺμ
3290 2951 3356 3002 ὲν
3412 2954 3487 3021 τῇ
3529 2951 3645 3021 ᾠδῇ
3671 2969 3686 2980 ν

2075 3049 2181 3102 Ἐν
2201 3048 2370 3117 μέσῳ
2402 3046 2512 3099 δύο
2540 3043 2697 3105 ζώων
2724 3041 3074 3113 γνωσθήσῃ.
3107 3043 3419 3112 Προφήτης
3467 3043 3531 3095 δὲ
3561 3044 3688 3095 ἓτε-

400 3134 567 3204 plteta
597 3151 612 3187 :
638 3134 775 3188 Ecce
831 3151 925 3204 ego
951 3134 1100 3188 venio
1121 3143 1170 3186 et
1192 3133 1440 3187 habitabo
1455 3134 1508 3186 in
1527 3135 1697 3188 medio
1719 3135 1795 3187 tui
1815 3135 1885 3189 ⁸⁹.
1908 3133 1972 3189 Et

2083 3158 2174 3212 ρος
2198 3157 2212 3171 ·
2252 3139 2407 3195 Ἰδοὺ
2452 3137 2700 3207 ἔρχομαι
2738 3137 2836 3190 καὶ
2879 3136 3346 3202 κατασκηνώσω
3385 3135 3459 3187 ἐν
3500 3136 3687 3202 μέσῳ

398 3226 597 3280 iterum
626 3243 638 3279 :
671 3224 776 3279 Ero
814 3226 867 3279 in
895 3225 1068 3296 gloria
1089 3226 1143 3279 in
1177 3225 1348 3279 medio
1380 3225 1449 3280 ".
1481 3225 1745 3280 Dominus
1788 3241 1921 3280 vero
1955 3244 1970 3281 :

2079 3204 2219 3293 σου,
2249 3231 2396 3299 λέγει
2440 3204 2664 3299 Κύριος.
2701 3228 2809 3280 Καὶ
2842 3228 3004 3281 πάλιν
3027 3242 3041 3256 ·
3085 3229 3193 3291 Εἰς
3225 3226 3431 3288 δόξαν
3458 3226 3690 3293 ἔσομαι

404 3316 513 3387 Ego
560 3333 679 3371 sum
726 3317 784 3372 in
815 3318 988 3372 medio
1027 3326 1253 3371 uestrum
1292 3317 1424 3370 sicut
1453 3317 1543 3386 qui
1589 3318 1855 3371 ministrat
1906 3319 1973 3373 ⁹¹.

402 3407 523 3478 Ipse
548 3409 733 3472 etiam,
756 3424 875 3462 cum
897 3418 1066 3463 essent
1094 3408 1350 3478 discipuli
1379 3410 1701 3480 congregati,
1730 3411 1872 3464 stetit
1923 3411 1978 3464 in

403 3498 573 3551 medio
600 3513 779 3552 eorum
812 3499 859 3531 "
890 3514 906 3563 ;
960 3513 1139 3568 neque
1194 3498 1247 3553 id
1289 3498 1480 3559 semel.
1511 3498 1608 3553 sed
1662 3506 1717 3553 et
1755 3499 1977 3555 iterum.

402 3587 642 3644 Joannes
660 3604 880 3659 quoque
930 3588 1171 3658 Baptista
1221 3606 1236 3643 :
1297 3590 1505 3645 Medius
1558 3598 1784 3644 vestrum
1814 3592 1978 3657 stetit,

404 3696 561 3750 quem
588 3696 680 3735 vos
732 3681 943 3735 nescitis
976 3680 1023 3712 ”
1056 3695 1074 3735 :
1107 3678 1318 3746 Quibus
1348 3695 1459 3733 non
1495 3680 1549 3735 id
1582 3689 1788 3735 tantum
1815 3681 1983 3752 signi-

405 3772 552 3838 ticat,
575 3786 697 3826 esse
725 3771 933 3834 Jesum,
957 3771 1013 3825 in
1038 3771 1220 3827 medio
1241 3772 1438 3835 turbae,
1496 3772 1614 3836 sed,
1640 3771 1837 3841 inquit,
1869 3786 1982 3827 me-

403 3863 530 3920 dius
557 3872 803 3918 vestrum
834 3872 919 3918 est
936 3873 991 3917 et
1026 3864 1142 3928 Dei,
1201 3864 1257 3918 in
1302 3870 1531 3933 utraque
1560 3861 1884 3928 substantia,
1925 3865 1979 3917 in

407 3953 611 4023 quibus
661 3954 895 4019 exsistit,
940 3955 1244 4010 divinitatis
1291 3970 1355 4009 ac
1393 3955 1769 4017 humanitatis,
1819 3956 1983 4010 simili

411 4045 600 4100 ambas
636 4045 955 4115 complexus
985 4046 1185 4101 virtute
1215 4063 1228 4099 :
1256 4054 1419 4116 atque
1454 4055 1513 4101 ut
1562 4047 1637 4100 ait
1661 4046 1979 4116 Apostolus:

415 4137 557 4195 Unus
589 4136 749 4201 Deus,
770 4152 903 4191 unus
927 4145 976 4190 et
1011 4138 1271 4192 mediator
1306 4139 1403 4192 Dei
1435 4148 1482 4192 et
1515 4139 1801 4203 hominum,
1832 4140 1984 4193 homo

409 4230 648 4286 Christus
677 4228 833 4285 Iesus
855 4231 923 4283 “.
949 4231 1159 4287 Idcirco
1181 4233 1346 4304 igitur
1376 4231 1519 4286 Deus
1550 4240 1671 4286 est.
1706 4231 1824 4285 Non
1837 4232 1985 4286 enim

411 4328 558 4375 esset
602 4320 887 4385 mediator,
941 4328 1001 4374 ut
1037 4329 1185 4375 esset
1238 4330 1449 4375 tantum
1491 4320 1655 4375 homo
1704 4336 1719 4386 ;
1780 4335 1843 4375 ac
1884 4334 1986 4374 nee

413 4423 450 4467 e
473 4424 760 4474 converso,
793 4420 855 4464 ut
885 4419 1095 4465 tantum
1114 4412 1255 4466 Deus
1286 4421 1452 4466 esset.
1504 4410 1630 4465 Ideo
1673 4418 1852 4464 autem
1904 4417 1988 4463 est

2075 3322 2145 3375 ἐν
2166 3321 2333 3388 μέσῳ
2361 3318 2576 3388 αὐτῆς.
2598 3319 2706 3371 Καὶ
2731 3320 2759 3371 ὁ
2785 3317 2989 3387 Κύριος
3008 3330 3024 3346 ’
3070 3316 3223 3385 Ἐγώ
3251 3319 3381 3385 ειμι
3416 3317 3497 3369 ἐν
3517 3316 3703 3387 μέσῳ

2076 3409 2244 3479 ὑμῶν
2281 3412 2362 3476 ὠς
2395 3412 2429 3463 ὁ
2467 3407 2783 3464 διακονῶν.
2824 3408 2882 3462 '0
2911 3408 2957 3462 δ’
2998 3407 3190 3481 αὐτὸς,
3239 3406 3366 3460 τῶν
3389 3407 3708 3476 μαθητῶν·

2078 3500 2494 3571 συνηγμένων,
2521 3500 2671 3567 ἔστη
2700 3498 2771 3553 ἐν
2790 3497 2960 3568 μέσῳ
2981 3497 3182 3553 αὐτῶν
3201 3514 3214 3527 ·
3246 3500 3352 3550 καὶ
3381 3500 3498 3567 οὑχ
3524 3498 3709 3561 ἅπαξ,

2079 3593 2216 3648 ἀλλὰ
2246 3593 2341 3646 καὶ
2372 3591 2646 3663 δεύτερον.
2680 3591 2788 3644 Καὶ
2817 3591 2847 3645 ὁ
2880 3588 3194 3662 Βαπτιστὴε
3237 3590 3546 3660 Ἰωάννηςο
3579 3593 3707 3645 κέ-

2080 3703 2193 3752 σος
2223 3683 2292 3738 δὲ
2324 3683 2489 3752 ὑμῶν
2518 3683 2797 3751 ἕστηκεν,
2830 3682 2903 3736 ὃν
2943 3680 3113 3751 ὑμεῖς
3140 3683 3254 3735 οὐκ
3287 3681 3541 3737 οἴδατε.
3579 3685 3711 3753 οὐχ

2081 3777 2270 3841 ἁπλῶς
2295 3777 2356 3831 τὸ
2389 3773 2531 3829 εἶναι
2562 3777 2619 3829 ἑν
2645 3774 2799 3845 μέσῳ
2827 3773 2921 3826 τοῦ
2964 3773 3124 3844 ὄχλου
3153 3774 3247 3826 τὸν
3293 3773 3559 3842 Ἰησοῦν,
3619 3776 3715 3826 Gai

2081 3869 2240 3923 τοῦτο
2271 3868 2556 3938 σημαίνων
2581 3883 2595 3896 ·
2647 3865 2803 3929 ἀλλὰ,
2848 3865 3028 3927 Μέσος
3059 3864 3212 3932 ὑμῶν
3243 3880 3330 3927 τε,
3386 3866 3575 3935 φησι,
3612 3869 3718 3918 καὶ

2083 3961 2241 4027 Θεοῦ,
2287 3963 2345 4015 ἑν
2389 3960 2682 4030 ἑκατέραις
2732 3954 2821 4022 αἷς
2852 3960 3000 4011 ἑστιν
3043 3957 3278 4021 οὐσίαις,
3328 3957 3623 4030 θεότητὸς
3656 3976 3720 4011 σε

2084 4054 2179 4107 καὶ
2206 4052 2646 4124 ἀνθρωπὸτητος,
2691 4050 2971 4121 ἑκατέρων
3018 4049 3478 4118 ἐπειλημμένος.
3531 4052 3721 4121 ὀμςξᾳ

2083 4142 2335 4213 δυνάμει.
2383 4143 2494 4195 Καὶ
2525 4141 2601 4204 ὼς
2642 4139 2965 4201 ’Δπὸστολός
2996 4155 3161 4209 φησιν
3185 4153 3199 4166 ·
3233 4134 3341 4204 Εἷς
3395 4140 3588 4207 Θεὸς.
3621 4135 3721 4204 εἷς

2087 4234 2185 4289 καὶ
2210 4234 2465 4303 μεσίτης
2495 4232 2643 4286 Θεοῦ
2672 4231 2768 4285 καί
2810 4230 3157 4297 ἀνθρώπων.
3204 4229 3544 4297 ἅνθρωπος
3591 4233 3723 4295 Ἰη-

2087 4322 2238 4390 σοῦς
2262 4323 2533 4392 Χριστός.
2570 4322 2670 4373 Διά
2694 4320 2853 4374 τοῦτο
2876 4316 2972 4373 οὖν
2998 4320 3152 4381 Θεός.
3202 4321 3345 4372 Οὐδὲ
3375 4321 3499 4391 γὰρ
3536 4323 3726 4392 p.335-

2087 4431 2188 4482 της
2218 4410 2275 4487 ᾖ,
2325 4414 2485 4483 μόνον
2522 4412 2808 4482 ἄνθρωπος
2836 4428 2850 4444 ⁸
2896 4410 3021 4465 οὐδὲ
3076 4410 3343 4479 ἔμπαλιν,
3409 4415 3468 4465 εἰ
3527 4414 3727 4483 μάν-εν

414 4502 702 4563 mediator,
735 4502 861 4570 quia
887 4511 969 4556 est
997 4512 1052 4557 et
1098 4503 1238 4559 Deus
1282 4511 1338 4558 et
1384 4503 1549 4557 homo
1586 4520 1600 4569 ;
1634 4518 1729 4556 seu
1785 4502 1964 4571 potius

2064 4504 2221 4569 0&6;
2248 4519 2263 4534 '
2288 4503 2423 4558 ἀλλά
2467 4502 2555 4555 διὰ
2597 4502 2760 4555 τοῦτο
2803 4502 3052 4572 μεσίτης,
3085 4502 3276 4572 ἐπειδὴ
3325 4501 3469 4566 Θεὸς
3496 4520 3563 4555 τε
3614 4505 3729 4555 καὶ

414 4593 559 4648 Deus
594 4593 769 4648 factus
796 4595 983 4653 homo.
1014 4594 1380 4661 Quamobrem
1407 4595 1571 4650 etiam
1601 4594 1848 4662 utrisque
1877 4593 1972 4646 illi:

2091 4596 2411 4667 ἅνθρωπος,
2448 4595 2650 4665 μᾶλλον
2679 4595 2760 4677 ,δὲ
2803 4592 3237 4677 ἑνανθρωπήσας
3291 4591 3456 4654 Osric.
3524 4595 3731 4649 Ὅθεν

415 4684 801 4749 communicat,
825 4686 1025 4755 quibus
1049 4678 1404 4742 mediatorem
1429 4688 1537 4757 agit
1562 4702 1578 4750 ;
1604 4684 1714 4739 Deo
1742 4683 1986 4753 quidem,

417 4788 479 4835 ut
504 4778 597 4849 qui
632 4778 771 4832 Deus
795 4779 1042 4844 exsistat,
1064 4793 1160 4848 per
1178 4777 1477 4834 divinitatis
1500 4784 1781 4841 naturam;
1809 4775 1989 4831 bomi-

416 4871 578 4947 nibus
616 4881 818 4933 autem,
853 4880 915 4925 ut
936 4870 1027 4939 qui
1068 4869 1295 4923 exsistat
1325 4869 1510 4929 homo,
1546 4882 1643 4937 per
1674 4867 1987 4921 humanita-

418 4967 488 5022 tis
517 4966 900 5022 substantiam.
932 4963 1130 5018 Verum
1157 4965 1421 5019 hactenus
1442 4963 1687 5020 sistenda
1710 4966 1907 5027 oratio,
1929 4970 1989 5017 ut

417 5054 765 5111 mediocritas
788 5052 1071 5113 consistat.
1091 5052 1185 5106 ubi
1207 5051 1338 5107 satis
1354 5053 1465 5123 jam
1494 5051 1753 5117 ostendit,
1771 5051 1987 5122 dignam

417 5162 540 5203 esse
572 5147 659 5201 cui
697 5146 963 5201 honorem
993 5144 1291 5200 habeamus
1323 5144 1471 5199 diem
1542 5143 1995 5213 Mediazpeuteco-

418 5245 552 5292 stes.
566 5235 710 5302 Quin
731 5236 897 5291 etiam
912 5235 1169 5289 virtutem
1196 5235 1397 5289 doccut
1422 5233 1672 5290 doctores
1691 5232 1869 5287 medio
1889 5233 1995 5288 hae»

419 5342 561 5385 rere.
589 5327 747 5384 Omni
779 5344 908 5402 ergo
932 5344 1034 5384 nos
1054 5329 1253 5383 virtute
1282 5335 1662 5397 perornantes,
1695 5342 1844 5380 nunc
1872 5324 1992 5394 qui-

490 5484 536 5517 ”
573 5483 687 5538 Jac.
734 5501 770 5549 ι,
864 5485 910 5518 ⁸²
942 5486 1082 5541 Psal.
1118 5499 1209 5538 xm
1235 5525 1249 5545 ,
1282 5483 1335 5537 5.

423 5552 468 5623 ξ’(
488 5552 616 5623 Sap.
660 5569 753 5614 vlt,
798 5555 882 5608 18.
986 5553 1204 5623 “llab.
1234 5554 1412 5623 ιιιηὶ.

426 5619 472 5659 ⁸⁸
500 5619 657 5681 δοέιῐι.
696 5639 733 5685 ι,
773 5626 857 5678 26.
937 5624 980 5657 υ
1008 5624 1025 5675 l
1052 5621 1192 5676 Tim.
1224 5639 1284 5681 ιι,

1443 5483 1490 5515 ⁸³
1510 5481 1828 5615 ἒεῖἷιῗιιῧίί,
1856 5480 1957 5604 io.

2015 5478 2060 5511 “
2083 5478 2214 5532 Dan.
2252 5493 2317 5538 ιι,
2351 5494 2387 5530 ι.

2062 5549 2106 5579 νο
2130 5548 2259 5601 una.
2295 5564 2345 5613 ν,
2378 5545 2432 5601 5.

2091 4687 2186 4740 καὶ
2229 4688 2287 4738 ἑν
2336 4685 2622 4756 ἑκατέροις
2669 4686 2937 4748 κοινωνεῖ,
2986 4676 3062 4736 ὧν
3107 4685 3224 4735 ἑστι
3254 4685 3495 4753 μεσίτης
3524 4700 3543 4717 ’
3580 4684 3735 4754 Θεῷ

2096 4776 2216 4848 μὲν,
2250 4775 2382 4839 Θεὸς
2405 4774 2503 4840 ὢν,
2529 4776 2673 4829 κατά
2698 4774 2797 4845 τὴν
2828 4774 2987 4843 φύσιν
3014 4774 3116 4841 τῆς
3139 4774 3396 4844 Θεότητος
3423 4791 3438 4803 ·
3471 4775 3735 4844 ἀνθρὼο

2094 4883 2217 4929 ποις
2245 4866 2324 4931 δὲ,
2364 4864 2439 4917 ὢν
2471 4863 2783 4933 ἄνθρωπος,
2815 4864 2960 4917 κατά
2996 4863 3097 4933 τὴν
3125 4860 3289 4929 φύσιν
3327 4864 3436 4931 τῆς
3472 4864 3733 4932 ἀνθρωο

2096 4956 2349 5027 πότητος.
2395 4954 2556 5008 Ἀλλά
2583 4954 2744 5025 μέχρι
2772 4954 2962 5008 τούτου
2988 4952 3081 5007 τὸν
3109 4953 3268 5022 λόγον
3305 4953 3518 5023 στῆσαι
3541 4953 3735 5016 δέον,

2093 5049 2184 5104 διὰ
2232 5049 2330 5119 τὴν
2378 5046 2745 5117 συμμετρίαν,
2795 5045 3048 5111 δείξαντα
3101 5045 3402 5113 αὐτάρκως
3454 5047 3525 5098 ἑκ
3590 5046 3741 5098 τῶν

2096 5141 2257 5195 θείων
2302 5137 2555 5209 Γραφῶν,
2589 5136 2853 5208 τιμᾶσθαι
2911 5135 3070 5203 ἀξίαν
3123 5133 3224 5206 τὴν
3260 5134 3363 5201 τῆς
3392 5136 3704 5189 Meae-35v
3726 5166 3743 5175 ο

2096 5230 2367 5301 τηκοστῆς
2395 5229 2628 5301 ἡμέραν.
2660 5231 2973 5301 Μεσὸτητος
3008 5228 3066 5283 δέ
3100 5245 3263 5299 φασιν
3292 5228 3345 5280 οἱ
3367 5227 3749 5281 διδάσκαλοι

2097 5324 2192 5377 καὶ
2216 5321 2313 5393 τὴν
2345 5323 2543 5393 ἀρετὴν
2564 5321 2802 5393 ἔχεσθαι.
2834 5322 2991 5393 Ilion
3011 5316 3107 5376 οὖν
3133 5323 3303 5392 ἀρετῇ
3334 5320 3590 5386 ἑαυτοὺς
3616 5340 3751 5376 και

2496 5476 2541 5509 "
2567 5475 2707 5529 Psal.
2735 5492 2825 5530 xxi
2846 5516 2861 5537 ,
2896 5475 2984 5527 9.3.

3065 5475 3109 5507 ’⁸
3166 5473 3309 5527 Psal.
3364 5491 3571 5541 tutu,
3626 5477 3741 5530 li.

2543 5549 2585 5578 ἰ
2630 5544 2750 5600 Luc.
2792 5562 2928 5608 xw,
2962 5544 3051 5598 ΞΤ.

3161 5544 3399 5600 "Joau.
3463 5563 3561 5605 ιι,
3628 5547 3739 5601 l9-
