3906 6192
446 258 576 326 I599

1415 267 1727 328 LEONTII
1778 264 2302 326 NEAPOLITANI
2336 264 2677 325 EPlSCOPI

3567 258 3707 324 ιιω

441 373 745 444 cujusdam,
768 376 861 446 qui
896 392 1126 450 peregre
1154 379 1435 449 profectus
1467 387 1552 435 est
1573 379 1642 434 ad
1686 388 1903 455 tempus
1944 379 2012 434 ab

2120 377 2212 432 καὶ
2253 376 2543 432 δακτύλιον
2585 378 2681 429 καὶ
2718 378 3045 447 χαρακτῆρα
3091 374 3336 447 Χριστοῦ
3386 375 3566 429 αΰτδν
3596 374 3711 445 βλι-

440 464 566 531 illis,
579 466 754 521 multo
770 481 898 537 erga
922 481 1048 522 eum
1070 468 1271 525 affectu
1297 485 1363 524 ex
1380 470 1560 525 anima
1577 468 1888 541 ﬂagrantes,
1904 469 2019 524 sive

438 554 646 624 virgam
670 556 791 625 ejus
817 557 874 610 in
906 558 1071 615 domo
1102 559 1346 626 videant,
1365 562 1481 615 sive
1508 561 1717 626 sedem,
1737 561 1850 616 sive
1873 560 2020 615 chla-

441 647 657 716 mydem
688 662 704 712 ;
733 647 851 702 haec
887 665 1011 704 cum
1071 650 1322 722 lacrymis
1361 651 1744 706 deosculantes
1813 650 2018 720 ample-

438 745 685 801 ctuntur,
709 745 765 792 et
792 754 905 793 non
932 740 1026 794 illa
1063 741 1314 802 adorant,
1346 744 1442 797 sed
1467 752 1678 813 patrem
1700 742 2019 798 desiderant

439 836 495 881 et
522 827 838 894 honorant;
870 831 945 885 ita
989 840 1045 885 et
1091 848 1194 887 nos
1238 847 1430 888 omnes
1473 833 1660 889 ﬁdeles
1719 842 1779 888 ut
1810 833 2015 904 virgam

439 917 665 985 Christi,
710 935 930 975 crucem
966 923 1262 978 adoramus
1301 941 1316 990 ;
1349 932 1409 978 ut
1449 926 1631 979 sedem
1664 940 1796 980 vero
1838 934 1894 979 et
1923 939 2018 979 eu-

443 1008 572 1072 bile,
592 1009 763 1078 ipsius
786 1012 1191 1066 sanctissimum
1216 1022 1667 1093 monumentum;
1689 1023 1748 1067 ut
1770 1014 2012 1079 domum,

441 1115 691 1169 pnescpe
721 1109 775 1155 et
798 1101 1096 1166 Bethleem,
1121 1111 1176 1158 et
1217 1114 1400 1159 sancta
1431 1106 1552 1175 ejus
1590 1114 1785 1161 caetera
1836 1106 2017 1159 taber-

441 1190 637 1245 nacula
666 1208 679 1243 :
713 1207 879 1261 porro
907 1203 963 1247 ut
997 1194 1221 1258 amicos,
1253 1194 1372 1264 ejus
1405 1197 1683 1266 apostolos
1717 1205 1772 1251 et
1800 1205 2016 1250 sanctos

444 1290 811 1351 martyresac
834 1283 1072 1353 reliquos
1092 1293 1311 1341 sanctos
1343 1288 1464 1358 ejus
1496 1306 1509 1342 :
1536 1297 1592 1342 at
1630 1303 1760 1342 vero
1795 1296 1855 1341 ut
1882 1287 2017 1341 civi-

446 1375 610 1420 tatem
632 1368 757 1437 ejus
784 1370 1015 1425 colimus
1043 1373 1195 1439 δίου,
1229 1384 1287 1429 ut
1318 1386 1503 1431 autem
1529 1375 1715 1431 villam
1745 1368 1865 1447 ejus
1908 1377 2015 1431 ite-

446 1470 565 1508 rum
597 1454 862 1512 Nazareth
905 1460 1207 1517 salutamus
1243 1479 1259 1529 ;
1306 1473 1471 1534 atque
1511 1472 1566 1519 ut
1599 1464 1844 1519 divinum
1893 1464 2013 1535 ejus

443 1544 747 1615 lavacrum,
778 1548 1074 1607 Iordanem
1099 1553 1501 1623 amplectimur.

2119 485 2332 530 ποντες.
2355 468 2420 522 δι’
2451 466 2618 522 αὐτοῦ
2647 467 2738 520 τὸν
2763 468 2819 520 ἐν
2852 467 3002 537 αὐτῷ
3033 467 3432 539 σταυρωθέντα
3468 464 3710 528 ἀσπαζό-

2130 559 2267 631 μεθα
2297 559 2390 613 καὶ
2415 557 2846 629 προσκυνοῦμεν.
2881 560 2991 611 Kal.
3018 559 3209 631 ὥσπερ
3238 559 3447 619 παῖδες
3473 558 3706 625 γνήσιοι,

2119 650 2355 718 πατέρος
2386 649 2532 711 τινὸς
2560 649 3013 718 ἀποδημήσαντος
3054 648 3193 720 πρὸς
3231 649 3446 719 καιρὸν
3482 649 3581 701 ἀπ’
3620 651 3708 700 αὖε

2116 740 2247 805 τῶν,
2280 739 2447 810 πολλῇ
2473 742 2540 810 τῇ
2574 742 2776 809 στοργῇ
2806 739 2941 808 πρὸς
2979 740 3142 794 αὑτὸν
3170 742 3236 792 ὲκ
3270 739 3471 809 ψυχῆς
3512 739 3706 791 διαπεῖ-

2122 847 2295 901 μενοι,
2327 830 2430 883 κᾶν
2456 829 2556 899 τὴν
2588 829 2784 899 ῥάϐδον
2814 828 2980 882 αὑτοῦ
3013 831 3073 882 ὲν
3093 828 3172 899 τῷ
3199 829 3345 898 οἴκῳ
3382 828 3705 888 θεάσωνται,

2116 922 2219 975 κᾶν
2243 922 2341 993 τὴν
2374 919 2645 991 χλαμύδα,
2678 922 2852 974 ταῦτα
2885 920 3023 989 μετά
3045 920 3307 992 δακρύων
3339 918 3708 987 καταφιλοῦν·

2114 1029 2208 1075 τες
2243 1011 2610 1075 ἀσπάζονται·
2646 1009 2740 1063 καὶ
2776 1010 2877 1062 οὐκ
2911 1012 3092 1062 ἐκεῖνα
3122 1010 3446 1078 τιμῶντες,
3638 1010 3711 1061 τὶν

2117 1101 2328 1172 πατέρα
2377 1100 2670 1163 ποθοῦντες
2718 1100 2812 1152 καί
2860 1099 3158 1169 τιμῶντες·
3204 1098 3400 1161 οὕτως
3444 1099 3551 1150 καὶ
3574 1100 3711 1167 ἡμεῖς

2113 1194 2162 1245 οί
2187 1193 2367 1245 πιστοὶ
2398 1192 2659 1254 ἅπαντες,
2694 1189 2769 1253 ὡς
2795 1189 2896 1259 μὲν
2922 1189 3122 1259 passo»:
3150 1189 3410 1259 Χριστοῦ
3440 1187 3541 1240 τὸν
3574 1206 3713 1243 σταυ-

2118 1284 2211 1355 ρὸν
2256 1282 2693 1355 προσκυνοῦμεν,
2740 1282 2818 1343 ὠς
2854 1280 2911 1333 δὲ
2941 1280 3130 1353 θρόνον
3180 1280 3284 1333 καὶ
3324 1280 3541 1348 κοίτην
3570 1279 3711 1333 αὐτοῦ

2114 1374 2174 1427 τδ
2207 1374 2472 1441 πανάγιον
2514 1373 2726 1443 μνῆμα,
2778 1371 2854 1435 ὡς
2901 1372 2958 1425 δὲ
3009 1370 3159 1425 οἷκον
3208 1371 3321 1442 τὴν
3362 1371 3597 1439 φάτνην
3639 1372 3717 1422 καὶ

2114 1463 2213 1536 τὴν
2238 1463 2501 1534 Βηθλεὲμ,
2536 1463 2633 1515 καὶ¹
2658 1462 2726 1514 τὰ
2753 1462 2917 1515 λοιπά
2949 1460 3078 1529 ἅγια
3112 1460 3289 1516 αὑτοῦ
3328 1459 3711 1529 σκηνώματα·

2115 1557 2191 1620 ὡς
2220 1556 2275 1608 δὲ
2300 1555 2491 1625 φίλους
2516 1553 2704 1617 αὐτοῦ,
2732 1554 2859 1617 τοὺς
2887 1552 3227 1616 ἀποστόλους
3260 1551 3454 1605 αὐτοῦ
3490 1553 3590 1605 καὶ
3613 1553 3711 1616 τοὶς

442 1638 631 1704 ἀγίθυς
683 1642 969 1714 μάρτυρας
1004 1644 1101 1697 καὶ
1148 1644 1370 1710 λοιποὺς
1417 1647 1639 1715 ἁγίουςο
1669 1646 1747 1709 ὡς
1818 1648 1877 1702 δὲ
1937 1648 2091 1702 πόλιν
2129 1646 2294 1701 αὑτοῦ
2345 1645 2614 1717 σεϐόμεθα
2637 1645 2738 1717 τὴν
2787 1644 2946 1700 Σιὼν.
2974 1645 3048 1709 ὡς
3087 1645 3144 1698 δὲ
3177 1644 3387 1714 χώραν
3435 1642 3714 1714 abstini!

443 1728 699 1800 Ναζαρὲτ
751 1734 1135 1804 ἀσπαζόμεθα,
1185 1737 1281 1789 καὶ
1328 1737 1402 1798 ὡς
1434 1738 1575 1791 θεῖον
1612 1740 1775 1794 αὑτοῦ
1802 1740 2026 1812 λουτρὸν
2066 1739 2154 1793 τὸν
2197 1739 2470 1809 Ἰορδάνην
2506 1736 3007 1807 περιπτυσσόμεθα.

512 1821 677 1876 Multa
693 1823 895 1894 quippe
919 1835 972 1879 et
991 1826 1252 1882 ineﬂ‘abili
1270 1844 1396 1900 erga
1418 1829 1593 1899 ipsum
1609 1830 1898 1887 aﬂ‘ectione
1921 1832 2014 1886 ubi

2189 1831 2267 1901 Τῇ
2295 1831 2404 1901 γάρ
2442 1829 2609 1900 πολλῇ
2635 1828 2728 1881 καὶ
2754 1828 2947 1897 ἀφάτῳ
2975 1827 3111 1898 πρὸς
3146 1826 3325 1878 αὑτὸν
3352 1827 3584 1895 στορτῇ
3609 1823 3715 1876 ἔνθα

444 1914 716 1979 ascendit,
749 1916 834 1972 vel
859 1917 1024 1984 sedit,
1041 1919 1125 1972 vel
1155 1919 1351 1983 illuxit,
1391 1921 1477 1974 vel
1524 1922 1720 1992 tetigit,
1751 1931 1847 1978 aut
1900 1938 2018 1977 om-

445 2004 577 2057 nino
609 2006 956 2061 obumbravit
987 2024 1001 2072 ;
1043 2009 1273 2064 colimus
1333 2019 1389 2066 et
1422 2011 1713 2067 adoramus
1753 2022 1811 2068 ut
1840 2014 2021 2078 locum

446 2093 542 2148 Dei
576 2112 589 2149 :
625 2111 734 2150 non
782 2097 984 2162 locum,
1035 2116 1210 2169 neque
1236 2101 1476 2167 domum,
1510 2119 1687 2173 neque
1719 2105 2017 2175 regionem,

445 2186 532 2241 vel
561 2186 837 2242 civitatem
875 2200 971 2245 aut
994 2191 1202 2261 lapides
1239 2192 1594 2259 honorantes,
1628 2196 1722 2251 sed
1755 2212 1880 2250 eum
1921 2199 2013 2265 qui

446 2274 502 2327 in
535 2274 640 2329 illis
673 2288 1029 2335 conversatus
1053 2289 1157 2343 est,
1175 2290 1231 2335 et
1259 2282 1450 2348 illuxit,
1485 2293 1542 2338 et
1582 2284 1635 2337 in
1664 2299 1825 2339 carne
1861 2286 2022 2340 inno-

447 2364 573 2429 tuit,
599 2376 764 2436 atque
801 2369 871 2423 ab
901 2384 1089 2425 errore
1132 2370 1403 2438 liberavit,
1443 2374 1721 2430 Christum
1769 2375 2022 2430 videlicet

448 2456 734 2513 Dominum
769 2470 1016 2515 nostrum
1047 2472 1141 2527 ;et
1172 2478 1269 2532 per
1320 2464 1598 2519 Christum
1639 2482 1700 2521 ea
1732 2482 1852 2536 qua:
1892 2475 2022 2522 sunt

446 2547 666 2612 Christi,
699 2552 1006 2619 passionem
1042 2553 1097 2607 in
1122 2553 1409 2621 ecclesiis,
1436 2565 1491 2611 et
1517 2557 1790 2622 domibus,
1816 2567 1871 2613 et
1905 2558 2019 2628 pla-

450 2639 575 2699 teis.
602 2649 655 2693 ct
682 2640 736 2694 in
766 2642 1116 2713 imaginibus,
1140 2654 1197 2699 et
1222 2645 1276 2699 in
1308 2646 1653 2712 sindonihus,
1668 2658 1726 2703 et
1758 2650 1814 2704 in
1854 2666 2019 2719 pene-

449 2734 699 2799 tralibus,
735 2745 786 2791 et
820 2736 876 2790 in
943 2737 1304 2800 vestimentis,
1334 2745 1388 2791 et
1425 2736 1480 2791 in
1514 2738 1660 2792 omni
1684 2738 1804 2794 loco
1827 2740 2021 2793 forma-

450 2840 602 2879 mus:
622 2834 682 2881 ut
712 2826 1047 2882 incessanter
1062 2827 1393 2897 aspicientes
1409 2829 1526 2883 hare
1542 2844 2014 2895 eommoneamur,

448 2923 627 2970 etnon
651 2917 1057 2985 obliviscamur,
1086 2929 1145 2975 ut
1167 2929 1222 2974 tu
1251 2935 1309 2973 es
1335 2920 1538 2974 oblitus
1568 2920 1782 2974 Domini
1810 2920 1900 2975 Dei
1918 2921 2016 2977 tui.

2124 1923 2318 1992 ἐπέϐη,
2359 1922 2391 1992 ἢ
2431 1920 2748 1981 κεκάθικεν,
2784 1920 2816 1991 ῆ
2857 1919 3148 1989 ἐπέφανεν,
3186 1918 3224 1987 ἢ
3269 1917 3499 1988 ἥψατο,
3544 1917 3716 1985 ea»;

2121 2010 2439 2073 ὲπεσκίασε,
2492 2007 2786 2078 σεϐόμεθα,
2842 2008 2936 2061 καὶ
2982 2006 3433 2080 προσκυνοῦμεν
3472 2006 3716 2069 ὡςτόταν

2120 2101 2256 2155 Θεοῦ
2285 2117 2299 2130 '
2330 2102 2392 2153 οὐ
2420 2101 2512 2154 τὸν
2536 2102 2721 2165 τόπον,
2755 2100 2873 2154 οὐδὲ
2901 2099 2989 2152 τὸν
3011 2097 3182 2161 οἷκον,
3213 2098 3349 2152 οὐδὲ
3398 2100 3511 2171 τὴν
3536 2099 3711 2168 χττραν,

2121 2193 2153 2264 ἦ
2191 2192 2288 2263 τὴν
2331 2192 2505 2252 πόλιν.
2542 2194 2575 2263 ἢ
2605 2192 2732 2254 τοὺς
2778 2190 2959 2254 λίθους
2978 2190 3258 2260 τιμῶντες
3282 2205 3300 2219 ’
3332 2189 3493 2243 ἀλλά
3546 2189 3633 2241 τὸν
3669 2192 3716 2245 ὲν

2120 2286 2303 2347 αὐτοῖς
2355 2284 2774 2354 ἀναστραφέντα
2830 2284 2925 2337 καὶ
2979 2282 3327 2351 ἐπιφανέντα
3388 2282 3499 2334 καὶ
3540 2297 3715 2349 mg:-

2120 2375 2316 2428 σθέντα
2348 2375 2532 2444 σαρκὶ,
2564 2375 2657 2426 καὶ
2679 2375 2830 2444 ἡμᾶς
2862 2372 2967 2442 τῆς
2996 2372 3207 2443 πλάνης
3258 2372 3714 2442 ἐλευθερώσαντι

2119 2466 2355 2535 Χριστὸν
2385 2466 2477 2518 τὸν
2504 2464 2636 2518 Θεὸν
2664 2465 2818 2535 ήμῶν
2841 2480 2854 2493 ·
2885 2465 2979 2517 καὶ
3003 2463 3089 2517 διὰ
3111 2464 3208 2517 τὸν
3241 2464 3508 2533 Χριστὸν
3545 2464 3635 2515 καὶ
3662 2464 3715 2514 τὰ

2120 2558 2359 2630 Χριστοῦ
2408 2560 2554 2628 πάθη
2586 2559 2646 2610 ὲν
2680 2556 3019 2625 ἐκκλησίαις,
3066 2556 3162 2608 καὶ
3212 2555 3434 2619 οἴκοις,
3487 2558 3714 2622 mli-{s-

2124 2650 2263 2717 ραίς,
2298 2649 2389 2700 καὶ
2420 2650 2481 2699 ὲν
2512 2645 2710 2699 σινδόσι
2755 2647 2849 2698 καὶ
2888 2647 2946 2697 ὲν
2979 2646 3280 2715 ταμιεεοις,
3318 2647 3423 2700 καὶ
3474 2646 3711 2715 iunia;

2121 2739 2214 2792 καὶ
2242 2740 2298 2790 ὲν
2331 2738 2494 2790 παντὶ
2522 2738 2672 2806 τόπῳ
2711 2734 3054 2805 ὲκτυποῦμεν
3073 2753 3087 2767 ·
3119 2736 3208 2789 ἵνα
3245 2736 3542 2805 διηνεκῶς
3568 2735 3716 2804 δρῶν-

2118 2845 2209 2891 τες
2252 2828 2426 2881 ταῦτα
2457 2826 3030 2897 ὑπομιμνησκώμεθα,
3070 2827 3167 2879 καὶ
3216 2825 3300 2896 μὴ
3348 2825 3716 2877 ὲπιλανθανιὲν·

2123 2921 2285 2989 μεθα,
2332 2920 2406 2983 ὡς
2456 2921 2521 2973 σὺ
2551 2918 2818 2972 ἐπελάθου
2870 2919 3077 2989 Κυρίου
3129 2916 3230 2971 τοῦ
3272 2917 3425 2970 Θεοῦ
3462 2936 3595 2972 σοιν
3640 2920 3719 2969 κέν.

449 3007 514 3061 Et
536 3008 681 3062 sicut
702 3018 757 3062 tu
789 3010 1022 3065 adorans
1047 3011 1246 3065 librum
1272 3010 1426 3081 legis,
1452 3026 1563 3065 non
1608 3021 1859 3067 naturam
1903 3014 2017 3082 pel-

2120 3009 2307 3080 ῶσπερ
2343 3011 2406 3063 σὺ
2436 3008 2760 3079 προσκυνῶν
2798 3009 2863 3062 τὸ
2906 3008 3112 3078 βιϐλίον
3152 3009 3257 3062 τοῦ
3298 3009 3502 3079 νόμου,
3545 3007 3609 3062 οὗ
3637 3010 3724 3077 τὴν

449 3094 582 3148 lium
622 3094 707 3150 vel
733 3098 1043 3163 atramenti,
1090 3114 1210 3167 quae
1249 3100 1303 3153 in
1354 3100 1473 3168 ipso
1514 3108 1623 3163 est.
1666 3100 1880 3165 adoras,
1923 3101 2017 3155 sed

2123 3099 2286 3165 φύειν
2322 3097 2450 3150 τῶν
2499 3099 2557 3151 ὲν
2611 3096 2761 3168 αὐτῷ
2807 3095 3094 3166 δερμάτων
3166 3098 3274 3148 καὶ
3327 3096 3427 3147 τοῦ
3485 3095 3730 3164 μέλανος

449 3182 614 3234 verba
663 3180 756 3236 Dei
789 3199 909 3252 quae
938 3185 1123 3253 jacent
1154 3187 1209 3241 in
1255 3204 1321 3244 eo
1340 3230 1362 3262 ,ο
1414 3189 1487 3243 ita
1510 3196 1565 3243 et
1586 3205 1686 3260 ego
1725 3190 2017 3261 imaginem

2121 3189 2466 3258 προσκυνεῖς,
2515 3186 2652 3241 ἀλλὰ
2681 3187 2808 3250 τοὺς
2839 3186 3031 3253 λόγους
3061 3184 3157 3238 τοῦ
3183 3184 3331 3238 Θεοῦ
3362 3187 3488 3247 τοὶς
3512 3187 3575 3236 ἐν
3614 3184 3723 3238 a5-

446 3267 652 3324 Christi
684 3271 937 3337 adorans,
965 3289 1075 3329 non
1104 3285 1353 3332 naturam
1383 3278 1654 3349 lignorum
1686 3288 1741 3335 et
1773 3281 2017 3337 colorum

2120 3279 2196 3349 τῷ
2226 3279 2545 3347 κειμένους⁶
2609 3276 2783 3340 οὕτως
2830 3276 2985 3345 κάγὼ
3030 3276 3132 3347 τὴν
3184 3278 3391 3330 εἰκόνα
3440 3276 3539 3329 τοῦ
3592 3276 3732 3329 Θεοῦ

450 3361 619 3414 adoro
643 3361 820 3429 (absit
840 3363 893 3432 l)
923 3365 1018 3419 sed
1038 3365 1398 3423 inanimatum
1417 3370 1787 3426 characterem
1816 3370 2017 3426 Christi

2120 3368 2465 3443 προσκυνῶν,
2500 3369 2560 3422 οὐ
2588 3367 2686 3439 τὴν
2716 3368 2881 3439 φύσιν
2905 3368 3015 3421 τῶν
3047 3367 3230 3434 ξύλων
3276 3369 3380 3420 καὶ
3412 3370 3731 3439 χρωμάτων

451 3457 665 3513 tenens,
691 3467 791 3521 per
826 3469 948 3509 eum
981 3455 1259 3513 Christum
1294 3470 1481 3517 tenere
1512 3478 1675 3533 spero
1722 3462 1837 3534 [σι’.
1879 3464 2017 3518 mihi

2120 3459 2411 3531 προσκυνῶ
2432 3477 2449 3494 θ
2483 3460 2558 3531 μὴ
2590 3461 2832 3528 γένοιτο·
2862 3459 2999 3513 ἀλλά
3020 3458 3111 3514 τὸν
3143 3458 3364 3529 ἄψυχον
3398 3461 3733 3530 χαρακτῆρες

450 3537 685 3612 videor,]
712 3549 768 3596 et
804 3543 1051 3603 adorare.
1080 3545 1147 3602 Et
1172 3547 1315 3604 sicut
1342 3548 1512 3626 Jacob
1535 3560 1811 3621 acceptam
1838 3568 1867 3606 a
1895 3552 2017 3607 ﬁliis

2120 3552 2354 3624 Χριστοῦ
2396 3552 2638 3619 κρατῶν,
2685 3551 2754 3606 δι’
2786 3551 2953 3607 αὑτοῦ
3006 3551 3247 3624 Χριστὸν
3295 3555 3547 3622 κρατεῖν
3601 3552 3731 3605 Son}

449 3629 561 3684 tuis
590 3631 829 3686 tunicam
868 3634 1071 3689 variam
1089 3645 1145 3692 et
1173 3640 1644 3711 sanguinolentam
1662 3639 1867 3712 Joseph
1892 3643 2017 3698 deo~

2121 3645 2218 3699 καὶ
2243 3647 2593 3713 προσκυνεῖν.
2626 3643 2737 3697 Καὶ
2783 3643 2975 3716 ὥσπερ
2995 3645 3024 3697 ὁ
3060 3642 3263 3697 Ἰακὼϐ
3284 3643 3617 3714 δεξάμενος
3640 3660 3731 3695 παι

448 3720 801 3801 sculatusest
820 3725 1240 3799 cumlacrymis,
1274 3740 1331 3787 et
1381 3732 1620 3803 propriis
1668 3734 1842 3789 oculis
1880 3734 2017 3789 hanc

2123 3734 2194 3808 ρά
2229 3736 2338 3789 τῶν
2366 3736 2502 3788 υἱῶν
2527 3735 2695 3789 αὐτοῦ
2725 3733 2932 3805 χιτῶνα
2962 3734 3207 3787 ποικίλον
3249 3736 3608 3806 ᾑμαγμένον
3648 3733 3731 3786 τοῦ

448 3809 864 3884 circumposuit,
897 3826 951 3871 et
975 3834 1089 3874 non
1108 3822 1495 3877 vestimentum
1514 3838 1708 3879 amans
1738 3825 1824 3880 vel
1853 3827 2017 3881 bono-

2134 3827 2355 3897 Ἰωσὴφ.
2392 3826 2725 3897 κατεφίλησε
2778 3826 2917 3896 μετά
2958 3825 3234 3897 δακρύων,
3271 3828 3380 3880 καὶ
3428 3830 3558 3891 τοῖς
3592 3829 3733 3888 last;

2120 3917 2419 3987 ὀφθαλμοῖς
2445 3917 2603 3971 τοῦτο
2626 3916 2973 3988 περιέθηκεν,
3010 3917 3106 3970 καὶ
3134 3918 3197 3970 οὗ
3238 3917 3303 3969 τδ
3334 3918 3583 3987 ἱμάτιον
3608 3920 3735 3985 ἀτι-

2122 4006 2261 4072 πῶν,
2298 4010 2332 4078 ἢ
2363 4009 2564 4078 τιμῶν,
2602 4006 2765 4061 τοῦτο
2795 4008 3072 4078 ἐποίησεν,
3101 4007 3241 4060 ἀλλὰ
3273 4008 3345 4062 δι’
3371 4011 3561 4064 αὑτοῦ
3589 4010 3736 4079 vopi-

2121 4098 2231 4165 ζων
2275 4100 2368 4154 τὸν
2411 4099 2614 4171 Ἰωσὴφ
2657 4099 3000 4168 καταφιλεῖν,
3044 4098 3140 4153 καὶ
3194 4100 3258 4153 ἐν
3308 4103 3529 4171 χερσὶν
3578 4103 3735 4156 αὑτὴ

2122 4191 2375 4262 κατέχειν
2395 4207 2410 4223 ·
2459 4190 2605 4244 οὕτω
2649 4192 2743 4245 καὶ
2774 4191 3092 4261 Χριστιανοὶ
3130 4190 3340 4254 πάντες
3372 4193 3583 4246 εἰκόνα
3610 4194 3735 4264 Χρι-

2128 4279 2278 4344 στοῦ,
2320 4280 2353 4351 ἢ
2402 4281 2744 4346 ἀποστόλου,
2799 4279 2833 4351 ἢ
2897 4281 3171 4351 μάρτυρος
3226 4282 3596 4348 κρατοῦντες
3649 4283 3739 4335 x12

2124 4370 2498 4440 ἀσπαζόμενοι
2541 4374 2608 4442 τῇ
2645 4372 2832 4442 σαρκὶ,
2870 4374 2935 4442 τῇ
2979 4372 3128 4443 ψυχῇ
3156 4370 3326 4424 αὐτὸν
3356 4373 3461 4425 τὸν
3490 4375 3739 4442 Χριστὸν

2123 4462 2418 4531 νομίζομεν
2444 4461 2478 4532 ἢ
2503 4461 2597 4514 τὸν
2632 4459 2886 4533 μάρτυρα
2922 4463 3090 4516 αὑτοῦ
3121 4469 3413 4533 κατέχειν.
3472 4467 3629 4520 Εἰπέ
3655 4484 3739 4535 μοι

2126 4553 2190 4607 σὺ
2223 4553 2252 4606 ὁ
2298 4553 2533 4622 νομίζων
2563 4554 2945 4624 χειροποίητον
2989 4555 3175 4626 μηδὲν,
3219 4555 3253 4625 ἢ
3300 4556 3455 4620 ὅλως
3514 4561 3742 4613 art-.3731:

446 3918 601 3971 rans,
628 3906 731 3962 hoc
753 3907 905 3976 fecit,
925 3912 1019 3970 sed
1040 3928 1135 3982 per
1157 3914 1209 3969 id
1235 3914 1513 3970 aestimans
1526 3914 1728 3987 Ioseph
1759 3918 2019 3985 osculari,

444 4003 504 4053 et
535 3997 589 4053 in
613 3999 864 4055 manibus
882 4015 1008 4056 eum
1048 4003 1250 4059 habere
1274 4005 1346 4069 "',
1382 4006 1456 4064 ita
1489 4014 1545 4062 et
1573 4007 1871 4064 Christiani
1900 4009 2023 4063 uni-

444 4087 588 4141 versi
606 4087 893 4157 imaginem
910 4089 1112 4149 Christi
1131 4095 1210 4149 vel
1228 4097 1596 4165 apostolorum
1614 4108 1708 4159 aut
1724 4109 2021 4171 martyrum

446 4181 697 4235 tenentes
712 4186 807 4232 aut
823 4179 1123 4237 salutantes
1142 4198 1327 4249 carne,
1345 4185 1525 4240 anima
1548 4188 1723 4257 ipsum
1745 4188 2022 4245 Christum

443 4266 787 4325 aestimamus
841 4271 928 4325 vel
969 4283 1262 4345 martyrem
1294 4277 1413 4346 ejus
1467 4277 1711 4333 habitum
1760 4280 2020 4336 retinere.

444 4351 694 4423 Dieergo
723 4356 856 4411 mihi
887 4367 966 4425 tu,
995 4360 1086 4429 qui
1131 4362 1377 4430 Opinaris
1429 4365 1570 4419 nihil
1604 4381 1771 4421 manu
1795 4366 2021 4435 factum,

443 4441 529 4496 vel
567 4442 705 4503 nihil
727 4445 953 4501 omnino
976 4460 1221 4506 creatum
1250 4454 1611 4517 adorandum,
1665 4472 2022 4526 nunquamne

444 4533 785 4598 multotiens,
815 4537 1045 4594 muliere
1081 4544 1296 4604 tua.vel
1327 4544 1450 4601 (iliis
1474 4547 1722 4612 mortuis,
1754 4549 2018 4615 tunicam,

446 4624 530 4679 vel
553 4636 933 4682 ornamentum
968 4630 1087 4698 ejus
1119 4633 1295 4687 visum
1323 4635 1376 4688 in
1407 4636 1658 4693 cubiculo
1687 4648 1780 4693 tuo
1809 4640 2023 4694 oscula-

444 4724 533 4770 tus
551 4730 634 4778 es.
667 4724 723 4771 et
750 4717 1004 4788 lacrymis
1035 4720 1166 4777 illud
1194 4723 1459 4791 infudisti,
1491 4736 1546 4782 et
1579 4727 1632 4783 in
1680 4729 1784 4784 hoc
1821 4747 1932 4786 non
1960 4748 2021 4787 es

443 4806 839 4862 condemnatus
869 4809 895 4863 ?
920 4825 1036 4864 non
1053 4812 1202 4868 enim
1235 4826 1293 4869 ut
1321 4816 1490 4872 Deum
1524 4822 1851 4877 vestimenta
1881 4823 2019 4878 ado-

442 4897 593 4961 rasti,
637 4899 734 4953 sed
779 4914 1018 4956 amorem
1060 4919 1158 4973 per
1196 4907 1443 4963 osculum
1478 4910 1619 4966 circa
1650 4912 1799 4967 illum
1833 4922 2020 4969 osten-

441 4985 590 5051 disti,
651 4988 743 5057 qui
798 4990 901 5044 hoc
941 4992 1231 5062 aliquando
1298 4997 1475 5054 fuerat
1529 5001 1990 5060 circumamictus.

440 5076 575 5132 Nam
594 5088 647 5132 et
669 5078 771 5149 ipsi
791 5089 948 5136 natos
968 5093 1184 5140 nostros
1200 5095 1254 5141 et
1273 5097 1452 5157 patres
1466 5101 1677 5147 creatos
1690 5093 2017 5150 exsistenles

441 5177 498 5224 et
527 5180 845 5240 peccatores
880 5175 1197 5232 multotiens
1224 5180 1542 5247 salutamus,
1577 5192 1632 5237 et
1683 5185 1737 5238 in
1776 5186 1878 5241 hoc
1912 5187 2015 5240 mi-

2054 4506 2096 4560 Ι)

2123 4646 2470 4716 προσκυνεῖν,
2495 4641 2604 4716 ἆρα
2627 4647 2687 4698 οὗ
2719 4645 2981 4710 πολλάκις
3006 4646 3269 4714 γυναικὸς
3308 4651 3422 4719 σῆς
3454 4649 3488 4721 ἢ
3528 4651 3743 4704 τέκνω,

2121 4734 2561 4804 τελευτησάντων
2595 4735 2864 4806 χιτῶναῆ
2908 4735 3186 4806 κοσμίδιον
3237 4736 3370 4789 ίδὼν
3425 4740 3491 4792 ὲν
3540 4740 3629 4808 τῷ
3672 4739 3745 4805 σῷ

2121 4826 2377 4896 ταμιείῳ,
2428 4828 2709 4897 κρατήσας
2758 4828 3046 4897 ἐφίλησας,
3104 4827 3202 4881 καὶ
3251 4828 3552 4901 δάκρυσιν
3614 4833 3747 4884 αὗτὸ

2122 4917 2481 4989 κατέϐρεξας,
2513 4918 2608 4972 καὶ
2648 4920 2749 4973 οὐκ
2795 4921 2853 4973 ὲν
2879 4920 3057 4992 τούτῳ
3092 4922 3479 4993 κατεκρίθηςς
3516 4927 3611 4979 Οὐ
3638 4928 3748 4994 γὰρ

2117 5008 2192 5068 ὡς
2222 5008 2356 5061 Θεὸν
2381 5010 2451 5061 τὰ
2497 5009 2689 5078 ἱμάτια
2729 5013 3147 5082 προσεκύνησας
3170 5054 3185 5077 ,
3224 5011 3375 5068 ἀλλὰ
3424 5016 3527 5068 τὸν
3576 5018 3749 5068 πόθει

2118 5098 2257 5170 πρὸς
2280 5099 2373 5152 τόν
2404 5117 2536 5153 ποτε
2583 5101 2718 5154 αὐτὸ
2761 5102 3232 5173 περιϐεσλημένον
3273 5104 3372 5158 διὰ
3423 5105 3531 5159 τοῦ
3584 5109 3751 5177 φιλή-

2121 5206 2291 5259 ματος
2316 5190 2559 5257 ἔδειξας·
2611 5193 2733 5246 ἐπεὶ
2779 5195 2875 5247 καὶ
2916 5195 3058 5247 αὐτά
3099 5194 3261 5264 ἡμῶν
3301 5195 3379 5249 τά.
3427 5199 3623 5254 τέω
3657 5202 3751 5253 καὶ

2116 5280 2242 5344 τοὺς
2278 5282 2518 5352 πατέρας
2551 5284 2803 5348 κτιστοῦς
2852 5284 3010 5348 ὂντας
3045 5288 3140 5339 καὶ
3173 5288 3582 5358 ἁμαρτωλοὺς
3621 5292 3742 5344 παλ.

2119 5370 2276 5435 λάκις
2323 5372 2706 5444 ἀσπαζόμεθα,
2768 5378 2865 5429 καὶ⁵
2909 5377 3011 5430 οὐκ
3041 5379 3101 5430 ἐν
3146 5379 3330 5449 τούτῳ
3385 5386 3747 5453 καταγρινὸο
3850 5370 3853 5385 ¹

2125 5462 2283 5534 μεθα.
2321 5465 2397 5517 Οὐ
2440 5466 2550 5536 γὰρ
2597 5466 2672 5530 ὡς
2704 5467 2859 5531 θεοὺς
2910 5467 3108 5533 αὐτοὺς
3146 5471 3563 5543 ἀσπαζόμεθα,
3612 5475 3747 5529 an:

442 5259 587 5314 nime
614 5262 1073 5333 condemnamur;
1100 5282 1212 5322 non
1241 5271 1388 5325 enim
1435 5280 1496 5326 ut
1527 5272 1665 5329 Deos
1715 5278 2016 5331 salutamus

441 5363 555 5409 eos.
582 5340 1052 5412 sed’all‘ectionem
1092 5366 1300 5415 natura:
1340 5372 1540 5421 nostrae
1587 5379 1715 5435 erga
1744 5366 1865 5420 illos
1916 5380 2014 5435 per

443 5437 688 5492 osculum
718 5441 1171 5502 demonstramus.
1199 5448 1268 5505 Ut
1300 5466 1429 5523 ergo
1456 5469 1599 5525 sepe
1629 5456 1756 5521 dixi,
1785 5456 2014 5512 intentio

517 5610 562 5649 ⁸⁸
591 5610 728 5671 Gen.
781 5631 986 5685 xxxvn,
1026 5621 1094 5675 '52
1118 5638 1267 5693 seqq.
