3906 6192
189 216 295 283 16M

1254 222 1510 286 SERMO
1559 224 1855 286 CONTRA
1905 226 2231 288 JUDJZOS.

3254 235 3388 299 1(302

182 328 264 400 τὴν
288 329 510 402 στοργὴν
542 328 700 400 ἡμῶν
733 330 832 399 τῆς
865 329 1080 399 φύσεως
1107 332 1207 404 τὴν
1240 335 1376 405 πρὸς
1404 335 1601 399 αὐτοὺς
1630 334 1716 388 διὰ

1822 337 2126 405 exquiritur
2151 339 2205 392 in
2233 340 2380 394 omni
2409 341 2754 410 salutatione,
2786 354 2840 401 et
2872 346 3016 401 omni
3049 347 3386 404 adoratiuue.

180 422 259 474 τοῦ
284 422 574 493 φιλήματος
597 422 1006 493 ἐνδεικνύμεθα.
1056 424 1144 488 Ὠς
1185 425 1317 494 γοῦν
1351 427 1608 489 πολλάκις
1639 422 1717 478 εί-

179 529 283 577 πον,
304 515 327 565 ό
351 512 549 576 σκοπὸς
573 511 886 579 ἐξετάζεται
914 515 1006 567 ἐπὶ
1051 516 1252 580 παντὸς
1281 516 1596 602 ἀσπασμοῦ,
1624 514 1721 571 καὶ

179 604 257 657 ἐπὶ
282 605 449 674 πάσης
499 605 945 677 προσκυνήσεως.
982 607 1045 660 Ei
1091 606 1149 660 δὲ
1181 607 1433 674 ἐγκαλεῖς
1481 623 1591 676 μοι,
1637 605 1723 658 ὅτι

1823 423 1994 480 Porro
2040 427 2085 481 si
2114 444 2200 483 me
2241 444 2463 485 accusas
2489 433 2633 501 quod
2666 436 2820 503 quasi
2862 434 3148 491 Dominum
3182 438 3385 508 lignum

1824 515 2046 571 adorem
2092 520 2289 583 crucis,
2331 537 2497 591 quare
2529 539 2639 578 non
2683 526 3029 581 calumniaris
3069 527 3256 591 Jacoh,
3293 530 3388 598 qui

1826 606 2073 663 adoravit.
2103 626 2269 680 super
2317 615 2689 670 summitatem
2738 617 2901 688 virga:
2942 618 3249 688 .loseph”?

176 693 240 757 ὡς
265 692 383 747 Θεὸν
408 695 701 764 προσκυνῶ
729 694 791 747 τὸ
820 693 976 760 ξύλον
1006 693 1099 750 τοῦ
1131 695 1388 767 σταυροῦ,
1424 697 1511 750 διὰ
1536 695 1590 748 τί
1616 695 1717 747 οὐκ
1753 693 2007 763 ἐγκαλεῖς
2038 700 2117 772 τῷ
2168 703 2364 757 Ἰακὼϐ
2390 707 2824 777 προσκυνήσαντι
2846 710 2937 762 ἐπὶ
2961 708 3022 762 τὸ
3065 710 3233 782 ἀκρον
3289 715 3389 782 τῆς

178 785 347 857 ῥάϐδου
373 785 470 839 τοῦ
505 785 703 856 Ἰωσήφ
722 801 739 851 ;

138 888 156 937 ᾧ
245 880 388 934 una:
422 879 708 951 πρόδηλον,
736 880 817 933 ὅτι
846 881 908 933 οὐ
937 881 998 934 τὸ
1024 880 1180 949 ξύλον
1214 880 1339 936 ἰδὼν
1368 880 1710 953 προσεκύνη-

175 988 269 1039 σεν,
298 972 424 1024 άλλά
444 970 532 1022 διὰ
560 970 655 1023 τοῦ
679 969 835 1033 ξύλου
857 970 947 1024 τδν
979 971 1197 1042 Ἰωσὴφ,
1220 971 1410 1043 ὥσπερ
1439 970 1712 1040 καὶ“ἡμεῖς

171 1063 248 1117 διά
270 1061 351 1115 τοῦ
386 1059 623 1132 σταυροῦ
658 1061 751 1114 τὸν
780 1060 1035 1129 Χριστόν.
1080 1061 1233 1114 Ἐπεὶ
1269 1062 1363 1114 καὶ
1390 1063 1504 1123 τοῖς
1530 1058 1716 1129 πωλή-

173 1170 283 1209 θασι
308 1154 392 1206 τὸν
408 1152 577 1220 τάφον
599 1151 850 1205 ἀσεϐέσιν
878 1150 1184 1222 ἀνθρώποις
1210 1153 1238 1206 ό
1275 1143 1527 1222 Ἀϐραὰμ
1546 1166 1714 1219 προσ-

168 1246 394 1317 εκύνησε,
446 1243 541 1297 καὶ¹
587 1242 718 1312 γόνυ
753 1242 999 1313 ἔκαμψεν
1035 1243 1127 1296 ἐπὶ
1166 1242 1262 1315 τὴν
1292 1242 1432 1312 γῆνο
1465 1242 1581 1296 ἀλλ’
1613 1241 1711 1312 οὐχ

167 1338 235 1400 ὡς
264 1338 407 1398 θεοὺς
438 1336 636 1398 αὐτοὺς
660 1334 1058 1406 προσεκύνησε.
1104 1335 1215 1387 Καὶ
1247 1333 1411 1387 πάλιν
1448 1335 1478 1387 ό
1520 1332 1711 1387 Ἰακὼϐ

166 1429 245 1482 τὸν
270 1425 460 1497 Φαραὼ
490 1425 783 1496 εὐλόγησεν
805 1422 980 1494 ἀσεϐῆ
1007 1424 1101 1477 καὶ
1138 1423 1531 1494 είδωλολάτρην
1556 1423 1708 1487 ὄντα,

165 1514 268 1570 ἀλλ’
296 1517 387 1587 οὐχ
423 1515 500 1579 ὡς
540 1515 674 1569 Θεὸν
711 1515 878 1568 αὐτὸν
921 1514 1204 1583 εὐλόγησε.
1249 1515 1360 1568 Καὶ
1411 1514 1575 1568 πάλιν
1618 1515 1710 1569 τὸν

178 1607 333 1661 Ἠσαῦ
370 1606 553 1660 πεσὼν
581 1605 1006 1677 προσεκύνησεν,
1037 1603 1154 1658 ἀλλ’
1197 1605 1295 1675 οὐχ
1320 1604 1397 1669 ὡς
1426 1605 1579 1660 Θεόν.
1617 1601 1712 1658 Εἷ-

161 1695 241 1759 δες
272 1697 463 1760 πόσους
494 1696 820 1766 ἀσπασμοὺς
861 1695 954 1749 καὶ
997 1697 1396 1767 προσκυνήσεις
1420 1695 1710 1760 ἀπεδείξα-

1893 875 2000 933 Sed
2027 878 2371 935 manifestum
2388 890 2488 948 est,
2506 883 2629 952 quia
2644 899 2753 938 non
2768 885 2971 955 lignum
2990 885 3179 940 videns
3194 887 3390 941 adora-

1816 969 1915 1031 vit,
1936 969 2029 1023 sed
2049 986 2145 1039 per
2161 971 2364 1041 lignum
2385 973 2567 1043 virgas.
2595 974 2796 1044 Joseph
2819 992 2834 1041 ;
2858 978 3313 1046 quemadmodum
3333 987 3386 1033 et

1817 1074 1919 1113 nos
1954 1075 2053 1129 per
2081 1075 2324 1124 crucem,
2345 1062 2645 1119 Christum.
2674 1064 2809 1120 Nam
2835 1074 2891 1121 et
2915 1066 3110 1136 impios
3144 1068 3389 1124 homines

1819 1149 1909 1218 qui
1938 1142 2301 1205 vendiderunt
2330 1153 2662 1221 sepulcrum,
2685 1155 2956 1210 Abraham
2984 1157 3231 1212 adoravit
3265 1159 3304 1224 ί,
3332 1169 3389 1213 et

1820 1254 1963 1308 genu
1982 1241 2228 1296 curvavit
2248 1257 2413 1311 super
2433 1253 2628 1298 terram
2652 1247 2774 1309 ;sed
2798 1261 2906 1300 non
2926 1254 2987 1301 ut
3009 1247 3140 1302 deos
3154 1263 3248 1302 eos
3266 1250 3392 1303 ado-

1819 1331 1976 1385 ravit.
2012 1329 2079 1385 Et
2116 1347 2306 1387 rursus
2334 1332 2500 1388 Jacoh
2531 1333 2796 1390 Pharaoni
2835 1337 3112 1392 benedixit
3139 1337 3306 1407 impio
3335 1347 3390 1392 et

1817 1420 2134 1489 idololatrae,
2167 1423 2259 1477 sed
2279 1439 2387 1478 non
2409 1433 2469 1479 ut
2491 1425 2688 1481 Deoilli
2709 1426 2986 1483 benedixit
3008 1430 3046 1481 '.
3081 1428 3149 1482 Et
3170 1428 3387 1490 iterum,

1816 1512 1959 1567 Esau
1997 1513 2195 1568 cadens
2224 1513 2487 1580 adoravit,
2543 1516 2636 1571 sed
2672 1532 2783 1571 non
2828 1526 2888 1572 ut
2921 1517 3089 1572 Deum
3120 1520 3162 1571 ³.
3198 1517 3390 1573 Vidisti

1816 1612 1950 1673 quot
1998 1605 2351 1660 salutationes
2397 1614 2453 1660 et
2495 1607 2843 1663 adorationes
2892 1608 3391 1665 demonstravimus

1817 1692 1915 1748 tibi
1956 1709 2025 1748 ex
2075 1692 2387 1764 Scripturis,
2414 1711 2524 1751 non
2552 1696 2817 1752 habentes
2860 1699 3343 1767 reprehensionem
3365 1701 3391 1754 Ἰ

165 1789 257 1855 μέν
278 1803 355 1839 σοι
377 1784 679 1857 Γραφικάς.
711 1785 810 1838 καὶ
835 1784 910 1855 μὴ
934 1785 1163 1855 ἐχούσας
1189 1785 1574 1854 κατάγνωσιν;
1601 1787 1711 1841 Καὶ

1822 1783 1884 1839 Et
1907 1793 1962 1839 tu
1979 1783 2202 1854 quidem
2233 1786 2520 1857 coniugem
2552 1795 2697 1842 tuam
2730 1787 2978 1843 fortassis
2992 1790 3392 1860 etimpudicam

162 1879 222 1932 σὺ
247 1878 338 1950 μὲν
359 1879 460 1950 τὴν
487 1879 586 1950 σὴν
616 1876 865 1948 σύμϐιον,
901 1877 1034 1941 ῐσως
1048 1878 1143 1932 καὶ
1164 1877 1400 1950 ἄσεμνον
1422 1875 1590 1934 οὖσαν
1620 1879 1716 1934 καὶ

160 1968 397 2040 ἐμπαθῆ,
431 1969 555 2023 καθ’
586 1969 822 2039 ἑκάστην
838 1967 1313 2038 ἀσπαζόμενος,ού
1338 1971 1717 2039 καταγνωστὸς

160 2057 241 2114 εἴ·
268 2062 468 2131 καίπερ
490 2060 726 2131 οὐδαμοῦ
755 2077 838 2114 σοι
878 2059 975 2114 τοῦ
1016 2060 1152 2115 Θεοῦ
1193 2063 1505 2132 σωματικὸν
1530 2063 1715 2118 ἀσπα-

162 2151 289 2220 σμδν
320 2150 575 2220 γυναικὸς
603 2149 988 2220 ἐντειλαμένου
1009 2164 1024 2179 ⁸
1082 2150 1184 2221 ἐμὲ
1226 2150 1285 2204 δὲ
1317 2152 1456 2204 ὲπάν
1497 2151 1613 2224 ἴδῃς
1642 2153 1718 2205 εί-

160 2241 285 2294 κόνα
311 2241 404 2293 τοῦ
434 2240 690 2311 Χριστοῦ,
717 2240 750 2311 ἦ
782 2241 880 2311 τῆς
910 2241 1253 2312 παναμὼμου
1281 2243 1445 2296 αὑτοῦ
1470 2244 1714 2314 Μητρὸς,

158 2332 189 2402 ἢ
223 2331 374 2385 ἀλλου
408 2331 551 2395 τινὸς
576 2331 788 2384 δικαίου
811 2330 1215 2401 ἀσπαζόμενον,
1239 2334 1592 2401 ἀγανακτεῖς,
1622 2334 1717 2387 καὶ

158 2420 352 2484 εὐθέως
413 2420 750 2491 βλασφημῶν
802 2422 1110 2492 άποπηδᾷς,
1179 2423 1273 2476 καὶ
1323 2423 1718 2495 εζδωλολάτρας

155 2513 295 2582 ἡμᾶς
316 2510 628 2576 ἀποκαλεῖς.
648 2508 781 2565 Εἶτα
797 2511 897 2566 οὐκ
912 2513 1165 2584 αἰσχύνῃ,
1188 2514 1308 2566 είπέ
1335 2531 1424 2585 μοι
1443 2531 1458 2581 ;
1478 2516 1539 2567 οὐ
1560 2515 1719 2586 φρίσ-

156 2620 300 2670 σεις;
337 2604 397 2656 οὐ
427 2604 690 2673 τρέμεις;
719 2605 820 2658 ούκ
849 2605 1291 2677 ὲρυθριᾷς,όρῶν
1330 2624 1398 2673 με
1430 2605 1551 2659 καθ’
1582 2606 1718 2676 ἠμέ-

155 2710 252 2763 ραν
281 2693 337 2745 ὲν
368 2696 513 2764 πάσῃ
534 2696 599 2764 τῇ
622 2694 916 2766 οἰκουμένῃ
951 2696 1114 2757 ναοὺς
1141 2693 1376 2749 εἰδώλων
1423 2697 1718 2750 καταλύον-

148 2803 237 2843 τα.
262 2786 354 2838 καὶ
381 2787 542 2848 ναοὺς
576 2786 866 2857 μαρτύρων
892 2786 1315 2856 οίκοδομοῦντα;
1348 2788 1409 2840 Εἰ
1433 2787 1498 2840 τὰ
1522 2789 1716 2842 εἴδωλα

40 2862 41 2865 η
147 2875 532 2945 προσεκύνουν,
589 2874 678 2929 διὰ
723 2876 777 2930 τί
824 2877 1012 2929 λοιπὸν
1049 2876 1192 2946 τιμῶ
1230 2878 1356 2940 τοὺς
1408 2880 1713 2949 μάρτυρας,

143 2962 271 3023 τοὺς
300 2962 368 3015 τὰ
402 2961 595 3014 εἴδωλα
624 2961 1064 3032 καταλύσαντας;
1093 2964 1154 3018 Εἰ
1176 2964 1247 3018 τὰ
1284 2964 1415 3030 ξύλα
1451 2966 1526 3028 ὡς
1558 2967 1714 3033 θεοὺς

138 3051 289 3122 τιμῶ
314 3051 406 3106 καὶ
434 3051 661 3120 δοξάζω,
682 3055 800 3121 πῶς
821 3056 963 3127 τιμῶ
992 3058 1082 3111 καὶ
1109 3058 1316 3125 δοξάζω
1338 3060 1465 3123 τοὺς
1498 3062 1707 3132 μάρτυ-

140 3163 267 3218 ρας,
320 3149 447 3212 τοὺς
476 3148 544 3202 τά
592 3148 779 3213 ξύλινα
836 3148 1001 3215 ξόανα
1050 3151 1453 3220 καταλύοντας;
1495 3156 1554 3207 Εἰ
1584 3155 1711 3217 τοὺς

135 3240 324 3304 λίθους
351 3242 428 3305 ῶς
453 3242 609 3305 θεοὺς
636 3241 866 3306 δοξάζω,
919 3243 1038 3305 πῶς
1084 3246 1230 3314 τιμῶ
1272 3247 1369 3298 καὶ
1420 3247 1713 3315 προσκυνῶ

132 3333 269 3394 τοὺς
301 3332 587 3401 μάρτυρας
623 3334 715 3384 καὶ
745 3332 1097 3393 ἀποστόλους,
1145 3335 1272 3395 τοὺς
1310 3335 1715 3405 συντρίψαντας

135 3423 238 3474 καὶ¹
290 3421 667 3484 ἀπολέσαντας
705 3425 774 3474 τὰ
809 3423 985 3475 λίθινα
1030 3421 1231 3487 ζὼδια;
1261 3424 1384 3488 Πῶς
1413 3426 1580 3495 τιμῶ,
1620 3428 1715 3480 καὶ

137 3509 378 3571 ἐπαινῶ,
419 3510 512 3561 καλ⁵
538 3509 698 3571 ναοὺς
729 3510 948 3577 ἐγείρω,
973 3510 1068 3563 καὶ
1098 3511 1290 3582 ἑορτὰς
1339 3510 1572 3566 ἑπιτελῶ
1602 3516 1716 3577 τοῖς

133 3598 295 3670 τρισὶ
322 3599 500 3664 παισὶ,
528 3600 642 3663 τοῖς
667 3601 725 3653 ὲν
754 3599 1035 3652 Βαϐυλῶνι
1057 3603 1123 3672 τῇ
1155 3604 1332 3673 χρυσῇ
1366 3601 1441 3676 μὴ
1479 3620 1718 3676 προσκυ-

134 3690 208 3761 νή
216 3705 381 3744 σασιν
394 3704 409 3754 ;

216 3781 431 3843 Ὄντως
467 3782 634 3851 πολλὴ
691 3781 800 3834 τῶν
837 3782 1057 3852 ἀνόμων
1096 3785 1129 3856 ή
1180 3782 1462 3857 πώρωσις,
1502 3786 1717 3858 ἀληθῶς

133 3870 319 3943 πολλὴ
372 3872 479 3923 τῶν
520 3871 787 3926 Ἰουδαίων
842 3876 875 3943 ἡ
928 3874 1236 3942 τύφλωσις,
1286 3876 1456 3946 πολλὴ
1504 3879 1536 3946 ή
1588 3878 1718 3930 ἀσέ-

132 3959 290 4012 ϐεια.
339 3959 632 4012 Ἀδικεῐται
677 3959 769 4011 ὑπ’
798 3959 978 4014 αύτῶν
1022 3962 1056 4032 ἡ
1095 3962 1344 4032 ἀλήθεια.
1392 3961 1524 4026 Θεὸς
1568 3962 1721 4033 ὑδρί-

128 4049 298 4114 ζεται
339 4049 446 4103 ὑπὸ
477 4049 729 4121 γλώσσης
765 4051 1082 4122 ἀχαρίστων
1131 4053 1423 4108 Ἰουδαίων.
1485 4055 1580 4108 Ἐκ
1609 4055 1718 4108 λεια

121 4139 334 4209 ψὰνων
388 4139 648 4204 πολλάκις
711 4140 1008 4213 μαρτύρων
1029 4143 1123 4196 καὶ
1155 4144 1378 4198 εἰκόνων
1407 4143 1719 4199 ἐλαύνονται

123 4233 441 4304 δαίμονες·
468 4233 759 4287 καὶταῦτα
792 4233 1160 4304 ὲνυϐρίζοντες
1200 4234 1475 4307 άνορωποι
1529 4239 1719 4307 μιαροὶ

126 4323 562 4395 διαστρέφουσι,
599 4322 695 4378 καὶ
741 4321 1107 4387 διαπαίζουσι,
1141 4324 1235 4379 καὶ
1275 4326 1582 4393 διαγελῶσι.
1618 4326 1725 4380 Πό-

127 4429 260 4477 σαι,
284 4413 412 4466 είπὲ
445 4429 554 4483 μοι,
580 4414 945 4476 ἔπισκιάσεις,
975 4414 1138 4468 πόσαι
1159 4414 1500 4477 ἀναϐλύσεις,
1526 4415 1721 4471 πολλά-

118 4521 226 4567 κις
251 4502 313 4558 δὲ
342 4505 436 4557 καὶ
471 4504 525 4557 al
534 4503 722 4571 μάτων
752 4502 939 4573 ῥύσεις
975 4503 1036 4569 ἐξ
1058 4505 1282 4559 εἰκόνιον
1310 4506 1406 4560 καὶ
1451 4505 1719 4576 λειψάνων

122 4597 451 4670 μαρτύρων
506 4597 803 4667 γεγόνασι;
847 4599 959 4653 Καὶ
999 4600 1049 4652 oi
1100 4600 1346 4653 ἁσύνετοι
1398 4602 1464 4671 τῇ
1520 4600 1717 4671 καρδία

115 4688 389 4758 ὁρῶντες
409 4688 470 4740 ού
501 4688 805 4755 πείθονται,
828 4689 963 4744 ἀλλά
990 4689 1192 4759 μύθους
1217 4690 1390 4744 ταῦτα
1410 4694 1503 4744 καὶ
1520 4691 1718 4762 λήρους

114 4778 457 4846 λογίζονται
478 4795 492 4810 ο
546 4778 779 4850 ὁρῶντες
816 4779 987 4842 οὕτως
1009 4779 1070 4832 τὸ
1098 4778 1220 4833 καθ’
1245 4780 1458 4850 ἡμέραν
1484 4783 1541 4833 ἐν
1568 4782 1715 4853 πάσῃ

111 4869 199 4938 τῇ
225 4869 538 4941 οἰκουμένῃ
560 4869 746 4939 σχεδὸν
762 4869 961 4940 ἄνδρας
986 4864 1201 4932 ἀσεϐεῖς
1222 4869 1315 4922 καὶ
1349 4871 1717 4941 παρανόμους,

108 4958 562 5028 εἰδωλολάτρας.
597 4960 691 5012 καὶ
719 4962 923 5027 φονεῖς,
950 4958 1208 5030 πόρνους,
1238 4957 1330 5013 καὶ
1351 4959 1553 5033 λῃστὰς
1574 4960 1720 5026 ἐξαι-

107 5065 287 5119 φνης
321 5047 417 5103 διά
452 5049 543 5101 τὸν
566 5049 802 5118 Χριστὸν
842 5051 937 5102 καὶ
970 5048 1063 5104 τὸν
1106 5051 1336 5121 σταυρὸν
1361 5051 1527 5105 αὐτοῦ
1555 5069 1722 5108 κατα-

99 5139 535 5209 νυσσομένους,
569 5139 665 5193 καὶ
714 5141 921 5209 κόσμου
982 5142 1185 5205 παντὸς
1223 5144 1722 5214 άποτασσομένους,

98 5228 232 5286 καὶ
303 5229 493 5281 πᾶσαν
555 5228 760 5297 ἀρετὴν
806 5228 1233 5299 ἐργαζομένους.
1273 5229 1409 5284 Είπέ
1445 5250 1557 5303 μοι,
1606 5236 1725 5298 πῶς

94 5323 315 5387 ἐσμεν
335 5318 745 5387 εἰδωλολάτραι,
778 5319 827 5371 oi
862 5319 956 5371 καὶ
996 5319 1138 5372 αύτά
1188 5317 1259 5372 τά
1305 5320 1471 5385 ὀστᾶ,
1501 5324 1595 5376 καὶ
1626 5325 1724 5393 τὴν

88 5410 224 5467 κόν
235 5427 314 5476 ιν,
340 5410 442 5464 καὶ
466 5409 531 5463 τὰ
565 5409 729 5480 ῥάκη,
761 5410 856 5464 καὶ
873 5410 937 5463 τὸ
959 5405 1121 5481 αἷμα,
1155 5412 1252 5466 καὶ
1277 5411 1374 5483 τὴν
1418 5414 1574 5484 σορὸν
1617 5416 1726 5470 τῶν

184 5587 250 5622 ⁹⁹
310 5584 480 5642 Hebr.
506 5604 582 5652 xl,
612 5587 702 5642 9|.
779 5587 795 5617 ³
824 5585 962 5642 Gen.
994 5601 1148 5654 χχιιι,
1173 5589 1247 5657 Ἰ.⁹
1301 5590 1322 5621 ²
1344 5587 1477 5644 Gen.
1532 5604 1695 5657 nvn,

1875 5591 1895 5621 ³
1920 5589 2058 5645 Gen.
2090 5605 2277 5655 χχχιιι,
2318 5588 2371 5643 '5.

1815 1889 1880 1929 ac
1893 1874 2142 1928 vitiosam
2166 1888 2261 1943 per
2277 1874 2519 1946 singulos
2545 1876 2665 1931 dies
2688 1876 2940 1931 osculans
2957 1893 3066 1932 non
3084 1880 3387 1948 reprehen-

1816 1962 1981 2027 deris,
1998 1979 2121 2018 cum
2148 1975 2295 2030 certe
2318 1982 2583 2036 nusquam
2618 1967 2760 2022 Deus
2790 1968 2885 2023 tibi
2916 1970 3195 2039 corporale
3223 1968 3395 2026 oscu-

1818 2055 1932 2110 lum
1977 2057 2187 2111 mulieri
2215 2058 2410 2113 oll'erre
2427 2058 2919 2128 prwccperitﬂuia
2950 2077 3079 2115 vero
3104 2078 3191 2116 me
3208 2063 3393 2117 vidisti

1818 2148 2030 2204 iconam
2094 2150 2306 2205 Domini
2364 2152 2535 2205 nostri
2587 2151 2714 2205 Jesu
2745 2152 2966 2216 Christi,
3000 2154 3390 2209 velimmacu-

1817 2238 1939 2293 latae
1981 2238 2164 2294 Matris
2205 2243 2449 2311 ejus,vel
2481 2242 2704 2296 alterius
2746 2243 3050 2313 cuiuspiam
3079 2244 3211 2313 justi
3244 2244 3383 2299 salu»

1818 2339 1954 2397 tare,
2000 2332 2300 2404 indignaris
2332 2343 2387 2388 et
2418 2348 2541 2388 mox
2583 2334 2967 2402 blasphemans
3007 2336 3153 2401 salis,
3188 2345 3243 2391 et
3285 2352 3388 2391 nos

1818 2423 2128 2477 idololatras
2162 2424 2423 2494 appellas.
2471 2425 2673 2479 Deinde
2712 2440 2821 2479 non
2865 2425 3216 2481 confunderis
3251 2427 3398 2482 ?die

1817 2515 1974 2581 mihi,
2024 2530 2130 2569 non
2169 2514 2483 2569 horrescis?
2512 2531 2619 2568 non
2653 2516 2838 2569 tremis
2879 2516 2902 2568 ?
2942 2532 3052 2570 non
3091 2518 3387 2580 erubescis,

1819 2606 2013 2661 videns
2049 2622 2137 2661 me
2166 2608 2219 2660 in
2253 2617 2368 2661 toto
2402 2593 2666 2660 terrarum
2697 2608 2827 2661 orbe
2868 2609 3063 2676 templa
3121 2609 3388 2662 idolorum

1816 2695 2117 2762 destruere,
2148 2705 2201 2749 et
2232 2696 2429 2772 templa
2474 2705 2770 2766 martyrum
2804 2697 3073 2752 aediﬁcare
3106 2697 3132 2749 ἲ
3165 2696 3219 2751 Si
3248 2698 3389 2751 idola

1816 2786 2119 2851 adorarem,
2178 2801 2278 2840 cur
2323 2794 2603 2855 martyres,
2668 2786 2758 2855 qui
2799 2786 3186 2841 destruxernnt
3226 2787 3385 2853 idola,

1818 2874 2075 2948 [honore]
2121 2877 2491 2931 adoraremus.
2527 2877 2584 2930 Si
2623 2878 2763 2947 ligna
2797 2886 2858 2931 ut
2897 2877 3028 2932 deos
3074 2878 3282 2932 honoro
3333 2887 3390 2932 et

1816 2968 2079 3040 gloriﬁco,
2112 2969 2387 3039 quomodo
2414 2969 2624 3024 honoro
2642 2977 2697 3025 et
2721 2969 2964 3040 gloriﬁco
2990 2978 3270 3040 martyres,
3291 2969 3393 3037 qui

1816 3063 1992 3134 lignea
2038 3062 2324 3118 simulacra
2370 3062 2758 3117 destruxcrunt
2793 3059 2889 3115 ?Si
2920 3061 3124 3129 lapides
3149 3069 3211 3114 ut
3257 3061 3388 3115 deos

1819 3153 2078 3223 gloriﬁco,
2139 3153 2410 3222 quomodo
2452 3150 2662 3206 honoro
2702 3164 2757 3206 et
2809 3151 2975 3205 adoro
3030 3159 3295 3220 martyres
3332 3159 3390 3204 et

1814 3243 2105 3311 apostolos,
2155 3243 2244 3311 qui
2288 3244 2667 3297 contriverunt
2714 3251 2768 3298 et
2806 3241 3159 3311 perdiderunt
3207 3241 3395 3312 lignea

1815 3332 1965 3403 signa
1989 3332 2013 3384 ?
2033 3334 2305 3402 quomodo
2341 3334 2553 3386 honoro
2587 3342 2638 3387 et
2668 3333 2847 3394 laudo,
2881 3342 2936 3387 et
2968 3333 3164 3401 templa
3210 3334 3389 3403 erigo,

1814 3431 1870 3473 et
1893 3421 2237 3473 festivitatem
2265 3420 2481 3474 celebro
2508 3421 2684 3475 tribus
2717 3421 2919 3489 pueris,
2965 3422 3058 3491 qui
3106 3421 3160 3475 in
3214 3422 3386 3493 Baby-

1815 3506 1939 3562 lone
1968 3508 2257 3579 imaginem
2283 3524 2501 3563 auream
2532 3524 2640 3563 non
2674 3509 3040 3564 adoraverunt
3069 3507 3091 3539 δ
3119 3508 3143 3560 ?

1886 3773 2046 3830 Certe
2076 3772 2243 3829 multa
2282 3780 2364 3828 est
2395 3771 2702 3842 iniquorum
2734 3770 3038 3837 obduratio,
3063 3786 3191 3824 vere
3222 3770 3387 3825 multa

1816 3876 1901 3922 est
1931 3866 2239 3921 Iudaeorum
2299 3865 2534 3925 caecitas,
2589 3863 2755 3917 multa
2805 3863 3074 3933 impietas.
3130 3862 3386 3932 Iniuriam

1820 3956 2023 4028 patitur
2046 3957 2115 4010 ab
2137 3955 2218 4009 eis
2246 3954 2449 4008 veritas
2479 3971 2491 4007 :
2530 3953 2669 4007 Deus
2702 3952 3065 4007 contumelias
3090 3952 3327 4006 sustinet
3354 3967 3385 4004 a

1818 4051 1998 4120 lingua
2029 4048 2359 4119 ingratorum
2381 4043 2709 4099 Judasorum.
2744 4041 2850 4097 Per
2890 4042 3144 4112 reliquias
3182 4052 3384 4113 marty-

1820 4159 1938 4197 rum
1983 4150 2037 4196 et
2075 4140 2337 4209 imagines
2377 4137 2691 4192 multoticns
2737 4137 3044 4207 ell'ugantur
3078 4135 3385 4190 daemonia:

1819 4240 1875 4289 et
1895 4233 2011 4291 haec
2038 4230 2254 4301 injuriis
2286 4236 2608 4299 appetentes
2640 4227 2890 4281 homines
2906 4225 3131 4289 sordidi.
3160 4227 3387 4280 subvcro

1821 4332 1943 4380 tunt
1967 4330 2023 4377 et
2052 4322 2282 4377 illudunt
2311 4329 2475 4390 atque
2500 4319 2768 4374 derident.
2797 4316 3068 4384 Quot,dic
3089 4318 3244 4384 mihi,
3270 4318 3396 4385 visi:

1824 4416 2056 4472 tationes
2108 4411 2223 4485 [Gn
2254 4408 2743 4481 obumbrationes,]
2764 4409 3165 4483 emanationes,
3203 4409 3299 4464 sed
3332 4416 3388 4462 et

1826 4506 2141 4576 frequenter
2167 4502 2488 4574 sanguinum
2524 4500 2723 4557 ﬂuores
2751 4516 2816 4557 ex
2850 4500 3023 4557 iconis
3062 4510 3118 4556 et
3145 4502 3386 4571 reliquiis

1827 4608 2121 4672 martyrum
2145 4598 2270 4652 facti
2302 4596 2535 4652 suntlet
2551 4595 2813 4651 insensati
2830 4596 2993 4650 corde
3018 4593 3264 4648 videntes
3276 4608 3384 4646 non

1825 4692 2073 4756 credunt,
2099 4689 2192 4745 sed
2218 4687 2428 4743 fabulas
2449 4702 2513 4742 ac
2531 4687 2884 4741 deliramenta
2914 4686 3029 4740 haec
3044 4684 3384 4746 existimant;

1823 4782 2070 4837 videntes
2107 4780 2287 4835 taliter
2315 4795 2413 4849 per
2435 4779 2673 4848 singulos
2699 4778 2814 4833 dies
2837 4777 2890 4831 in
2918 4783 3030 4830 toto
3058 4790 3198 4845 pene
3215 4785 3382 4828 terra-

1825 4888 1946 4927 rum
1977 4873 2109 4927 Orhe
2136 4871 2285 4926 viros
2319 4870 2520 4939 impios
2550 4879 2606 4924 et
2634 4869 2871 4938 iniquos,
2914 4866 3179 4920 idolorum
3210 4865 3388 4918 culto—

1825 4978 1914 5018 res
1940 4971 1996 5017 et
2026 4961 2347 5025 homicidas,
2367 4969 2423 5016 et
2451 4959 2828 5022 fornicatores,
2858 4966 2914 5011 et
2938 4957 3180 5010 latrones
3209 4952 3389 5007 subito

1825 5066 1924 5123 per
1945 5052 2218 5106 Christum
2244 5060 2300 5106 et
2328 5066 2545 5106 crucem
2567 5050 2687 5118 ejus
2717 5044 3032 5115 compungi,
3062 5052 3120 5098 et
3145 5043 3211 5097 ad
3244 5041 3393 5111 agni-

1827 5144 2031 5199 tionem
2061 5142 2308 5197 veritatis
2340 5142 2548 5206 venire,
2591 5149 2648 5195 et
2677 5138 2887 5193 mundo
2914 5135 3008 5191 toti
3048 5132 3389 5196 renunciarc,

1820 5245 1981 5304 atque
2011 5247 2230 5287 omnem
2265 5233 2480 5303 Operari
2509 5233 2787 5287 virtutem.
2817 5227 2911 5281 Dic
2931 5224 3088 5286 mihi,
3119 5223 3393 5295 quomodo

1823 5339 2012 5381 sumus
2041 5322 2358 5384 idololatrae,
2393 5323 2484 5391 qui
2526 5328 2583 5375 et
2612 5321 2726 5390 ipsa
2757 5332 2901 5379 ossa,
2937 5326 2992 5370 et
3030 5314 3291 5375 cinerem.
3335 5321 3391 5367 et

1822 5431 2056 5488 pannos,
2119 5425 2175 5469 et
2224 5413 2566 5484 sanguinem,
2623 5421 2679 5466 et
2745 5411 3014 5466 tumulum
3096 5416 3391 5479 martyrum

2448 5591 2468 5617 ⁵
2487 5585 2618 5640 Dan.
2642 5601 2721 5654 ιιι,
2746 5569 2896 5656 seqq.

3496 5713 3543 5749 ί.

3344 5746 3501 5893 .s/

3237 5904 3338 6001 ,ε’
