3906 6192
232 257 337 326 1605

1304 262 1559 324 SERMO
1609 261 1906 323 CONTRA
1958 261 2281 323 JUD.‘EOS.

3268 250 3405 317 1606

120 400 130 408 -
227 368 307 422 τῶν
333 366 609 439 προϐάτων,
640 366 738 421 καὶ
764 366 923 437 βοιῖιν,
961 368 1056 421 καὶ
1084 369 1320 437 τέκνων;
1358 371 1469 426 Ποῦ
1504 373 1558 426 ei
1583 371 1733 425 κνίσ-

1841 368 2017 423 [icium
2050 370 2286 439 qualiter
2314 369 2398 424 vel
2421 368 2553 440 quid
2579 369 2692 424 sint
2754 367 3044 423 novimus.
3079 364 3146 420 Et
3185 362 3404 434 quidem

225 476 311 524 σαι,
338 457 420 511 πού
471 459 521 511 oi
561 456 738 528 βωμολ⁵
788 459 888 513 καὶ
938 461 1269 531 προσχύσεις
1293 460 1404 516 τῶν
1446 463 1726 532 αἱμάτων;

230 547 379 618 Ἡμεῖς
409 546 459 600 δὲ
482 549 541 601 οἱι
562 547 904 618 Χριστιανοὶ,
957 548 1082 603 οὔτε
1132 551 1338 624 βωμὸν,
1379 551 1506 607 οὔτε
1539 552 1731 607 Θυσίαν

221 634 357 706 πῶςῆ
381 636 424 689 τί
465 638 632 699 ἐστιν,
682 638 1045 707 ἐπιστάμεθα.
1098 641 1160 694 Οἱ
1190 642 1290 713 μὲν
1335 642 1444 714 γὰρ
1471 642 1732 714 ’Έλληνες

220 729 385 799 μοιχοῖς
409 728 710 803 ἀνθρώποις
733 731 825 783 καὶ
857 735 1142 801 φονευταῖς
1168 735 1262 788 καὶ
1291 735 1620 807 ἀκαθάρτοις
1639 737 1732 790 xui.

220 823 393 893 μιαροῖς
411 822 527 885 τοὺς
557 823 720 886 ναοὺς
748 823 1031 895 ὠνόμαζον
1063 829 1159 880 καὶ
1194 828 1262 882 τά
1283 828 1497 895 εἴδωλα,
1520 829 1615 883 καὶ
1638 831 1734 883 αύ-

222 912 317 974 ιοὺς
353 912 676 977 ἐθεοποίουν,
702 913 762 966 οὐ
820 915 1004 984 μέντοι
1041 932 1106 984 γε
1158 920 1455 989 προφητῶν
1500 919 1727 990 ἢάγίων

218 1002 463 1073 μαρτύρων
488 1002 674 1074 ναὸνῆ
716 1003 899 1075 βωμὸν
947 1006 1260 1075 ὠνόμασαν.
1310 1010 1522 1082 ’Ὥσπερ
1549 1012 1656 1083 γὰρ
1685 1014 1734 1066 οἱ

215 1094 260 1146 ἐν
282 1092 525 1148 Βαθυλῶνι
567 1094 894 1165 Ἰσραηλῖται
945 1091 1092 1166 εἶχον
1129 1097 1337 1168 ὄργανα
1369 1101 1464 1154 καὶ
1507 1102 1736 1173 κιθάρας

214 1183 291 1236 καὶ
313 1184 455 1253 ἕτερά
507 1200 646 1248 τινα,
688 1184 871 1249 καθὼς
904 1186 1002 1240 καὶ
1047 1188 1095 1240 οἱ
1121 1188 1459 1244 Βαϐυλώνιοι
1481 1207 1495 1224 ο
1526 1192 1621 1246 καὶ
1669 1193 1738 1246 τὰ

217 1273 301 1342 μὲν
325 1275 390 1337 εἰς
425 1273 578 1338 δόξαν
604 1275 763 1338 Θεοῦ,
786 1276 854 1328 τὰ
899 1277 957 1329 δὲ
997 1280 1077 1340 εἰς
1112 1278 1407 1349 θεραπείαν
1428 1282 1700 1352 δαιμόνων
1718 1300 1735 1316 ⁸

209 1362 330 1417 οὕτω
356 1365 436 1417 καὶ
474 1365 567 1416 ἐπὶ
595 1367 821 1420 εἰκόνων
857 1367 1186 1433 Ἑλληνικῶν
1217 1371 1311 1423 καὶ
1338 1359 1739 1439 Χριστιανικῶν

209 1458 474 1526 νοήσωμεν,
495 1458 578 1511 ὅτι
609 1460 805 1512 ἐκεῖνοι
833 1461 933 1529 μὲν
961 1462 1040 1524 εἰς
1066 1461 1322 1531 λατρείαν
1346 1463 1441 1517 τοῦ
1468 1463 1737 1529 διαὸόλου,

208 1548 345 1618 ἡμεῖς
370 1548 417 1601 δὲ
439 1550 517 1613 εἰς
561 1550 719 1615 δόξαν
751 1550 886 1604 Θεοῦ
940 1553 1031 1605 καὶ
1084 1552 1412 1623 ὑπόμνησιν.
1448 1555 1597 1623 Πλὴν
1646 1556 1741 1610 καὶ

207 1638 353 1690 πολλὰ
378 1637 648 1709 θαυμάσια
680 1640 707 1691 ὀ
738 1640 868 1702 Θεὸς
896 1640 983 1694 διὰ
1016 1640 1172 1708 ξύλον
1203 1643 1422 1697 ἀκούειν
1448 1644 1735 1716 πεποίηκε,

205 1725 340 1793 ξύλον
364 1728 516 1799 ζωῆς,
548 1728 702 1793 ξύλον
737 1729 994 1796 γνώσεως
1024 1731 1299 1800 ὀνομάσας
1320 1750 1334 1764 ·
1365 1734 1458 1789 καὶ
1483 1734 1614 1789 ἄλλο
1640 1751 1740 1803 φυ-

201 1821 280 1873 τὸν
321 1819 575 1890 ὀνομάσας
623 1822 834 1885 Σαὸὲκ,
892 1825 1289 1895 συγχωρήσεως
1331 1826 1566 1897 τίθησιν.
1611 1823 1743 1882 Εἶτα

84 1920 89 1925 ·
201 1908 360 1979 ράὗδῳ
383 1910 465 1963 τὸν
501 1909 701 1981 Φαραὼ
732 1912 996 1982 ἐκάλυψε,
1029 1912 1306 1968 Θάλασσαν
1335 1915 1574 1985 ἔσχισεν,
1599 1915 1741 1988 ὕδωρ

197 2001 488 2068 ἐγλύκανεν,
542 2001 665 2071 διριν
713 2002 916 2073 ὖψωσε,
972 2004 1178 2074 πέτραν
1213 2007 1540 2077 διέρρηξεν,
1597 2006 1743 2078 ὕδωρ

196 2092 426 2169 ἐξήγαγε,
473 2090 626 2157 ξύλον
664 2092 976 2163 βλαστῆσαν
1030 2098 1094 2165 τῇ
1145 2100 1315 2167 σκηνῇ
1373 2097 1472 2167 τὴν
1530 2097 1743 2169 ’Δαρὼν

195 2183 471 2254 ἱερωσύνην
525 2184 823 2256 ἐκύρωσεν.
891 2184 1047 2239 Οὕτω
1084 2190 1178 2240 καὶ
1229 2188 1480 2259 Σολομὼν
1536 2205 1739 2260 φησιν’

191 2275 490 2345 Εὑλογεῖτε
510 2276 722 2342 ξύλον,
752 2276 828 2330 δι’
852 2273 923 2333 οὗ
946 2277 1171 2347 γίνεται
1193 2278 1565 2349 δικαιοσύνη.
1588 2280 1744 2335 Οὕτω

191 2368 274 2421 καὶ
315 2367 604 2431 Ἐλισσαῖος
632 2367 787 2433 ξύλον
817 2368 1128 2441 ἀπορρίψας
1158 2371 1216 2423 ὲν
1262 2372 1523 2442 Ἰορδάνῃ,
1546 2374 1638 2426 τὸν
1662 2376 1743 2438 είς

185 2456 342 2511 τύπον
363 2458 450 2512 τοῦ
486 2459 655 2530 ’Λδαμ
686 2459 903 2530 σίδηρον
928 2460 1004 2524 ὡς
1031 2460 1089 2527 ἐξ
1120 2460 1249 2532 ᾆδου
1272 2463 1564 2533 ἀνήγαγεν.
1588 2463 1744 2516 Οὕτω

185 2550 502 2619 προστάσσει
536 2548 613 2619 τῷ
639 2548 836 2605 ἑαυτοῦ
869 2551 1020 2606 παιδὶ
1048 2552 1136 2605 διὰ
1161 2555 1260 2621 τῆς
1283 2552 1477 2622 ῥάϐδου
1502 2554 1743 2625 ἀναστῆ-

183 2657 269 2693 σαι
301 2640 388 2693 τὸν
419 2642 579 2695 παῖδα
598 2642 696 2713 τῆς
727 2642 1112 2713 Σωμανίτιδος.
1162 2644 1219 2697 Ὀ
1239 2641 1333 2697 οὖν
1357 2644 1444 2698 διὰ
1475 2645 1743 2699 τοσούτων

180 2729 347 2794 ξύλων
384 2730 877 2802 θαυματουργήσας
918 2732 1049 2796 Θεὸς
1078 2733 1139 2786 οὐ
1190 2734 1433 2801 δύναται,
1475 2737 1596 2789 εἰπέ
1627 2754 1739 2807 μοι,

177 2820 611 2892 θαυματουργεῖν
638 2823 731 2874 καὶ
761 2821 849 2874 διὰ
878 2821 973 2875 τοῦ
1019 2823 1201 2893 τιμίου
1237 2822 1395 2888 ξύλου
1443 2825 1538 2879 τοῦ
1585 2827 1741 2893 ἁγίου

135 2954 153 2969 .
175 2909 445 2981 σταυροῦς
495 2911 557 2964 Εἰ
599 2912 794 2975 ἀσεϐές
822 2914 939 2966 ἐστι
968 2915 1135 2983 τιμᾷν
1165 2913 1233 2966 τά
1257 2916 1410 2981 ὀστᾶ,
1451 2917 1568 2979 πῶς
1603 2918 1742 2987 μετὰ

170 3002 352 3072 πάσης
371 3001 538 3071 τιμῆς
567 3002 997 3073 μετεκομίσαντο
1041 3004 1111 3058 τὰ
1160 3004 1295 3059 ὀστᾶ
1328 3005 1526 3078 Ἰωσὴφ
1551 3007 1611 3072 ἐξ
1647 3008 1743 3061 ΑΞ-

168 3091 415 3159 γύπτου;
448 3091 569 3155 Πῶς
625 3092 816 3166 νεκρὸς
865 3093 1149 3166 ἄνθρωπος
1194 3095 1304 3149 τῶν
1338 3097 1540 3152 ὀστέων
1567 3098 1743 3152 Ἐλισ-

166 3181 322 3236 σαίου
346 3183 619 3255 ἁψάμενος
644 3185 873 3253 άνεστης
898 3186 961 3238 El
985 3186 1043 3239 δὲ
1068 3187 1136 3240 δι’
1162 3187 1371 3241 ὀστέων
1398 3188 1744 3261 θαυματουρ-

160 3275 255 3339 γετ
277 3275 283 3281 ’
305 3273 460 3339 Θεὸς,
512 3273 734 3341 εὗδηλον
758 3275 840 3327 ὅτι
866 3272 1092 3328 δύναται
1136 3278 1232 3330 καὶ
1264 3277 1334 3330 δι’
1363 3277 1608 3341 εἰκόνων,
1648 3279 1746 3331 καὶ

155 3363 249 3416 διᾶι
273 3362 463 3427 λίθων,
483 3365 575 3416 καὶ
589 3364 654 3416 δι’
690 3364 893 3434 ἐτέρων
920 3344 1156 3419 πολλῶν.
1204 3366 1360 3420 Ἐπεὶ
1380 3368 1747 3439 καὶἈϐραὲμ

155 3453 219 3505 οὐ
268 3453 599 3518 κατεδέξατο
645 3452 814 3523 θάψαι
845 3454 905 3507 τὸ
935 3454 1094 3523 σῶμα
1127 3455 1346 3528 Σάρρας
1392 3458 1452 3510 ὲν
1502 3461 1748 3528 μνήματι

152 3538 453 3610 ἀλλοτρίῳ,
487 3540 601 3592 ἀλλ’
629 3543 685 3594 ὲν
719 3541 844 3612 ἰδίῳΔ
866 3542 1038 3613 τάφῳ,
1077 3544 1243 3614 τιμῆς
1266 3546 1444 3615 χάριν.
1474 3548 1624 3601 Ἐπεὶ
1652 3551 1747 3603 καὶ

164 3626 375 3680 Ἰακὼϐ
406 3630 544 3700 τιμᾷ
566 3627 653 3682 διὰ
682 3629 829 3682 λίθου
854 3630 1006 3695 Θεὸν,
1048 3633 1252 3703 στήσας
1293 3634 1391 3686 καὶ
1419 3636 1611 3705 χρίσας
1646 3637 1747 3690 αὐ-

144 3719 248 3772 τὸν
282 3720 367 3781 ei;
401 3719 574 3772 τύπον
605 3719 844 3789 Χριστοῦ
874 3720 969 3774 τοῦ
997 3722 1394 3791 ἀκρογωνιαίου
1433 3724 1607 3779 λίθου.
1636 3728 1748 3780 Καὶ

145 3809 324 3862 πάλιν
347 3808 541 3879 βουνὸν
566 3810 730 3863 λίθων
759 3811 851 3864 ἐπὶ
874 3812 968 3865 τοῦ
991 3812 1166 3875 Λαῦὰ,
1192 3813 1443 3885 ὠνόμασε
1469 3816 1743 3889 μάρτυρα.

138 3901 452 3971 Μαρτυρεῖ
502 3901 595 3953 καὶ
641 3900 844 3970 Ἰησοῦς
896 3904 924 3954 ὀ
954 3901 1049 3955 τοῦ
1099 3903 1254 3973 Ναυῆ
1305 3904 1516 3960 δώδεκα
1565 3906 1747 3972 λίθους

136 3989 369 4058 στήσας
395 3991 479 4053 εἰς
506 3990 642 4044 Θεοῦ
675 3991 1001 4061 ἀνάμνησιν.
1034 3994 1095 4047 Et
1127 3993 1237 4065 γὰρ
1267 3987 1404 4064 ἦσάν
1428 4012 1534 4061 σοι,
1553 3990 1599 4051 ὦ
1620 3998 1747 4052 Ἰουο

133 4081 292 4145 δαῖε,
327 4083 393 4135 ὲν
423 4081 505 4152 τῷ
527 4082 604 4152 σῷ
637 4083 751 4153 ναῷ
769 4083 840 4136 τὰ
873 4082 967 4137 δύο
990 4085 1271 4158 Χερουσὶμ
1292 4087 1473 4141 ἐκεῖνα
1493 4088 1567 4142 τά
1585 4106 1749 4144 κατα-

137 4170 466 4233 σκιάζοντα
497 4171 556 4223 τὸ
585 4172 916 4242 ἱλαστήριον,
964 4173 1033 4226 τὰ
1061 4173 1297 4242 γλυπτά,
1326 4175 1544 4246 εἰσῆλθε
1577 4178 1636 4231 δέ
1662 4196 1746 4243 τις

127 4260 355 4329 Ἕλλην
376 4260 776 4335 εἰδωλολάτρης
809 4265 869 4317 ἐν
898 4264 976 4333 τῷ
1003 4264 1113 4336 ναῷ
1140 4284 1256 4330 σου,
1281 4269 1376 4322 καὶ
1406 4270 1743 4340 θεασάμενος

1828 462 2023 532 pagani
2055 462 2125 516 ab
2156 460 2420 517 adulteris
2456 460 2775 515 hominibus
2802 467 2858 513 et
2887 456 3177 513 homicidis
3200 465 3256 510 et
3286 455 3405 525 pol-

1831 551 1964 607 lotis
2012 553 2214 623 templa
2262 552 2627 606 nominabant
2669 559 2725 605 et
2770 549 2910 606 idola
2944 566 2958 602 :
2998 558 3055 604 et
3090 548 3208 603 illos
3248 546 3406 602 deiﬁ-

1831 645 2069 735 cabant:
2121 660 2230 698 non
2265 652 2446 698 autem
2483 642 2876 713 prophetarum
2903 680 2919 704 ,
2956 639 3039 695 vel
3091 647 3406 694 sanctorum

1831 730 2129 805 martyrum
2162 735 2447 803 templum,
2492 734 2577 788 vel
2597 749 2744 789 aram
2773 732 3213 786 nominaverunt.
3257 730 3411 783 Sicut

1832 821 1979 877 enim
2035 821 2292 877 Israelita:
2344 822 2438 892 qui
2504 820 2776 892 Babylone
2818 821 3080 883 fuerunt,
3135 818 3411 874 habebant

1834 928 2035 983 organa
2085 922 2140 967 et
2180 913 2453 978 citharas,
2508 925 2563 968 et
2631 913 2733 966 alia
2786 911 3077 982 quaedam,
3144 906 3408 978 quemad-

1836 1005 2058 1059 modum
2096 1013 2151 1058 et
2185 1003 2460 1074 Babylonii
2492 1022 2505 1057 :
2546 1012 2601 1058 et
2666 1003 2769 1057 alia
2823 1002 3043 1072 quidem
3083 1000 3135 1053 in
3185 998 3408 1068 gloriam

1842 1095 1973 1159 Dei,
2003 1094 2107 1149 alia
2139 1109 2269 1148 vero
2303 1093 2357 1147 in
2401 1093 2668 1147 culturam
2715 1084 3022 1147 daemonum
3062 1109 3076 1144 :
3114 1088 3185 1142 ita
3245 1097 3299 1141 et
3343 1086 3411 1140 de

1839 1186 2166 1258 imaginibus
2205 1186 2487 1256 gentilium
2551 1195 2606 1239 et
2643 1183 3082 1239 Christianorum
3137 1178 3408 1248 intelliga-

1838 1292 1961 1332 mus
1987 1319 2002 1344 ,
2041 1278 2166 1346 quia
2191 1277 2269 1332 illi
2300 1276 2519 1346 quidem
2558 1275 2611 1328 in
2669 1273 2988 1330 servitutem
3025 1271 3224 1327 diaboli
3254 1311 3267 1333 ,
3309 1285 3413 1323 nos

1840 1379 2021 1424 autem
2050 1370 2104 1423 in
2148 1370 2369 1440 gloriam
2401 1376 2454 1423 et
2480 1366 2930 1433 memorationem
2974 1363 3091 1418 Dei.
3129 1361 3417 1417 Verumta-

1841 1476 1965 1516 men
2014 1469 2070 1515 et
2118 1460 2289 1513 multa
2336 1459 2592 1513 miracula
2652 1459 2794 1512 Deus
2826 1472 2922 1527 per
2983 1444 3187 1525 lignum
3223 1453 3413 1507 audire

1844 1551 1973 1607 fecit
1996 1591 2012 1617 ,
2037 1551 2242 1621 lignum
2273 1550 2397 1605 vita:
2425 1559 2480 1604 et
2508 1549 2714 1620 lignum
2759 1548 3004 1604 scientia:
3036 1544 3328 1599 nominans
3349 1546 3368 1575 ⁹
3395 1561 3410 1595 :

1848 1651 1904 1698 et
1922 1643 2067 1698 aliud
2090 1642 2380 1713 virgultum
2426 1642 2718 1697 nominans
2765 1641 2940 1694 Sabec
2969 1681 2983 1704 ,
3018 1635 3411 1707 indulgentiam

1849 1736 2024 1806 ponit.
2060 1735 2262 1790 Deinde
2291 1736 2436 1806 virga
2466 1734 2803 1788 Pharaonem
2839 1730 3096 1801 operuit,
3136 1743 3288 1787 mare
3310 1726 3418 1781 sei-

1842 1826 1959 1891 dit,
2006 1841 2201 1896 aquam
2259 1825 2473 1883 dulcem
2515 1824 2645 1879 fecit
2676 1864 2691 1888 ,
2752 1830 3059 1893 serpentem
3118 1818 3415 1883 exultavit,

1844 1924 2052 1988 petram
2091 1917 2338 1987 dirupit,
2388 1930 2583 1985 aquam
2634 1913 2904 1985 protulit,
2944 1912 3148 1980 lignum
3212 1910 3419 1982 germi-

1842 2023 1981 2062 nans
2036 2007 2091 2061 in
2160 2006 2513 2062 tabernaculo
2550 2006 2731 2058 Aaron
2801 1999 3165 2057 sacerdotium
3213 1997 3414 2053 conﬁr-

1842 2099 2028 2153 mavit.
2056 2098 2149 2154 Sic
2173 2107 2228 2154 et
2259 2098 2515 2153 Salomon
2545 2095 2620 2150 ait
2655 2112 2668 2148 :
2696 2094 3033 2149 Benedictum
3085 2101 3158 2144 est
3214 2089 3414 2160 lignum

1840 2207 1934 2261 per
1961 2193 2098 2255 quod
2122 2192 2337 2261 justitia
2368 2191 2428 2263 ﬁt
2455 2190 2518 2245 '°.
2562 2188 2652 2244 Sic
2678 2199 2733 2242 et
2772 2187 2993 2240 Elismus
3030 2184 3177 2255 ligno
3206 2183 3260 2236 in
3288 2180 3415 2235 Jor-

1841 2283 2258 2354 danemjacto,
2327 2282 2531 2338 ferrum
2601 2281 2658 2336 in
2703 2290 2885 2350 typum
2941 2278 3070 2332 Ada:
3142 2275 3296 2346 quasi
3346 2290 3413 2329 ex
3508 2280 3513 2285 '

1842 2376 2058 2431 inferno
2085 2376 2322 2432 reduxit:
2353 2374 2433 2430 sic
2460 2373 2701 2445 praecipit
2737 2387 2905 2441 puero
2950 2385 3050 2426 suo
3081 2385 3179 2440 per
3208 2370 3412 2440 virgam

1840 2465 2109 2521 suscitare
2138 2480 2367 2536 puerum
2417 2462 2782 2518 Sunamitidis
2822 2462 2885 2514 ¹¹.
2926 2459 3065 2515 Deus
3112 2475 3274 2529 ergo,
3320 2456 3412 2527 qui

1844 2570 1940 2624 per
1968 2562 2051 2610 tot
2075 2555 2220 2625 ligna
2250 2553 2513 2608 miracula
2541 2562 2798 2622 operatus
2855 2558 2937 2605 est
2968 2590 2983 2614 ,
3037 2565 3144 2603 non
3188 2556 3367 2618 potest
3395 2587 3410 2607 .

1842 2641 1931 2696 die
1985 2642 2161 2704 mihi,
2218 2641 2356 2695 mira
2407 2640 2588 2694 facere
2634 2638 2802 2693 etiam
2862 2651 2960 2707 per
3006 2634 3309 2705 pretiosum
3351 2633 3415 2686 li-

1843 2747 2006 2802 gnum
2043 2746 2158 2784 sant
2178 2740 2244 2784 tae
2269 2728 2447 2785 crucis
2474 2729 2498 2781 ?
2528 2726 2585 2782 Si
2626 2727 2853 2797 impium
2884 2733 2969 2781 est
2999 2725 3225 2779 adorare
3254 2737 3412 2791 ossa,

1841 2818 2114 2888 quomodo
2148 2832 2271 2871 eum
2303 2815 2449 2871 omni
2478 2813 2892 2870 honoriﬁcentia
2942 2811 3252 2867 detulerunt
3294 2823 3415 2864 ossa

1839 2908 2042 2979 Joseph
2071 2923 2138 2962 ex
2163 2906 2396 2979 Egypto
2419 2946 2435 2972 ,
2489 2905 2766 2977 quomodo
2810 2911 3060 2959 mortuus
3097 2903 3259 2956 homo
3293 2916 3416 2954 ossa

1844 3001 2022 3055 Eliszei
2058 3010 2286 3071 tangens
2340 2996 2805 3053 surrexit?l’orro
2843 2995 2887 3050 si
2942 3010 3039 3066 per
3069 3008 3191 3049 ossa
3251 2992 3418 3046 mira-

1843 3090 1963 3144 cula
2020 3097 2280 3159 operatur
2334 3089 2478 3143 Deus
2504 3131 2516 3153 ,
2558 3088 2912 3158 perspicuum
2947 3094 3033 3139 est
3068 3083 3211 3154 quod
3246 3085 3420 3152 poss‘t

1842 3180 2006 3233 ctiam
2036 3194 2137 3249 per
2156 3179 2440 3250 imagines,
2471 3189 2527 3233 et
2558 3195 2655 3245 per
2681 3178 2904 3248 lapides.
2934 3185 2991 3231 et
3029 3191 3127 3247 per
3150 3174 3252 3229 alia
3277 3173 3420 3229 mul-

1845 3276 1919 3322 ta.
1955 3268 2093 3324 Nam
2125 3277 2182 3324 et
2205 3269 2476 3324 Abraham
2517 3285 2627 3323 non
2680 3269 2930 3338 permisit
2968 3266 3187 3335 sepeliri
3216 3281 3420 3336 corpus

1845 3357 1993 3411 Sara;
2062 3359 2121 3411 in
2184 3358 2557 3412 monumentis
2626 3358 2857 3421 alienis,
2918 3357 3013 3411 scd
3081 3357 3136 3409 in
3201 3354 3422 3426 preprio

1844 3445 2096 3515 sepulcro
2134 3460 2298 3500 causa
2337 3447 2585 3500 honoris.
2628 3446 2763 3500 Nam
2786 3453 2841 3500 et
2869 3443 3036 3500 Jacob
3064 3445 3297 3499 honorat
3323 3459 3423 3513 per

1843 3536 2077 3607 lapidem
2108 3537 2279 3592 Deum
2305 3577 2321 3602 ,
2355 3546 2602 3592 statuens
2632 3546 2688 3592 et
2717 3551 2926 3607 ungens
2968 3551 3095 3607 cum
3143 3535 3199 3589 in
3236 3544 3419 3606 typum

1843 3628 2044 3685 Christi
2071 3629 2348 3699 angularis
2378 3629 2598 3699 lapidis.
2624 3629 2692 3683 Et
2724 3629 2853 3682 item
2889 3643 3148 3683 acervum
3181 3628 3423 3697 lapidum

1845 3722 1900 3776 in
1932 3721 2112 3776 Laban
2146 3721 2450 3776 nominavit
2476 3727 2688 3776 testem.
2718 3719 2781 3774 Et
2831 3718 2989 3774 Jesus
3034 3719 3179 3775 Nave
3216 3720 3423 3775 duode—

1844 3814 1949 3869 cim
1989 3814 2200 3885 lapides
2228 3812 2420 3868 statuit
2448 3812 2501 3867 in
2558 3812 2993 3866 recordationem
3045 3812 3157 3866 Dei.
3186 3812 3240 3865 Si
3274 3814 3422 3867 enim

1832 3912 2029 3981 essent
2063 3906 2156 3960 tibi
2179 3942 2195 3964 ,
2229 3920 2263 3959 ο
2288 3903 2475 3959 Judaee
2497 3945 2512 3969 ,
2558 3904 2612 3957 in
2643 3904 2847 3973 templo
2879 3912 2971 3958 tuo
2998 3904 3106 3958 duo
3137 3904 3423 3959 cherubim

1844 3996 1957 4059 illi,
1985 3997 2080 4065 qui
2134 3994 2533 4050 obumbrabant
2580 3994 3049 4064 propitiatorium,
3094 3994 3324 4063 sculpti,
3367 4004 3422 4050 et

1845 4086 2106 4141 intrasset
2161 4085 2446 4155 quisquam
2501 4098 2746 4155 paganus
2791 4083 3056 4138 idolorum
3107 4085 3325 4148 cultor,
3366 4094 3421 4139 et

1845 4176 2090 4232 visis‘his
2117 4175 2384 4246 arguisset
2405 4174 2660 4239 Judaeos,
2693 4175 2848 4244 quasi
2879 4184 2931 4228 et
2958 4175 3099 4244 ipsos
3124 4176 3418 4232 adorantes

1844 4268 2157 4329 simulacra,
2189 4266 2323 4335 quid
2352 4275 2511 4335 putas
2544 4265 2774 4320 haberes
2801 4306 2816 4331 ,
2864 4265 2955 4319 dic
2984 4266 3148 4332 mihi,
3180 4281 3414 4335 respou-

115 4350 317 4403 ταῦτα
346 4352 647 4422 ἐμέμψατο
668 4357 781 4418 τοῖς
816 4355 1113 4429 Ἰουδαίοις,
1140 4358 1216 4421 ὡς
1241 4360 1334 4413 καὶ
1349 4362 1530 4416 αὐτῶν
1550 4364 1740 4417 εἴδωλα

1848 4359 1976 4414 dere
2001 4359 2077 4413 illi
2112 4358 2179 4412 de
2208 4357 2423 4412 duobus
2450 4356 2740 4412 cherubim
2770 4356 3019 4412 fusilibus
3044 4396 3058 4420 ,
3094 4366 3151 4411 et
3204 4358 3378 4412 bobus
3398 4399 3413 4423 ,

111 4442 637 4509 προσκυνούντων,
659 4445 711 4495 τί
729 4444 793 4497 ἂν
822 4441 986 4516 εἶχες,
1017 4449 1139 4500 εἰπέ
1163 4468 1275 4519 μοι.
1300 4452 1743 4523 ἀπολογήσασθαι

105 4530 291 4599 αὐτῷ
331 4531 474 4601 περὶ
497 4533 603 4585 τῶν
637 4533 730 4587 δύο
753 4537 1032 4608 Χερουϐὶμ
1056 4538 1165 4591 τῶν
1190 4542 1496 4609 χωνευτῶν,
1517 4545 1608 4597 καὶ
1634 4544 1743 4598 τῶν

102 4621 300 4693 βοῶν,
353 4623 459 4675 καὶ
511 4625 789 4692 φοινίκων,
827 4629 920 4681 καὶ
943 4627 1170 4683 λεόντων
1200 4632 1311 4684 τῶν
1339 4632 1509 4688 ὄντων
1536 4635 1655 4688 τότε
1685 4639 1743 4689 ὲν

90 4714 196 4785 τῷ
226 4714 367 4785 ναῷ
402 4716 697 4782 γλυπτῶν;
750 4719 914 4773 Οὐδὲν
967 4715 1114 4790 εἶχες
1154 4723 1290 4792 πρὸς
1339 4724 1502 4777 αὐτὸν
1545 4726 1741 4793 ἀληθὲς

85 4809 346 4875 λέγειν,
377 4810 434 4859 εἰ
469 4809 543 4878 μὴ
565 4808 741 4871 τοῦτο,
776 4812 857 4864 ὅτι
885 4812 996 4881 υὺχ
1024 4813 1097 4875 ὡς
1121 4813 1274 4877 θεοὺς
1302 4814 1496 4885 ἔχομεν
1527 4816 1666 4870 αὐτὰ
1687 4821 1746 4871 ὲν

76 4897 197 4966 τῷ
228 4895 401 4965 ναῷ,
431 4896 550 4949 ἀλλ’
585 4900 667 4961 είς
698 4899 1003 4970 ἀνάμνησιν
1038 4901 1174 4954 Θεοῦ
1229 4904 1323 4956 καὶ
1356 4903 1515 4969 δόξαν
1549 4907 1616 4958 τὰ
1640 4907 1746 4959 Χε-

74 4987 348 5059 ρουϐὶμ
376 4987 565 5041 ταῦτα
587 4987 783 5059 ἔχομεν
814 4994 872 5044 ὲν
894 4992 973 5062 τῷ
994 4992 1125 5062 ναῷ.
1154 4993 1214 5046 ΕΞ
1237 4994 1327 5048 οὖν
1350 4995 1524 5050 ταῦτα
1548 4996 1740 5060 οὕτως,

60 5080 237 5141 πῶς
282 5080 439 5146 ἐμοὶ
499 5078 628 5149 περὶ
683 5081 905 5135 εἰκόνων
956 5085 1246 5152 ὲγκαλεῖς;
1290 5086 1412 5139 Ἀλλ
1452 5090 1597 5157 ἐρεῖς
1628 5106 1740 5158 μοι,

57 5178 182 5229 ὅτι
218 5171 254 5223 ὁ
287 5170 455 5232 Θεὸς
492 5169 571 5240 τῷ
600 5171 806 5243 Μωῦσῇ
857 5175 1157 5244 προσέταξε
1190 5179 1417 5248 ποιῆσαι
1448 5182 1508 5232 ἐν
1531 5179 1608 5249 τῷ
1630 5180 1743 5249 ναῷ

57 5263 158 5319 τὰ
195 5259 493 5329 γλυπτά.
527 5260 696 5331 Κάγὼ
716 5262 871 5317 τοῦτο
895 5264 1039 5334 λέγω
1061 5282 1075 5296 ·
1137 5268 1252 5320 ἀλλ’
1276 5271 1305 5321 ὀ
1328 5269 1578 5340 Σολομὼν
1601 5272 1745 5325 ἐκεῖ·

57 5361 193 5413 θεν
222 5353 566 5423 ὁδηγηθεὶς
600 5358 694 5408 καὶ
730 5358 950 5411 πλείονα
977 5361 1036 5412 ὲν
1065 5359 1143 5430 τῷ
1166 5361 1280 5431 ναῷ
1311 5363 1742 5426 κατεσκεύασεν,

57 5450 93 5503 ἱ
108 5461 262 5513 περ
281 5444 443 5498 οξιδὲ
462 5446 490 5497 ὀ
515 5447 647 5511 Θεδς
666 5448 810 5520 αὐτῷ
835 5448 1186 5521 προσέταξεν,
1213 5453 1380 5524 οὐδὲὴ
1409 5456 1578 5526 σκηνὴ
1599 5457 1630 5525 ἡ
1652 5456 1745 5509 τοῦ

142 5626 178 5660 ⁸
230 5624 416 5681 Gen.
460 5640 531 5692 ιι,
577 5626 665 5680 l7.

1844 4461 1901 4506 et
1952 4449 2184 4521 palmis,
2253 4458 2309 4502 ct
2382 4448 2670 4513 leonibus,
2734 4449 2826 4518 qui
2887 4460 3043 4505 erant
3100 4450 3152 4503 in
3217 4451 3417 4521 templo

1846 4543 2081 4614 sculpti?
2108 4540 2253 4595 Nihil
2280 4541 2512 4596 haberes
2532 4541 2721 4611 utique
2742 4557 2929 4596 verum
2954 4544 3019 4598 ad
3061 4559 3183 4598 eum
3230 4546 3418 4599 dicen-

1845 4635 1996 4698 dum,
2029 4635 2134 4689 nisi
2163 4634 2305 4700 hoc;
2344 4636 2472 4704 quia
2524 4635 2640 4688 {\‘on
2684 4643 2739 4688 ut
2787 4634 2917 4689 deos
2959 4634 3224 4690 habemus
3254 4651 3317 4689 ea
3365 4638 3420 4689 in

1849 4726 2072 4795 templo,
2105 4727 2201 4781 sed
2229 4729 2295 4780 ad
2328 4726 2763 4781 recordationem
2798 4725 2891 4780 Dei
2932 4736 2986 4781 et
3032 4727 3256 4798 gloriam
3289 4728 3419 4781 istos

1846 4820 2131 4876 cherubim
2159 4820 2427 4875 habemus
2450 4820 2504 4873 in
2538 4815 2761 4889 templo.
2799 4817 2857 4872 Si
2887 4834 3016 4889 ergo
3059 4820 3177 4873 haec
3235 4819 3308 4872 ita
3360 4834 3419 4873 se

1845 4910 2085 4977 habent,
2116 4912 2389 4980 quomodo
2438 4926 2527 4966 me
2582 4926 2750 4982 super
2796 4910 2970 4965 iconis
3009 4910 3283 4966 accusas?
3311 4910 3421 4966 Sed

1842 5003 1981 5059 dicis
2023 5003 2179 5064 mihi,
2225 5003 2351 5073 quia
2398 5002 2543 5058 Deus
2595 5001 2760 5072 Moysi
2819 5001 3082 5072 praecepit
3127 5000 3308 5055 facere
3366 5002 3419 5055 in

1842 5094 2047 5165 templo
2076 5095 2380 5164 sculptilia:
2412 5103 2471 5150 et
2509 5109 2611 5164 ego
2654 5094 2760 5148 hoc
2803 5093 2966 5161 dico;
3025 5093 3121 5147 scd
3166 5092 3421 5148 Salomon

1842 5184 1973 5239 hinc
2008 5183 2265 5238 directus.
2300 5184 2462 5239 etiam
2498 5184 2650 5254 plura
2736 5183 2791 5237 in
2854 5182 3059 5254 templo
3113 5186 3422 5239 construxit

1845 5290 1968 5344 quae
2001 5288 2179 5344 neque
2208 5275 2256 5329 ei
2284 5275 2432 5330 Deus
2460 5274 2721 5345 prtcccpit
2750 5315 2765 5339 ,
2792 5288 2970 5345 neque
3006 5275 3419 5330 tabernaculum

1849 5365 2147 5420 testimonii
2195 5366 2427 5426 habuit,
2466 5380 2643 5434 neque
2698 5365 2959 5433 templum
2988 5366 3132 5437 quod
3167 5363 3419 5421 Ezechiel

1844 5471 1908 5509 cx
1946 5455 2058 5509 Deo
2088 5454 2508 5523 comtemplatus
2542 5462 2627 5507 est
2649 5494 2663 5515 ,
2699 5464 2752 5508 ct
2784 5469 2889 5513 non
2918 5464 3000 5509 est
3045 5455 3099 5509 in
3148 5454 3248 5509 hoc
3313 5457 3418 5509 ba-

778 5628 821 5658 ¹⁰
858 5627 984 5697 Sap.
1015 5644 1100 5694 tv,
1132 5630 1185 5683 7.
1243 5628 1307 5684 IV
1344 5631 1477 5703 Reg.
1513 5648 1590 5687 vt.
1668 5633 1709 5665 ¹¹
1749 5633 1815 5687 ιν
1869 5634 2001 5703 Reg.
2060 5650 2120 5699 ιι,
2163 5632 2254 5698 l9;
2308 5633 2485 5687 ιιεὲθ.
