3906 6192
210 260 322 325 1609

1441 250 1738 312 CONTRA
1784 228 2111 309 mustos.

3284 243 3419 307 1010

203 370 316 422 Θεὸν
342 364 525 438 ἡμῶν,
572 362 665 417 καὶ
711 361 802 415 τὸν
840 360 1009 413 τύπον
1038 358 1134 414 τοῦ
1166 357 1398 430 σταυροῦ
1433 356 1623 421 αὑτοῦ,
1656 358 1749 409 καὶ

1856 368 1906 413 et
1933 358 2278 412 characteres
2327 363 2639 410 sanctorum
2698 354 2837 424 ejus.
2871 354 3007 421 Quia
3051 354 3226 424 ipsum
3263 354 3423 409 decet

202 462 309 522 τοὺς
339 454 691 528 χαρακτῆρας
722 453 829 507 τῶν
859 453 1032 521 ἁγίων
1058 451 1241 505 αὑτοῦ.
1286 452 1409 503 Ὅτι
1441 448 1589 519 αὑτῷ
1616 449 1751 519 πρέ-

206 569 285 605 πει
301 550 420 615 δόξα
457 547 554 599 σὺν
576 544 654 614 τῷ
699 544 875 614 Πατρὶ
908 545 1004 597 καὶ
1028 543 1107 614 τῷ
1127 542 1267 615 ἁγίῳ
1291 540 1594 612 Πνεύματι,
1654 539 1750 593 νῦν

205 644 287 697 καὶ
311 640 415 709 ἀεὶ,
444 636 540 692 καὶ
568 637 651 700 εις
670 636 796 701 τοὺς
818 636 1020 701 αἰῶνας
1046 636 1153 692 τῶν
1181 635 1408 690 αἰώνων.
1447 633 1620 703 Ἀμήν
1648 630 1746 702 (⁸).

1858 449 2030 520 gloria
2078 453 2210 504 cum‘
2275 447 2435 502 Patre
2482 461 2547 501 ac
2611 444 2818 515 Spitilu
2861 456 3095 510 sancto,
3151 439 3298 500 nunc
3367 455 3424 500 ct

1856 556 2074 612 semper
2096 580 2117 607 ,,
2153 549 2208 597 et
2245 540 2299 595 in
2333 540 2529 597 saecula
2568 539 2914 617 saeculorum.
2955 540 3127 593 Amen

1667 810 1901 867 NOTAS.

291 912 337 982 ')
368 911 492 968 Ha'c
540 913 683 982 apud
732 908 908 966 Ματιδί
954 917 1245 982 sequuntur
1269 921 1287 958 :
1327 903 1742 982 _vaot_ayrivo;
1848 901 2219 982 sanctissimus
2253 900 2521 982 episcopus
2558 899 2878 982 Constantia:
2917 898 3085 982 (lg/pri
3107 900 3286 982 dixit:
3317 898 3426 954 Hic

264 913 337 1033 ἵ)
368 913 492 968 Ha'c
540 913 683 982 apud
732 913 908 966 Ματιδὶ
961 917 1245 979 sequuntur
1269 921 1287 958 :
1336 913 1742 964 Κωνσταντῖνος

204 982 266 1058 ξπ
290 996 480 1058 nono;
497 981 893 1058 _KUiVCT_aV‘:_£aC
920 977 1018 1058 τῇς
1053 977 1274 1058 Ιξύπρρυ
1301 969 1452 1055 εἶπεν
1469 989 1483 1003 ·
1513 969 1683 1058 libro;
1714 974 1743 1024 ὁ

201 1052 550 1118 ἀναγνωσθεὶς
578 1053 762 1120 Πατὴρ
791 1053 848 1102 ὲν
889 1049 990 1119 μιᾷ
1027 1044 1362 1120 adiunctam
1387 1044 1742 1120 1:71;.Kunpou

205 1112 825 1191 ἱερόπρεπῶέδιέπρὲψε.
855 1112 976 1191 Kal;
988 1114 1157 1169 πολλὰ
1199 1112 1450 1191 inuenta
1478 1114 1583 1191 acati
1608 1129 1747 1191 παν-

203 1176 485 1259 ηῨυρίκοὼς
511 1176 708 1257 λόγουξ
739 1176 904 1242 αὑτοῦ
940 1186 1150 1255 ἔχομεν.
1173 1176 1288 1250 μεῖν
1312 1176 1385 1234 ὧν
1410 1182 1500 1233 καὶ
1539 1182 1617 1243 εἱς
1648 1179 1746 1300 si?

207 1260 606 1300 ιιετηηόηςωινμν
632 1259 723 1300 eo;
746 1257 998 1300 Enniano:
1049 1251 1225 1300 ἠαῶν.
1258 1250 1647 1300 Συνεγοάώατο
1725 1249 1746 1300 ὲ

206 1249 606 1329 ρἐἁμόρεᾷωσιν
632 1249 723 1329 τσῧ
746 1249 1225 1329 ΣωτῆροξΑ-’ήεθῶψ
1258 1250 1647 1329 Σννεγράψατσ
1692 1249 1749 1300 δὲ

202 1320 288 1398 ita).
332 1320 570 1398 autem
615 1328 713 1398 τοῦ
768 1320 924 1398 ἁγίσῦ
996 1324 1241 1398 Ἰωάννου
1286 1320 1748 1398 Δὀιρχι-ετειςξκρτιεου

213 1388 601 1467 ξΔλεξανδρείας
623 1397 731 1450 τοῦ-
751 1388 1072 1467 Ἔλβήνμονος
1087 1409 1099 1423 ο
1124 1392 1205 1443 ἔτι
1241 1390 1351 1467 μὴν
1368 1390 1459 1467 uoti
1486 1388 1581 1467 τσῦ
1603 1388 1750 1467 ocios

201 1459 410 1535 Συμεὼν
438 1459 530 1518 *Ξοῦ
553 1467 744 1525 Σαλοῦ,
772 1466 872 1535 καὶ
895 1459 1066 1535 ’ἕτερα
1084 1478 1205 1514 τινα
1229 1459 1250 1491 ’⁷
1265 1459 1363 1535 3:31
1391 1461 1447 1510 ὲν
1463 1459 1613 1535 ..πᾶίσι
1641 1459 1754 1535 τοῖς

197 1525 362 1607 λόᾖοις
388 1535 550 1607 αρτοὖ
578 1534 853 1607 ὀρβὸδοξος
878 1525 1517 1607 γνωξίζεταξηἭκρίαζε
1538 1528 1594 1578 δὲ
1616 1526 1758 1607 κατὰ

198 1596 316 1667 soi};
344 1596 566 1675 χρόνους
599 1596 905 1674 Μαυριήκίού
933 1596 1027 1655 τοῦ
1063 1599 1329 1671 βασιλέως
1350 1615 1362 1625 ·
1386 1596 1759 1652 Constantinus

1851 972 1939 1043 qui
1967 972 2125 1025 lectus
2149 981 2222 1024 est
2235 970 2429 1043 Pater,
2459 970 2515 1022 in
2540 987 2644 1023 una
2670 971 2893 1043 urbium
2926 968 3085 1043 Cypri
3130 973 3312 1043 decore
3328 986 3427 1043 sa"

1853 1038 2148 1096 cratissimo
2199 1038 2428 1091 claruit:
2473 1049 2523 1092 et
2568 1040 2739 1105 multa
2787 1040 3050 1109 prwcouia
3076 1078 3090 1102 ,
3133 1048 3193 1109 et
3221 1040 3427 1108 festivos

1851 1126 2111 1166 sermones
2137 1110 2250 1175 eius
2266 1110 2540 1172 habemus,
2574 1125 2691 1179 cum
2735 1110 2920 1179 quibus
2953 1118 3026 1161 est
3074 1108 3231 1179 etiam
3259 1125 3427 1162 sermo

1852 1182 1967 1249 ejus
1998 1182 2051 1233 in
2084 1178 2601 1247 transﬁgurationem
2632 1177 2927 1249 salvatoris
2957 1179 3141 1231 nostri.
3190 1177 3430 1231 Conscri-

1850 1248 1949 1319 psit
1971 1256 2147 1302 autem
2176 1258 2225 1301 et
2254 1254 2414 1302 vitam
2439 1249 2608 1319 salicti
2651 1248 2872 1319 Joannis
2916 1248 3287 1319 archiepiscopi
3307 1250 3428 1319 Alc-

1849 1317 2090 1373 atandriaa
2121 1327 2451 1386 cognomento
2482 1317 2793 1381 Eleemonis,
2839 1319 2895 1371 id
2923 1327 3016 1381 est,
3044 1317 3426 1371 misericordis:

1853 1390 1979 1460 quin
2007 1399 2055 1460 et
2079 1385 2269 1460 sancti
2297 1385 2568 1456 Symeonis
2598 1387 2870 1460 simplicis,
2914 1396 2959 1441 et
2984 1386 3093 1460 alia
3134 1388 3427 1460 quwdam:

1851 1457 2096 1529 atquein
2128 1457 2368 1529 omnibus
2397 1458 2719 1529 sermonibus
2756 1460 2865 1529 suis
2893 1457 3214 1529 orthodoxus
3257 1458 3423 1529 cerni-

1856 1526 1961 1582 tur.
1997 1528 2195 1582 Floruit
2232 1535 2407 1579 autem
2436 1527 2752 1595 temporibus
2784 1526 3033 1581 Mauricii
3073 1527 3425 1595 imperatoris.

205 1787 3425 1821 Μηρώ-Μία

1236 1963 2094 2092 FRAGMENT
2114 1961 2382 2088 UM.

926 2367 1427 2464 LEONTII
1570 2364 2114 2460 EPISCOPI
2249 2368 2657 2458 CYPRII

1131 2585 1709 2702 CONTRA

1848 2584 2475 2700 JUDXEOS.

1201 2810 1490 2881 (CANISIUS,
1527 2808 1701 2878 Autiq.
1735 2807 1965 2861 Lection.
2006 2814 2043 2860 t.
2078 2806 2119 2872 l,
2161 2821 2212 2875 p.
2255 2802 2403 2871 765.)

258 3123 515 3191 Ostende,
570 3120 769 3191 inquit,
823 3116 955 3173 mihi
1016 3117 1168 3187 signa
1213 3117 1481 3172 adventus
1545 3116 1750 3171 Christi
1781 3104 1829 3162 Β
1856 3116 2223 3171 crediderunt.
2246 3113 2558 3171 Secundum
2592 3131 2721 3171 vero
2748 3116 3206 3188 anagogen:Non
3232 3115 3432 3173 levabit

186 3219 331 3290 apud
349 3216 645 3272 Michaeam.
668 3230 686 3263 ι
708 3211 828 3266 Non
842 3209 1070 3278 amplius
1093 3208 1281 3261 levabit
1298 3224 1419 3277 gens
1431 3216 1611 3260 contra
1630 3224 1759 3276 gen-

186 3320 289 3365 tem
310 3307 666 3374 rhomphwam
697 3303 752 3367 ’ς
790 3319 808 3351 ι
852 3308 906 3354 et
933 3299 1063 3352 illud
1091 3298 1236 3367 apud
1254 3297 1544 3351 Jeremiam
1579 3314 1594 3349 :
1636 3295 1758 3348 Non

185 3380 346 3461 enim,
386 3396 580 3463 inquit,
610 3391 861 3446 docebunt
917 3388 1148 3455 amplius
1187 3387 1538 3456 unusquisque
1576 3388 1759 3453 proxi-

186 3504 333 3543 mum
364 3501 516 3539 suum
537 3485 711 3537 dicens
733 3522 748 3545 ,
784 3494 1026 3549 cognosce
1067 3477 1388 3540 Dominum;
1424 3476 1546 3545 quia
1583 3490 1758 3527 omnes

184 3583 494 3648 cognoscent
532 3590 613 3627 me
640 3589 672 3625 a
693 3587 856 3641 parvo
894 3585 1055 3639 usque
1088 3569 1157 3621 ad
1196 3582 1445 3635 magnum
1476 3567 1519 3629 ’,
1550 3576 1603 3619 et
1625 3564 1756 3618 illud

183 3668 331 3739 apud
382 3665 571 3721 lsaiam
604 3683 620 3719 :
658 3662 936 3725 Pascetur,
983 3659 1177 3728 inquit,
1223 3658 1374 3726 lupus
1424 3672 1542 3709 cum
1596 3669 1753 3723 agno,

180 3769 234 3815 et
267 3759 466 3827 pardus
494 3754 655 3810 simul
687 3752 967 3822 requiescet
996 3766 1111 3803 cum
1138 3747 1288 3802 Iuedo
1327 3764 1345 3810 ;
1372 3754 1420 3799 et
1466 3744 1675 3809 vitulus,
1705 3751 1755 3797 et

182 3861 393 3914 taurus,
452 3838 498 3901 et
545 3846 626 3899 leo
654 3842 816 3898 simul
866 3850 1167 3910 pascentur,
1197 3846 1245 3915 et
1268 3835 1431 3889 catuli
1463 3850 1643 3889 eorum
1676 3836 1752 3888 si-

180 3939 299 3997 mul
331 3948 502 4003 erunt,
541 3946 590 3992 et
627 3936 708 3990 leo
743 3943 901 4003 atque
951 3932 1038 3985 bos
1069 3929 1227 3984 simul
1254 3928 1517 3982 comedent
1550 3926 1751 3995 paleas,

179 4041 228 4086 et
260 4046 394 4101 puer
426 4044 618 4098 parvus
639 4028 694 4079 in
727 4026 963 4094 foramen
998 4022 1259 4090 aspidum,
1288 4028 1337 4072 et
1375 4019 1431 4071 in
1453 4017 1621 4071 cubile
1660 4034 1756 4071 na-

178 4129 362 4174 torum
391 4134 454 4172 ea:
492 4116 761 4186 aspidibus
784 4126 994 4166 manum
1023 4109 1213 4173 mittet,
1238 4117 1286 4161 et
1314 4123 1415 4159 non
1446 4105 1750 4161 nocebunt'.

175 4209 312 4264 llaec
341 4207 487 4262 enim
530 4214 614 4260 est
641 4203 954 4259 Judaeorum
998 4197 1306 4268 pervulgata
1341 4195 1591 4264 quaestio.
1642 4196 1752 4249 Ad-

172 4306 401 4354 vertant
427 4306 607 4351 autem
654 4291 839 4347 omnia
870 4291 1030 4348 facta.
1058 4296 1114 4342 et
1137 4288 1205 4341 ad
1246 4287 1449 4340 exitum
1488 4284 1751 4354 perducta

171 4406 323 4445 esse.
355 4389 492 4443 Cum
518 4386 664 4441 enim
686 4392 951 4437 venturus
978 4386 1096 4433 erat
1118 4378 1388 4440 Christus,
1421 4376 1602 4430 statim
1628 4379 1749 4432 exi-

169 4482 257 4537 vit
285 4482 530 4535 edictum
550 4493 582 4531 a
597 4477 810 4531 Caesare
830 4475 1093 4543 Augusto,
1115 4479 1175 4524 ut
1200 4469 1603 4526 describeretur
1629 4470 1749 4523 uni-

166 4587 379 4628 versus
413 4570 580 4631 orbis.
608 4566 804 4623 deinde
820 4565 965 4620 omni
997 4571 1155 4635 gente
1205 4562 1259 4617 in
1290 4569 1610 4633 potestatem
1642 4560 1751 4615 Ro-

165 4675 471 4717 manorum
501 4659 742 4721 redacta,
794 4671 986 4711 omnes
1026 4668 1213 4725 pacem
1245 4652 1512 4718 iecerunt,
1543 4661 1601 4707 et
1639 4667 1750 4706 non

160 4750 420 4820 amplius
443 4751 586 4804 inter
611 4763 670 4803 se
688 4746 832 4803 bella
854 4756 1125 4817 gerentes,
1146 4743 1348 4814 quippe
1371 4742 1465 4813 qui
1498 4743 1602 4798 sub
1641 4758 1751 4799 uno

158 4842 359 4912 capite
385 4850 588 4904 essent,
610 4840 679 4895 ad
709 4838 1091 4909 agriculturam
1124 4850 1183 4891 se
1207 4841 1613 4889 converterunt.

240 4934 411 5000 Quod
432 4934 476 4987 si
505 4947 625 5003 quae
654 4940 844 5002 gentes
874 4928 1074 4984 relictae
1090 4938 1218 4981 sunt
1238 4926 1524 4987 bellantes,
1552 4925 1750 4980 idioma

158 5024 484 5094 Scriptura:
533 5031 637 5086 est,
681 5021 734 5076 id
767 5028 870 5085 est,
927 5021 1145 5089 propria
1194 5018 1553 5079 consuetudo,
1603 5016 1749 5086 loqui

152 5116 439 5171 universe
465 5115 533 5169 de
560 5113 764 5181 majore
788 5119 961 5180 parte.
988 5109 1308 5178 Huiusmodi
1326 5118 1406 5163 est
1428 5108 1556 5162 illud
1585 5108 1750 5162 trium

148 5219 477 5276 puerorum
511 5222 523 5257 :
548 5201 668 5256 Non
697 5210 771 5254 est
800 5201 856 5253 in
883 5206 1107 5267 tempore
1135 5200 1228 5252 hoc
1251 5199 1508 5267 princeps,
1542 5207 1590 5251 et
1624 5213 1748 5266 pro-

145 5294 334 5367 pheta
367 5295 391 5326 ⁸
423 5311 439 5360 ;
473 5303 632 5349 erant
660 5291 805 5346 enim
848 5290 1056 5354 Daniel,
1112 5299 1167 5344 et
1207 5289 1457 5344 Ezechirl
1500 5304 1621 5342 cum
1666 5289 1748 5358 ip-

141 5386 239 5443 sis
276 5404 294 5451 ;
344 5396 402 5441 et
452 5384 735 5447 Jeremias,
775 5381 1160 5451 Hierosolymis
1194 5399 1207 5434 :
1252 5391 1305 5435 et
1350 5379 1515 5435 multa
1555 5381 1748 5451 hujus-

142 5478 320 5535 modi
378 5485 526 5532 sunt.
574 5477 682 5530 Aut
739 5474 1024 5545 prephetia
1070 5480 1154 5528 est
1205 5473 1273 5527 de
1317 5473 1589 5544 gentibus,
1626 5488 1748 5542 quae

1772 4436 1816 4500 C

1858 3221 1992 3273 gens
2015 3206 2325 3260 dmmonum
2353 3206 2407 3258 in
2432 3212 2650 3276 gentem
2681 3205 2960 3260 hominum
2991 3205 3226 3277 gladium
3258 3206 3432 3261 idolo-

1859 3296 2047 3356 latriae,
2087 3295 2176 3362 qui
2208 3296 2406 3349 occidit
2437 3296 2670 3358 animas,
2716 3305 2771 3350 et
2796 3296 2958 3364 eripit
3001 3311 3220 3351 sensum
3247 3299 3433 3369 cogni-

1859 3386 2022 3437 tionis
2046 3383 2156 3437 Dci.
2196 3381 2298 3437 Ubi
2343 3385 2489 3438 enim
2529 3384 2882 3455 Evangelium
2932 3387 3282 3454 praedicatum
3323 3397 3427 3449 est,

1857 3488 2049 3526 omnes
2069 3488 2233 3526 unum
2263 3488 2460 3542 corpus
2485 3474 3029 3541 iactisunt,etunum
3053 3486 3216 3545 caput
3245 3477 3433 3530 Chris-

1859 3569 1971 3615 tum
2008 3562 2334 3626 habuerunt,
2371 3574 2426 3618 et
2448 3574 2708 3619 terrorem
2741 3566 3080 3620 daemonibus
3105 3567 3427 3624 intulerunt.

1858 3649 1989 3705 Illud
2019 3651 2164 3704 enim
2198 3669 2212 3705 :
2244 3651 2362 3705 Non
2393 3654 2504 3706 veni
2544 3654 2747 3707 mittere
2777 3670 2979 3723 pacem.
3023 3655 3113 3708 sed
3135 3655 3426 3726 gladiunt',

1854 3756 1964 3795 non
1996 3743 2064 3796 de
2087 3742 2266 3812 gladio
2295 3743 2440 3798 civili
2467 3731 2674 3799 dictum
2705 3753 2827 3809 est;
2861 3744 3070 3815 gladius
3103 3748 3250 3802 enim
3265 3763 3427 3818 quem

1854 3833 2001 3887 misit
2025 3833 2299 3900 Christus,
2334 3836 2649 3905 praedicatio
2676 3845 2854 3900 est,et
2872 3837 3004 3892 ﬁdes
3028 3840 3429 3908 praedicationis

1852 3923 2100 3980 dividens
2129 3925 2340 3980 ﬁdelem
2363 3929 2432 3982 ab
2457 3927 2683 3990 inﬁdeli,
2716 3938 2771 3983 et
2800 3944 3058 3985 resccans
3082 3933 3177 4001 τὴν
3212 3934 3305 3985 ἐπὶ
3329 3950 3427 3987 κα-

1852 4014 1934 4086 κῷ
1962 4016 2165 4085 σχέσιν,
2195 4018 2290 4070 καὶ
2330 4019 2655 4088 συμφωνίαν
2678 4020 2852 4091 αὐτῷ,
2870 4021 2923 4076 id
2952 4030 3055 4085 est,
3084 4023 3424 4079 affectionem

1851 4106 1989 4169 vitii,
2024 4116 2080 4161 et
2106 4123 2228 4162 cum
2257 4124 2324 4162 eo
2349 4111 2786 4169 consensionem.
2816 4113 2906 4167 Sic
2921 4114 2988 4167 ad
3010 4113 3141 4168 illud
3164 4115 3423 4171 Michare.

1922 4197 2215 4254 Videamus
2257 4201 2522 4272 deinceps
2555 4202 2684 4257 illud
2755 4205 2897 4273 apud
2926 4203 3238 4260 Jeremiam.
3289 4205 3424 4260 Cum

1850 4291 1997 4345 enim
2027 4294 2223 4357 multa,
2259 4304 2317 4347 et
2353 4310 2551 4365 inagna
2584 4295 2738 4365 signa
2770 4295 3025 4352 Christus
3051 4298 3275 4363 faceret,
3306 4314 3428 4354 om-

1848 4398 1949 4436 nes
1975 4399 2004 4436 a
2036 4399 2202 4453 parvo
2232 4399 2408 4454 usque
2466 4385 2533 4440 ad
2560 4400 2815 4457 magnum
2864 4388 3055 4443 oculos
3114 4388 3426 4449 habuerunt

1856 4475 2151 4545 magistros
2188 4477 2519 4547 cognitionis
2566 4477 2687 4539 Dei.
2719 4494 2956 4549 cumque
3000 4480 3250 4547 virtutes,
3303 4496 3427 4553 quae

1856 4564 2026 4621 Deum
2043 4567 2338 4630 decebant.
2359 4570 2794 4638 considerarent,
2820 4571 2931 4627 cito
2959 4587 3058 4642 per
3080 4573 3291 4643 seipsos
3306 4589 3430 4645 cog-

1856 4667 2129 4714 noverunt
2158 4657 2327 4716 Deum
2351 4675 2495 4726 esse,
2532 4671 2589 4718 ut
2625 4664 2757 4719 licet
2779 4664 3083 4738 intelligere
3118 4681 3227 4721 non
3250 4666 3425 4722 solum

1853 4758 1922 4799 es
1956 4744 2238 4818 Scriptura
2270 4747 2715 4822 Evangeliorum,
2755 4751 2852 4809 sed
2878 4768 2946 4809 ex
2984 4754 3289 4809 Annalibus
3318 4753 3429 4809 Hc-

1856 4834 2151 4899 hraaorum.
2183 4848 2241 4895 et
2285 4840 2539 4901 llistoriis
2579 4833 2888 4915 gentilium.
2927 4843 3217 4916 Reliquum
3264 4844 3429 4917 igitur

1857 4934 1963 4989 est,
2011 4937 2076 4983 ut
2119 4929 2366 4986 dicamus
2388 4933 2458 4988 de
2486 4932 2643 5005 signo
2700 4934 2971 4990 adventus
3021 4934 3223 4990 Christi
3283 4933 3426 5004 apud

1856 5015 2070 5071 Isaiam.
2096 5019 2194 5076 Hic
2217 5025 2485 5092 propheta
2507 5038 2571 5078 ex
2604 5024 2910 5079 differentia
2935 5025 3167 5081 feritatis
3190 5033 3246 5080 et
3274 5038 3426 5079 man-

1859 5111 2173 5166 suetudinis
2198 5113 2501 5169 helluarum
2530 5115 2825 5171 declaravit
2857 5117 3102 5170 diversos
3132 5132 3311 5171 mores
3330 5117 3428 5171 ho-

1862 5198 2071 5251 minum
2124 5217 2137 5253 :
2188 5209 2243 5253 ct
2294 5218 2362 5256 ex
2397 5203 2611 5258 illorum
2643 5204 2700 5258 in
2734 5206 3132 5274 compascendo
3192 5207 3428 5276 conjun-

1857 5289 2062 5357 Ctipne,
2096 5306 2265 5347 unum
2327 5295 2518 5349 horum
2573 5296 2736 5363 ovile,
2776 5305 2833 5352 et
2886 5296 3157 5353 Ecclesias
3218 5314 3286 5353 ex
3343 5299 3428 5355 his

1857 5383 2265 5437 constituendas
2318 5385 2373 5438 in
2424 5385 2756 5455 aenigmitate
2808 5387 3152 5459 signiﬁcavit.
3212 5389 3425 5460 Lupum

1856 5473 2076 5543 quidem
2134 5477 2345 5532 vocavit
2396 5479 2638 5533 velocem
2678 5482 2744 5535 ad
2798 5481 3172 5553 rapiendum;
3227 5500 3423 5557 agnum

160 5674 165 5675 κ
229 5638 248 5667 ⁸
286 5635 461 5691 Mich.
497 5653 571 5701 tv,
607 5637 661 5690 ὅ.
737 5635 977 5690 ’Jerem.
1017 5651 1162 5699 xxxi,
1196 5636 1285 5691 Si.
1360 5638 1380 5668 ³
1415 5636 1515 5692 lsa.
1582 5653 1658 5702 ιι,
1690 5635 1745 5706 6,

1913 5638 1933 5670 ⁵
1957 5639 2091 5694 Dan.
2129 5658 2209 5708 ιιι,
2244 5643 2330 5698 58.
2408 5646 2428 5674 ’⁸
2461 5645 2659 5700 Matth.
2686 5661 2736 5712 ς,
2772 5647 2861 5702 Si.

544 5730 818 5791 ΡΑτιιοι..
861 5729 977 5793 Gn.
1026 5729 1250 5793 XCIII.

2992 5740 3021 5771 κ

2988 5741 3062 5799 51
