3906 6192
220 244 338 306 tua
1132 246 1287 305 VITA
1332 246 1575 307 SANCTI
1615 248 1901 307 JO.\NNlS
1938 240 2519 310 ELEEMOSYNARII.
3302 253 3437 309 16H

1716 450 1739 472 ε’
1754 448 3440 473 mu

1891 450 2275 461 ——-—————.-

1291 448 1689 457 —————-—_

941 445 1290 458 ———-_..-

1243 460 1631 471 —-—————~—_—.~

1563 720 1661 763 JAP
1683 720 1854 764 UARII
1892 721 2069 764 XXIII.

212 992 859 1202 VITA
1023 994 3258 1206 SANCTI‘JOANNIS

1380 1394 2248 1520 ELEEMOSYNABIIZ

653 1697 1023 1761 AUCTORE
1066 1696 1417 1762 LEONTIO
1453 1699 1536 1780 (2)
1576 1699 2047 1762 NEAPOLEOS
2098 1700 2534 1763 CYPRORUM
2569 1702 2974 1766 EPISCOPO.

842 1952 1285 2023 INTERPRETE
1327 1969 1717 2026 ANASTASIO
1750 1970 1827 2042 (δ)
1866 1971 1925 2026 s.
1966 1973 2035 2025 ιι.
2075 1972 2139 2026 E.
2184 1972 2810 2032 BlBLlOTHECARl0.~

501 2372 960 2435 PREFATIO
1010 2373 1455 2435 ANASTASII
1502 2374 1616 2433 AD
1673 2374 2085 2438 DOMINUM
2137 2376 2244 2446 (lsi
2305 2374 2753 2443 NICOLAUM
2804 2375 3117 2439 ΡΔΡΑΜ.

287 2666 570 2737 Cogitante
594 2684 697 2731 me,
722 2682 784 2723 ac
805 2669 899 2723 diu
928 2670 1090 2724 tacite
1114 2670 1456 2740 solliciteque
1483 2684 1697 2726 mecum
1729 2672 2134 2737 considerante,
2160 2673 2292 2743 quid
2338 2676 2392 2729 in
2435 2676 2597 2730 domo
2623 2678 2716 2731 Dei
2753 2679 3097 2734 commodius
3122 2695 3186 2734 ac
3208 2680 3430 2751 dignius

214 2763 430 2829 operari
451 2776 687 2830 possem,
710 2776 778 2815 ne
794 2776 861 2815 ea
883 2761 1141 2816 videlicet
1158 2776 1545 2830 praesumerem
1570 2778 1692 2832 quae
1715 2763 1849 2817 mihi
1873 2778 1938 2818 ex
1956 2763 2265 2819 ministerio
2284 2765 2413 2819 cred
2423 2765 2494 2819 ita
2516 2782 2626 2821 non
2657 2777 2807 2837 sunt,
2825 2786 2927 2825 nec
2948 2786 3140 2826 rursus
3166 2769 3260 2826 illa
3309 2775 3447 2829 arri-

215 2864 403 2921 perem
435 2867 558 2920 qua:
598 2852 856 2921 ingenioli
879 2851 986 2905 mei
1009 2851 1157 2905 vires
1176 2852 1471 2917 excedunt,
1497 2852 1797 2907 secundum
1821 2854 1955 2908 illud
1979 2854 2289 2909 Salomonis
2308 2855 2438 2909 :Mel
2456 2858 2719 2923 invenisti,
2744 2861 2950 2914 comede
2965 2862 3105 2932 quod
3121 2862 3311 2934 suﬁicit
3326 2866 3439 2931 tibi,

211 2955 282 2994 ne
303 2941 436 3011 forte
462 2940 688 2994 satiatus
712 2955 920 2993 eramus
940 2938 1074 2992 illud
1101 2939 1279 3006 (Prov.
1305 2942 1452 3010 xxv).
1480 2939 1545 2992 Et
1587 2942 1714 2994 alibi
1744 2958 1757 2993 :
1785 2942 1991 2996 Altiora
2024 2951 2072 2996 te
2095 2961 2158 2996 ne
2186 2947 2478 3014 quwsieris,
2504 2957 2553 3001 et
2580 2949 2802 3019 fortiora
2828 2958 2877 3002 te
2902 2967 2964 3003 ne
2984 2961 3253 3009 scrutatus
3284 2955 3446 3025 [ueris

209 3028 401 3090 (Redi.
436 3030 554 3100 ut);
584 3047 709 3087 ecce
731 3032 905 3087 subito
925 3031 1138 3099 quidam
1169 3035 1367 3088 strenui
1399 3047 1461 3089 ac
1488 3035 1708 3090 studiosi
1737 3035 1836 3090 viri
1882 3051 1967 3090 me
2011 3033 2276 3090 cohortari
2321 3036 2613 3094 voluerunt.
2663 3047 2717 3089 ut
2757 3036 2808 3090 in
2854 3035 3095 3090 Latinum
3140 3050 3439 3091 sermonem

211 3132 479 3177 verterem
529 3123 805 3179 Leontium
836 3127 903 3179 de
930 3124 1067 3179 Vita:
1112 3126 1339 3181 residuis
1379 3125 1459 3196 (5)
1486 3125 1705 3182 Joannis
1737 3126 2076 3181 Alexandrini
2127 3126 2375 3179 antistitis
2396 3166 2410 3188 ,
2442 3140 2596 3194 quem
2639 3125 2809 3179 Grani
2855 3137 3070 3194 pmpter
3101 3126 3441 3193 multiplicem

212 3214 671 3279 Compassionem,
714 3229 873 3281 quam
897 3228 1019 3282 erga
1040 3226 1228 3266 omnes
1257 3214 1587 3278 possidebat,
1611 3215 1801 3267 merito
1826 3224 1879 3267 et
1908 3214 2150 3267 absolute
2174 3214 2480 3273 Eleemona,
2512 3214 2561 3266 id
2587 3224 2687 3276 est,
2733 3212 3128 3268 misericordem
3152 3213 3443 3282 appellant,

207 3314 479 3372 quatenus
509 3313 685 3358 tantus
713 3305 793 3357 vir
817 3319 922 3357 non
957 3312 1158 3355 tantum
1182 3318 1431 3355 sermone
1457 3303 1663 3365 Graeco,
1692 3316 1871 3355 verum
1901 3305 2059 3355 etiam
2104 3303 2290 3356 Latino
2343 3303 2552 3370 eloquio
2601 3303 2919 3370 pollentibus
2960 3303 3171 3357 utilitati
3214 3313 3355 3360 esset
3390 3313 3445 3358 et

207 3393 515 3443 commodo.

290 3479 627 3545 Quapmpter
644 3478 765 3545 quia
797 3493 882 3533 me
902 3479 1118 3547 dignum
1145 3480 1210 3533 ad
1235 3488 1435 3533 tantum
1465 3492 1598 3547 opus
1625 3489 1784 3547 atque
1806 3479 2051 3532 idoneum
2075 3476 2292 3531 minime
2321 3478 2586 3545 perspexi,
2619 3478 2775 3531 (navi
2798 3480 2972 3532 oculos
3000 3496 3134 3533 meos
3164 3482 3215 3532 in
3231 3490 3444 3546 montes,

209 3567 352 3620 unde
367 3570 555 3622 ueniret
574 3569 825 3622 auxilium
853 3568 978 3621 mihi
1003 3567 1177 3639 (Paul.
1204 3568 1363 3634 cxx);
1391 3570 1571 3638 sicque
1599 3568 1782 3622 solatia
1812 3579 2018 3638 patrum
2054 3576 2110 3621 et
2153 3569 2417 3621 orationes
2447 3567 2729 3629 adhibens,
2779 3577 2882 3621 tam
2935 3568 3223 3636 proﬁcuum
3272 3568 3446 3619 virum

200 3672 315 3712 non
346 3674 535 3727 passus
562 3676 678 3715 sum
707 3661 885 3716 celare
905 3660 1129 3718 Latinis.
1155 3660 1258 3717 Sed
1284 3658 1413 3716 licet
1435 3662 1772 3718 membranas
1793 3661 2072 3716 inciderim
2093 3701 2106 3722 ,
2139 3662 2386 3715 scedulas
2428 3661 2852 3730 preparaverim,
2883 3676 2985 3712 non
3018 3670 3194 3714 tamen
3227 3660 3367 3714 hunc
3392 3659 3448 3713 in

198 3747 457 3803 Codicem
482 3753 745 3805 coniicere
765 3766 922 3807 ausus
942 3766 1082 3819 sum,
1106 3763 1388 3820 antequam
1418 3768 1449 3806 a
1478 3752 1834 3806 dominatione
1862 3767 2057 3817 vestra,
2085 3769 2117 3806 ο
2140 3753 2329 3807 millies
2375 3755 2548 3817 beate,
2581 3753 2845 3807 licentiam
2875 3752 3095 3818 adipisci
3148 3752 3443 3820 promerui-

200 3837 391 3904 Neque
418 3840 560 3893 enim
608 3838 691 3894 fas
736 3850 896 3896 estut
924 3841 1123 3911 absque
1167 3842 1365 3897 vicario
1416 3844 1506 3897 Dei
1534 3842 1638 3913 (6),
1691 3844 1887 3912 absque
1936 3828 2207 3911 clavigero'
2249 3845 2392 3908 caeli,
2438 3844 2639 3913 absque
2665 3858 2823 3898 eurru
2848 3854 2906 3899 et
2945 3845 3126 3911 auriga
3156 3842 3450 3912 spiritualis

202 3926 445 3992 lsraelis,
476 3933 676 3998 absque
703 3933 1065 3986 universitatis
1098 3932 1366 3998 pontifice,
1397 3932 1594 4000 absque
1636 3935 1792 3985 unico
1818 3948 1970 4000 papa,
2014 3935 2213 4001 absque
2241 3933 2494 4001 singulari
2523 3945 2754 4003 pastore,
2786 3937 2988 4001 absque
3015 3932 3228 4002 speciali
3262 3931 3440 3992 Patre.

197 4018 411 4087 absque
433 4029 485 4075 te
511 4022 746 4076 omnium
773 4011 973 4078 arbitro
997 4017 1619 4094 aliquid°consummetur
1637 4034 1729 4077 aut
1757 4024 2073 4092 divulgetur.
2103 4026 2182 4079 Tu
2210 4026 2349 4079 enim
2377 4037 2525 4080 tenes
2549 4026 2723 4079 claves
2763 4025 2923 4078 David
2953 4023 3133 4094 (Luca
3154 4026 3252 4093 xl),
3276 4033 3332 4078 tu
3353 4038 3446 4077 ac-

195 4111 394 4178 cepisti
422 4112 598 4166 claves
623 4114 879 4171 sciantur.
911 4115 966 4166 In
996 4129 1115 4168 arca
1147 4114 1341 4182 quippe
1385 4112 1613 4180 pectoris
1648 4114 1719 4165 tui
1752 4113 1942 4166 tabulae
1975 4115 2272 4167 testamenti
2292 4124 2345 4169 et
2366 4112 2801 4169 mannact'elestis
2847 4112 3053 4180 saporis
3081 4112 3442 4179 requiescunt.

195 4194 284 4253 Tu
311 4202 455 4254 enim
482 4202 619 4269 quod
651 4202 802 4272 ligas,
830 4218 989 4257 nemo
1014 4203 1206 4267 solvit;
1236 4204 1373 4272 quod
1404 4205 1587 4267 solvis,
1640 4217 1797 4254 nemo
1837 4203 1997 4273 ligat;
2025 4204 2115 4272 qui
2142 4202 2337 4270 aperis,
2365 4208 2420 4256 et
2466 4214 2626 4255 nemo
2687 4198 3145 4265 claudit;claudis,
3194 4207 3250 4254 et
3293 4214 3449 4252 nemo

195 4291 381 4358 aperit
412 4289 625 4361 (Matth.
651 4293 782 4363 XVI).
815 4293 996 4348 Vicem
1024 4308 1249 4362 namque
1275 4294 1328 4347 in
1352 4294 1507 4347 terris
1532 4294 1770 4360 possides
1796 4296 1909 4348 Dei.

264 4384 411 4441 Cum
507 4394 692 4439 autem
788 4382 937 4437 hunc
1017 4382 1227 4439 beatum
1255 4385 1308 4438 in
1338 4384 1579 4439 Latinum
1611 4394 1871 4437 verterem
1894 4383 2182 4451 eloquium,
2208 4396 2303 4436 nec
2325 4382 2626 4436 Graecorum
2652 4380 2922 4447 idiomata,
2954 4395 3053 4436 nec
3079 4394 3261 4435 eorum
3287 4378 3432 4433 ordi-

201 4485 335 4526 nem
370 4474 653 4528 verborum
683 4475 1019 4543 sequl.potui
1070 4478 1150 4529 vel
1198 4475 1376 4529 debui.
1422 4473 1534 4527 Non
1566 4462 1706 4529 enim
1738 4474 1953 4526 verbum
1977 4487 2007 4525 e
2039 4472 2236 4535 verbo,
2266 4470 2359 4526 sed
2391 4485 2604 4525 sensum
2633 4484 2665 4524 e
2693 4484 2851 4525 sensu
2900 4470 3163 4539 excerpsi.
3192 4468 3296 4524 Sed
3339 4481 3440 4521 nec

195 4560 428 4617 Latinas
456 4565 664 4633 regulas
694 4580 1070 4635 usquequaque
1098 4580 1312 4620 servare
1340 4567 1556 4629 curavi,
1588 4563 1712 4616 dum
1746 4572 1945 4616 tantum
1974 4562 2197 4617 intentio
2224 4576 2341 4615 mea
2372 4562 2465 4615 illo
2495 4562 2771 4623 tenderet,
2803 4575 2868 4615 ex
2904 4576 3010 4631 quo
3040 4559 3238 4615 utilitas
3259 4574 3450 4613 nasce«

196 4661 357 4705 retur
383 4653 697 4721 legentibus.
726 4654 838 4720 Qua
867 4655 933 4707 de
956 4670 1034 4718 re,
1068 4656 1372 4718 coangelice
1400 4656 1593 4708 downe
1614 4694 1628 4717 ,
1665 4670 1768 4708 non
1818 4668 2093 4721 personam
2126 4653 2442 4707 tantillitatis
2468 4667 2601 4707 mea:
2630 4653 2860 4717 intuens,
2892 4668 2996 4706 non
3026 4654 3273 4706 astutiam
3301 4653 3449 4705 inve-

193 4744 436 4813 stigatis,
463 4760 563 4798 non
596 4744 877 4799 verborum
907 4745 1150 4812 phaleras
1196 4746 1487 4813 requirens,
1520 4745 1612 4798 sed
1659 4747 1834 4812 potius
1861 4744 1947 4811 pio
1977 4745 2152 4796 cordis
2177 4742 2332 4797 oculo
2362 4743 2655 4810 profectum
2687 4743 2971 4812 legentium
3001 4755 3359 4808 pramoscens.
3392 4749 3452 4792 ut

193 4841 391 4888 tantus
421 4836 500 4889 vir
526 4846 774 4905 tanquam
814 4835 1090 4900 exemplar
1117 4847 1166 4887 et
1208 4836 1478 4902 Speculum
1511 4834 1579 4887 sit
1621 4834 1888 4895 onmibus,
1929 4843 2104 4887 vestra
2131 4830 2418 4898 apostolica
2449 4833 2767 4886 auctoritate
2796 4830 3192 4884 translationem
3221 4829 3378 4893 hanc,
3403 4829 3451 4882 si

192 4934 392 4980 vestro
421 4926 644 4979 arbitrio
674 4926 865 4993 placet,
900 4926 1133 4989 ﬁrmate;
1170 4924 1210 4975 si
1238 4916 1504 4989 disirlicet,
1536 4925 1846 4987 emendate;
1874 4924 2162 4976 dummodo
2184 4921 2442 4975 Latinitas
2467 4936 2527 4975 se
2556 4930 2702 4975 lauto
2729 4934 2833 4973 non
2865 4918 3045 4972 doleat
3068 4932 3188 4971 esse
3212 4918 3322 4970 sale
3350 4920 3452 4985 pri-

95 5009 107 5019 ’
191 5024 407 5079 vatam,
434 5031 539 5085 quo
570 5014 768 5068 (ira-cia
798 5028 857 5065 se
885 5014 1078 5080 gaudet
1101 5014 1301 5080 optime
1328 5012 1615 5065 conditam.

275 5106 507 5175 Suscipe
552 5122 679 5172 ergo
720 5113 1010 5160 sanctutua
1045 5110 1323 5173 peccatore
1372 5102 1806 5165 interpretatum;
1837 5107 1889 5151 et
1938 5099 2041 5151 noli
2085 5098 2360 5152 attendere
2394 5112 2489 5164 per
2526 5108 2682 5164 quem
2727 5095 3016 5147 translatus
3057 5093 3159 5156 sit,
3189 5090 3281 5145 sed
3329 5090 3448 5160 quis

190 5198 498 5252 translatus
529 5199 617 5250 sit.
646 5196 828 5265 Neque
856 5196 995 5249 enim
1050 5203 1265 5263 propter
1300 5190 1531 5247 ﬁstulam
1579 5187 1875 5258 plumbeam
1906 5187 1981 5257 (7)
2010 5201 2199 5254 aquam
2249 5185 2667 5252 limpidissimam
2714 5180 2965 5249 despicis,
3013 5194 3186 5249 neque
3235 5190 3449 5247 propter

187 5291 393 5357 spinas
425 5305 542 5357 qua:
568 5290 884 5358 producunt,
909 5302 1083 5341 rosam
1116 5301 1235 5347 nua:
1268 5286 1580 5354 producitur
1622 5284 1852 5349 spernis.
1901 5282 2092 5334 Custos
2119 5278 2349 5347 denique
2382 5288 2431 5330 et
2461 5286 2666 5331 auiator
2698 5285 2839 5339 tuus,
2868 5274 3078 5343 quando
3102 5272 3283 5331 voluit.
3309 5272 3450 5327 Pha-

186 5379 369 5433 raoni
396 5377 550 5447 (Gen.
585 5377 694 5447 ut)
720 5388 774 5430 et
801 5375 1287 5431 Nabuchodonosor
1316 5374 1476 5437 (Dan.
1508 5373 1580 5439 tv)
1609 5372 1801 5438 iniquis
1840 5372 2053 5441 regibus
2079 5370 2303 5432 Somnia,
2333 5370 2524 5437 qu:bus
2556 5369 2729 5421 futura
2758 5375 3233 5436 pramoscerentur,
3264 5375 3445 5420 esten.

184 5469 320 5532 dit;
348 5481 403 5525 et
420 5470 676 5539 Caipltam
700 5469 914 5538 impium
943 5469 1084 5537 quod
1115 5465 1432 5534 expediebat
1457 5466 1672 5532 protutit
1700 5459 1879 5535 (locu.
1906 5463 2014 5531 at);
2044 5461 2283 5530 quiuimo
2305 5472 2352 5513 et
2372 5461 2583 5529 quando
2608 5459 2791 5525 voluit,
2815 5457 2978 5514 asinae
3005 5455 3145 5527 loqui
3171 5455 3447 5511 articulata

182 5576 343 5617 voce
376 5562 617 5631 permisit
639 5561 827 5632 (Num.
860 5560 1013 5630 nu).
1316 5567 1323 5572 ‘

1230 5652 1391 5707 Salve,
1419 5651 1594 5699 Prtesul
1623 5657 1779 5698 amate
1804 5647 1929 5704 Deo,
1955 5660 2041 5706 por
2061 5644 2238 5692 szecula
2261 5644 2411 5704 salve,

1291 5712 1462 5763 Totius
1481 5720 1624 5775 atque
1646 5716 1773 5761 υιυιιιι
1792 5725 1868 5773 ιιι,
1886 5727 1913 5757 a
1937 5720 2096 5766 setae,
2117 5707 2240 5757 vale.
