3906 6192
437 205 442 208 ,
475 179 611 237 ms
1544 164 1820 221 LEONTII
1860 159 2315 218 NEAPOLlTANl
2356 159 2660 218 EPlSCOPf
3581 161 3707 223 ists

1943 391 2305 403 _—._————-

491 396 1938 420 ____________________________________

1286 731 2064 848 PROOEMIUM
2147 727 2416 842 AUC
2438 729 2903 848 TORIS.

568 1483 796 1540 intentio
824 1484 1038 1554 quidem
1071 1499 1171 1540 una
1195 1494 1280 1540 est
1308 1494 1487 1539 nostra
1510 1495 1716 1552 quoque
1744 1489 1798 1534 et
1821 1495 2001 1534 eorum
2031 1478 2118 1548 qui
2139 1489 2262 1533 ante
2285 1493 2379 1533 nos
2405 1479 2618 1532 fuerunt
2643 1481 3020 1548 studiosorum,
3045 1492 3097 1538 et
3126 1494 3451 1540 sanctorum
3481 1489 3705 1552 virorum,

491 1593 655 1648 super
680 1580 929 1647 praesenti
956 1576 1315 1634 memorabilis
1346 1576 1440 1628 viri
1477 1574 1610 1628 Vitae
1637 1571 1970 1634 narratione;
2005 1570 2054 1624 id
2099 1579 2212 1636 est,
2240 1581 2298 1623 ut
2320 1585 2385 1623 ex
2421 1571 2520 1624 hoc
2559 1570 2804 1624 omnibus
2829 1572 3038 1641 quidem
3067 1573 3299 1646 imitatio
3333 1577 3428 1644 pia
3457 1586 3519 1630 et
3544 1579 3711 1632 utilitas

492 1668 603 1732 list,
633 1668 798 1737 gloria
829 1678 1004 1722 autem
1032 1679 1084 1722 et
1115 1665 1507 1737 magniﬁcentia
1556 1673 1755 1718 sancta:
1799 1671 1851 1717 et
1890 1663 2171 1716 adorandae
2203 1659 2448 1715 Trinitali
2475 1661 2763 1726 referatur;
2793 1673 2845 1716 et
2874 1663 2926 1715 in
2955 1663 3078 1727 hoc,
3107 1664 3248 1717 sicut
3279 1674 3338 1718 et
3380 1667 3439 1718 in
3472 1672 3708 1730 omnim,

489 1771 609 1825 qum
636 1772 849 1826 semper
877 1759 929 1812 in
959 1758 1355 1828 generationem
1387 1766 1440 1810 et
1466 1756 1859 1823 generationem
1892 1753 2099 1818 propria
2129 1751 2408 1805 luminaria
2432 1752 2682 1817 ostendit,
2703 1752 2768 1805 ad
2802 1753 3175 1807 illuminandos
3204 1756 3299 1820 qui
3337 1759 3396 1809 in
3434 1758 3711 1813 tenebriset

489 1847 541 1899 in
571 1848 754 1903 umbra
785 1850 972 1902 mortis
1000 1848 1188 1903 sedent
1213 1844 1368 1916 (Luc.
1404 1845 1443 1915 ι)
1472 1854 1526 1898 et
1556 1843 1773 1911 peccati.
1821 1841 2076 1907 Quoniam
2104 1856 2230 1893 vero
2259 1841 2413 1893 amici
2443 1840 2641 1894 Christi
2668 1855 2774 1894 non
2803 1841 2956 1895 valde
2979 1843 3266 1907 miramur,
3293 1844 3391 1912 qui
3419 1859 3550 1898 ante
3573 1863 3710 1914 gene-

488 1939 748 1992 rationem
791 1946 1023 1992 nostram
1073 1938 1284 1991 fuerunt
1332 1937 1452 2000 viri,
1480 1937 1568 2005 qui
1596 1935 1703 1988 Deo
1735 1934 1918 2000 placita
1963 1931 2362 1985 conversatione
2411 1931 2681 1997 vixerunt;
2711 1933 2803 1985 sed
2845 1931 2913 1987 de
2941 1933 3200 1987 diabolica
3242 1938 3574 2003 aper-titione
3619 1941 3714 1992 illos

491 2040 765 2082 sermones
793 2044 1003 2096 semper
1027 2029 1250 2083 dicimus
1278 2027 1342 2081 ad
1373 2029 1704 2091 alterutrum,
1727 2029 1843 2093 quia
1874 2026 1971 2078 sub
2002 2024 2127 2076 viris
2155 2025 2242 2092 qni
2269 2033 2390 2074 ante
2420 2037 2517 2075 nos
2542 2021 2776 2086 fuerunt,
2801 2039 2902 2075 non
2927 2033 3042 2076 erat
3071 2027 3140 2076 ita
3169 2025 3441 2091 iniquitas
3464 2029 3712 2082 hominum

488 2117 827 2186 multiplicata
858 2119 996 2171 sicut
1022 2120 1199 2183 modo,
1231 2127 1286 2172 ut
1314 2118 1557 2187 praedixit
1589 2119 1760 2170 divina
1790 2117 2078 2181 Scriptura,
2111 2130 2173 2167 eo
2201 2115 2342 2182 quod
2384 2114 2667 2168 abundavit
2697 2115 2964 2182 iniquitas,
2996 2118 3300 2186 refrigescit
3330 2120 3580 2173 charitas
3607 2125 3710 2172 ma!-

487 2214 659 2260 torum
691 2205 901 2275 (Matth.
933 2207 1113 2277 xxiv);
1148 2208 1268 2260 ideo
1294 2224 1396 2260 non
1429 2205 1665 2260 valemus
1692 2208 1754 2258 ad
1783 2205 1966 2258 eorum
2015 2204 2603 2270 consurgere,meritum
2632 2223 2644 2256 :
2672 2205 2826 2269 huius
2857 2208 2932 2258 rei
2957 2208 3122 2275 gratia
3157 2209 3220 2260 ad
3249 2224 3584 2275 praesentem
3610 2228 3713 2264 san-

488 2300 588 2345 cta:
617 2292 774 2361 hujus
806 2292 938 2347 Vita:
960 2295 1316 2351 narrationem
1349 2311 1414 2349 ex
1439 2305 1588 2364 parte
1615 2299 1853 2348 venimus
1883 2295 1945 2347 ad
1977 2294 2358 2347 ostendendum
2389 2297 2547 2346 etiam
2577 2291 2763 2348 diebus
2789 2298 2986 2350 nostris
3017 2297 3280 2359 volentes,
3315 2310 3375 2352 et
3406 2304 3714 2366 propositum

492 2395 646 2435 suum
675 2392 948 2451 cogentes,
973 2385 1392 2439 excellentiores
1425 2384 1576 2438 nobis
1606 2384 1977 2448 demonstrari,
2005 2393 2057 2435 et
2085 2393 2360 2450 angustam
2401 2395 2452 2436 et
2483 2392 2680 2435 arctam
2711 2386 2847 2437 viam
2879 2399 3034 2453 posse
3076 2387 3330 2440 incedere
3367 2387 3597 2455 (Matth.
3624 2396 3704 2448 tu)

485 2481 545 2528 et
571 2476 850 2530 obstruere
878 2493 940 2531 os
971 2478 1292 2544 l0quentinm
1323 2481 1496 2548 iniqua
1522 2479 1690 2548 (Psal.
1725 2478 1887 2546 Lxu),
1921 2489 1973 2531 et
2000 2480 2190 2530 anitnze
2219 2494 2416 2531 uacuos
2441 2479 2760 2534 intellectus.

567 2565 677 2618 lam
709 2569 919 2635 quidem
949 2578 1003 2622 et
1031 2569 1122 2621 alii
1147 2578 1270 2622 ante
1315 2585 1411 2622 nos
1439 2571 1634 2636 optima
1687 2579 1843 2636 atque
1885 2569 2332 2622 excellentissima
2374 2570 2439 2621 de
2481 2569 2581 2621 hoc
2608 2570 2903 2622 admirabili
2943 2571 3058 2623 viro
3097 2579 3153 2624 et
3184 2587 3410 2625 summo
3464 2571 3720 2624 sacerdote

489 2656 692 2708 Joanne
725 2658 1074 2725 philosophati
1116 2669 1264 2718 sunt,
1298 2669 1536 2726 potentes
1579 2660 1866 2711 existentes
1894 2660 1944 2710 in
1977 2676 2135 2726 opere
2163 2668 2216 2711 et
2246 2660 2297 2712 in
2338 2673 2603 2713 sermone.
2649 2659 2778 2712 Dico
2806 2661 2945 2712 enim
2977 2660 3236 2712 Joannem
3269 2669 3324 2711 et
3369 2662 3719 2727 δοριπυυόωι

492 2748 573 2820 (8)
608 2750 698 2802 Dei
729 2751 1331 2814 cultores,etamatores
1358 2750 1628 2810 virtutum,
1659 2762 1710 2802 et
1743 2750 1954 2816 pietatis
1983 2765 2427 2818 propugnatores;
2461 2760 2693 2804 attamen
2718 2752 2956 2816 quamvis
2979 2752 3106 2802 tales
3134 2761 3342 2812 essent,
3374 2753 3451 2803 de
3479 2753 3721 2818 dignitaze

488 2848 544 2894 et
564 2840 754 2893 merito
781 2840 936 2894 studii
966 2839 1060 2893 viri
1093 2842 1242 2893 istius
1273 2849 1326 2892 et
1365 2839 1461 2904 ipsi
1491 2839 1785 2890 omiserunt
1811 2879 1825 2898 .
1851 2849 1904 2890 et
1934 2839 2156 2905 idipsntn
2192 2841 2422 2906 perpessi
2464 2851 2608 2902 sunt,
2637 2842 2774 2906 quod
2807 2830 3040 2891 nonnulli
3069 2841 3296 2891 studiosi
3340 2842 3625 2906 agricolae,
3655 2842 3722 2890 vi-

490 2943 642 2981 ticam
673 2929 890 2982 uberem
922 2939 974 2982 et
1007 2927 1332 2982 fructuosam
1361 2929 1778 2991 vindeniiantcs;
1809 2919 1926 2978 nam
1963 2930 2261 2994 relinquunt
2291 2930 2469 2996 utique
2500 2943 2561 2980 ex
2591 2929 2757 2980 fructu
2785 2929 3230 2989 benedirtiouem,
3264 2933 3435 2982 etiam
3469 2932 3726 2990 nolentes.

487 3027 631 3069 retro
661 3029 720 3068 se
750 3017 1092 3082 sequentibus
1125 3016 1301 3084 egenis
1330 3017 1646 3087 eligentibus
1678 3018 1881 3069 vineam
1905 3062 1918 3082 ,
1949 3033 2011 3069 cx
2043 3019 2232 3083 quibus
2270 3032 2452 3070 διιιιςυς
2481 3030 2532 3070 et
2563 3033 2658 3071 nos
2689 3019 2912 3070 minimi.
2961 3019 3087 3071 Nam
3119 3030 3170 3072 et
3200 3035 3398 3072 omnes
3425 3023 3600 3072 sancti
3629 3022 3732 3085 is1i,

486 3111 728 3179 quamvis
755 3111 894 3162 omni
923 3109 1232 3162 fortitudine
1261 3125 1350 3163 sua
1378 3110 1697 3164 fructiferam
1732 3110 1864 3163 hanc
1888 3110 2103 3173 olivam,
2127 3125 2244 3176 qua:
2272 3110 2320 3161 in
2350 3111 2505 3162 domo
2529 3110 2642 3171 Dei,
2667 3121 2720 3161 ut
2748 3111 2820 3162 ait
2846 3110 3120 3164 Psaltnista
3150 3109 3328 3176 (Psaf.
3359 3111 3454 3182 Li},
3486 3122 3737 3180 μεωειλ

486 3208 586 3266 est,
621 3211 831 3265 propter
863 3201 1178 3266 multiplices
1209 3215 1392 3254 revera
1438 3203 1626 3264 olivas,
1666 3217 1784 3269 qua:
1815 3201 1867 3253 in
1897 3216 1956 3253 ea
1985 3210 2104 3252 sunt
2124 3240 2138 3264 ,
2170 3204 2285 3255 zelo
2323 3202 2413 3254 Dei
2460 3202 2782 3254 vindemiare
2826 3201 3146 3264 studuerint,
3177 3214 3419 3261 attamen
3447 3210 3611 3262 latuit
3637 3225 3740 3263 eos

484 3289 682 3342 multus
713 3290 863 3343 olivae
894 3286 1116 3354 fructus,
1137 3289 1360 3344 Domino
1389 3291 1744 3357 dispensante.
1763 3290 2002 3342 Nostram
2027 3303 2154 3351 ergo
2173 3290 2329 3342 Vilelll
2355 3297 2408 3340 et
2435 3287 2672 3354 frigidam
2697 3290 3020 3342 alacritatem
3045 3296 3326 3361 suscipite,
3346 3307 3408 3348 ιιι
3427 3298 3533 3349 duo
3562 3297 3741 3350 “aut

485 3379 688 3432 minuta
718 3376 892 3447 (Luce
920 3390 1063 3443 xxi);
1098 3395 1200 3432 non
1233 3381 1368 3432 cnim
1401 3381 1504 3434 illis
1533 3381 1875 3433 detrahentes
1897 3419 1912 3445 ,
1943 3392 2112 3445 neque
2145 3379 2230 3444 qui
2264 3379 2525 3445 possimus
2550 3392 2730 3428 eorum
2762 3393 2788 3428 a
2822 3377 2932 3431 Deo
2955 3379 3208 3437 donatam
3257 3389 3599 3451 sapientiam
3628 3388 3740 3440 imi-

485 3469 607 3533 tari,
632 3467 757 3537 justi
787 3476 932 3535 gesta
965 3470 1238 3536 scripturae
1270 3469 1479 3522 tradere
1507 3467 1907 3530 festinat-imus;
1938 3467 2026 3518 sed
2065 3467 2232 3530 primo
2261 3465 2474 3532 quidem
2505 3476 2558 3516 ut
2595 3465 2730 3532 quod
2760 3466 3101 3537 intelligimus
3129 3490 3232 3524 non
3263 3475 3474 3540 justum
3503 3492 3657 3536 esse.
3683 3490 3740 3530 es

487 3571 607 3627 qua
634 3565 858 3628 possunt
900 3557 1177 3610 utilitatem
1208 3558 1538 3610 audientibus
1583 3554 1774 3618 facere,
1806 3556 2018 3608 silentio
2062 3555 2366 3616 occultare;
2398 3571 2462 3606 ne
2490 3563 2542 3606 et
2576 3569 2676 3608 nos
2708 3556 2999 3610 incidamus
3024 3564 3076 3610 in
3113 3563 3372 3624 ῇιηιίσίηιῃ
3420 3568 3573 3618 servi
3603 3569 3738 3619 illini

499 3647 718 3716 (Matth.
749 3649 893 3714 xxv),
919 3647 1006 3713 qui
1090 3645 1355 3703 talentum
1421 3648 1475 3701 in
1540 3655 1685 3700 terra
1770 3644 2066 3697 abscondit.
2095 3643 2338 3697 Secundo
2361 3653 2551 3710 autem,
2584 3653 2643 3699 ut
2672 3645 2721 3697 in
2753 3645 2850 3698 hac
2875 3647 3181 3697 narratione
3213 3656 3405 3699 nostra
3436 3652 3738 3701 ραι-τεθεῖεν

498 3751 585 3789 res
610 3743 664 3788 et
691 3734 1030 3788 delectabiles
1080 3733 1314 3784 historia:
1359 3731 1772 3792 conscribzmtur,
1807 3746 1922 3795 qtite
1961 3731 2170 3797 scriptae
2201 3748 2304 3784 non
2333 3739 2454 3784 sunt
2493 3733 2559 3784 ab
2591 3732 2805 3797 optimis
2850 3733 2996 3794 viris,
3032 3734 3078 3782 iu
3114 3733 3372 3787 laudibus
3402 3739 3736 3791 sanctissimi

500 3838 680 3878 revera
708 3831 864 3890 atque
886 3821 1171 3874 beatissimi
1200 3818 1437 3873 Joannis.
1465 3819 1662 3871 Deinde
1690 3835 1835 3879 vero,
1859 3820 1979 3886 quia
2006 3820 2268 3885 sapientes
2289 3830 2342 3872 et
2363 3828 2599 3889 potentes
2617 3821 2668 3873 in
2693 3834 2954 3884 sermone,
2979 3830 3249 3874 amatores
3275 3826 3536 3881 historia:
3570 3839 3742 3887 erant.

500 3915 768 3981 sapienter
797 3923 847 3965 et
878 3910 1174 3964 sublimiter
1200 3908 1469 3960 materiam
1502 3909 1854 3976 depinxerunt
1881 3926 1895 3962 :
1919 3908 2056 3976 quod
2085 3911 2313 3964 maxime
2333 3925 2383 3964 et
2409 3913 2725 3980 peramplius
2751 3917 2919 3967 erexit
2947 3929 3042 3967 nos
3069 3919 3136 3966 ad
3169 3929 3515 3981 prtesezitem
3554 3925 3748 3973 solliei-

501 4001 755 4064 tudinem,
785 4010 838 4052 ut
865 4015 928 4052 eo
956 4001 1041 4065 qui
1071 4000 1205 4049 inest
1232 3999 1402 4059 nobis,
1433 3997 1682 4065 pedestri,
1715 3999 1961 4067 deformi,
1994 3999 2282 4069 humilique
2326 4002 2632 4074 charactere
2662 4019 3056 4071 enarraretuus,
3080 4016 3140 4060 ut
3169 4022 3366 4076 posset
3397 4023 3460 4066 et
3499 4016 3678 4068 idiota
3705 4025 3749 4068 et

501 4093 617 4145 siue
645 4090 830 4143 litteris
861 4089 928 4144 de
956 4089 1038 4142 itis
1063 4103 1178 4157 qua!
1207 4089 1450 4141 dicuntur
1482 4088 1748 4155 prolicere.
