3906 6192
472 163 608 220 ltili)

1520 172 1790 228 LEONTil
1835 175 2292 232 NL\POLITANI
2337 177 2644 231 EPISCOPI

3587 186 3608 236 ί
3621 189 3739 240 :3'10

475 291 689 347 mittens
739 303 832 358 per
881 295 1040 341 totam
1084 285 1345 337 civitatem
1395 285 1607 337 eosdem
1663 283 1753 337 Dei
1805 284 2030 347 amicos,
2065 291 2109 344 Α
2140 300 2282 342 eum.
2313 302 2376 340 ne
2405 289 2598 353 tardet,
2627 291 2720 344 sed
2752 291 2875 345 illud
2908 294 3187 362 Prophetm
3216 295 3418 350 dictum
3463 295 3728 365 protinus

475 396 786 436 mconomos
828 389 879 434 et
924 377 1268 431 cancellarios
1300 374 1450 442 (l9),
1482 387 1536 428 et
1581 376 1813 443 reliquos
1841 375 2030 442 quibus

475 483 591 528 erat
619 471 894 539 dispositio
917 468 1148 522 civitatis
1175 466 1395 529 credita,
1424 482 1525 518 non
1558 465 1797 533 permisit
1822 479 2032 517 mensu-

476 579 589 616 ram
619 560 1055 627 qualemcunque,
1089 556 1166 608 vel
1196 556 1399 624 pondus
1431 570 1643 622 parvum
1675 555 1755 608 vel
1786 569 2030 622 magnum

475 654 526 705 in
555 661 661 703 tota
699 650 938 711 civitate;
971 647 1066 700 sed
1113 647 1288 698 omnia
1322 646 1372 698 iu
1420 661 1519 697 una
1565 648 1831 712 Campana
1873 651 2035 698 state-

477 757 533 793 ra
563 739 701 808 (20),
729 737 902 791 modio
926 747 977 790 et
1007 736 1186 788 artabe
1211 734 1345 806 (2f),
1373 735 1600 787 vendere
1629 742 1682 786 et
1711 748 1888 788 emere
1913 748 2035 787 con-

475 828 783 889 testabatur,
813 827 1050 880 scribens
1074 825 1124 877 in
1153 824 1539 890 subscriptione
1563 839 1656 876 sua
1676 824 2031 876 conditionem

476 931 570 986 per
618 930 836 969 onmem
883 916 1192 982 regionem,
1247 914 1530 964 Italivntcm
1584 918 1804 964 turmam
1857 913 2032 965 hanc:

477 1023 501 1059 α
535 1005 766 1062 Joannes
797 1005 1012 1057 humilis
1048 1015 1100 1056 et
1144 1006 1363 1071 exiguus
1405 1019 1587 1055 servus
1629 1019 1900 1055 servorum
1933 1005 2035 1054 Do—

473 1095 604 1149 tuiui
649 1095 811 1147 nostri
860 1092 984 1146 Jesu
1031 1091 1244 1153 Christi,
1289 1092 1534 1141 ominbus
1576 1093 1674 1142 sub
1726 1097 2034 1158 paupertate

476 1193 657 1240 nostra
685 1182 1020 1250 degentibus,
1061 1179 1254 1248 quique
1277 1179 1344 1230 ab
1383 1180 1570 1232 eodem
1602 1178 1824 1232 Doino
1849 1186 1903 1233 et
1927 1178 2035 1230 Deo

474 1282 655 1326 nostro
685 1271 948 1339 regimini,
982 1270 1131 1322 haec:
1161 1270 1384 1336 Egregia
1406 1269 1560 1323 beato
1585 1269 1770 1332 Paulo,
1800 1283 1891 1334 per
1911 1283 2030 1322 eum

475 1363 564 1433 qui
591 1363 644 1415 iu
671 1376 736 1414 eo
767 1361 1100 1428 loquebatur,
1124 1360 1392 1418 Christum
1417 1360 1639 1427 jubente
1661 1400 1675 1422 .
1701 1369 1756 1415 et
1787 1361 2034 1414 omnibus

473 1452 644 1521 legem
695 1458 942 1519 ponente,
976 1451 1196 1504 Obedite
1227 1451 1523 1517 praepositis
1551 1449 1738 1504 veStris
1767 1459 1820 1503 et
1857 1449 2034 1518 subja-

473 1541 719 1604 cetccis;
749 1542 848 1608 ipsi
873 1541 1015 1594 enim
1049 1539 1395 1607 pervigilant,
1439 1540 1592 1607 quasi
1639 1540 1896 1593 rationem
1937 1553 2034 1607 pro

2132 375 2666 432 exclatnatnuszcno
2710 384 2965 450 anticipet
3011 400 3107 436 nos
3161 386 3540 440 misericordia
3594 397 3727 451 tua,

2135 461 2351 515 Domine
2381 465 2549 532 (Ps'il.
2589 471 2845 537 tuvut);
2880 473 3151 540 quomodo
3173 517 3187 537 ,
3232 483 3420 541 putas,
3454 490 3564 528 nos
3590 490 3729 530 con-

2132 566 2404 607 servorum
2425 567 2726 613 nmtrorum
2752 564 3028 629 petitiones
3051 579 3173 616 cum
3197 565 3341 617 omni
3369 565 3729 621 festinatione

2134 645 2388 707 debemus
2408 664 2686 718 peragere,
2713 669 2974 707 memores
2989 655 3198 707 Domini
3219 655 3452 708 dicentis
3483 674 3498 708 :
3539 659 3598 708 In
3621 674 3724 721 qua

2135 749 2379 800 mensura
2410 743 2575 794 mensi
2600 744 2823 804 fueritis,
2852 746 3159 798 remetietnr
3181 746 3327 799 vobis
3353 746 3721 811 (Martium).

2137 825 2204 877 Et
2265 827 2540 893 PrOphetae
2585 831 2772 882 itt-rutn
2828 833 3198 899 perltibentis:
3242 834 3724 898 Quemadmodum

2134 915 2421 980 perfecisti.
2455 919 2561 970 erit
2593 919 2726 972 tibi?
2751 921 3010 989 Unaergo
3035 923 3241 976 dierum
3258 924 3424 975 simili
3456 925 3631 976 modo
3647 928 3727 977 hic

2139 1004 2399 1058 mirabilis
2429 1009 2742 1072 procedens,
2763 1019 2819 1062 et
2841 1013 2889 1062 in
2913 1013 3068 1066 solito
3089 1013 3204 1065 loco
3229 1015 3539 1070 rr:csidens
3561 1030 3726 1082 usque

2135 1089 2199 1141 ad
2233 1091 2414 1144 horam
2460 1097 2694 1162 quintam
2720 1140 2735 1160 ,
2784 1111 2836 1152 et
2883 1105 3095 1154 nemine
3125 1102 3426 1155 accedente
3449 1145 3463 1163 ,

2135 1186 2189 1230 et
2216 1180 2606 1250 eollacrymaus
2637 1189 2884 1250 recessit;
2918 1189 3066 1242 nullo
3111 1199 3288 1241 autem
3335 1190 3588 1244 audente
3611 1206 3725 1244 eum

2137 1267 2472 1338 interrogare
2494 1287 2705 1325 causam
2735 1279 2999 1342 maeroris,
3032 1287 3249 1330 sanctus
3281 1278 3640 1343 Suphrnnius
3659 1293 3725 1332 att

2134 1357 2200 1409 ad
2227 1373 2348 1411 eum
2377 1372 2584 1413 secreto
2612 1364 2740 1430 (illic
2763 1366 2903 1416 enim
2930 1373 3046 1418 erat
3069 1371 3214 1435 tunc)
3239 1385 3250 1418 :
3279 1368 3416 1433 Qua
3437 1384 3607 1422 causa
3627 1380 3722 1434 est,

2135 1445 2233 1500 Dei
2260 1459 2494 1516 curator,
2522 1452 2798 1506 retinentis
2823 1455 3056 1508 animum
3086 1467 3236 1510 tuum
3266 1468 3536 1512 sanctum
3571 1462 3720 1515 tristi-

2135 1537 2259 1591 tite?
2275 1552 2461 1594 omnes
2481 1541 2675 1610 quippe
2696 1557 2793 1596 nos
2818 1556 3040 1612 repente
3056 1548 3435 1603 conturbavit.
3463 1550 3573 1616 Qui
3599 1551 3718 1604 dixit

474 1629 750 1686 animabus
779 1629 971 1684 vestris
1018 1628 1272 1682 reddituri
1305 1628 1490 1697 (Hebr.
1521 1631 1634 1697 xm)
1665 1646 1678 1679 :
1708 1629 1878 1682 credit
1913 1637 2033 1682 tan-
2068 1636 2113 1694 Β
2138 1629 2187 1682 ei
2219 1639 2492 1686 mansueta
2525 1647 2690 1687 voce:
2725 1635 2889 1689 Hodie
2919 1636 3036 1706 (25)
3067 1639 3289 1693 humilis
3317 1638 3718 1710 Joannesqua—

479 1720 663 1776 tillitas
693 1735 837 1784 mea,
864 1721 1025 1774 verbo
1062 1719 1241 1773 divino
1279 1719 1588 1774 obedientes
1619 1736 1742 1784 vos,
1769 1721 2038 1789 suscipere

477 1814 758 1883 petitiones
785 1823 996 1870 nostras
1021 1822 1076 1866 ut
1103 1829 1169 1868 ex
1200 1806 1328 1875 Deo,
1347 1824 1522 1868 etnon
1546 1830 1608 1868 ex
1629 1813 1874 1878 homine;
1898 1814 2038 1869 unde

480 1904 578 1958 hoc
606 1904 781 1966 sciens
805 1943 822 1966 ,
852 1918 1046 1958 moneo
1071 1904 1384 1958 cltaritatem
1416 1917 1642 1958 vesu-am
1668 1948 1683 1970 ,
1732 1914 1790 1960 ut
1835 1918 2035 1973 nequa-

481 2007 636 2058 quam
684 1992 740 2046 in
786 1994 1030 2061 quopiam
1088 2003 1320 2046 vestrum
1372 2003 1623 2058 appareat
1673 1993 2035 2059 hujuscemodi

480 2083 864 2148 prtevaricatio.
898 2083 1163 2153 Denique,
1197 2093 1252 2138 ut
1280 2088 1353 2137 ait
1381 2085 1558 2138 divina
1584 2087 1853 2152 Scriptura
1877 2125 1892 2151 ,
1921 2087 2037 2139 Sta-

482 2186 646 2232 tcram
669 2192 908 2249 magnam
933 2186 986 2236 et
1005 2194 1215 2244 parvam
1243 2179 1364 2232 odio
1391 2179 1546 2231 habet
1575 2179 1709 2231 Deus
1735 2176 1915 2244 (Prov.
1939 2177 2036 2244 χι).

480 2272 532 2324 Si
570 2288 694 2328 vero
723 2273 843 2340 quis
873 2272 1176 2339 apparuerit
1206 2283 1324 2341 post
1350 2281 1666 2342 praesentem
1693 2270 2041 2336 subscriptio-

483 2366 563 2417 nis
589 2372 780 2415 nostrae
803 2359 1188 2425 conditionem,
1222 2363 1518 2416 istiusmodi
1547 2364 1752 2417 crimen
1779 2361 2036 2421 incidens,

482 2455 754 2508 universas
783 2453 1058 2510 facultates
1096 2469 1220 2508 suas
1264 2455 1616 2524 indigentibus
1638 2496 1652 2518 ,
1686 2469 1786 2506 non
1817 2455 1999 2507 volens
2024 2497 2036 2520 ,

481 2545 598 2597 sine
623 2543 888 2606 mercede,
916 2551 1164 2609 apponet.
1199 2562 1218 2594 ι
1249 2545 1406 2610 Ergo,
1436 2556 1489 2596 ut
1518 2545 1730 2610 dignum
1759 2548 2036 2609 memoria,

480 2639 536 2684 ct
565 2630 667 2684 hoc
695 2629 866 2698 ipsum
897 2630 1164 2699 publicum
1194 2644 1514 2699 praeceptum
1548 2633 1632 2684 hic.
1652 2627 1861 2699 '[muere
1895 2635 2040 2687 festi-

482 2722 740 2774 novimus.

553 2809 681 2864 Car.
713 2808 801 2863 IV.
829 2837 898 2852 -—
929 2807 1166 2864 Relatum
1198 2817 1281 2863 e~t
1305 2819 1480 2862 autem
1512 2809 1792 2878 aliquando
1817 2810 1933 2860 huic
1960 2811 2040 2862 di-

484 2899 680 2952 vinitus
708 2899 1022 2965 sapientiam
1049 2909 1356 2960 consecuto,
1391 2899 1531 2962 quod
1562 2914 1654 2965 per
1683 2898 1834 2951 xenia
1863 2898 2036 2950 eccle-

2137 1717 2452 1789 Iemcunque
2481 1725 2778 1776 mercedem
2813 1739 2844 1777 a
2873 1739 3120 1793 quopiam
3156 1741 3264 1780 non
3299 1728 3533 1790 habuit,
3563 1746 3712 1798 neque

2137 1809 2346 1864 Christo
2373 1825 2471 1879 pro
2503 1812 2796 1867 innumeris
2821 1819 3054 1883 peccatis
3081 1817 3198 1884 ejus
3232 1817 3452 1885 aliquid
3485 1820 3707 1880 obtulit.

2145 1900 2282 1953 sicut
2317 1916 2414 1956 nec
2439 1903 2742 1972 aliquando.
2776 1907 2871 1959 Cui
2897 1917 3114 1961 sanctus
3143 1909 3505 1977 Sophronias
3544 1913 3718 1965 divini-

2139 2001 2224 2046 tus
2250 1993 2534 2061 inspiratus
2556 2038 2569 2060 ,
2606 1999 2880 2064 respondit
2910 1999 3056 2071 (mox
3099 2001 3244 2053 enim
3276 2000 3564 2056 intellexit
3610 2019 3716 2056 αε-

2139 2097 2251 2136 sam
2295 2085 2363 2136 ob
2409 2099 2565 2152 quam
2614 2086 2752 2139 idem
2802 2087 3109 2140 tristabatur
3149 2087 3497 2155 patriarchai
3524 2110 3540 2142 :
3573 2090 3720 2143 Ηώὶξ

2139 2174 2350 2242 quidem
2373 2174 2604 2240 gaudere
2651 2179 2706 2226 et
2767 2174 2938 2231 laetari
3029 2182 3300 2246 oportet,
3383 2179 3718 2232 beatissime.

2142 2264 2402 2326 veraciter
2429 2264 2569 2316 enim
2597 2263 2934 2320 beatissimus
2959 2278 3019 2319 es
3042 2309 3057 2332 ,
3088 2267 3158 2318 ita
3190 2268 3504 2334 pacicans
3531 2285 3560 2319 a
3587 2270 3721 2321 Clin-

2140 2361 2223 2404 sto
2249 2354 2506 2406 creditum
2540 2355 2630 2406 tibi
2661 2369 2908 2424 gregem,
2957 2366 3012 2408 ut
3056 2356 3254 2408 nullam
3303 2358 3525 2411 habeat
3553 2370 3720 2411 contra

2142 2444 2443 2510 proximum
2486 2458 2641 2496 suum
2691 2445 2835 2496 litem
2889 2452 2978 2496 aut
3022 2447 3391 2508 dubietatem,
3452 2449 3556 2501 sed
3597 2451 3721 2501 velut

2142 2538 2356 2606 angelos
2385 2537 2500 2591 sine
2529 2538 2697 2607 litigio
2718 2548 2771 2590 et
2798 2537 2912 2592 sine
2937 2539 3141 2607 judicio
3172 2540 3438 2596 homines
3487 2557 3614 2596 δίε
3653 2545 3719 2594 [ς-

2141 2626 2281 2677 cisti.
2320 2625 2410 2679 l-l'e
2456 2634 2630 2680 autem
2678 2642 2802 2681 vere
2842 2630 2987 2683 mitis
3033 2639 3237 2696 pastor,
3293 2637 3550 2685 credens
3598 2641 3721 2696 qum!

2143 2715 2340 2768 dictum
2372 2729 2484 2770 erat
2512 2732 2702 2771 verum
2723 2735 2864 2788 esse,
2887 2723 3069 2774 oculos
3095 2725 3148 2774 in
3175 2725 3386 2776 emtum
3415 2726 3722 2789 extendens,

2145 2804 2350 2857 dicebat
2379 2821 2393 2858 :
2423 2804 2631 2860 Gratias
2659 2823 2759 2876 ago
2787 2810 2915 2873 tibi,
2946 2810 3080 2864 Deus
3102 2849 3119 2875 ,
3162 2811 3287 2880 quia
3311 2823 3378 2866 et
3412 2814 3720 2867 immeritam

2146 2895 2629 2960 pusillanimitatetn
2660 2913 2832 2952 meam
2863 2900 3163 2953 sacerdotio
3196 2900 3347 2970 fungi
3377 2945 3393 2965 ,
3423 2913 3482 2956 et
3504 2919 3593 2957 me
3621 2907 3721 2955 eri-

486 2991 578 3041 size
602 2999 837 3041 rectores
859 2991 1016 3054 empti
1047 3001 1299 3055 personas
1326 2989 1626 3054 acciperent
1654 2988 1793 3039 circa
1817 2989 2043 3052 disposi-
2070 2973 2116 3036 C
2149 2998 2306 3053 gnum
2334 2995 2388 3038 et
2417 2998 2744 3052 peccatorem
2771 3027 2787 3050 ,
2834 2990 3164 3042 sacerdotem
3214 2999 3374 3043 tuum
3430 2995 3644 3054 vocari,
3681 3005 3727 3044 et

488 3078 660 3133 tiones
685 3079 1034 3144 captivorum.
1059 3077 1202 3141 Quos
1226 3076 1354 3129 nihil
1381 3077 1664 3143 negligens,
1695 3081 2002 3130 convocavit
2027 3095 2041 3141 ;

2149 3088 2367 3142 pascere
2397 3077 2762 3131 rationabilem
2793 3093 3006 3147 gregem
3039 3090 3188 3133 tuum
3219 3081 3465 3150 dignatus
3497 3098 3583 3135 es.
3609 3084 3730 3134 Mox

485 3175 537 3220 et
564 3168 826 3232 neminem
859 3166 1066 3234 penitus
1088 3181 1426 3234 exasperans,
1455 3169 2047 3232 superattxitmeri-edos
2119 3179 2274 3231 εει-ιο
2301 3166 2732 3232 pusillanimitate
2759 3169 2902 3221 omni
2933 3169 3174 3235 deposita
3194 3211 3210 3234 ,
3259 3171 3507 3239 gaudium
3536 3170 3593 3223 in
3625 3171 3727 3224 hu-

487 3271 602 3322 qum
650 3258 731 3310 eis
778 3256 920 3324 prius
947 3257 1224 3323 dabantur,
1271 3271 1471 3322 ponens
1498 3258 1748 3323 verbum,
1791 3267 2046 3321 qttatcnus

488 3365 704 3406 munera
735 3367 762 3406 a
789 3352 1024 3418 quolibet
1045 3351 1365 3405 omnimodis
1396 3367 1498 3402 non
1525 3352 1871 3416 acciperent:
1905 3351 2045 3414 Quo-

488 3443 656 3504 niam,
690 3443 889 3510 inquit,
923 3443 1056 3510 ignis
1086 3452 1364 3497 consumet
1402 3433 1591 3496 domos
1637 3456 1854 3494 munera
1903 3443 2045 3494 acci-

491 3535 764 3600 piintinm.
794 3535 865 3588 Ex
896 3545 1022 3590 tunc
1058 3535 1216 3603 igitur
1245 3550 1338 3602 per
1361 3534 1586 3602 gratiam
1618 3534 1708 3586 Dei
1746 3534 2048 3586 abundave-

492 3633 613 3676 ινα-ιιι
642 3624 831 3680 domus
859 3640 1060 3688 corino,
1095 3627 1164 3678 ita
1197 3634 1251 3678 ut
1279 3624 1490 3692 quidam
1523 3640 1590 3678 ex
1620 3627 1697 3679 eis
1726 3625 1918 3678 additae
1947 3623 2047 3678 sibi

490 3715 752 3769 mercedis
779 3718 1122 3782 quantitatem
1154 3715 1494 3768 dimitterent.
1576 3785 1582 3791 ο

558 3801 688 3860 CAP.
722 3803 784 3860 V.
811 3834 882 3846 —
906 3804 1123 3858 Disceus
1147 3819 1270 3858 vero
1295 3805 1578 3872 aliquando
1617 3803 1810 3857 iterum
1850 3803 1938 3857 ille
1968 3812 2049 3857 ter

489 3893 658 3958 dives,
688 3895 825 3961 quod
855 3895 1064 3962 quidam
1098 3895 1340 3956 iniuriam
1375 3902 1681 3961 paterentur
1706 3895 1774 3946 ab
1803 3892 2050 3947 adversa-

494 3984 586 4036 riis
609 3986 740 4048 suis,
765 3994 817 4040 et
846 3990 1082 4038 volentes
1125 3985 1272 4038 adire
1299 4000 1448 4049 eum,
1484 3985 1674 4038 timore
1701 3985 2046 4039 cancellario-

492 4097 606 4135 rum
639 4080 950 4135 etecclesia:
971 4079 1307 4133 defensorum
1345 4080 1458 4148 (ἓῖ)
1500 4091 1659 4148 atque
1685 4080 1735 4133 ei
1766 4081 2048 4134 astantium

494 4171 918 4239 prohiberentur,
946 4170 1297 4224 consideravit
1330 4171 1434 4224 tale
1471 4170 1596 4239 quid
1629 4170 1738 4223 Deo
1775 4180 2048 4238 acceptum

491 4263 794 4333 negotium;
821 4275 876 4315 et
921 4269 1106 4328 quarta
1143 4270 1196 4314 et
1243 4271 1391 4312 sexta
1426 4260 1556 4312 feria
1601 4259 1809 4326 publice
1848 4273 2050 4325 ponens

491 4355 675 4408 εθιιαη,
707 4365 760 4408 ει
798 4355 903 4406 duo
927 4368 1162 4415 manu“.
1193 4352 1413 4405 scapha,
1455 4361 1577 4405 ante
1605 4351 1908 4416 ecclesiam,
1933 4352 2045 4405 col-
2081 4339 2126 4396 D
2151 4339 2354 4391 dochiis
2395 4350 2446 4391 et
2488 4341 2804 4393 nosocumiis
2836 4342 2958 4393 fecit
2987 4343 3304 4396 recumbere
3331 4385 3348 4407 ,
3408 4347 3726 4413 rit-recipiens

492 4448 714 4510 loqumis
739 4444 1048 4511 quibusdam
1076 4445 1304 4498 strenuis
1327 4445 1475 4509 viris,
1502 4451 1589 4495 aut
1611 4451 1790 4497 sancta
1814 4441 2048 4508 Evange-

491 4532 557 4584 lia
589 4531 950 4598 prastnauibus
974 4541 1184 4594 tenens,
1211 4532 1412 4585 nullum
1438 4532 1566 4586 tanti
1590 4532 1826 4600 obsequii
1854 4545 2047 4598 appro-

490 4624 744 4691 pinquare
787 4621 886 4676 sibi
939 4621 1288 4688 permittens,
1339 4629 1560 4686 excepto
1609 4636 1716 4675 uno
1767 4621 2045 4676 defensore

483 4713 745 4774 ecclesias,
776 4713 1042 4766 licentiam
1072 4721 1124 4765 et
1153 4713 1526 4766 confidentiam
1553 4713 1680 4767 dare
1712 4714 1968 4768 festinans
1989 4729 2048 4768 se

481 4804 627 4858 adire
649 4804 978 4868 volentibus;
1013 4803 1202 4872 quibus
1230 4813 1283 4856 et
1321 4804 1600 4858 confestim
1643 4805 1783 4873 quod
1824 4806 2037 4872 dignum

480 4903 616 4956 erat,
650 4909 742 4961 per
769 4895 1006 4949 ecclesiae
1036 4894 1344 4948 defensores
1375 4892 1636 4957 faciebat;
1669 4904 1723 4948 et
1767 4896 2040 4963 prtecipie-

481 4984 572 5038 bat
599 4993 656 5038 ut
685 4999 842 5040 nemo
870 4999 1051 5040 eorum
1078 4995 1333 5054 gustaret,
1367 4984 1706 5053 quoadusque
1737 4985 2040 5037 ordinarent

480 5077 788 5144 capitulum.
814 5075 882 5130 Et
915 5076 1256 5130 audientibus
1297 5075 1506 5128 dicebat
1530 5090 1543 5127 :
1568 5075 1621 5128 Si
1663 5090 1757 5128 nos
1801 5075 2039 5152 homines

476 5167 804 5229 existentes,
851 5167 1252 5234 permissionem
1304 5179 1516 5230 semper
1557 5180 1650 5232 pro
1698 5164 2038 5233 petitionibus

481 5259 676 5312 nostris
704 5259 961 5312 habemus
993 5257 1317 5325 ingrediendi
1347 5256 1562 5309 domum
1596 5256 1708 5323 Dei,
1746 5264 1800 5308 ct
1829 5255 2037 5322 petitio-

483 5363 578 5400 nes
604 5355 815 5401 nostras
845 5356 996 5402 notas
1025 5347 1198 5402 facere
1228 5346 1274 5399 ei
1296 5387 1309 5408 ,
1340 5346 1584 5400 videlicet
1620 5344 1936 5399 intractabili
1977 5360 2038 5398 ac

481 5435 626 5487 outni
651 5445 905 5489 creaturae
931 5436 1378 5502 supereminenti,
1409 5444 1566 5503 atque
1595 5449 1807 5502 operam
1847 5433 2034 5486 damus

477 5540 586 5596 quo
626 5538 809 5587 preces
839 5537 1029 5578 nostra:
1075 5525 1410 5586 intnlezutur.
1435 5539 1532 5578 nec
1571 5539 1674 5577 non
1700 5534 1751 5577 ct
1792 5537 2043 5583 rogamus

2150 3253 2371 3309 militate
2411 3258 2631 3309 multum
2679 3255 2753 3309 illi
2795 3246 2982 3311 adfuit.
3020 3260 3167 3313 Illinc
3221 3275 3352 3314 vero
3403 3264 3489 3327 (ut
3516 3263 3728 3329 quidam

2150 3343 2319 3412 aiunt)
2361 3344 2413 3398 in
2446 3345 2548 3400 hoc
2590 3345 2828 3400 imitatus
2870 3357 2954 3401 est
2991 3347 3430 3413 Constantinus,
3479 3351 3574 3418 qui
3625 3366 3730 3418 pos:

2150 3433 2448 3488 Heracliam
2479 3435 2848 3503 imperatorem
2873 3440 3113 3503 exstitit,
3147 3440 3303 3508 cujus
3339 3451 3402 3495 et
3427 3443 3579 3495 filius
3607 3455 3730 3496 erat.

2217 3521 2346 3577 Car.
2374 3523 2462 3578 Vl.
2488 3553 2560 3565 —-
2587 3523 2753 3594 Hujus
2795 3527 2966 3580 sancti
3016 3528 3343 3594 patriarcha:
3406 3534 3728 3598 temporibus

2149 3613 2496 3669 ascendentes
2533 3615 2708 3670 Persa:
2743 3615 3281 3685 (24)captivaverunt
3328 3627 3392 3673 et
3442 3622 3727 3689 depra-dau

2150 3714 2272 3758 sunt
2313 3705 2547 3774 Syriam.
2594 3705 2779 3774 Itaque
2828 3722 2967 3776 pene
3019 3723 3206 3763 omnes
3259 3715 3354 3775 qui
3414 3713 3727 3781 effugiebant

2152 3809 2338 3847 manus
2368 3796 2667 3860 Persarum,
2691 3797 2757 3850 ad
2780 3809 2968 3852 nomen
2995 3799 3150 3867 hujus
3173 3810 3256 3853 ter
3277 3800 3457 3865 beiti,
3492 3812 3726 3870 tanquam

2150 3888 2212 3938 ad
2244 3898 2449 3954 portum
2504 3890 2622 3943 sine
2669 3889 2827 3942 ﬂuctu
2855 3891 3236 3953 aceurrebant,
3283 3893 3358 3944 ab
3413 3909 3486 3946 eo
3542 3910 3597 3946 et
3647 3897 3726 3960 ipsi

2150 3978 2397 4046 suffragio
2447 3987 2500 4032 et
2545 3982 2878 4048 susceptione
2927 3981 3126 4049 perfrui
3177 3984 3562 4050 postulantes.
3605 3987 3729 4054 Quas

2152 4070 2337 4123 beatus
2367 4071 2467 4124 iste
2507 4072 2738 4139 hospitio
2769 4074 3084 4140 recipiebat,
3119 4083 3173 4128 et
3201 4078 3612 4129 consolabatur
3641 4096 3728 4129 nun

2152 4167 2398 4223 tanquam
2427 4159 2680 4226 captivos.
2710 4159 2800 4212 sed
2824 4160 2972 4227 quasi
3000 4173 3184 4215 natura
3206 4166 3489 4217 veraciter
3523 4167 3727 4220 fratres.

2151 4246 2410 4298 Continuo
2436 4262 2562 4315 ergo
2593 4248 2828 4316 plagatos
2857 4252 3070 4317 quidem
3096 4259 3150 4304 et
3181 4251 3440 4306 infirmos
3485 4257 3544 4307 in
3578 4271 3727 4314 retio-

2150 4441 2330 4480 cut-am
2378 4429 2455 4480 eis
2496 4437 2550 4480 et
2595 4429 2904 4482 medicinam
2949 4433 3118 4497 gratis
3171 4431 3454 4497 impendi;
3509 4450 3572 4488 et
3618 4447 3726 4487 tum:

2151 4517 2421 4578 rei-edere,
2454 4520 2662 4586 quando
2693 4520 3053 4588 unusquisque
3081 4534 3269 4571 comm
3295 4525 3528 4588 propria
3557 4525 3725 4575 velim-

2150 4617 2256 4662 tate
2280 4609 2458 4661 vellet.
2496 4609 2688 4660 Eorum
2720 4624 2864 4670 vero,
2898 4608 2984 4672 qui
3014 4622 3134 4659 cum
3167 4609 3280 4660 sani
3309 4619 3512 4662 essent
3535 4622 3595 4662 et
3613 4628 3724 4678 ege-

2149 4699 2226 4760 ni,
2257 4699 2536 4751 voniebant
2560 4697 2622 4748 ad
2655 4713 2832 4765 rogatu
2864 4696 2999 4767 (25),
3025 4697 3280 4750 masculis
3302 4699 3538 4763 quidem
3557 4703 3724 4768 singu-

2150 4789 2227 4840 las
2271 4788 2487 4855 siliquas
2543 4790 2732 4853 dabat;
2790 4789 3095 4842 mulieribus
3146 4799 3323 4841 autem
3383 4801 3444 4843 et
3505 4795 3744 4856 puellis,

2151 4885 2396 4944 tanquam
2425 4876 2802 4929 infirmioribbs
2833 4877 3085 4928 membris
3107 4915 3122 4939 ,
3155 4875 3328 4929 binas.
3366 4876 3725 4932 Venicntihn:

2149 4982 2323 5026 autem
2354 4973 2662 5042 quibusdam
2693 4974 2887 5026 indutis
2918 4971 3245 5025 ornamentis
3285 4973 3472 5025 aureis
3513 4983 3576 5027 et
3604 4975 3724 5026 du-

2149 5063 2386 5127 tralibus,
2420 5075 2472 5116 et
2501 5062 2855 5131 quaerentibus
2886 5062 3650 5129 eleemosynam,referebant
3670 5067 3722 5113 de

2149 5154 2228 5207 eis
2255 5153 2566 5220 patriarchte
2607 5152 2656 5204 hi
2693 5151 2883 5220 quibus
2915 5160 3026 5204 erat
3058 5165 3182 5218 roga
3211 5151 3449 5203 credita.
3477 5153 3569 5206 Ad
3609 5167 3723 5220 quas

2148 5245 2334 5299 beatus
2361 5245 2450 5298 ille
2483 5257 2630 5298 torvo
2655 5244 2808 5297 oculo
2855 5259 2916 5298 ac
2956 5258 3138 5296 sevi-ra
3177 5257 3308 5294 voce
3341 5257 3476 5296 usus
3499 5286 3513 5307 ,
3562 5261 3722 5312 quat;-

2146 5353 2301 5406 quam
2335 5337 2474 5390 milis
2504 5346 2643 5390 esset
2673 5346 2726 5389 et
2755 5337 2896 5390 visus
2928 5336 3142 5392 hilaris.
3191 5336 3329 5386 dixit
3356 5353 3370 5384 :
3406 5334 3464 5388 Si
3512 5337 3716 5401 quidem

2148 5429 2361 5480 humilis
2399 5430 2651 5488 Joannis,
2709 5427 2814 5479 imo
2855 5426 3049 5479 Christi
3095 5424 3507 5491 dispensatores
3575 5427 3716 5476 vultis

2148 5535 2286 5580 csse,
2317 5521 2497 5572 divino
2531 5529 2795 5582 prmcetito
2843 5518 2954 5569 sine
3004 5515 3294 5568 calliditate
3345 5517 3615 5578 obeditc,
3645 5519 3714 5566 di-
