  <div class='ocr_page' id='page_1' title='image "/cluster/home/n/w/nwhite01/storage/ocr_20150623/93/hvd.32044054128533/849.png"; bbox 0 0 3906 6192; ppageno 0'>
   <div class='ocr_carea' id='block_1_1' title="bbox 401 94 532 156">
    <p class='ocr_par' dir='ltr' id='par_1_1' title="bbox 401 94 532 156">
     <span class='ocr_line' id='line_1_1' title="bbox 401 94 532 156; baseline -0.015 0"><span class='ocrx_word' id='word_1_1' title='bbox 401 94 532 156; x_wconf 74' lang='grc'><strong>1579</strong></span> 
     </span>
    </p>
   </div>
   <div class='ocr_carea' id='block_1_2' title="bbox 1383 92 2613 153">
    <p class='ocr_par' dir='ltr' id='par_1_2' title="bbox 1383 92 2613 153">
     <span class='ocr_line' id='line_1_2' title="bbox 1383 92 2613 153; baseline 0 -3"><span class='ocrx_word' id='word_1_2' title='bbox 1383 93 1690 153; x_wconf 73' lang='lat' dir='ltr'><strong>LEONTII</strong></span> <span class='ocrx_word' id='word_1_3' title='bbox 1722 92 2200 152; x_wconf 70' lang='lat' dir='ltr'><strong>NEAPOLITAN</strong></span> <span class='ocrx_word' id='word_1_4' title='bbox 2209 93 2232 150; x_wconf 92' lang='grc' dir='ltr'>Ι</span> <span class='ocrx_word' id='word_1_5' title='bbox 2273 92 2613 152; x_wconf 75' lang='lat' dir='ltr'><strong>EPISCOI’I</strong></span> 
     </span>
    </p>
   </div>
   <div class='ocr_carea' id='block_1_3' title="bbox 3508 92 3662 163">
    <p class='ocr_par' dir='ltr' id='par_1_3' title="bbox 3508 92 3662 163">
     <span class='ocr_line' id='line_1_3' title="bbox 3508 92 3662 163; baseline 0 -5"><span class='ocrx_word' id='word_1_6' title='bbox 3508 92 3662 163; x_wconf 67' lang='lat'><strong>1583</strong></span> 
     </span>
    </p>
   </div>
   <div class='ocr_carea' id='block_1_4' title="bbox 397 198 1957 270">
    <p class='ocr_par' dir='ltr' id='par_1_4' title="bbox 397 199 1957 270">
     <span class='ocr_line' id='line_1_4' title="bbox 397 199 1957 270; baseline -0.003 -12"><span class='ocrx_word' id='word_1_7' title='bbox 397 212 448 258; x_wconf 83' lang='lat' dir='ltr'><strong>et</strong></span> <span class='ocrx_word' id='word_1_8' title='bbox 471 201 607 257; x_wconf 85' lang='lat' dir='ltr'><strong>alios</strong></span> <span class='ocrx_word' id='word_1_9' title='bbox 647 199 852 270; x_wconf 88' lang='lat' dir='ltr'><strong>pariter</strong></span> <span class='ocrx_word' id='word_1_10' title='bbox 879 199 932 254; x_wconf 89' lang='lat' dir='ltr'><strong>in</strong></span> <span class='ocrx_word' id='word_1_11' title='bbox 965 199 1176 254; x_wconf 87' lang='lat' dir='ltr'><strong>ruinam</strong></span> <span class='ocrx_word' id='word_1_12' title='bbox 1206 199 1594 268; x_wconf 70' lang='lat' dir='ltr'><strong>impellebant?</strong></span> <span class='ocrx_word' id='word_1_13' title='bbox 1635 199 1769 253; x_wconf 83' lang='lat' dir='ltr'><strong>Item</strong></span> <span class='ocrx_word' id='word_1_14' title='bbox 1793 213 1957 254; x_wconf 65' lang='lat' dir='ltr'><strong>camus</strong></span> 
     </span>
    </p>
   </div>
   <div class='ocr_carea' id='block_1_5' title="bbox 2063 198 3657 270">
    <p class='ocr_par' dir='ltr' id='par_1_5' title="bbox 2069 198 3657 268">
     <span class='ocr_line' id='line_1_5' title="bbox 2069 198 3657 268; baseline 0.004 -16"><span class='ocrx_word' id='word_1_15' title='bbox 2069 199 2375 263; x_wconf 78' lang='grc' dir='ltr'><strong>ἀνίσταντο,</strong></span> <span class='ocrx_word' id='word_1_16' title='bbox 2423 199 2471 251; x_wconf 82' lang='grc' dir='ltr'><strong>οί</strong></span> <span class='ocrx_word' id='word_1_17' title='bbox 2516 198 2574 251; x_wconf 78' lang='grc' dir='ltr'><strong>δὲ</strong></span> <span class='ocrx_word' id='word_1_18' title='bbox 2620 198 2884 262; x_wconf 75' lang='grc' dir='ltr'><strong>ἑκουσίως</strong></span> <span class='ocrx_word' id='word_1_19' title='bbox 2927 199 2987 252; x_wconf 75' lang='grc' dir='ltr'><strong>οὐ</strong></span> <span class='ocrx_word' id='word_1_20' title='bbox 3026 200 3185 268; x_wconf 85' lang='grc' dir='ltr'><strong>μόνον</strong></span> <span class='ocrx_word' id='word_1_21' title='bbox 3221 201 3474 265; x_wconf 71' lang='grc' dir='ltr'><strong>ἔπιπτον,</strong></span> <span class='ocrx_word' id='word_1_22' title='bbox 3509 206 3657 259; x_wconf 69' lang='grc' dir='ltr'><strong>ἀλλὰ</strong></span> 
     </span>
    </p>
   </div>
   <div class='ocr_carea' id='block_1_6' title="bbox 391 289 1965 359">
    <p class='ocr_par' dir='ltr' id='par_1_6' title="bbox 391 289 1965 359">
     <span class='ocr_line' id='line_1_6' title="bbox 391 289 1965 359; baseline -0.005 -9"><span class='ocrx_word' id='word_1_23' title='bbox 391 310 518 350; x_wconf 83' lang='lat' dir='ltr'><strong>eum</strong></span> <span class='ocrx_word' id='word_1_24' title='bbox 550 291 976 347; x_wconf 81' lang='lat' dir='ltr'><strong>miraculolucis</strong></span> <span class='ocrx_word' id='word_1_25' title='bbox 1007 305 1226 344; x_wconf 85' lang='lat' dir='ltr'><strong>usuram</strong></span> <span class='ocrx_word' id='word_1_26' title='bbox 1277 289 1608 358; x_wconf 71' lang='lat' dir='ltr'><strong>recepisset,</strong></span> <span class='ocrx_word' id='word_1_27' title='bbox 1658 289 1778 359; x_wconf 83' lang='lat' dir='ltr'><strong>ejus</strong></span> <span class='ocrx_word' id='word_1_28' title='bbox 1806 331 1821 356; x_wconf 91' lang='lat'><strong>,</strong></span> <span class='ocrx_word' id='word_1_29' title='bbox 1871 289 1965 359; x_wconf 89' lang='lat' dir='ltr'><strong>qui</strong></span> 
     </span>
    </p>
   </div>
   <div class='ocr_carea' id='block_1_7' title="bbox 387 379 1966 453">
    <p class='ocr_par' dir='ltr' id='par_1_7' title="bbox 387 379 1966 453">
     <span class='ocr_line' id='line_1_7' title="bbox 387 379 1966 453; baseline -0.005 -11"><span class='ocrx_word' id='word_1_30' title='bbox 387 383 661 442; x_wconf 84' lang='lat' dir='ltr'><strong>beneﬁcio</strong></span> <span class='ocrx_word' id='word_1_31' title='bbox 698 379 1054 453; x_wconf 88' lang='lat' dir='ltr'><strong>impertiisset</strong></span> <span class='ocrx_word' id='word_1_32' title='bbox 1098 379 1554 450; x_wconf 85' lang='lat' dir='ltr'><strong>magniﬁcentiam</strong></span> <span class='ocrx_word' id='word_1_33' title='bbox 1600 389 1754 450; x_wconf 84' lang='lat' dir='ltr'><strong>grato</strong></span> <span class='ocrx_word' id='word_1_34' title='bbox 1784 380 1966 434; x_wconf 90' lang='lat' dir='ltr'><strong>animo</strong></span> 
     </span>
    </p>
   </div>
   <div class='ocr_carea' id='block_1_8' title="bbox 392 473 1967 547">
    <p class='ocr_par' dir='ltr' id='par_1_8' title="bbox 392 473 1967 547">
     <span class='ocr_line' id='line_1_8' title="bbox 392 473 1967 547; baseline -0.002 -17"><span class='ocrx_word' id='word_1_35' title='bbox 392 476 722 547; x_wconf 65' lang='lat' dir='ltr'><strong>praedicabat</strong></span> <span class='ocrx_word' id='word_1_36' title='bbox 750 495 762 529; x_wconf 75' lang='grc' dir='ltr'>ε</span> <span class='ocrx_word' id='word_1_37' title='bbox 794 474 1096 545; x_wconf 70' lang='lat' dir='ltr'><strong>praefractae</strong></span> <span class='ocrx_word' id='word_1_38' title='bbox 1149 489 1281 529; x_wconf 85' lang='lat' dir='ltr'><strong>vero</strong></span> <span class='ocrx_word' id='word_1_39' title='bbox 1311 473 1552 528; x_wconf 74' lang='lat' dir='ltr'><strong>audaciae</strong></span> <span class='ocrx_word' id='word_1_40' title='bbox 1587 473 1870 543; x_wconf 86' lang='lat' dir='ltr'><strong>pontiﬁces</strong></span> <span class='ocrx_word' id='word_1_41' title='bbox 1903 488 1967 527; x_wconf 90' lang='lat' dir='ltr'><strong>ac</strong></span> 
     </span>
    </p>
   </div>
   <div class='ocr_carea' id='block_1_9' title="bbox 393 565 1964 634">
    <p class='ocr_par' dir='ltr' id='par_1_9' title="bbox 393 565 1964 634">
     <span class='ocr_line' id='line_1_9' title="bbox 393 565 1964 634; baseline -0.004 -10"><span class='ocrx_word' id='word_1_42' title='bbox 393 569 642 624; x_wconf 79' lang='lat' dir='ltr'><strong>seniores</strong></span> <span class='ocrx_word' id='word_1_43' title='bbox 671 608 684 630; x_wconf 86' lang='lat'><strong>,</strong></span> <span class='ocrx_word' id='word_1_44' title='bbox 736 566 990 622; x_wconf 87' lang='lat' dir='ltr'><strong>dieebant</strong></span> <span class='ocrx_word' id='word_1_45' title='bbox 1017 583 1030 618; x_wconf 88' lang='lat'><strong>:</strong></span> <span class='ocrx_word' id='word_1_46' title='bbox 1068 565 1145 618; x_wconf 91' lang='lat' dir='ltr'><strong>Da</strong></span> <span class='ocrx_word' id='word_1_47' title='bbox 1195 565 1423 634; x_wconf 82' lang='lat' dir='ltr'><strong>gloriam</strong></span> <span class='ocrx_word' id='word_1_48' title='bbox 1451 565 1557 619; x_wconf 86' lang='lat' dir='ltr'><strong>Deo</strong></span> <span class='ocrx_word' id='word_1_49' title='bbox 1583 581 1600 618; x_wconf 92' lang='lat'><em>:</em></span> <span class='ocrx_word' id='word_1_50' title='bbox 1629 582 1720 618; x_wconf 83' lang='lat' dir='ltr'><strong>nos</strong></span> <span class='ocrx_word' id='word_1_51' title='bbox 1773 566 1964 618; x_wconf 80' lang='lat' dir='ltr'><strong>scimus</strong></span> 
     </span>
    </p>
   </div>
   <div class='ocr_carea' id='block_1_10' title="bbox 392 655 1966 733">
    <p class='ocr_par' dir='ltr' id='par_1_10' title="bbox 392 655 1966 733">
     <span class='ocr_line' id='line_1_10' title="bbox 392 655 1966 733; baseline -0.004 -18"><span class='ocrx_word' id='word_1_52' title='bbox 392 663 518 733; x_wconf 85' lang='lat' dir='ltr'><strong>quia</strong></span> <span class='ocrx_word' id='word_1_53' title='bbox 548 659 632 712; x_wconf 85' lang='lat' dir='ltr'><strong>hic</strong></span> <span class='ocrx_word' id='word_1_54' title='bbox 658 658 809 712; x_wconf 80' lang='lat' dir='ltr'><strong>homo</strong></span> <span class='ocrx_word' id='word_1_55' title='bbox 831 666 1073 724; x_wconf 75' lang='lat' dir='ltr'><strong>peccator</strong></span> <span class='ocrx_word' id='word_1_56' title='bbox 1107 667 1179 710; x_wconf 87' lang='lat' dir='ltr'><strong>est</strong></span> <span class='ocrx_word' id='word_1_57' title='bbox 1213 657 1280 712; x_wconf 81' lang='grc'><strong>³³.</strong></span> <span class='ocrx_word' id='word_1_58' title='bbox 1321 656 1428 710; x_wconf 89' lang='lat' dir='ltr'><strong>Sed</strong></span> <span class='ocrx_word' id='word_1_59' title='bbox 1457 664 1511 710; x_wconf 90' lang='lat' dir='ltr'><strong>et</strong></span> <span class='ocrx_word' id='word_1_60' title='bbox 1539 655 1738 711; x_wconf 88' lang='lat' dir='ltr'><strong>iterum</strong></span> <span class='ocrx_word' id='word_1_61' title='bbox 1776 656 1831 708; x_wconf 90' lang='lat' dir='ltr'><strong>in</strong></span> <span class='ocrx_word' id='word_1_62' title='bbox 1858 655 1966 709; x_wconf 89' lang='lat' dir='ltr'><strong>ﬁlia</strong></span> 
     </span>
    </p>
   </div>
   <div class='ocr_carea' id='block_1_11' title="bbox 393 746 1964 820">
    <p class='ocr_par' dir='ltr' id='par_1_11' title="bbox 393 746 1964 820">
     <span class='ocr_line' id='line_1_11' title="bbox 393 746 1964 820; baseline -0.003 -14"><span class='ocrx_word' id='word_1_63' title='bbox 393 749 826 820; x_wconf 73' lang='lat' dir='ltr'><strong>arehisynagogi,</strong></span> <span class='ocrx_word' id='word_1_64' title='bbox 858 755 1010 816; x_wconf 87' lang='lat' dir='ltr'><strong>pater</strong></span> <span class='ocrx_word' id='word_1_65' title='bbox 1038 747 1280 818; x_wconf 78' lang='lat' dir='ltr'><strong>quidem,</strong></span> <span class='ocrx_word' id='word_1_66' title='bbox 1318 746 1421 801; x_wconf 88' lang='lat' dir='ltr'><strong>ﬁde</strong></span> <span class='ocrx_word' id='word_1_67' title='bbox 1450 748 1734 812; x_wconf 88' lang='lat' dir='ltr'><strong>trahente,</strong></span> <span class='ocrx_word' id='word_1_68' title='bbox 1779 747 1964 802; x_wconf 83' lang='lat' dir='ltr'><strong>Jesum</strong></span> 
     </span>
    </p>
   </div>
   <div class='ocr_carea' id='block_1_12' title="bbox 393 837 1966 908">
    <p class='ocr_par' dir='ltr' id='par_1_12' title="bbox 393 837 1966 908">
     <span class='ocr_line' id='line_1_12' title="bbox 393 837 1966 908; baseline -0.003 -12"><span class='ocrx_word' id='word_1_69' title='bbox 393 841 626 898; x_wconf 78' lang='lat' dir='ltr'><strong>accersit</strong></span> <span class='ocrx_word' id='word_1_70' title='bbox 659 841 737 905; x_wconf 85' lang='grc'>³³;</span> <span class='ocrx_word' id='word_1_71' title='bbox 768 851 1024 894; x_wconf 58' lang='lat' dir='ltr'><strong>caeterum</strong></span> <span class='ocrx_word' id='word_1_72' title='bbox 1057 854 1178 892; x_wconf 90' lang='lat' dir='ltr'><strong>eum</strong></span> <span class='ocrx_word' id='word_1_73' title='bbox 1201 837 1320 892; x_wconf 83' lang='lat' dir='ltr'><strong>Vita</strong></span> <span class='ocrx_word' id='word_1_74' title='bbox 1347 838 1632 908; x_wconf 82' lang='lat' dir='ltr'><strong>perspicue</strong></span> <span class='ocrx_word' id='word_1_75' title='bbox 1653 838 1837 902; x_wconf 87' lang='lat' dir='ltr'><strong>sciret,</strong></span> <span class='ocrx_word' id='word_1_76' title='bbox 1865 853 1966 892; x_wconf 92' lang='lat' dir='ltr'><strong>suo</strong></span> 
     </span>
    </p>
   </div>
   <div class='ocr_carea' id='block_1_13' title="bbox 392 930 1963 1002">
    <p class='ocr_par' dir='ltr' id='par_1_13' title="bbox 392 930 1963 1002">
     <span class='ocr_line' id='line_1_13' title="bbox 392 930 1963 1002; baseline -0.004 -13"><span class='ocrx_word' id='word_1_77' title='bbox 392 934 631 990; x_wconf 87' lang='lat' dir='ltr'><strong>adventu</strong></span> <span class='ocrx_word' id='word_1_78' title='bbox 671 940 901 988; x_wconf 90' lang='lat' dir='ltr'><strong>mortem</strong></span> <span class='ocrx_word' id='word_1_79' title='bbox 959 932 1014 986; x_wconf 92' lang='lat' dir='ltr'><strong>in</strong></span> <span class='ocrx_word' id='word_1_80' title='bbox 1067 930 1248 1002; x_wconf 81' lang='lat' dir='ltr'><strong>fugam</strong></span> <span class='ocrx_word' id='word_1_81' title='bbox 1299 931 1610 985; x_wconf 86' lang='lat' dir='ltr'><strong>vertendam</strong></span> <span class='ocrx_word' id='word_1_82' title='bbox 1645 971 1660 993; x_wconf 94' lang='lat'><strong>,</strong></span> <span class='ocrx_word' id='word_1_83' title='bbox 1709 945 1963 984; x_wconf 86' lang='lat' dir='ltr'><strong>somnum</strong></span> 
     </span>
    </p>
   </div>
   <div class='ocr_carea' id='block_1_14' title="bbox 392 1021 1963 1096">
    <p class='ocr_par' dir='ltr' id='par_1_14' title="bbox 392 1021 1963 1096">
     <span class='ocr_line' id='line_1_14' title="bbox 392 1021 1963 1096; baseline -0.004 -16"><span class='ocrx_word' id='word_1_84' title='bbox 392 1025 683 1096; x_wconf 69' lang='lat' dir='ltr'><strong>appellavit</strong></span> <span class='ocrx_word' id='word_1_85' title='bbox 720 1032 986 1089; x_wconf 89' lang='lat' dir='ltr'><strong>mortem;</strong></span> <span class='ocrx_word' id='word_1_86' title='bbox 1025 1038 1132 1076; x_wconf 91' lang='lat' dir='ltr'><strong>non</strong></span> <span class='ocrx_word' id='word_1_87' title='bbox 1188 1031 1367 1075; x_wconf 85' lang='lat' dir='ltr'><strong>autem</strong></span> <span class='ocrx_word' id='word_1_88' title='bbox 1419 1032 1650 1077; x_wconf 89' lang='lat' dir='ltr'><strong>mortem</strong></span> <span class='ocrx_word' id='word_1_89' title='bbox 1683 1039 1695 1074; x_wconf 90' lang='lat'>:</span> <span class='ocrx_word' id='word_1_90' title='bbox 1724 1030 1779 1074; x_wconf 90' lang='lat' dir='ltr'><strong>at</strong></span> <span class='ocrx_word' id='word_1_91' title='bbox 1813 1021 1963 1075; x_wconf 87' lang='lat' dir='ltr'><strong>stulti</strong></span> 
     </span>
    </p>
   </div>
   <div class='ocr_carea' id='block_1_15' title="bbox 393 1114 1964 1182">
    <p class='ocr_par' dir='ltr' id='par_1_15' title="bbox 393 1114 1964 1182">
     <span class='ocr_line' id='line_1_15' title="bbox 393 1114 1964 1182; baseline -0.004 -10"><span class='ocrx_word' id='word_1_92' title='bbox 393 1118 470 1173; x_wconf 88' lang='lat' dir='ltr'><strong>illi</strong></span> <span class='ocrx_word' id='word_1_93' title='bbox 539 1117 676 1171; x_wconf 84' lang='lat' dir='ltr'><strong>nihil</strong></span> <span class='ocrx_word' id='word_1_94' title='bbox 728 1116 980 1171; x_wconf 89' lang='lat' dir='ltr'><strong>deridere</strong></span> <span class='ocrx_word' id='word_1_95' title='bbox 1010 1114 1340 1168; x_wconf 69' lang='lat' dir='ltr'><strong>verebantur</strong></span> <span class='ocrx_word' id='word_1_96' title='bbox 1369 1129 1526 1177; x_wconf 88' lang='lat' dir='ltr'><strong>cum,</strong></span> <span class='ocrx_word' id='word_1_97' title='bbox 1577 1114 1670 1182; x_wconf 89' lang='lat' dir='ltr'><strong>qui</strong></span> <span class='ocrx_word' id='word_1_98' title='bbox 1733 1122 1964 1167; x_wconf 87' lang='lat' dir='ltr'><strong>mortem</strong></span> 
     </span>
    </p>
   </div>
   <div class='ocr_carea' id='block_1_16' title="bbox 392 1202 1962 1279">
    <p class='ocr_par' dir='ltr' id='par_1_16' title="bbox 392 1202 1962 1279">
     <span class='ocr_line' id='line_1_16' title="bbox 392 1202 1962 1279; baseline -0.003 -16"><span class='ocrx_word' id='word_1_99' title='bbox 392 1208 607 1279; x_wconf 80' lang='lat' dir='ltr'><strong>iugans,</strong></span> <span class='ocrx_word' id='word_1_100' title='bbox 641 1206 853 1262; x_wconf 85' lang='lat' dir='ltr'><strong>reducit</strong></span> <span class='ocrx_word' id='word_1_101' title='bbox 885 1205 951 1259; x_wconf 90' lang='lat' dir='ltr'><strong>ad</strong></span> <span class='ocrx_word' id='word_1_102' title='bbox 986 1203 1174 1258; x_wconf 87' lang='lat' dir='ltr'><strong>vitam.</strong></span> <span class='ocrx_word' id='word_1_103' title='bbox 1233 1203 1472 1272; x_wconf 85' lang='lat' dir='ltr'><strong>Denique</strong></span> <span class='ocrx_word' id='word_1_104' title='bbox 1512 1202 1566 1255; x_wconf 89' lang='lat' dir='ltr'><strong>in</strong></span> <span class='ocrx_word' id='word_1_105' title='bbox 1601 1203 1713 1274; x_wconf 88' lang='lat' dir='ltr'><strong>ipsa</strong></span> <span class='ocrx_word' id='word_1_106' title='bbox 1743 1204 1962 1258; x_wconf 89' lang='lat' dir='ltr'><strong>salutari</strong></span> 
     </span>
    </p>
   </div>
   <div class='ocr_carea' id='block_1_17' title="bbox 391 1295 1960 1366">
    <p class='ocr_par' dir='ltr' id='par_1_17' title="bbox 391 1295 1960 1366">
     <span class='ocr_line' id='line_1_17' title="bbox 391 1295 1960 1366; baseline -0.003 -13"><span class='ocrx_word' id='word_1_107' title='bbox 391 1309 587 1361; x_wconf 88' lang='lat' dir='ltr'><strong>morte,</strong></span> <span class='ocrx_word' id='word_1_108' title='bbox 617 1299 752 1352; x_wconf 87' lang='lat' dir='ltr'><strong>alt-r</strong></span> <span class='ocrx_word' id='word_1_109' title='bbox 772 1297 988 1366; x_wconf 87' lang='lat' dir='ltr'><strong>quidem</strong></span> <span class='ocrx_word' id='word_1_110' title='bbox 1021 1295 1294 1348; x_wconf 88' lang='lat' dir='ltr'><strong>latromun</strong></span> <span class='ocrx_word' id='word_1_111' title='bbox 1331 1295 1694 1362; x_wconf 78' lang='lat' dir='ltr'><strong>exprobrabat</strong></span> <span class='ocrx_word' id='word_1_112' title='bbox 1732 1295 1920 1349; x_wconf 90' lang='lat' dir='ltr'><strong>dicens</strong></span> <span class='ocrx_word' id='word_1_113' title='bbox 1947 1313 1960 1348; x_wconf 92' lang='lat'>:</span> 
     </span>
    </p>
   </div>
   <div class='ocr_carea' id='block_1_18' title="bbox 390 1387 1960 1457">
    <p class='ocr_par' dir='ltr' id='par_1_18' title="bbox 390 1387 1960 1457">
     <span class='ocr_line' id='line_1_18' title="bbox 390 1387 1960 1457; baseline -0.004 -12"><span class='ocrx_word' id='word_1_114' title='bbox 390 1389 449 1445; x_wconf 83' lang='lat' dir='ltr'><strong>Si</strong></span> <span class='ocrx_word' id='word_1_115' title='bbox 482 1389 648 1444; x_wconf 85' lang='lat' dir='ltr'><strong>Filius</strong></span> <span class='ocrx_word' id='word_1_116' title='bbox 693 1388 790 1442; x_wconf 88' lang='lat' dir='ltr'><strong>Dei</strong></span> <span class='ocrx_word' id='word_1_117' title='bbox 841 1405 914 1451; x_wconf 82' lang='lat' dir='ltr'><strong>es,</strong></span> <span class='ocrx_word' id='word_1_118' title='bbox 948 1388 1154 1441; x_wconf 77' lang='lat' dir='ltr'><strong>salvum</strong></span> <span class='ocrx_word' id='word_1_119' title='bbox 1186 1387 1269 1457; x_wconf 81' lang='lat' dir='ltr'><strong>{ac</strong></span> <span class='ocrx_word' id='word_1_120' title='bbox 1301 1387 1628 1454; x_wconf 76' lang='lat' dir='ltr'><strong>temetipsum</strong></span> <span class='ocrx_word' id='word_1_121' title='bbox 1663 1396 1711 1440; x_wconf 84' lang='lat' dir='ltr'><strong>et</strong></span> <span class='ocrx_word' id='word_1_122' title='bbox 1757 1403 1848 1440; x_wconf 80' lang='lat' dir='ltr'><strong>nos</strong></span> <span class='ocrx_word' id='word_1_123' title='bbox 1875 1388 1960 1454; x_wconf 64' lang='lat' dir='ltr'><strong>In;</strong></span> 
     </span>
    </p>
   </div>
   <div class='ocr_carea' id='block_1_19' title="bbox 390 1475 1963 1552">
    <p class='ocr_par' dir='ltr' id='par_1_19' title="bbox 390 1475 1963 1552">
     <span class='ocr_line' id='line_1_19' title="bbox 390 1475 1963 1552; baseline -0.005 -15"><span class='ocrx_word' id='word_1_124' title='bbox 390 1496 420 1536; x_wconf 89' lang='lat' dir='ltr'><strong>e</strong></span> <span class='ocrx_word' id='word_1_125' title='bbox 450 1489 639 1536; x_wconf 88' lang='lat' dir='ltr'><strong>contra</strong></span> <span class='ocrx_word' id='word_1_126' title='bbox 671 1495 798 1534; x_wconf 87' lang='lat' dir='ltr'><strong>vero</strong></span> <span class='ocrx_word' id='word_1_127' title='bbox 830 1478 985 1552; x_wconf 87' lang='lat' dir='ltr'><strong>alter,</strong></span> <span class='ocrx_word' id='word_1_128' title='bbox 1019 1477 1250 1531; x_wconf 89' lang='lat' dir='ltr'><strong>alterum</strong></span> <span class='ocrx_word' id='word_1_129' title='bbox 1277 1517 1290 1540; x_wconf 91' lang='lat'><strong>,</strong></span> <span class='ocrx_word' id='word_1_130' title='bbox 1325 1484 1382 1530; x_wconf 87' lang='lat' dir='ltr'><strong>ut</strong></span> <span class='ocrx_word' id='word_1_131' title='bbox 1414 1491 1512 1544; x_wconf 87' lang='lat' dir='ltr'><strong>par</strong></span> <span class='ocrx_word' id='word_1_132' title='bbox 1537 1483 1674 1536; x_wconf 90' lang='lat' dir='ltr'><strong>erat,</strong></span> <span class='ocrx_word' id='word_1_133' title='bbox 1709 1475 1963 1545; x_wconf 86' lang='lat' dir='ltr'><strong>increpa-</strong></span> 
     </span>
    </p>
   </div>
   <div class='ocr_carea' id='block_1_20' title="bbox 2067 286 3661 358">
    <p class='ocr_par' dir='ltr' id='par_1_20' title="bbox 2067 286 3661 358">
     <span class='ocr_line' id='line_1_20' title="bbox 2067 286 3661 358; baseline 0.004 -16"><span class='ocrx_word' id='word_1_134' title='bbox 2067 289 2163 342; x_wconf 74' lang='grc' dir='ltr'><strong>καὶ</strong></span> <span class='ocrx_word' id='word_1_135' title='bbox 2209 288 2431 356; x_wconf 74' lang='grc' dir='ltr'><strong>ἑτέρους</strong></span> <span class='ocrx_word' id='word_1_136' title='bbox 2477 289 2555 352; x_wconf 78' lang='grc' dir='ltr'><strong>είς</strong></span> <span class='ocrx_word' id='word_1_137' title='bbox 2603 288 2662 341; x_wconf 78' lang='grc' dir='ltr'><strong>τὸ</strong></span> <span class='ocrx_word' id='word_1_138' title='bbox 2712 286 2912 358; x_wconf 88' lang='grc' dir='ltr'><strong>πτῶμα</strong></span> <span class='ocrx_word' id='word_1_139' title='bbox 2961 290 3337 357; x_wconf 76' lang='grc' dir='ltr'><strong>συνείλκοντος</strong></span> <span class='ocrx_word' id='word_1_140' title='bbox 3396 293 3580 346; x_wconf 83' lang='grc' dir='ltr'><strong>Πάλιν</strong></span> <span class='ocrx_word' id='word_1_141' title='bbox 3627 298 3661 348; x_wconf 86' lang='grc' dir='ltr'><strong>δ</strong></span> 
     </span>
    </p>
   </div>
   <div class='ocr_carea' id='block_1_21' title="bbox 2067 380 3662 456">
    <p class='ocr_par' dir='ltr' id='par_1_21' title="bbox 2067 380 3662 456">
     <span class='ocr_line' id='line_1_21' title="bbox 2067 380 3662 456; baseline 0.001 -22"><span class='ocrx_word' id='word_1_142' title='bbox 2067 380 2288 450; x_wconf 80' lang='grc' dir='ltr'><strong>τυφλὸς,</strong></span> <span class='ocrx_word' id='word_1_143' title='bbox 2327 380 2647 450; x_wconf 77' lang='grc' dir='ltr'><strong>παραδόξως</strong></span> <span class='ocrx_word' id='word_1_144' title='bbox 2679 381 2774 434; x_wconf 78' lang='grc' dir='ltr'><strong>τοῦ</strong></span> <span class='ocrx_word' id='word_1_145' title='bbox 2819 383 2996 449; x_wconf 73' lang='grc' dir='ltr'><strong>φωτὸς</strong></span> <span class='ocrx_word' id='word_1_146' title='bbox 3027 382 3363 444; x_wconf 85' lang='grc' dir='ltr'><strong>ἀπολαύσας.</strong></span> <span class='ocrx_word' id='word_1_147' title='bbox 3415 386 3519 456; x_wconf 73' lang='grc' dir='ltr'><strong>τὴν</strong></span> <span class='ocrx_word' id='word_1_148' title='bbox 3554 387 3662 440; x_wconf 76' lang='grc' dir='ltr'><strong>τοῦ</strong></span> 
     </span>
    </p>
   </div>
   <div class='ocr_carea' id='block_1_22' title="bbox 2066 469 3664 545">
    <p class='ocr_par' dir='ltr' id='par_1_22' title="bbox 2066 469 3664 545">
     <span class='ocr_line' id='line_1_22' title="bbox 2066 469 3664 545; baseline 0.004 -23"><span class='ocrx_word' id='word_1_149' title='bbox 2066 470 2355 540; x_wconf 82' lang='grc' dir='ltr'><strong>εὐεργέτου</strong></span> <span class='ocrx_word' id='word_1_150' title='bbox 2413 469 2814 540; x_wconf 70' lang='grc' dir='ltr'><strong>μεγαλειότητα</strong></span> <span class='ocrx_word' id='word_1_151' title='bbox 2857 471 3201 541; x_wconf 75' lang='grc' dir='ltr'><strong>εὐχαριστῶν</strong></span> <span class='ocrx_word' id='word_1_152' title='bbox 3234 475 3624 545; x_wconf 77' lang='grc' dir='ltr'><strong>ἀνεκήρυττεν</strong></span> <span class='ocrx_word' id='word_1_153' title='bbox 3649 495 3664 507; x_wconf 72' lang='grc' dir='ltr'><strong>ο</strong></span> 
     </span>
    </p>
   </div>
   <div class='ocr_carea' id='block_1_23' title="bbox 2066 559 3665 635">
    <p class='ocr_par' dir='ltr' id='par_1_23' title="bbox 2066 559 3665 635">
     <span class='ocr_line' id='line_1_23' title="bbox 2066 559 3665 635; baseline 0.003 -20"><span class='ocrx_word' id='word_1_154' title='bbox 2066 560 2180 615; x_wconf 85' lang='grc' dir='ltr'><strong>ἀλλ’</strong></span> <span class='ocrx_word' id='word_1_155' title='bbox 2209 561 2258 614; x_wconf 77' lang='lat' dir='ltr'><strong>oi</strong></span> <span class='ocrx_word' id='word_1_156' title='bbox 2285 559 2581 630; x_wconf 76' lang='grc' dir='ltr'><strong>πάντολμοι</strong></span> <span class='ocrx_word' id='word_1_157' title='bbox 2603 562 2878 631; x_wconf 81' lang='grc' dir='ltr'><strong>ἀρχιερεῖς</strong></span> <span class='ocrx_word' id='word_1_158' title='bbox 2904 564 3000 614; x_wconf 81' lang='grc' dir='ltr'><strong>καὶ</strong></span> <span class='ocrx_word' id='word_1_159' title='bbox 3027 563 3393 635; x_wconf 76' lang='grc' dir='ltr'><strong>πρεσϐύτεροι</strong></span> <span class='ocrx_word' id='word_1_160' title='bbox 3423 567 3626 634; x_wconf 77' lang='grc' dir='ltr'><strong>ἔλεγον</strong></span> <span class='ocrx_word' id='word_1_161' title='bbox 3649 587 3665 600; x_wconf 88' lang='grc'><strong>·</strong></span> 
     </span>
    </p>
   </div>
   <div class='ocr_carea' id='block_1_24' title="bbox 2065 651 3664 727">
    <p class='ocr_par' dir='ltr' id='par_1_24' title="bbox 2065 651 3664 727">
     <span class='ocr_line' id='line_1_24' title="bbox 2065 651 3664 727; baseline 0.003 -20"><span class='ocrx_word' id='word_1_162' title='bbox 2065 654 2176 720; x_wconf 79' lang='grc' dir='ltr'><strong>Δὸς</strong></span> <span class='ocrx_word' id='word_1_163' title='bbox 2204 653 2392 718; x_wconf 79' lang='grc' dir='ltr'><strong>δόξαν</strong></span> <span class='ocrx_word' id='word_1_164' title='bbox 2431 651 2514 718; x_wconf 82' lang='grc' dir='ltr'><strong>τῷ</strong></span> <span class='ocrx_word' id='word_1_165' title='bbox 2542 653 2662 719; x_wconf 86' lang='grc' dir='ltr'><strong>Θεῷ</strong></span> <span class='ocrx_word' id='word_1_166' title='bbox 2683 669 2697 684; x_wconf 85' lang='grc'>⁶</span> <span class='ocrx_word' id='word_1_167' title='bbox 2739 654 2913 722; x_wconf 76' lang='grc' dir='ltr'><strong>ἡμεῖς</strong></span> <span class='ocrx_word' id='word_1_168' title='bbox 2944 655 3193 724; x_wconf 75' lang='grc' dir='ltr'><strong>οἴδαμεν</strong></span> <span class='ocrx_word' id='word_1_169' title='bbox 3229 657 3318 710; x_wconf 83' lang='grc' dir='ltr'><strong>ὅτι</strong></span> <span class='ocrx_word' id='word_1_170' title='bbox 3349 661 3384 712; x_wconf 83' lang='lat' dir='ltr'><strong>d</strong></span> <span class='ocrx_word' id='word_1_171' title='bbox 3420 660 3664 727; x_wconf 67' lang='grc' dir='ltr'><strong>ἇνθρω·</strong></span> 
     </span>
    </p>
   </div>
   <div class='ocr_carea' id='block_1_25' title="bbox 2066 740 3661 823">
    <p class='ocr_par' dir='ltr' id='par_1_25' title="bbox 2066 740 3661 823">
     <span class='ocr_line' id='line_1_25' title="bbox 2066 740 3661 823; baseline 0.004 -25"><span class='ocrx_word' id='word_1_172' title='bbox 2066 761 2178 811; x_wconf 76' lang='grc' dir='ltr'><strong>πος</strong></span> <span class='ocrx_word' id='word_1_173' title='bbox 2218 740 2396 810; x_wconf 87' lang='grc' dir='ltr'><strong>οὗτος</strong></span> <span class='ocrx_word' id='word_1_174' title='bbox 2432 745 2779 813; x_wconf 68' lang='grc' dir='ltr'><strong>ἁμαρτωλός</strong></span> <span class='ocrx_word' id='word_1_175' title='bbox 2805 746 2994 803; x_wconf 71' lang='grc' dir='ltr'><strong>ἐστιν.</strong></span> <span class='ocrx_word' id='word_1_176' title='bbox 3030 749 3138 801; x_wconf 72' lang='grc' dir='ltr'><strong>Καὶ</strong></span> <span class='ocrx_word' id='word_1_177' title='bbox 3171 745 3326 814; x_wconf 77' lang='grc' dir='ltr'><strong>αὖθις</strong></span> <span class='ocrx_word' id='word_1_178' title='bbox 3359 750 3418 805; x_wconf 75' lang='grc' dir='ltr'><strong>δὲ</strong></span> <span class='ocrx_word' id='word_1_179' title='bbox 3452 753 3559 805; x_wconf 74' lang='grc' dir='ltr'><strong>ἐπὶ</strong></span> <span class='ocrx_word' id='word_1_180' title='bbox 3592 758 3661 823; x_wconf 75' lang='grc' dir='ltr'><strong>τῇ</strong></span> 
     </span>
    </p>
   </div>
   <div class='ocr_carea' id='block_1_26' title="bbox 2067 836 3665 916">
    <p class='ocr_par' dir='ltr' id='par_1_26' title="bbox 2067 836 3665 916">
     <span class='ocr_line' id='line_1_26' title="bbox 2067 836 3665 916; baseline 0.005 -28"><span class='ocrx_word' id='word_1_181' title='bbox 2067 836 2301 906; x_wconf 76' lang='grc' dir='ltr'><strong>θυγατρὶ</strong></span> <span class='ocrx_word' id='word_1_182' title='bbox 2355 836 2448 889; x_wconf 81' lang='grc' dir='ltr'><strong>τοῦ</strong></span> <span class='ocrx_word' id='word_1_183' title='bbox 2517 837 3004 907; x_wconf 80' lang='grc' dir='ltr'><strong>ἀρχισυναγώγου,</strong></span> <span class='ocrx_word' id='word_1_184' title='bbox 3057 839 3087 892; x_wconf 85' lang='grc' dir='ltr'><strong>ὁ</strong></span> <span class='ocrx_word' id='word_1_185' title='bbox 3147 840 3248 908; x_wconf 80' lang='grc' dir='ltr'><strong>μὲν</strong></span> <span class='ocrx_word' id='word_1_186' title='bbox 3306 843 3502 914; x_wconf 80' lang='grc' dir='ltr'><strong>πατὴρ</strong></span> <span class='ocrx_word' id='word_1_187' title='bbox 3562 847 3665 916; x_wconf 74' lang='grc' dir='ltr'><strong>τῆς</strong></span> 
     </span>
    </p>
   </div>
   <div class='ocr_carea' id='block_1_27' title="bbox 2066 927 3663 1003">
    <p class='ocr_par' dir='ltr' id='par_1_27' title="bbox 2066 927 3663 1003">
     <span class='ocr_line' id='line_1_27' title="bbox 2066 927 3663 1003; baseline 0.003 -23"><span class='ocrx_word' id='word_1_188' title='bbox 2066 928 2234 998; x_wconf 78' lang='grc' dir='ltr'><strong>κόρης</strong></span> <span class='ocrx_word' id='word_1_189' title='bbox 2261 927 2441 981; x_wconf 83' lang='grc' dir='ltr'>πίστει</span> <span class='ocrx_word' id='word_1_190' title='bbox 2473 927 2784 997; x_wconf 77' lang='grc' dir='ltr'><strong>ἑλκόμενος,</strong></span> <span class='ocrx_word' id='word_1_191' title='bbox 2820 927 2911 981; x_wconf 83' lang='grc' dir='ltr'><strong>τὸν</strong></span> <span class='ocrx_word' id='word_1_192' title='bbox 2951 928 3158 999; x_wconf 81' lang='grc' dir='ltr'><strong>Ἰησοῦν</strong></span> <span class='ocrx_word' id='word_1_193' title='bbox 3190 936 3663 1003; x_wconf 84' lang='grc' dir='ltr'><strong>μεταπέμπεται·</strong></span> 
     </span>
    </p>
   </div>
   <div class='ocr_carea' id='block_1_28' title="bbox 2066 1019 3665 1092">
    <p class='ocr_par' dir='ltr' id='par_1_28' title="bbox 2066 1019 3665 1092">
     <span class='ocr_line' id='line_1_28' title="bbox 2066 1019 3665 1092; baseline -0.001 -19"><span class='ocrx_word' id='word_1_194' title='bbox 2066 1019 2256 1088; x_wconf 69' lang='grc' dir='ltr'><strong>σαφῶς</strong></span> <span class='ocrx_word' id='word_1_195' title='bbox 2303 1019 2359 1071; x_wconf 85' lang='grc' dir='ltr'><strong>δὲ</strong></span> <span class='ocrx_word' id='word_1_196' title='bbox 2407 1019 2747 1087; x_wconf 75' lang='grc' dir='ltr'><strong>γινιίισκουσα</strong></span> <span class='ocrx_word' id='word_1_197' title='bbox 2799 1021 2832 1088; x_wconf 75' lang='grc' dir='ltr'>ἡ</span> <span class='ocrx_word' id='word_1_198' title='bbox 2877 1019 3011 1091; x_wconf 78' lang='grc' dir='ltr'><strong>ζωὴ,</strong></span> <span class='ocrx_word' id='word_1_199' title='bbox 3061 1019 3137 1085; x_wconf 86' lang='grc' dir='ltr'><strong>ὠς</strong></span> <span class='ocrx_word' id='word_1_200' title='bbox 3184 1021 3272 1074; x_wconf 78' lang='grc' dir='ltr'><strong>διὰ</strong></span> <span class='ocrx_word' id='word_1_201' title='bbox 3322 1023 3430 1092; x_wconf 79' lang='grc' dir='ltr'><strong>τῆς</strong></span> <span class='ocrx_word' id='word_1_202' title='bbox 3486 1025 3665 1078; x_wconf 68' lang='grc' dir='ltr'><strong>αὐτοῦ</strong></span> 
     </span>
    </p>
   </div>
   <div class='ocr_carea' id='block_1_29' title="bbox 2066 1110 3666 1181">
    <p class='ocr_par' dir='ltr' id='par_1_29' title="bbox 2066 1110 3666 1181">
     <span class='ocr_line' id='line_1_29' title="bbox 2066 1110 3666 1181; baseline 0.001 -15"><span class='ocrx_word' id='word_1_203' title='bbox 2066 1110 2366 1181; x_wconf 80' lang='grc' dir='ltr'><strong>παρουσίας</strong></span> <span class='ocrx_word' id='word_1_204' title='bbox 2399 1110 2752 1181; x_wconf 79' lang='grc' dir='ltr'><strong>δραπετεύσει</strong></span> <span class='ocrx_word' id='word_1_205' title='bbox 2797 1112 2826 1162; x_wconf 82' lang='grc' dir='ltr'><em>ὁ</em></span> <span class='ocrx_word' id='word_1_206' title='bbox 2860 1111 3107 1173; x_wconf 75' lang='grc' dir='ltr'><strong>Θάνατος,</strong></span> <span class='ocrx_word' id='word_1_207' title='bbox 3157 1112 3325 1165; x_wconf 76' lang='grc' dir='ltr'><strong>ὕπνον</strong></span> <span class='ocrx_word' id='word_1_208' title='bbox 3377 1115 3666 1168; x_wconf 70' lang='grc' dir='ltr'><strong>ἀπεκάλει</strong></span> 
     </span>
    </p>
   </div>
   <div class='ocr_carea' id='block_1_30' title="bbox 2063 1200 3663 1274">
    <p class='ocr_par' dir='ltr' id='par_1_30' title="bbox 2063 1200 3663 1274">
     <span class='ocr_line' id='line_1_30' title="bbox 2063 1200 3663 1274; baseline 0.004 -21"><span class='ocrx_word' id='word_1_209' title='bbox 2063 1201 2124 1253; x_wconf 82' lang='grc' dir='ltr'><strong>τὸ</strong></span> <span class='ocrx_word' id='word_1_210' title='bbox 2167 1200 2366 1264; x_wconf 82' lang='grc' dir='ltr'><strong>πάθος,</strong></span> <span class='ocrx_word' id='word_1_211' title='bbox 2411 1200 2503 1254; x_wconf 74' lang='grc' dir='ltr'><strong>καὶ</strong></span> <span class='ocrx_word' id='word_1_212' title='bbox 2541 1202 2660 1271; x_wconf 77' lang='grc' dir='ltr'><strong>οὐχὶ</strong></span> <span class='ocrx_word' id='word_1_213' title='bbox 2709 1201 2966 1254; x_wconf 77' lang='grc' dir='ltr'><strong>θάνατον·</strong></span> <span class='ocrx_word' id='word_1_214' title='bbox 3014 1203 3066 1255; x_wconf 77' lang='grc' dir='ltr'><strong>οἱ</strong></span> <span class='ocrx_word' id='word_1_215' title='bbox 3112 1203 3168 1256; x_wconf 80' lang='grc' dir='ltr'><strong>δὲ</strong></span> <span class='ocrx_word' id='word_1_216' title='bbox 3205 1204 3431 1274; x_wconf 80' lang='grc' dir='ltr'><strong>ἀνόητοι</strong></span> <span class='ocrx_word' id='word_1_217' title='bbox 3479 1206 3663 1270; x_wconf 69' lang='grc' dir='ltr'><strong>ὄντες,</strong></span> 
     </span>
    </p>
   </div>
   <div class='ocr_carea' id='block_1_31' title="bbox 2065 1290 3667 1368">
    <p class='ocr_par' dir='ltr' id='par_1_31' title="bbox 2065 1290 3667 1368">
     <span class='ocr_line' id='line_1_31' title="bbox 2065 1290 3667 1368; baseline 0.007 -26"><span class='ocrx_word' id='word_1_218' title='bbox 2065 1290 2374 1362; x_wconf 79' lang='grc' dir='ltr'><strong>καταγελᾷν</strong></span> <span class='ocrx_word' id='word_1_219' title='bbox 2403 1292 2463 1344; x_wconf 78' lang='grc' dir='ltr'><strong>οὐ</strong></span> <span class='ocrx_word' id='word_1_220' title='bbox 2496 1292 2856 1362; x_wconf 77' lang='grc' dir='ltr'><strong>παρῃτοῦντο,</strong></span> <span class='ocrx_word' id='word_1_221' title='bbox 2907 1292 3002 1346; x_wconf 79' lang='grc' dir='ltr'><strong>τοῦ</strong></span> <span class='ocrx_word' id='word_1_222' title='bbox 3053 1293 3145 1348; x_wconf 81' lang='grc' dir='ltr'><strong>τὸν</strong></span> <span class='ocrx_word' id='word_1_223' title='bbox 3179 1296 3417 1350; x_wconf 81' lang='grc' dir='ltr'><strong>Θάνατον</strong></span> <span class='ocrx_word' id='word_1_224' title='bbox 3475 1317 3667 1368; x_wconf 70' lang='grc' dir='ltr'><strong>φυγα-</strong></span> 
     </span>
    </p>
   </div>
   <div class='ocr_carea' id='block_1_32' title="bbox 2064 1382 3667 1459">
    <p class='ocr_par' dir='ltr' id='par_1_32' title="bbox 2064 1382 3667 1459">
     <span class='ocr_line' id='line_1_32' title="bbox 2064 1382 3667 1459; baseline 0.006 -25"><span class='ocrx_word' id='word_1_225' title='bbox 2064 1382 2332 1447; x_wconf 81' lang='grc' dir='ltr'><strong>δεύοντος,</strong></span> <span class='ocrx_word' id='word_1_226' title='bbox 2368 1384 2461 1436; x_wconf 70' lang='grc' dir='ltr'><strong>καὶ</strong></span> <span class='ocrx_word' id='word_1_227' title='bbox 2494 1382 2629 1454; x_wconf 77' lang='grc' dir='ltr'><strong>πρὸς</strong></span> <span class='ocrx_word' id='word_1_228' title='bbox 2657 1383 2804 1452; x_wconf 78' lang='grc' dir='ltr'><strong>ζωὴν</strong></span> <span class='ocrx_word' id='word_1_229' title='bbox 2837 1385 3221 1453; x_wconf 80' lang='grc' dir='ltr'><strong>ὲπανάγοντος.</strong></span> <span class='ocrx_word' id='word_1_230' title='bbox 3269 1389 3382 1440; x_wconf 75' lang='grc' dir='ltr'><strong>Καὶ</strong></span> <span class='ocrx_word' id='word_1_231' title='bbox 3415 1392 3475 1442; x_wconf 80' lang='grc' dir='ltr'><strong>ὲν</strong></span> <span class='ocrx_word' id='word_1_232' title='bbox 3512 1392 3667 1459; x_wconf 72' lang='grc' dir='ltr'><strong>αὐτῷ</strong></span> 
     </span>
    </p>
   </div>
   <div class='ocr_carea' id='block_1_33' title="bbox 2062 1471 3662 1548">
    <p class='ocr_par' dir='ltr' id='par_1_33' title="bbox 2062 1471 3662 1548">
     <span class='ocr_line' id='line_1_33' title="bbox 2062 1471 3662 1548; baseline 0.006 -24"><span class='ocrx_word' id='word_1_233' title='bbox 2062 1472 2118 1525; x_wconf 85' lang='grc' dir='ltr'><strong>δὲ</strong></span> <span class='ocrx_word' id='word_1_234' title='bbox 2154 1471 2230 1542; x_wconf 85' lang='grc' dir='ltr'><strong>τῷ</strong></span> <span class='ocrx_word' id='word_1_235' title='bbox 2279 1473 2533 1543; x_wconf 82' lang='grc' dir='ltr'><strong>σωτηρίῳ</strong></span> <span class='ocrx_word' id='word_1_236' title='bbox 2573 1471 2810 1542; x_wconf 82' lang='grc' dir='ltr'><strong>σταυρῷ,</strong></span> <span class='ocrx_word' id='word_1_237' title='bbox 2855 1475 2884 1526; x_wconf 85' lang='grc' dir='ltr'>ὁ</span> <span class='ocrx_word' id='word_1_238' title='bbox 2923 1474 3021 1543; x_wconf 82' lang='grc' dir='ltr'><strong>μὲν</strong></span> <span class='ocrx_word' id='word_1_239' title='bbox 3053 1475 3163 1529; x_wconf 88' lang='grc' dir='ltr'><strong>τῶν</strong></span> <span class='ocrx_word' id='word_1_240' title='bbox 3199 1477 3423 1548; x_wconf 80' lang='grc' dir='ltr'><strong>λῃστῶν</strong></span> <span class='ocrx_word' id='word_1_241' title='bbox 3453 1480 3662 1534; x_wconf 78' lang='grc' dir='ltr'><strong>ὀνειδὶ-</strong></span> 
     </span>
    </p>
   </div>
   <div class='ocr_carea' id='block_1_34' title="bbox 390 1559 1957 1642">
    <p class='ocr_par' dir='ltr' id='par_1_34' title="bbox 390 1561 1957 1642">
     <span class='ocr_line' id='line_1_34' title="bbox 390 1561 1957 1642; baseline -0.003 -15"><span class='ocrx_word' id='word_1_242' title='bbox 390 1575 482 1628; x_wconf 87' lang='lat' dir='ltr'><strong>bat</strong></span> <span class='ocrx_word' id='word_1_243' title='bbox 511 1591 525 1626; x_wconf 85' lang='lat'><strong>:</strong></span> <span class='ocrx_word' id='word_1_244' title='bbox 556 1581 718 1642; x_wconf 88' lang='lat' dir='ltr'><strong>atque</strong></span> <span class='ocrx_word' id='word_1_245' title='bbox 756 1571 824 1625; x_wconf 88' lang='lat' dir='ltr'><strong>ad</strong></span> <span class='ocrx_word' id='word_1_246' title='bbox 875 1561 1161 1624; x_wconf 83' lang='lat' dir='ltr'><strong>Dominum</strong></span> <span class='ocrx_word' id='word_1_247' title='bbox 1207 1582 1505 1622; x_wconf 87' lang='lat' dir='ltr'><strong>conversus</strong></span> <span class='ocrx_word' id='word_1_248' title='bbox 1547 1567 1805 1622; x_wconf 80' lang='lat' dir='ltr'><strong>dicebat:</strong></span> <span class='ocrx_word' id='word_1_249' title='bbox 1846 1566 1957 1622; x_wconf 83' lang='lat' dir='ltr'><strong>Me-</strong></span> 
     </span>
    </p>
   </div>
   <div class='ocr_carea' id='block_1_35' title="bbox 2063 1559 3664 1642">
    <p class='ocr_par' dir='ltr' id='par_1_35' title="bbox 2064 1559 3664 1630">
     <span class='ocr_line' id='line_1_35' title="bbox 2064 1559 3664 1630; baseline 0.006 -15"><span class='ocrx_word' id='word_1_250' title='bbox 2064 1562 2172 1624; x_wconf 74' lang='grc' dir='ltr'><strong>ζων</strong></span> <span class='ocrx_word' id='word_1_251' title='bbox 2197 1563 2378 1630; x_wconf 78' lang='grc' dir='ltr'><strong>ἔλεγεν</strong></span> <span class='ocrx_word' id='word_1_252' title='bbox 2397 1581 2413 1596; x_wconf 88' lang='grc'>·</span> <span class='ocrx_word' id='word_1_253' title='bbox 2444 1564 2512 1616; x_wconf 74' lang='lat' dir='ltr'><strong>Et</strong></span> <span class='ocrx_word' id='word_1_254' title='bbox 2551 1562 2680 1628; x_wconf 61' lang='lat' dir='ltr'><strong>mg</strong></span> <span class='ocrx_word' id='word_1_255' title='bbox 2711 1559 2770 1615; x_wconf 75' lang='grc' dir='ltr'><strong>εἴ</strong></span> <span class='ocrx_word' id='word_1_256' title='bbox 2797 1562 2903 1616; x_wconf 79' lang='grc' dir='ltr'><strong>τοῦ</strong></span> <span class='ocrx_word' id='word_1_257' title='bbox 2937 1564 3105 1630; x_wconf 84' lang='grc' dir='ltr'><strong>Θεοῦ,</strong></span> <span class='ocrx_word' id='word_1_258' title='bbox 3137 1564 3352 1619; x_wconf 71' lang='grc' dir='ltr'><strong>σῶσον</strong></span> <span class='ocrx_word' id='word_1_259' title='bbox 3387 1573 3664 1624; x_wconf 67' lang='grc' dir='ltr'><strong>σεαυτὸν·</strong></span> 
     </span>
    </p>
   </div>
   <div class='ocr_carea' id='block_1_36' title="bbox 389 1659 1960 1728">
    <p class='ocr_par' dir='ltr' id='par_1_36' title="bbox 389 1659 1960 1728">
     <span class='ocr_line' id='line_1_36' title="bbox 389 1659 1960 1728; baseline -0.003 -12"><span class='ocrx_word' id='word_1_260' title='bbox 389 1672 563 1717; x_wconf 85' lang='lat' dir='ltr'><strong>mento</strong></span> <span class='ocrx_word' id='word_1_261' title='bbox 620 1662 719 1715; x_wconf 84' lang='lat' dir='ltr'><strong>mei</strong></span> <span class='ocrx_word' id='word_1_262' title='bbox 768 1677 885 1714; x_wconf 86' lang='lat' dir='ltr'><strong>cum</strong></span> <span class='ocrx_word' id='word_1_263' title='bbox 938 1659 1138 1712; x_wconf 84' lang='lat' dir='ltr'><strong>veneris</strong></span> <span class='ocrx_word' id='word_1_264' title='bbox 1192 1659 1248 1710; x_wconf 86' lang='lat' dir='ltr'><strong>in</strong></span> <span class='ocrx_word' id='word_1_265' title='bbox 1286 1673 1504 1728; x_wconf 84' lang='lat' dir='ltr'><strong>regnum</strong></span> <span class='ocrx_word' id='word_1_266' title='bbox 1550 1667 1714 1712; x_wconf 79' lang='lat' dir='ltr'><strong>tuum.</strong></span> <span class='ocrx_word' id='word_1_267' title='bbox 1753 1659 1960 1713; x_wconf 84' lang='lat' dir='ltr'><strong>Idcirco</strong></span> 
     </span>
    </p>
   </div>
   <div class='ocr_carea' id='block_1_37' title="bbox 389 1747 1958 1824">
    <p class='ocr_par' dir='ltr' id='par_1_37' title="bbox 389 1747 1958 1824">
     <span class='ocr_line' id='line_1_37' title="bbox 389 1747 1958 1824; baseline -0.003 -18"><span class='ocrx_word' id='word_1_268' title='bbox 389 1754 604 1818; x_wconf 90' lang='lat' dir='ltr'><strong>merito,</strong></span> <span class='ocrx_word' id='word_1_269' title='bbox 649 1752 784 1824; x_wconf 83' lang='lat' dir='ltr'><strong>grati</strong></span> <span class='ocrx_word' id='word_1_270' title='bbox 835 1750 1002 1804; x_wconf 90' lang='lat' dir='ltr'><strong>animi</strong></span> <span class='ocrx_word' id='word_1_271' title='bbox 1050 1749 1245 1804; x_wconf 90' lang='lat' dir='ltr'><strong>iudicis</strong></span> <span class='ocrx_word' id='word_1_272' title='bbox 1290 1747 1650 1804; x_wconf 80' lang='lat' dir='ltr'><strong>confessionis</strong></span> <span class='ocrx_word' id='word_1_273' title='bbox 1690 1748 1958 1819; x_wconf 83' lang='lat' dir='ltr'><strong>ejusmodi</strong></span> 
     </span>
    </p>
   </div>
   <div class='ocr_carea' id='block_1_38' title="bbox 388 1836 1956 1914">
    <p class='ocr_par' dir='ltr' id='par_1_38' title="bbox 388 1836 1956 1914">
     <span class='ocr_line' id='line_1_38' title="bbox 388 1836 1956 1914; baseline -0.003 -18"><span class='ocrx_word' id='word_1_274' title='bbox 388 1842 632 1914; x_wconf 69' lang='lat' dir='ltr'><strong>praemio,</strong></span> <span class='ocrx_word' id='word_1_275' title='bbox 669 1839 980 1910; x_wconf 87' lang='lat' dir='ltr'><strong>paradisum</strong></span> <span class='ocrx_word' id='word_1_276' title='bbox 1021 1840 1208 1892; x_wconf 80' lang='lat' dir='ltr'><strong>refert.</strong></span> <span class='ocrx_word' id='word_1_277' title='bbox 1247 1836 1412 1892; x_wconf 87' lang='lat' dir='ltr'><strong>Vides</strong></span> <span class='ocrx_word' id='word_1_278' title='bbox 1466 1845 1526 1892; x_wconf 87' lang='lat' dir='ltr'><strong>ut</strong></span> <span class='ocrx_word' id='word_1_279' title='bbox 1572 1837 1850 1892; x_wconf 74' lang='lat' dir='ltr'><strong>voluntate</strong></span> <span class='ocrx_word' id='word_1_280' title='bbox 1891 1854 1956 1893; x_wconf 86' lang='lat' dir='ltr'><strong>ex</strong></span> 
     </span>
    </p>
   </div>
   <div class='ocr_carea' id='block_1_39' title="bbox 389 1929 1960 2000">
    <p class='ocr_par' dir='ltr' id='par_1_39' title="bbox 389 1929 1960 2000">
     <span class='ocr_line' id='line_1_39' title="bbox 389 1929 1960 2000; baseline -0.004 -10"><span class='ocrx_word' id='word_1_281' title='bbox 389 1934 708 1990; x_wconf 88' lang='lat' dir='ltr'><strong>inﬁdelitate</strong></span> <span class='ocrx_word' id='word_1_282' title='bbox 738 1931 970 1998; x_wconf 88' lang='lat' dir='ltr'><strong>cadant;</strong></span> <span class='ocrx_word' id='word_1_283' title='bbox 1007 1940 1176 2000; x_wconf 89' lang='lat' dir='ltr'><strong>utque</strong></span> <span class='ocrx_word' id='word_1_284' title='bbox 1215 1944 1280 1984; x_wconf 78' lang='lat' dir='ltr'><strong>ex</strong></span> <span class='ocrx_word' id='word_1_285' title='bbox 1326 1929 1431 1983; x_wconf 90' lang='lat' dir='ltr'><strong>ﬁde</strong></span> <span class='ocrx_word' id='word_1_286' title='bbox 1464 1929 1741 1984; x_wconf 82' lang='lat' dir='ltr'><strong>voluntate</strong></span> <span class='ocrx_word' id='word_1_287' title='bbox 1782 1944 1960 1984; x_wconf 89' lang='lat' dir='ltr'><strong>resur-</strong></span> 
     </span>
    </p>
   </div>
   <div class='ocr_carea' id='block_1_40' title="bbox 387 2020 1960 2098">
    <p class='ocr_par' dir='ltr' id='par_1_40' title="bbox 387 2020 1960 2098">
     <span class='ocr_line' id='line_1_40' title="bbox 387 2020 1960 2098; baseline -0.004 -17"><span class='ocrx_word' id='word_1_288' title='bbox 387 2025 553 2098; x_wconf 86' lang='lat' dir='ltr'><strong>gant?</strong></span> <span class='ocrx_word' id='word_1_289' title='bbox 601 2025 872 2080; x_wconf 67' lang='lat' dir='ltr'><strong>Caeterum</strong></span> <span class='ocrx_word' id='word_1_290' title='bbox 923 2022 1026 2075; x_wconf 87' lang='lat' dir='ltr'><strong>alia</strong></span> <span class='ocrx_word' id='word_1_291' title='bbox 1070 2036 1288 2092; x_wconf 90' lang='lat' dir='ltr'><strong>quoque</strong></span> <span class='ocrx_word' id='word_1_292' title='bbox 1344 2020 1554 2075; x_wconf 88' lang='lat' dir='ltr'><strong>ratione</strong></span> <span class='ocrx_word' id='word_1_293' title='bbox 1608 2020 1827 2090; x_wconf 88' lang='lat' dir='ltr'><strong>impleta</strong></span> <span class='ocrx_word' id='word_1_294' title='bbox 1876 2028 1960 2075; x_wconf 87' lang='lat' dir='ltr'><strong>est</strong></span> 
     </span>
    </p>
   </div>
   <div class='ocr_carea' id='block_1_41' title="bbox 389 2111 1959 2187">
    <p class='ocr_par' dir='ltr' id='par_1_41' title="bbox 389 2111 1959 2187">
     <span class='ocr_line' id='line_1_41' title="bbox 389 2111 1959 2187; baseline -0.004 -15"><span class='ocrx_word' id='word_1_295' title='bbox 389 2116 664 2174; x_wconf 81' lang='lat' dir='ltr'><strong>Simeonis</strong></span> <span class='ocrx_word' id='word_1_296' title='bbox 694 2114 1002 2187; x_wconf 82' lang='lat' dir='ltr'><strong>prophetia.</strong></span> <span class='ocrx_word' id='word_1_297' title='bbox 1039 2112 1334 2168; x_wconf 77' lang='lat' dir='ltr'><strong>Salvatoris</strong></span> <span class='ocrx_word' id='word_1_298' title='bbox 1359 2126 1594 2181; x_wconf 86' lang='lat' dir='ltr'><strong>namque</strong></span> <span class='ocrx_word' id='word_1_299' title='bbox 1623 2111 1959 2181; x_wconf 88' lang='lat' dir='ltr'><strong>dispensatio</strong></span> 
     </span>
    </p>
   </div>
   <div class='ocr_carea' id='block_1_42' title="bbox 387 2199 1958 2274">
    <p class='ocr_par' dir='ltr' id='par_1_42' title="bbox 387 2199 1958 2274">
     <span class='ocr_line' id='line_1_42' title="bbox 387 2199 1958 2274; baseline -0.005 -12"><span class='ocrx_word' id='word_1_300' title='bbox 387 2208 440 2262; x_wconf 91' lang='lat' dir='ltr'><strong>in</strong></span> <span class='ocrx_word' id='word_1_301' title='bbox 471 2221 635 2262; x_wconf 88' lang='lat' dir='ltr'><strong>carne</strong></span> <span class='ocrx_word' id='word_1_302' title='bbox 655 2245 669 2268; x_wconf 87' lang='lat'><strong>,</strong></span> <span class='ocrx_word' id='word_1_303' title='bbox 715 2205 932 2261; x_wconf 89' lang='lat' dir='ltr'><strong>diabolo</strong></span> <span class='ocrx_word' id='word_1_304' title='bbox 962 2203 1182 2274; x_wconf 87' lang='lat' dir='ltr'><strong>quidem</strong></span> <span class='ocrx_word' id='word_1_305' title='bbox 1213 2201 1315 2256; x_wconf 80' lang='lat' dir='ltr'><strong>fuit</strong></span> <span class='ocrx_word' id='word_1_306' title='bbox 1342 2201 1533 2267; x_wconf 89' lang='lat' dir='ltr'><strong>ruina,</strong></span> <span class='ocrx_word' id='word_1_307' title='bbox 1561 2215 1625 2255; x_wconf 91' lang='lat' dir='ltr'><strong>ac</strong></span> <span class='ocrx_word' id='word_1_308' title='bbox 1662 2199 1958 2254; x_wconf 87' lang='lat' dir='ltr'><strong>immundis</strong></span> 
     </span>
    </p>
   </div>
   <div class='ocr_carea' id='block_1_43' title="bbox 387 2291 1958 2369">
    <p class='ocr_par' dir='ltr' id='par_1_43' title="bbox 387 2291 1958 2369">
     <span class='ocr_line' id='line_1_43' title="bbox 387 2291 1958 2369; baseline -0.006 -15"><span class='ocrx_word' id='word_1_309' title='bbox 387 2301 504 2369; x_wconf 76' lang='lat' dir='ltr'><strong>ejus</strong></span> <span class='ocrx_word' id='word_1_310' title='bbox 537 2297 859 2368; x_wconf 86' lang='lat' dir='ltr'><strong>spiritibus:</strong></span> <span class='ocrx_word' id='word_1_311' title='bbox 889 2295 1221 2350; x_wconf 87' lang='lat' dir='ltr'><strong>resurrectio</strong></span> <span class='ocrx_word' id='word_1_312' title='bbox 1251 2301 1430 2348; x_wconf 86' lang='lat' dir='ltr'><strong>autem</strong></span> <span class='ocrx_word' id='word_1_313' title='bbox 1454 2293 1542 2356; x_wconf 89' lang='lat' dir='ltr'><strong>iis,</strong></span> <span class='ocrx_word' id='word_1_314' title='bbox 1561 2306 1699 2361; x_wconf 87' lang='lat' dir='ltr'><strong>quos</strong></span> <span class='ocrx_word' id='word_1_315' title='bbox 1718 2291 1807 2346; x_wconf 89' lang='lat' dir='ltr'><strong>ille</strong></span> <span class='ocrx_word' id='word_1_316' title='bbox 1829 2305 1958 2360; x_wconf 88' lang='lat' dir='ltr'><strong>pro-</strong></span> 
     </span>
    </p>
   </div>
   <div class='ocr_carea' id='block_1_44' title="bbox 384 2383 1954 2461">
    <p class='ocr_par' dir='ltr' id='par_1_44' title="bbox 384 2383 1954 2461">
     <span class='ocr_line' id='line_1_44' title="bbox 384 2383 1954 2461; baseline -0.004 -18"><span class='ocrx_word' id='word_1_317' title='bbox 384 2389 642 2461; x_wconf 70' lang='lat' dir='ltr'><strong>(ligasset,</strong></span> <span class='ocrx_word' id='word_1_318' title='bbox 675 2403 739 2443; x_wconf 92' lang='lat' dir='ltr'><strong>ac</strong></span> <span class='ocrx_word' id='word_1_319' title='bbox 753 2387 845 2460; x_wconf 91' lang='lat' dir='ltr'><strong>qui</strong></span> <span class='ocrx_word' id='word_1_320' title='bbox 871 2385 1346 2456; x_wconf 71' lang='lat' dir='ltr'><strong>mou-tistyrannidi</strong></span> <span class='ocrx_word' id='word_1_321' title='bbox 1379 2383 1670 2454; x_wconf 87' lang='lat' dir='ltr'><strong>mancipati</strong></span> <span class='ocrx_word' id='word_1_322' title='bbox 1704 2383 1954 2438; x_wconf 81' lang='lat' dir='ltr'><strong>fuissent.</strong></span> 
     </span>
    </p>
   </div>
   <div class='ocr_carea' id='block_1_45' title="bbox 393 2475 1958 2550">
    <p class='ocr_par' dir='ltr' id='par_1_45' title="bbox 393 2475 1958 2550">
     <span class='ocr_line' id='line_1_45' title="bbox 393 2475 1958 2550; baseline -0.001 -20"><span class='ocrx_word' id='word_1_323' title='bbox 393 2479 550 2534; x_wconf 81' lang='lat' dir='ltr'><strong>Vides</strong></span> <span class='ocrx_word' id='word_1_324' title='bbox 581 2488 639 2532; x_wconf 92' lang='lat' dir='ltr'><strong>ut</strong></span> <span class='ocrx_word' id='word_1_325' title='bbox 663 2493 796 2547; x_wconf 90' lang='lat' dir='ltr'><strong>puer</strong></span> <span class='ocrx_word' id='word_1_326' title='bbox 826 2477 1038 2550; x_wconf 87' lang='lat' dir='ltr'><strong>positus</strong></span> <span class='ocrx_word' id='word_1_327' title='bbox 1063 2477 1134 2531; x_wconf 89' lang='lat' dir='ltr'><strong>sit</strong></span> <span class='ocrx_word' id='word_1_328' title='bbox 1170 2477 1225 2530; x_wconf 90' lang='lat' dir='ltr'><strong>in</strong></span> <span class='ocrx_word' id='word_1_329' title='bbox 1266 2476 1478 2530; x_wconf 90' lang='lat' dir='ltr'><strong>ruinam</strong></span> <span class='ocrx_word' id='word_1_330' title='bbox 1513 2482 1568 2530; x_wconf 89' lang='lat' dir='ltr'><strong>et</strong></span> <span class='ocrx_word' id='word_1_331' title='bbox 1597 2475 1958 2529; x_wconf 85' lang='lat' dir='ltr'><strong>resurrectio-</strong></span> 
     </span>
    </p>
   </div>
   <div class='ocr_carea' id='block_1_46' title="bbox 386 2562 1955 2633">
    <p class='ocr_par' dir='ltr' id='par_1_46' title="bbox 386 2562 1955 2633">
     <span class='ocr_line' id='line_1_46' title="bbox 386 2562 1955 2633; baseline -0.003 -11"><span class='ocrx_word' id='word_1_332' title='bbox 386 2583 509 2622; x_wconf 90' lang='lat' dir='ltr'><strong>nem</strong></span> <span class='ocrx_word' id='word_1_333' title='bbox 541 2567 876 2622; x_wconf 87' lang='lat' dir='ltr'><strong>multorum?</strong></span> <span class='ocrx_word' id='word_1_334' title='bbox 902 2566 1008 2620; x_wconf 84' lang='lat' dir='ltr'><strong>Sed</strong></span> <span class='ocrx_word' id='word_1_335' title='bbox 1032 2575 1087 2619; x_wconf 89' lang='lat' dir='ltr'><strong>et</strong></span> <span class='ocrx_word' id='word_1_336' title='bbox 1121 2566 1174 2616; x_wconf 86' lang='lat' dir='ltr'><strong>in</strong></span> <span class='ocrx_word' id='word_1_337' title='bbox 1199 2565 1407 2633; x_wconf 83' lang='lat' dir='ltr'><strong>signum</strong></span> <span class='ocrx_word' id='word_1_338' title='bbox 1437 2564 1522 2615; x_wconf 86' lang='lat' dir='ltr'><strong>cui</strong></span> <span class='ocrx_word' id='word_1_339' title='bbox 1549 2562 1955 2618; x_wconf 80' lang='lat' dir='ltr'><strong>contradicetur.</strong></span> 
     </span>
    </p>
   </div>
   <div class='ocr_carea' id='block_1_47' title="bbox 384 2654 1957 2730">
    <p class='ocr_par' dir='ltr' id='par_1_47' title="bbox 384 2654 1957 2730">
     <span class='ocr_line' id='line_1_47' title="bbox 384 2654 1957 2730; baseline -0.004 -16"><span class='ocrx_word' id='word_1_340' title='bbox 384 2661 523 2715; x_wconf 90' lang='lat' dir='ltr'><strong>lluic</strong></span> <span class='ocrx_word' id='word_1_341' title='bbox 565 2674 782 2730; x_wconf 87' lang='lat' dir='ltr'><strong>quoque</strong></span> <span class='ocrx_word' id='word_1_342' title='bbox 814 2657 1146 2712; x_wconf 73' lang='lat' dir='ltr'><strong>convenient</strong></span> <span class='ocrx_word' id='word_1_343' title='bbox 1176 2655 1322 2709; x_wconf 89' lang='lat' dir='ltr'><strong>dicta</strong></span> <span class='ocrx_word' id='word_1_344' title='bbox 1367 2655 1638 2724; x_wconf 88' lang='lat' dir='ltr'><strong>superius.</strong></span> <span class='ocrx_word' id='word_1_345' title='bbox 1679 2654 1812 2708; x_wconf 88' lang='lat' dir='ltr'><strong>Nam</strong></span> <span class='ocrx_word' id='word_1_346' title='bbox 1864 2655 1957 2724; x_wconf 85' lang='lat' dir='ltr'><strong>qui</strong></span> 
     </span>
    </p>
   </div>
   <div class='ocr_carea' id='block_1_48' title="bbox 383 2742 1957 2812">
    <p class='ocr_par' dir='ltr' id='par_1_48' title="bbox 383 2742 1957 2812">
     <span class='ocr_line' id='line_1_48' title="bbox 383 2742 1957 2812; baseline -0.005 -6"><span class='ocrx_word' id='word_1_347' title='bbox 383 2766 492 2806; x_wconf 92' lang='lat' dir='ltr'><strong>non</strong></span> <span class='ocrx_word' id='word_1_348' title='bbox 526 2749 776 2811; x_wconf 86' lang='lat' dir='ltr'><strong>credunt,</strong></span> <span class='ocrx_word' id='word_1_349' title='bbox 806 2745 1030 2803; x_wconf 89' lang='lat' dir='ltr'><strong>omnino</strong></span> <span class='ocrx_word' id='word_1_350' title='bbox 1052 2743 1434 2800; x_wconf 86' lang='lat' dir='ltr'><strong>contradicunt</strong></span> <span class='ocrx_word' id='word_1_351' title='bbox 1465 2761 1478 2796; x_wconf 88' lang='lat'>:</span> <span class='ocrx_word' id='word_1_352' title='bbox 1508 2742 1600 2812; x_wconf 87' lang='lat' dir='ltr'><strong>qui</strong></span> <span class='ocrx_word' id='word_1_353' title='bbox 1627 2751 1809 2796; x_wconf 89' lang='lat' dir='ltr'><strong>autem</strong></span> <span class='ocrx_word' id='word_1_354' title='bbox 1837 2758 1957 2798; x_wconf 87' lang='lat' dir='ltr'><strong>ere-</strong></span> 
     </span>
    </p>
   </div>
   <div class='ocr_carea' id='block_1_49' title="bbox 383 2833 1956 2912">
    <p class='ocr_par' dir='ltr' id='par_1_49' title="bbox 383 2833 1956 2912">
     <span class='ocr_line' id='line_1_49' title="bbox 383 2833 1956 2912; baseline -0.007 -15"><span class='ocrx_word' id='word_1_355' title='bbox 383 2843 539 2908; x_wconf 89' lang='lat' dir='ltr'><strong>dunt,</strong></span> <span class='ocrx_word' id='word_1_356' title='bbox 559 2841 718 2912; x_wconf 89' lang='lat' dir='ltr'><strong>plane</strong></span> <span class='ocrx_word' id='word_1_357' title='bbox 753 2837 1148 2894; x_wconf 84' lang='lat' dir='ltr'><strong>assentiuntur.</strong></span> <span class='ocrx_word' id='word_1_358' title='bbox 1173 2835 1306 2890; x_wconf 85' lang='lat' dir='ltr'><strong>Item</strong></span> <span class='ocrx_word' id='word_1_359' title='bbox 1335 2833 1713 2889; x_wconf 87' lang='lat' dir='ltr'><strong>contradicunt</strong></span> <span class='ocrx_word' id='word_1_360' title='bbox 1733 2849 1956 2902; x_wconf 83' lang='lat' dir='ltr'><strong>perver-</strong></span> 
     </span>
    </p>
   </div>
   <div class='ocr_carea' id='block_1_50' title="bbox 2065 1651 3660 1731">
    <p class='ocr_par' dir='ltr' id='par_1_50' title="bbox 2065 1651 3660 1731">
     <span class='ocr_line' id='line_1_50' title="bbox 2065 1651 3660 1731; baseline 0.004 -25"><span class='ocrx_word' id='word_1_361' title='bbox 2065 1652 2165 1706; x_wconf 75' lang='grc' dir='ltr'><strong>καὶ</strong></span> <span class='ocrx_word' id='word_1_362' title='bbox 2205 1651 2394 1721; x_wconf 76' lang='grc' dir='ltr'><strong>ἡμᾶς·</strong></span> <span class='ocrx_word' id='word_1_363' title='bbox 2425 1654 2452 1706; x_wconf 84' lang='grc' dir='ltr'>ὁ</span> <span class='ocrx_word' id='word_1_364' title='bbox 2479 1653 2536 1706; x_wconf 71' lang='grc' dir='ltr'><strong>δὲ</strong></span> <span class='ocrx_word' id='word_1_365' title='bbox 2587 1653 2897 1706; x_wconf 72' lang='grc' dir='ltr'><strong>τούναντίον</strong></span> <span class='ocrx_word' id='word_1_366' title='bbox 2942 1655 3136 1726; x_wconf 76' lang='grc' dir='ltr'><strong>ἐκείνῳ</strong></span> <span class='ocrx_word' id='word_1_367' title='bbox 3177 1657 3278 1726; x_wconf 80' lang='grc' dir='ltr'><strong>μὲν</strong></span> <span class='ocrx_word' id='word_1_368' title='bbox 3306 1659 3660 1731; x_wconf 71' lang='grc' dir='ltr'><strong>ἐπετίμησεν</strong></span> 
     </span>
    </p>
   </div>
   <div class='ocr_carea' id='block_1_51' title="bbox 2064 1742 3654 1817">
    <p class='ocr_par' dir='ltr' id='par_1_51' title="bbox 2064 1742 3654 1817">
     <span class='ocr_line' id='line_1_51' title="bbox 2064 1742 3654 1817; baseline 0.004 -22"><span class='ocrx_word' id='word_1_369' title='bbox 2064 1742 2135 1795; x_wconf 76' lang='grc' dir='ltr'><strong>τὰ</strong></span> <span class='ocrx_word' id='word_1_370' title='bbox 2177 1743 2402 1796; x_wconf 82' lang='grc' dir='ltr'><strong>δέοντα·</strong></span> <span class='ocrx_word' id='word_1_371' title='bbox 2451 1744 2713 1814; x_wconf 74' lang='grc' dir='ltr'><strong>στραφεὶς</strong></span> <span class='ocrx_word' id='word_1_372' title='bbox 2751 1744 2808 1796; x_wconf 83' lang='grc' dir='ltr'><strong>δὲ</strong></span> <span class='ocrx_word' id='word_1_373' title='bbox 2856 1745 2993 1815; x_wconf 71' lang='grc' dir='ltr'><strong>πρὸς</strong></span> <span class='ocrx_word' id='word_1_374' title='bbox 3026 1746 3117 1798; x_wconf 79' lang='grc' dir='ltr'><strong>τὸν</strong></span> <span class='ocrx_word' id='word_1_375' title='bbox 3163 1747 3394 1817; x_wconf 73' lang='grc' dir='ltr'><strong>Κύριον,</strong></span> <span class='ocrx_word' id='word_1_376' title='bbox 3427 1750 3654 1817; x_wconf 74' lang='grc' dir='ltr'><strong>ἔλεγεν·</strong></span> 
     </span>
    </p>
   </div>
   <div class='ocr_carea' id='block_1_52' title="bbox 2063 1833 3654 1907">
    <p class='ocr_par' dir='ltr' id='par_1_52' title="bbox 2063 1833 3654 1907">
     <span class='ocr_line' id='line_1_52' title="bbox 2063 1833 3654 1907; baseline 0.005 -20"><span class='ocrx_word' id='word_1_377' title='bbox 2063 1833 2382 1902; x_wconf 76' lang='grc' dir='ltr'><strong>Μνήσθητί</strong></span> <span class='ocrx_word' id='word_1_378' title='bbox 2410 1852 2550 1903; x_wconf 83' lang='grc' dir='ltr'><strong>μου,</strong></span> <span class='ocrx_word' id='word_1_379' title='bbox 2586 1835 2732 1888; x_wconf 78' lang='grc' dir='ltr'><strong>ὅταν</strong></span> <span class='ocrx_word' id='word_1_380' title='bbox 2762 1835 2944 1904; x_wconf 73' lang='grc' dir='ltr'><strong>ἔλθῃς</strong></span> <span class='ocrx_word' id='word_1_381' title='bbox 2973 1837 3042 1890; x_wconf 83' lang='grc' dir='ltr'><strong>ἐν</strong></span> <span class='ocrx_word' id='word_1_382' title='bbox 3066 1836 3141 1904; x_wconf 83' lang='grc' dir='ltr'><strong>τῇ</strong></span> <span class='ocrx_word' id='word_1_383' title='bbox 3179 1839 3486 1907; x_wconf 73' lang='grc' dir='ltr'><strong>,Βασιλείᾳ</strong></span> <span class='ocrx_word' id='word_1_384' title='bbox 3515 1859 3654 1895; x_wconf 82' lang='grc' dir='ltr'><strong>σου.</strong></span> 
     </span>
    </p>
   </div>
   <div class='ocr_carea' id='block_1_53' title="bbox 2067 1927 3662 2006">
    <p class='ocr_par' dir='ltr' id='par_1_53' title="bbox 2067 1927 3662 2006">
     <span class='ocr_line' id='line_1_53' title="bbox 2067 1927 3662 2006; baseline 0.007 -27"><span class='ocrx_word' id='word_1_385' title='bbox 2067 1927 2228 1981; x_wconf 84' lang='grc' dir='ltr'><strong>Ὂοεν</strong></span> <span class='ocrx_word' id='word_1_386' title='bbox 2267 1927 2489 1992; x_wconf 81' lang='grc' dir='ltr'><strong>δικαίως</strong></span> <span class='ocrx_word' id='word_1_387' title='bbox 2520 1929 2628 1982; x_wconf 86' lang='grc' dir='ltr'><strong>τῶν</strong></span> <span class='ocrx_word' id='word_1_388' title='bbox 2661 1932 2754 2000; x_wconf 76' lang='grc' dir='ltr'><strong>τῆς</strong></span> <span class='ocrx_word' id='word_1_389' title='bbox 2797 1931 3218 2002; x_wconf 75' lang='grc' dir='ltr'><strong>εὐγνωμοσύνης</strong></span> <span class='ocrx_word' id='word_1_390' title='bbox 3265 1935 3445 1988; x_wconf 72' lang='grc' dir='ltr'><strong>αὐτοῦ</strong></span> <span class='ocrx_word' id='word_1_391' title='bbox 3479 1939 3662 2006; x_wconf 70' lang='grc' dir='ltr'><strong>ρημᾶο</strong></span> 
     </span>
    </p>
   </div>
   <div class='ocr_carea' id='block_1_54' title="bbox 2064 2018 3662 2092">
    <p class='ocr_par' dir='ltr' id='par_1_54' title="bbox 2064 2018 3662 2092">
     <span class='ocr_line' id='line_1_54' title="bbox 2064 2018 3662 2092; baseline 0.006 -22"><span class='ocrx_word' id='word_1_392' title='bbox 2064 2037 2172 2071; x_wconf 89' lang='grc' dir='ltr'><strong>των</strong></span> <span class='ocrx_word' id='word_1_393' title='bbox 2200 2018 2487 2090; x_wconf 73' lang='grc' dir='ltr'><strong>κομίζεται</strong></span> <span class='ocrx_word' id='word_1_394' title='bbox 2519 2020 2612 2074; x_wconf 70' lang='grc' dir='ltr'><strong>τὸν</strong></span> <span class='ocrx_word' id='word_1_395' title='bbox 2644 2022 2989 2092; x_wconf 71' lang='grc' dir='ltr'><strong>παράδεισον.</strong></span> <span class='ocrx_word' id='word_1_396' title='bbox 3028 2022 3258 2087; x_wconf 77' lang='grc' dir='ltr'><strong>Βλέπεις</strong></span> <span class='ocrx_word' id='word_1_397' title='bbox 3288 2027 3576 2090; x_wconf 78' lang='grc' dir='ltr'><strong>ἑκουσίως</strong></span> <span class='ocrx_word' id='word_1_398' title='bbox 3605 2030 3662 2092; x_wconf 77' lang='grc' dir='ltr'>ἐξ</span> 
     </span>
    </p>
   </div>
   <div class='ocr_carea' id='block_1_55' title="bbox 2065 2108 3659 2185">
    <p class='ocr_par' dir='ltr' id='par_1_55' title="bbox 2065 2108 3659 2185">
     <span class='ocr_line' id='line_1_55' title="bbox 2065 2108 3659 2185; baseline 0.007 -26"><span class='ocrx_word' id='word_1_399' title='bbox 2065 2108 2318 2171; x_wconf 80' lang='grc' dir='ltr'><strong>ἀπιστίας</strong></span> <span class='ocrx_word' id='word_1_400' title='bbox 2351 2109 2667 2174; x_wconf 88' lang='grc' dir='ltr'><strong>πίπτοντας.</strong></span> <span class='ocrx_word' id='word_1_401' title='bbox 2717 2112 2809 2164; x_wconf 76' lang='grc' dir='ltr'><strong>καὶ</strong></span> <span class='ocrx_word' id='word_1_402' title='bbox 2849 2113 3111 2177; x_wconf 83' lang='grc' dir='ltr'><strong>ἑκουσίως</strong></span> <span class='ocrx_word' id='word_1_403' title='bbox 3149 2116 3566 2185; x_wconf 67' lang='grc' dir='ltr'><strong>ἀνισταμένους</strong></span> <span class='ocrx_word' id='word_1_404' title='bbox 3598 2121 3659 2171; x_wconf 82' lang='grc' dir='ltr'><strong>ἐκ</strong></span> 
     </span>
    </p>
   </div>
   <div class='ocr_carea' id='block_1_56' title="bbox 2065 2199 3656 2279">
    <p class='ocr_par' dir='ltr' id='par_1_56' title="bbox 2065 2199 3656 2279">
     <span class='ocr_line' id='line_1_56' title="bbox 2065 2199 3656 2279; baseline 0.007 -27"><span class='ocrx_word' id='word_1_405' title='bbox 2065 2199 2332 2266; x_wconf 85' lang='grc' dir='ltr'><strong>πίστεως;</strong></span> <span class='ocrx_word' id='word_1_406' title='bbox 2375 2201 2524 2272; x_wconf 85' lang='grc' dir='ltr'><strong>Πλὴν</strong></span> <span class='ocrx_word' id='word_1_407' title='bbox 2557 2203 2652 2256; x_wconf 71' lang='grc' dir='ltr'><strong>καὶ</strong></span> <span class='ocrx_word' id='word_1_408' title='bbox 2702 2202 2904 2273; x_wconf 77' lang='grc' dir='ltr'><strong>ἑτέρως</strong></span> <span class='ocrx_word' id='word_1_409' title='bbox 2951 2207 2983 2274; x_wconf 75' lang='grc' dir='ltr'><strong>ἡ</strong></span> <span class='ocrx_word' id='word_1_410' title='bbox 3031 2209 3342 2279; x_wconf 58' lang='grc' dir='ltr'><strong>προφητεία</strong></span> <span class='ocrx_word' id='word_1_411' title='bbox 3401 2209 3504 2262; x_wconf 61' lang='lat' dir='ltr'><strong>to?)</strong></span> <span class='ocrx_word' id='word_1_412' title='bbox 3554 2213 3656 2263; x_wconf 72' lang='lat' dir='ltr'><strong>Eu-</strong></span> 
     </span>
    </p>
   </div>
   <div class='ocr_carea' id='block_1_57' title="bbox 2067 2289 3660 2370">
    <p class='ocr_par' dir='ltr' id='par_1_57' title="bbox 2067 2289 3660 2370">
     <span class='ocr_line' id='line_1_57' title="bbox 2067 2289 3660 2370; baseline 0.008 -28"><span class='ocrx_word' id='word_1_413' title='bbox 2067 2289 2212 2362; x_wconf 87' lang='grc' dir='ltr'><strong>μεὼν</strong></span> <span class='ocrx_word' id='word_1_414' title='bbox 2234 2291 2609 2362; x_wconf 77' lang='grc' dir='ltr'><strong>πεπλήρωται.</strong></span> <span class='ocrx_word' id='word_1_415' title='bbox 2651 2292 2710 2345; x_wconf 85' lang='grc' dir='ltr'><strong>Ἡ</strong></span> <span class='ocrx_word' id='word_1_416' title='bbox 2737 2294 2846 2363; x_wconf 75' lang='grc' dir='ltr'><strong>γὰρ</strong></span> <span class='ocrx_word' id='word_1_417' title='bbox 2879 2293 2975 2347; x_wconf 80' lang='grc' dir='ltr'><strong>τοῦ</strong></span> <span class='ocrx_word' id='word_1_418' title='bbox 3008 2295 3260 2365; x_wconf 85' lang='grc' dir='ltr'><strong>Σωτῆρος</strong></span> <span class='ocrx_word' id='word_1_419' title='bbox 3286 2298 3438 2352; x_wconf 87' lang='grc' dir='ltr'><strong>κατά</strong></span> <span class='ocrx_word' id='word_1_420' title='bbox 3473 2302 3660 2370; x_wconf 64' lang='lat' dir='ltr'><strong>cipit:</strong></span> 
     </span>
    </p>
   </div>
   <div class='ocr_carea' id='block_1_58' title="bbox 2063 2381 3661 2456">
    <p class='ocr_par' dir='ltr' id='par_1_58' title="bbox 2063 2381 3661 2456">
     <span class='ocr_line' id='line_1_58' title="bbox 2063 2381 3661 2456; baseline 0.007 -24"><span class='ocrx_word' id='word_1_421' title='bbox 2063 2381 2368 2451; x_wconf 84' lang='grc' dir='ltr'><strong>οἰκονομία,</strong></span> <span class='ocrx_word' id='word_1_422' title='bbox 2417 2381 2622 2444; x_wconf 81' lang='grc' dir='ltr'><strong>πτῶσις</strong></span> <span class='ocrx_word' id='word_1_423' title='bbox 2675 2383 2772 2452; x_wconf 80' lang='grc' dir='ltr'><strong>μὲν</strong></span> <span class='ocrx_word' id='word_1_424' title='bbox 2837 2383 2916 2453; x_wconf 81' lang='grc' dir='ltr'><strong>τῷ</strong></span> <span class='ocrx_word' id='word_1_425' title='bbox 2963 2384 3192 2456; x_wconf 76' lang='grc' dir='ltr'><strong>διαϐόλῳ</strong></span> <span class='ocrx_word' id='word_1_426' title='bbox 3257 2388 3504 2456; x_wconf 82' lang='grc' dir='ltr'><strong>γέγονεν</strong></span> <span class='ocrx_word' id='word_1_427' title='bbox 3569 2393 3661 2443; x_wconf 73' lang='grc' dir='ltr'><strong>καὶ</strong></span> 
     </span>
    </p>
   </div>
   <div class='ocr_carea' id='block_1_59' title="bbox 2062 2471 3661 2544">
    <p class='ocr_par' dir='ltr' id='par_1_59' title="bbox 2062 2471 3661 2544">
     <span class='ocr_line' id='line_1_59' title="bbox 2062 2471 3661 2544; baseline 0.008 -20"><span class='ocrx_word' id='word_1_428' title='bbox 2062 2474 2175 2534; x_wconf 85' lang='grc' dir='ltr'><strong>τοῖς</strong></span> <span class='ocrx_word' id='word_1_429' title='bbox 2213 2471 2550 2543; x_wconf 80' lang='grc' dir='ltr'><strong>ἀκαθάρτοις</strong></span> <span class='ocrx_word' id='word_1_430' title='bbox 2597 2473 2878 2544; x_wconf 79' lang='grc' dir='ltr'><strong>δαίμοσιν,</strong></span> <span class='ocrx_word' id='word_1_431' title='bbox 2935 2476 3232 2542; x_wconf 82' lang='grc' dir='ltr'><strong>ἀνάστασις</strong></span> <span class='ocrx_word' id='word_1_432' title='bbox 3289 2479 3350 2532; x_wconf 79' lang='grc' dir='ltr'><strong>δὲ</strong></span> <span class='ocrx_word' id='word_1_433' title='bbox 3398 2482 3520 2534; x_wconf 86' lang='grc' dir='ltr'><strong>τῶν</strong></span> 
     </span>
    </p>
   </div>
   <div class='ocr_carea' id='block_1_60' title="bbox 2063 2560 3661 2636">
    <p class='ocr_par' dir='ltr' id='par_1_60' title="bbox 2063 2560 3661 2636">
     <span class='ocr_line' id='line_1_60' title="bbox 2063 2560 3661 2636; baseline 0.009 -24"><span class='ocrx_word' id='word_1_434' title='bbox 2063 2560 2227 2614; x_wconf 81' lang='grc' dir='ltr'><strong>αὐτοῦ</strong></span> <span class='ocrx_word' id='word_1_435' title='bbox 2275 2560 2788 2632; x_wconf 74' lang='grc' dir='ltr'><strong>καταϐεϐλημένων,</strong></span> <span class='ocrx_word' id='word_1_436' title='bbox 2831 2564 2924 2616; x_wconf 75' lang='grc' dir='ltr'><strong>καὶ</strong></span> <span class='ocrx_word' id='word_1_437' title='bbox 2976 2566 3082 2618; x_wconf 78' lang='grc' dir='ltr'><strong>ὑπὸ</strong></span> <span class='ocrx_word' id='word_1_438' title='bbox 3128 2566 3227 2636; x_wconf 78' lang='grc' dir='ltr'><strong>τὴν</strong></span> <span class='ocrx_word' id='word_1_439' title='bbox 3265 2569 3363 2621; x_wconf 80' lang='grc' dir='ltr'><strong>τοῦ</strong></span> <span class='ocrx_word' id='word_1_440' title='bbox 3416 2570 3661 2626; x_wconf 67' lang='grc' dir='ltr'><strong>θανάτου</strong></span> 
     </span>
    </p>
   </div>
   <div class='ocr_carea' id='block_1_61' title="bbox 2062 2653 3660 2726">
    <p class='ocr_par' dir='ltr' id='par_1_61' title="bbox 2062 2653 3660 2726">
     <span class='ocr_line' id='line_1_61' title="bbox 2062 2653 3660 2726; baseline 0.008 -22"><span class='ocrx_word' id='word_1_441' title='bbox 2062 2653 2351 2724; x_wconf 83' lang='grc' dir='ltr'><strong>τυραννίδα</strong></span> <span class='ocrx_word' id='word_1_442' title='bbox 2431 2655 2838 2726; x_wconf 81' lang='grc' dir='ltr'><strong>γεγενημένων.</strong></span> <span class='ocrx_word' id='word_1_443' title='bbox 2896 2657 3127 2721; x_wconf 79' lang='grc' dir='ltr'><strong>Βλέπεις</strong></span> <span class='ocrx_word' id='word_1_444' title='bbox 3187 2659 3304 2723; x_wconf 79' lang='grc' dir='ltr'><strong>πῶς</strong></span> <span class='ocrx_word' id='word_1_445' title='bbox 3354 2664 3554 2715; x_wconf 80' lang='grc' dir='ltr'><strong>κεῖται</strong></span> <span class='ocrx_word' id='word_1_446' title='bbox 3605 2667 3660 2716; x_wconf 70' lang='grc' dir='ltr'><strong>τι</strong></span> 
     </span>
    </p>
   </div>
   <div class='ocr_carea' id='block_1_62' title="bbox 2065 2743 3662 2818">
    <p class='ocr_par' dir='ltr' id='par_1_62' title="bbox 2065 2743 3662 2818">
     <span class='ocr_line' id='line_1_62' title="bbox 2065 2743 3662 2818; baseline 0.008 -23"><span class='ocrx_word' id='word_1_447' title='bbox 2065 2743 2394 2815; x_wconf 72' lang='grc' dir='ltr'><strong>βρέφοςείς</strong></span> <span class='ocrx_word' id='word_1_448' title='bbox 2461 2745 2671 2799; x_wconf 84' lang='grc' dir='ltr'><strong>πτῶσιν</strong></span> <span class='ocrx_word' id='word_1_449' title='bbox 2715 2748 2811 2800; x_wconf 71' lang='grc' dir='ltr'><strong>καὶ</strong></span> <span class='ocrx_word' id='word_1_450' title='bbox 2862 2748 3161 2803; x_wconf 82' lang='grc' dir='ltr'><strong>ἀνάστασιν</strong></span> <span class='ocrx_word' id='word_1_451' title='bbox 3216 2750 3467 2818; x_wconf 75' lang='grc' dir='ltr'><strong>πολλῶνς</strong></span> <span class='ocrx_word' id='word_1_452' title='bbox 3521 2756 3662 2808; x_wconf 62' lang='grc' dir='ltr'><strong>ἀλλὰ</strong></span> 
     </span>
    </p>
   </div>
   <div class='ocr_carea' id='block_1_63' title="bbox 2062 2837 3658 2909">
    <p class='ocr_par' dir='ltr' id='par_1_63' title="bbox 2062 2837 3658 2909">
     <span class='ocr_line' id='line_1_63' title="bbox 2062 2837 3658 2909; baseline 0.005 -17"><span class='ocrx_word' id='word_1_453' title='bbox 2062 2837 2162 2892; x_wconf 76' lang='grc' dir='ltr'><strong>καὶ</strong></span> <span class='ocrx_word' id='word_1_454' title='bbox 2207 2839 2295 2904; x_wconf 84' lang='grc' dir='ltr'><strong>είς</strong></span> <span class='ocrx_word' id='word_1_455' title='bbox 2334 2837 2589 2906; x_wconf 76' lang='grc' dir='ltr'><strong>σημεῖον</strong></span> <span class='ocrx_word' id='word_1_456' title='bbox 2617 2839 3102 2909; x_wconf 71' lang='grc' dir='ltr'><strong>ἀντιλεγόμενον.</strong></span> <span class='ocrx_word' id='word_1_457' title='bbox 3157 2843 3266 2895; x_wconf 70' lang='grc' dir='ltr'><strong>Καὶ</strong></span> <span class='ocrx_word' id='word_1_458' title='bbox 3305 2844 3407 2897; x_wconf 76' lang='grc' dir='ltr'><strong>ἐπὶ</strong></span> <span class='ocrx_word' id='word_1_459' title='bbox 3457 2847 3658 2900; x_wconf 79' lang='grc' dir='ltr'><strong>τούτου</strong></span> 
     </span>
    </p>
   </div>
   <div class='ocr_carea' id='block_1_64' title="bbox 383 2925 1957 3008">
    <p class='ocr_par' dir='ltr' id='par_1_64' title="bbox 383 2925 1953 2996">
     <span class='ocr_line' id='line_1_64' title="bbox 383 2925 1953 2996; baseline -0.007 -8"><span class='ocrx_word' id='word_1_460' title='bbox 383 2950 564 2988; x_wconf 86' lang='lat' dir='ltr'><strong>sarum</strong></span> <span class='ocrx_word' id='word_1_461' title='bbox 587 2933 854 2987; x_wconf 73' lang='lat' dir='ltr'><strong>hmresum</strong></span> <span class='ocrx_word' id='word_1_462' title='bbox 880 2930 1210 2990; x_wconf 85' lang='lat' dir='ltr'><strong>inventores,</strong></span> <span class='ocrx_word' id='word_1_463' title='bbox 1237 2926 1437 2996; x_wconf 87' lang='lat' dir='ltr'><strong>quique</strong></span> <span class='ocrx_word' id='word_1_464' title='bbox 1471 2935 1674 2981; x_wconf 88' lang='lat' dir='ltr'><strong>temere</strong></span> <span class='ocrx_word' id='word_1_465' title='bbox 1704 2925 1953 2978; x_wconf 84' lang='lat' dir='ltr'><strong>incarna-</strong></span> 
     </span>
    </p>
   </div>
   <div class='ocr_carea' id='block_1_65' title="bbox 2063 2925 3660 3008">
    <p class='ocr_par' dir='ltr' id='par_1_65' title="bbox 2063 2927 3660 3008">
     <span class='ocr_line' id='line_1_65' title="bbox 2063 2927 3660 3008; baseline 0.004 -25"><span class='ocrx_word' id='word_1_466' title='bbox 2063 2928 2111 2983; x_wconf 72' lang='grc' dir='ltr'><strong>δὲ.</strong></span> <span class='ocrx_word' id='word_1_467' title='bbox 2163 2929 2457 2999; x_wconf 81' lang='grc' dir='ltr'><strong>ἀρμόσειεν</strong></span> <span class='ocrx_word' id='word_1_468' title='bbox 2515 2927 2585 2981; x_wconf 75' lang='grc' dir='ltr'><strong>τὰ</strong></span> <span class='ocrx_word' id='word_1_469' title='bbox 2629 2929 2886 3000; x_wconf 85' lang='grc' dir='ltr'><strong>ἀνωτέρω</strong></span> <span class='ocrx_word' id='word_1_470' title='bbox 2945 2932 3200 3002; x_wconf 82' lang='grc' dir='ltr'><strong>ρηθέντα.</strong></span> <span class='ocrx_word' id='word_1_471' title='bbox 3262 2935 3325 2986; x_wconf 83' lang='grc' dir='ltr'><strong>Οί</strong></span> <span class='ocrx_word' id='word_1_472' title='bbox 3390 2936 3497 3004; x_wconf 82' lang='grc' dir='ltr'><strong>μὲν</strong></span> <span class='ocrx_word' id='word_1_473' title='bbox 3551 2940 3660 3008; x_wconf 68' lang='grc' dir='ltr'><strong>γὰρ</strong></span> 
     </span>
    </p>
   </div>
   <div class='ocr_carea' id='block_1_66' title="bbox 385 3015 1949 3095">
    <p class='ocr_par' dir='ltr' id='par_1_66' title="bbox 385 3015 1949 3095">
     <span class='ocr_line' id='line_1_66' title="bbox 385 3015 1949 3095; baseline -0.007 -14"><span class='ocrx_word' id='word_1_474' title='bbox 385 3024 547 3081; x_wconf 87' lang='lat' dir='ltr'><strong>tionis</strong></span> <span class='ocrx_word' id='word_1_475' title='bbox 568 3023 906 3095; x_wconf 85' lang='lat' dir='ltr'><strong>mysterium,</strong></span> <span class='ocrx_word' id='word_1_476' title='bbox 925 3035 988 3074; x_wconf 89' lang='lat' dir='ltr'><strong>ac</strong></span> <span class='ocrx_word' id='word_1_477' title='bbox 1002 3033 1162 3073; x_wconf 89' lang='lat' dir='ltr'><strong>secus</strong></span> <span class='ocrx_word' id='word_1_478' title='bbox 1183 3033 1245 3072; x_wconf 85' lang='lat' dir='ltr'><strong>ac</strong></span> <span class='ocrx_word' id='word_1_479' title='bbox 1263 3017 1478 3082; x_wconf 87' lang='lat' dir='ltr'><strong>habeat,</strong></span> <span class='ocrx_word' id='word_1_480' title='bbox 1498 3015 1949 3085; x_wconf 82' lang='lat' dir='ltr'><strong>interpretantur.</strong></span> 
     </span>
    </p>
   </div>
   <div class='ocr_carea' id='block_1_67' title="bbox 2061 3016 3661 3090">
    <p class='ocr_par' dir='ltr' id='par_1_67' title="bbox 2061 3016 3661 3090">
     <span class='ocr_line' id='line_1_67' title="bbox 2061 3016 3661 3090; baseline 0.005 -20"><span class='ocrx_word' id='word_1_481' title='bbox 2061 3016 2435 3082; x_wconf 78' lang='grc' dir='ltr'><strong>ἀπιστοῦντες,</strong></span> <span class='ocrx_word' id='word_1_482' title='bbox 2468 3017 2808 3085; x_wconf 83' lang='grc' dir='ltr'><strong>ἀντιλέγουσι</strong></span> <span class='ocrx_word' id='word_1_483' title='bbox 2827 3020 3044 3083; x_wconf 82' lang='grc' dir='ltr'><strong>πάντως</strong></span> <span class='ocrx_word' id='word_1_484' title='bbox 3062 3036 3076 3049; x_wconf 86' lang='grc'><strong>·</strong></span> <span class='ocrx_word' id='word_1_485' title='bbox 3099 3023 3151 3072; x_wconf 88' lang='grc' dir='ltr'><strong>οἱ</strong></span> <span class='ocrx_word' id='word_1_486' title='bbox 3179 3021 3236 3073; x_wconf 85' lang='grc' dir='ltr'><strong>δὲ</strong></span> <span class='ocrx_word' id='word_1_487' title='bbox 3265 3024 3661 3090; x_wconf 75' lang='grc' dir='ltr'><strong>πιστεύοντες.</strong></span> 
     </span>
    </p>
   </div>
   <div class='ocr_carea' id='block_1_68' title="bbox 381 3107 3664 3188">
    <p class='ocr_par' dir='ltr' id='par_1_68' title="bbox 381 3107 3664 3188">
     <span class='ocr_line' id='line_1_68' title="bbox 381 3107 3664 3188; baseline -0.002 -16"><span class='ocrx_word' id='word_1_488' title='bbox 381 3118 623 3188; x_wconf 80' lang='grc' dir='ltr'><strong>δηλονότι</strong></span> <span class='ocrx_word' id='word_1_489' title='bbox 653 3111 1155 3184; x_wconf 70' lang='grc' dir='ltr'><strong>συγκατατίθενται.</strong></span> <span class='ocrx_word' id='word_1_490' title='bbox 1199 3109 1566 3179; x_wconf 81' lang='grc' dir='ltr'><strong>Ἀντιλέγουσι</strong></span> <span class='ocrx_word' id='word_1_491' title='bbox 1614 3107 1695 3175; x_wconf 85' lang='grc' dir='ltr'><strong>δὲ,</strong></span> <span class='ocrx_word' id='word_1_492' title='bbox 1746 3109 1839 3163; x_wconf 73' lang='grc' dir='ltr'><strong>καὶ</strong></span> <span class='ocrx_word' id='word_1_493' title='bbox 1881 3110 1932 3164; x_wconf 72' lang='lat' dir='ltr'><strong>oi</strong></span> <span class='ocrx_word' id='word_1_494' title='bbox 1975 3109 2075 3175; x_wconf 75' lang='grc' dir='ltr'><strong>τὰς</strong></span> <span class='ocrx_word' id='word_1_495' title='bbox 2101 3110 2541 3184; x_wconf 85' lang='grc' dir='ltr'><strong>διεστραμμένας</strong></span> <span class='ocrx_word' id='word_1_496' title='bbox 2584 3112 2907 3183; x_wconf 77' lang='grc' dir='ltr'><strong>ἐφευρόντες</strong></span> <span class='ocrx_word' id='word_1_497' title='bbox 2952 3110 3216 3183; x_wconf 74' lang='grc' dir='ltr'><strong>αἱρέσεις,</strong></span> <span class='ocrx_word' id='word_1_498' title='bbox 3253 3111 3414 3183; x_wconf 66' lang='grc' dir='ltr'><strong>ἀλλην</strong></span> <span class='ocrx_word' id='word_1_499' title='bbox 3454 3114 3664 3184; x_wconf 72' lang='grc' dir='ltr'><strong>ἄλλως</strong></span> 
     </span>
    </p>
   </div>
   <div class='ocr_carea' id='block_1_69' title="bbox 381 3204 1800 3284">
    <p class='ocr_par' dir='ltr' id='par_1_69' title="bbox 381 3204 1800 3284">
     <span class='ocr_line' id='line_1_69' title="bbox 381 3204 1800 3284; baseline -0.006 -19"><span class='ocrx_word' id='word_1_500' title='bbox 381 3209 890 3284; x_wconf 80' lang='grc' dir='ltr'><strong>παρερμηνεύοντες</strong></span> <span class='ocrx_word' id='word_1_501' title='bbox 916 3207 978 3260; x_wconf 70' lang='grc' dir='ltr'><strong>τὸ</strong></span> <span class='ocrx_word' id='word_1_502' title='bbox 1013 3206 1114 3276; x_wconf 83' lang='grc' dir='ltr'><strong>τῆς</strong></span> <span class='ocrx_word' id='word_1_503' title='bbox 1144 3204 1452 3276; x_wconf 77' lang='grc' dir='ltr'><strong>οἰκονομίας</strong></span> <span class='ocrx_word' id='word_1_504' title='bbox 1485 3205 1800 3276; x_wconf 80' lang='grc' dir='ltr'><strong>μυστήριον.</strong></span> 
     </span>
    </p>
   </div>
   <div class='ocr_carea' id='block_1_70' title="bbox 456 3296 1950 3370">
    <p class='ocr_par' dir='ltr' id='par_1_70' title="bbox 456 3296 1950 3370">
     <span class='ocr_line' id='line_1_70' title="bbox 456 3296 1950 3370; baseline -0.005 -12"><span class='ocrx_word' id='word_1_505' title='bbox 456 3305 521 3360; x_wconf 81' lang='lat' dir='ltr'><strong>Et</strong></span> <span class='ocrx_word' id='word_1_506' title='bbox 553 3312 699 3356; x_wconf 80' lang='lat' dir='ltr'><strong>luant</strong></span> <span class='ocrx_word' id='word_1_507' title='bbox 731 3299 896 3370; x_wconf 79' lang='lat' dir='ltr'><strong>ipsius</strong></span> <span class='ocrx_word' id='word_1_508' title='bbox 927 3298 1187 3363; x_wconf 85' lang='lat' dir='ltr'><strong>animam,</strong></span> <span class='ocrx_word' id='word_1_509' title='bbox 1222 3296 1431 3365; x_wconf 86' lang='lat' dir='ltr'><strong>inquit,</strong></span> <span class='ocrx_word' id='word_1_510' title='bbox 1457 3296 1799 3368; x_wconf 81' lang='lat' dir='ltr'><strong>pertransibit</strong></span> <span class='ocrx_word' id='word_1_511' title='bbox 1830 3296 1950 3368; x_wconf 82' lang='lat' dir='ltr'><strong>gla-</strong></span> 
     </span>
    </p>
   </div>
   <div class='ocr_carea' id='block_1_71' title="bbox 380 3387 1951 3461">
    <p class='ocr_par' dir='ltr' id='par_1_71' title="bbox 380 3387 1951 3461">
     <span class='ocr_line' id='line_1_71' title="bbox 380 3387 1951 3461; baseline -0.003 -13"><span class='ocrx_word' id='word_1_512' title='bbox 380 3397 514 3450; x_wconf 80' lang='lat' dir='ltr'><strong>dius.</strong></span> <span class='ocrx_word' id='word_1_513' title='bbox 537 3391 786 3448; x_wconf 89' lang='lat' dir='ltr'><strong>Gladium</strong></span> <span class='ocrx_word' id='word_1_514' title='bbox 805 3404 989 3461; x_wconf 87' lang='lat' dir='ltr'><strong>porro,</strong></span> <span class='ocrx_word' id='word_1_515' title='bbox 1011 3403 1133 3442; x_wconf 88' lang='lat' dir='ltr'><strong>eam</strong></span> <span class='ocrx_word' id='word_1_516' title='bbox 1153 3387 1530 3459; x_wconf 83' lang='lat' dir='ltr'><strong>probationem</strong></span> <span class='ocrx_word' id='word_1_517' title='bbox 1546 3388 1655 3444; x_wconf 90' lang='lat' dir='ltr'><strong>dici</strong></span> <span class='ocrx_word' id='word_1_518' title='bbox 1677 3389 1951 3452; x_wconf 79' lang='lat' dir='ltr'><strong>existimo,</strong></span> 
     </span>
    </p>
   </div>
   <div class='ocr_carea' id='block_1_72' title="bbox 380 3481 1951 3560">
    <p class='ocr_par' dir='ltr' id='par_1_72' title="bbox 380 3481 1951 3560">
     <span class='ocr_line' id='line_1_72' title="bbox 380 3481 1951 3560; baseline -0.005 -16"><span class='ocrx_word' id='word_1_519' title='bbox 380 3504 501 3560; x_wconf 70' lang='lat' dir='ltr'><strong>qum</strong></span> <span class='ocrx_word' id='word_1_520' title='bbox 534 3501 603 3542; x_wconf 78' lang='lat' dir='ltr'><strong>ex</strong></span> <span class='ocrx_word' id='word_1_521' title='bbox 637 3483 856 3539; x_wconf 87' lang='lat' dir='ltr'><strong>tristitia</strong></span> <span class='ocrx_word' id='word_1_522' title='bbox 903 3483 958 3536; x_wconf 90' lang='lat' dir='ltr'><strong>in</strong></span> <span class='ocrx_word' id='word_1_523' title='bbox 1010 3497 1173 3537; x_wconf 84' lang='lat' dir='ltr'><strong>cruce</strong></span> <span class='ocrx_word' id='word_1_524' title='bbox 1217 3490 1417 3537; x_wconf 62' lang='lat' dir='ltr'><strong>sancta;</strong></span> <span class='ocrx_word' id='word_1_525' title='bbox 1449 3481 1652 3553; x_wconf 87' lang='lat' dir='ltr'><strong>Virgini</strong></span> <span class='ocrx_word' id='word_1_526' title='bbox 1701 3485 1951 3539; x_wconf 89' lang='lat' dir='ltr'><strong>accessit.</strong></span> 
     </span>
    </p>
   </div>
   <div class='ocr_carea' id='block_1_73' title="bbox 379 3573 1952 3642">
    <p class='ocr_par' dir='ltr' id='par_1_73' title="bbox 379 3573 1952 3642">
     <span class='ocr_line' id='line_1_73' title="bbox 379 3573 1952 3642; baseline -0.003 -8"><span class='ocrx_word' id='word_1_527' title='bbox 379 3576 708 3636; x_wconf 77' lang='lat' dir='ltr'><strong>Pertransiit</strong></span> <span class='ocrx_word' id='word_1_528' title='bbox 729 3576 875 3631; x_wconf 90' lang='lat' dir='ltr'><strong>enim</strong></span> <span class='ocrx_word' id='word_1_529' title='bbox 906 3589 1025 3630; x_wconf 86' lang='lat' dir='ltr'><strong>eam</strong></span> <span class='ocrx_word' id='word_1_530' title='bbox 1053 3574 1170 3629; x_wconf 90' lang='lat' dir='ltr'><strong>sine</strong></span> <span class='ocrx_word' id='word_1_531' title='bbox 1194 3573 1416 3629; x_wconf 61' lang='lat' dir='ltr'><strong>laesione</strong></span> <span class='ocrx_word' id='word_1_532' title='bbox 1445 3573 1594 3630; x_wconf 82' lang='lat' dir='ltr'><strong>velut</strong></span> <span class='ocrx_word' id='word_1_533' title='bbox 1623 3575 1820 3642; x_wconf 88' lang='lat' dir='ltr'><strong>obiter,</strong></span> <span class='ocrx_word' id='word_1_534' title='bbox 1844 3591 1952 3630; x_wconf 92' lang='lat' dir='ltr'><strong>non</strong></span> 
     </span>
    </p>
   </div>
   <div class='ocr_carea' id='block_1_74' title="bbox 378 3664 1952 3744">
    <p class='ocr_par' dir='ltr' id='par_1_74' title="bbox 378 3664 1952 3744">
     <span class='ocr_line' id='line_1_74' title="bbox 378 3664 1952 3744; baseline -0.004 -17"><span class='ocrx_word' id='word_1_535' title='bbox 378 3671 594 3744; x_wconf 83' lang='lat' dir='ltr'><strong>gravius</strong></span> <span class='ocrx_word' id='word_1_536' title='bbox 627 3667 897 3723; x_wconf 86' lang='lat' dir='ltr'><strong>saucians.</strong></span> <span class='ocrx_word' id='word_1_537' title='bbox 934 3664 998 3720; x_wconf 86' lang='lat' dir='ltr'><strong>Et</strong></span> <span class='ocrx_word' id='word_1_538' title='bbox 1027 3684 1040 3719; x_wconf 90' lang='lat'><strong>:</strong></span> <span class='ocrx_word' id='word_1_539' title='bbox 1073 3665 1136 3721; x_wconf 89' lang='lat' dir='ltr'><strong>Ut</strong></span> <span class='ocrx_word' id='word_1_540' title='bbox 1165 3665 1458 3720; x_wconf 76' lang='lat' dir='ltr'><strong>revelantur</strong></span> <span class='ocrx_word' id='word_1_541' title='bbox 1478 3683 1542 3720; x_wconf 78' lang='lat' dir='ltr'><strong>ea:</strong></span> <span class='ocrx_word' id='word_1_542' title='bbox 1571 3665 1751 3721; x_wconf 81' lang='lat' dir='ltr'><strong>multis</strong></span> <span class='ocrx_word' id='word_1_543' title='bbox 1782 3668 1952 3721; x_wconf 83' lang='lat' dir='ltr'><strong>cordi-</strong></span> 
     </span>
    </p>
   </div>
   <div class='ocr_carea' id='block_1_75' title="bbox 380 3757 1949 3832">
    <p class='ocr_par' dir='ltr' id='par_1_75' title="bbox 380 3757 1949 3832">
     <span class='ocr_line' id='line_1_75' title="bbox 380 3757 1949 3832; baseline -0.002 -17"><span class='ocrx_word' id='word_1_544' title='bbox 380 3765 473 3817; x_wconf 82' lang='lat' dir='ltr'><strong>bus</strong></span> <span class='ocrx_word' id='word_1_545' title='bbox 490 3760 853 3832; x_wconf 78' lang='lat' dir='ltr'><strong>cogitationes.</strong></span> <span class='ocrx_word' id='word_1_546' title='bbox 881 3757 1138 3813; x_wconf 89' lang='lat' dir='ltr'><strong>Omnium</strong></span> <span class='ocrx_word' id='word_1_547' title='bbox 1160 3757 1307 3812; x_wconf 90' lang='lat' dir='ltr'><strong>enim</strong></span> <span class='ocrx_word' id='word_1_548' title='bbox 1326 3757 1684 3828; x_wconf 77' lang='lat' dir='ltr'><strong>cogitationes</strong></span> <span class='ocrx_word' id='word_1_549' title='bbox 1701 3758 1949 3814; x_wconf 87' lang='lat' dir='ltr'><strong>salutaris</strong></span> 
     </span>
    </p>
   </div>
   <div class='ocr_carea' id='block_1_76' title="bbox 381 3845 1945 3919">
    <p class='ocr_par' dir='ltr' id='par_1_76' title="bbox 381 3845 1945 3919">
     <span class='ocr_line' id='line_1_76' title="bbox 381 3845 1945 3919; baseline -0.001 -15"><span class='ocrx_word' id='word_1_550' title='bbox 381 3849 594 3904; x_wconf 87' lang='lat' dir='ltr'><strong>Domini</strong></span> <span class='ocrx_word' id='word_1_551' title='bbox 617 3848 818 3919; x_wconf 89' lang='lat' dir='ltr'><strong>passio,</strong></span> <span class='ocrx_word' id='word_1_552' title='bbox 853 3846 1170 3917; x_wconf 88' lang='lat' dir='ltr'><strong>probatione</strong></span> <span class='ocrx_word' id='word_1_553' title='bbox 1199 3845 1477 3901; x_wconf 83' lang='lat' dir='ltr'><strong>revelavit.</strong></span> <span class='ocrx_word' id='word_1_554' title='bbox 1510 3845 1644 3900; x_wconf 84' lang='lat' dir='ltr'><strong>Nam</strong></span> <span class='ocrx_word' id='word_1_555' title='bbox 1668 3847 1706 3900; x_wconf 88' lang='lat' dir='ltr'><strong>ii</strong></span> <span class='ocrx_word' id='word_1_556' title='bbox 1728 3847 1945 3916; x_wconf 86' lang='lat' dir='ltr'><strong>quidem</strong></span> 
     </span>
    </p>
   </div>
   <div class='ocr_carea' id='block_1_77' title="bbox 379 3935 1948 4012">
    <p class='ocr_par' dir='ltr' id='par_1_77' title="bbox 379 3935 1948 4012">
     <span class='ocr_line' id='line_1_77' title="bbox 379 3935 1948 4012; baseline -0.004 -16"><span class='ocrx_word' id='word_1_557' title='bbox 379 3943 468 4012; x_wconf 84' lang='lat' dir='ltr'><strong>qui</strong></span> <span class='ocrx_word' id='word_1_558' title='bbox 520 3941 744 3996; x_wconf 89' lang='lat' dir='ltr'><strong>ﬁrmiter</strong></span> <span class='ocrx_word' id='word_1_559' title='bbox 791 3938 1119 4000; x_wconf 89' lang='lat' dir='ltr'><strong>credebant,</strong></span> <span class='ocrx_word' id='word_1_560' title='bbox 1164 3950 1475 4007; x_wconf 89' lang='lat' dir='ltr'><strong>quanquam</strong></span> <span class='ocrx_word' id='word_1_561' title='bbox 1521 3936 1660 3990; x_wconf 82' lang='lat' dir='ltr'><strong>forte</strong></span> <span class='ocrx_word' id='word_1_562' title='bbox 1708 3935 1948 3990; x_wconf 90' lang='lat' dir='ltr'><strong>humano</strong></span> 
     </span>
    </p>
   </div>
   <div class='ocr_carea' id='block_1_78' title="bbox 381 4026 1947 4098">
    <p class='ocr_par' dir='ltr' id='par_1_78' title="bbox 381 4026 1947 4098">
     <span class='ocr_line' id='line_1_78' title="bbox 381 4026 1947 4098; baseline -0.004 -11"><span class='ocrx_word' id='word_1_563' title='bbox 381 4049 532 4088; x_wconf 89' lang='lat' dir='ltr'><strong>more</strong></span> <span class='ocrx_word' id='word_1_564' title='bbox 571 4031 772 4086; x_wconf 90' lang='lat' dir='ltr'><strong>turbati</strong></span> <span class='ocrx_word' id='word_1_565' title='bbox 809 4030 1067 4094; x_wconf 78' lang='lat' dir='ltr'><strong>fuerunt,</strong></span> <span class='ocrx_word' id='word_1_566' title='bbox 1103 4027 1246 4082; x_wconf 87' lang='lat' dir='ltr'><strong>haud</strong></span> <span class='ocrx_word' id='word_1_567' title='bbox 1281 4037 1462 4082; x_wconf 85' lang='lat' dir='ltr'><strong>tamen</strong></span> <span class='ocrx_word' id='word_1_568' title='bbox 1497 4026 1718 4098; x_wconf 81' lang='lat' dir='ltr'><strong>penitus</strong></span> <span class='ocrx_word' id='word_1_569' title='bbox 1751 4028 1947 4096; x_wconf 86' lang='lat' dir='ltr'><strong>despe-</strong></span> 
     </span>
    </p>
   </div>
   <div class='ocr_carea' id='block_1_79' title="bbox 382 4117 1951 4192">
    <p class='ocr_par' dir='ltr' id='par_1_79' title="bbox 382 4117 1951 4192">
     <span class='ocr_line' id='line_1_79' title="bbox 382 4117 1951 4192; baseline -0.006 -12"><span class='ocrx_word' id='word_1_570' title='bbox 382 4133 608 4189; x_wconf 87' lang='lat' dir='ltr'><strong>rarunt;</strong></span> <span class='ocrx_word' id='word_1_571' title='bbox 642 4121 1036 4192; x_wconf 70' lang='lat' dir='ltr'><strong>exspectabant</strong></span> <span class='ocrx_word' id='word_1_572' title='bbox 1072 4118 1344 4188; x_wconf 88' lang='lat' dir='ltr'><strong>siquidem</strong></span> <span class='ocrx_word' id='word_1_573' title='bbox 1378 4117 1676 4172; x_wconf 89' lang='lat' dir='ltr'><strong>Salvatoris</strong></span> <span class='ocrx_word' id='word_1_574' title='bbox 1704 4133 1951 4172; x_wconf 88' lang='lat' dir='ltr'><strong>resurre-</strong></span> 
     </span>
    </p>
   </div>
   <div class='ocr_carea' id='block_1_80' title="bbox 379 4211 1953 4282">
    <p class='ocr_par' dir='ltr' id='par_1_80' title="bbox 379 4211 1953 4282">
     <span class='ocr_line' id='line_1_80' title="bbox 379 4211 1953 4282; baseline -0.004 -11"><span class='ocrx_word' id='word_1_575' title='bbox 379 4217 655 4282; x_wconf 88' lang='lat' dir='ltr'><strong>ctionem;</strong></span> <span class='ocrx_word' id='word_1_576' title='bbox 689 4213 841 4268; x_wconf 82' lang='lat' dir='ltr'><strong>velut</strong></span> <span class='ocrx_word' id='word_1_577' title='bbox 869 4212 1130 4267; x_wconf 84' lang='lat' dir='ltr'><strong>nimirum</strong></span> <span class='ocrx_word' id='word_1_578' title='bbox 1181 4211 1460 4276; x_wconf 89' lang='lat' dir='ltr'><strong>mulieres,</strong></span> <span class='ocrx_word' id='word_1_579' title='bbox 1516 4225 1636 4279; x_wconf 82' lang='lat' dir='ltr'><strong>quae</strong></span> <span class='ocrx_word' id='word_1_580' title='bbox 1684 4219 1953 4264; x_wconf 83' lang='lat' dir='ltr'><strong>venerunt</strong></span> 
     </span>
    </p>
   </div>
   <div class='ocr_carea' id='block_1_81' title="bbox 379 4300 1953 4372">
    <p class='ocr_par' dir='ltr' id='par_1_81' title="bbox 379 4300 1953 4372">
     <span class='ocr_line' id='line_1_81' title="bbox 379 4300 1953 4372; baseline -0.006 -10"><span class='ocrx_word' id='word_1_581' title='bbox 379 4309 448 4362; x_wconf 89' lang='lat' dir='ltr'><strong>ad</strong></span> <span class='ocrx_word' id='word_1_582' title='bbox 473 4314 913 4369; x_wconf 89' lang='lat' dir='ltr'><strong>monumentum,</strong></span> <span class='ocrx_word' id='word_1_583' title='bbox 935 4319 998 4358; x_wconf 92' lang='lat' dir='ltr'><strong>ac</strong></span> <span class='ocrx_word' id='word_1_584' title='bbox 1020 4303 1189 4358; x_wconf 87' lang='lat' dir='ltr'><strong>divini</strong></span> <span class='ocrx_word' id='word_1_585' title='bbox 1214 4300 1466 4372; x_wconf 90' lang='lat' dir='ltr'><strong>discipuli</strong></span> <span class='ocrx_word' id='word_1_586' title='bbox 1493 4319 1506 4354; x_wconf 92' lang='lat'><strong>:</strong></span> <span class='ocrx_word' id='word_1_587' title='bbox 1531 4301 1622 4371; x_wconf 90' lang='lat' dir='ltr'><strong>qui</strong></span> <span class='ocrx_word' id='word_1_588' title='bbox 1653 4310 1833 4356; x_wconf 89' lang='lat' dir='ltr'><strong>autem</strong></span> <span class='ocrx_word' id='word_1_589' title='bbox 1859 4302 1953 4354; x_wconf 87' lang='lat' dir='ltr'><strong>ha-</strong></span> 
     </span>
    </p>
   </div>
   <div class='ocr_carea' id='block_1_82' title="bbox 379 4390 1950 4460">
    <p class='ocr_par' dir='ltr' id='par_1_82' title="bbox 379 4390 1950 4460">
     <span class='ocr_line' id='line_1_82' title="bbox 379 4390 1950 4460; baseline -0.003 -11"><span class='ocrx_word' id='word_1_590' title='bbox 379 4395 583 4449; x_wconf 87' lang='lat' dir='ltr'><strong>bebant</strong></span> <span class='ocrx_word' id='word_1_591' title='bbox 617 4393 776 4447; x_wconf 89' lang='lat' dir='ltr'><strong>ﬁdem</strong></span> <span class='ocrx_word' id='word_1_592' title='bbox 809 4395 1161 4460; x_wconf 88' lang='lat' dir='ltr'><strong>titubantem,</strong></span> <span class='ocrx_word' id='word_1_593' title='bbox 1191 4392 1338 4445; x_wconf 88' lang='lat' dir='ltr'><strong>velut</strong></span> <span class='ocrx_word' id='word_1_594' title='bbox 1368 4390 1619 4448; x_wconf 89' lang='lat' dir='ltr'><strong>seminati</strong></span> <span class='ocrx_word' id='word_1_595' title='bbox 1654 4406 1818 4460; x_wconf 90' lang='lat' dir='ltr'><strong>supra</strong></span> <span class='ocrx_word' id='word_1_596' title='bbox 1852 4405 1950 4460; x_wconf 84' lang='lat' dir='ltr'><strong>pc-</strong></span> 
     </span>
    </p>
   </div>
   <div class='ocr_carea' id='block_1_83' title="bbox 380 4481 1952 4551">
    <p class='ocr_par' dir='ltr' id='par_1_83' title="bbox 380 4481 1952 4551">
     <span class='ocr_line' id='line_1_83' title="bbox 380 4481 1952 4551; baseline -0.002 -12"><span class='ocrx_word' id='word_1_597' title='bbox 380 4494 547 4549; x_wconf 85' lang='lat' dir='ltr'><strong>trosa,</strong></span> <span class='ocrx_word' id='word_1_598' title='bbox 593 4497 705 4537; x_wconf 90' lang='lat' dir='ltr'><strong>non</strong></span> <span class='ocrx_word' id='word_1_599' title='bbox 736 4483 980 4537; x_wconf 86' lang='lat' dir='ltr'><strong>ferentes</strong></span> <span class='ocrx_word' id='word_1_600' title='bbox 1011 4483 1372 4537; x_wconf 86' lang='lat' dir='ltr'><strong>tentationum</strong></span> <span class='ocrx_word' id='word_1_601' title='bbox 1402 4489 1616 4544; x_wconf 69' lang='lat' dir='ltr'><strong>aestum,</strong></span> <span class='ocrx_word' id='word_1_602' title='bbox 1645 4481 1764 4536; x_wconf 90' lang='lat' dir='ltr'><strong>illas</strong></span> <span class='ocrx_word' id='word_1_603' title='bbox 1805 4481 1952 4551; x_wconf 89' lang='lat' dir='ltr'><strong>ipsas</strong></span> 
     </span>
    </p>
   </div>
   <div class='ocr_carea' id='block_1_84' title="bbox 2122 3297 3664 3371">
    <p class='ocr_par' dir='ltr' id='par_1_84' title="bbox 2122 3297 3664 3371">
     <span class='ocr_line' id='line_1_84' title="bbox 2122 3297 3664 3371; baseline 0.004 -19"><span class='ocrx_word' id='word_1_604' title='bbox 2122 3297 2232 3352; x_wconf 77' lang='grc' dir='ltr'><strong>Καὶ</strong></span> <span class='ocrx_word' id='word_1_605' title='bbox 2273 3297 2392 3352; x_wconf 87' lang='grc' dir='ltr'><strong>σοῦ</strong></span> <span class='ocrx_word' id='word_1_606' title='bbox 2429 3298 2492 3352; x_wconf 72' lang='grc' dir='ltr'><strong>δὲ</strong></span> <span class='ocrx_word' id='word_1_607' title='bbox 2527 3298 2720 3367; x_wconf 82' lang='grc' dir='ltr'><strong>αὐτῆς</strong></span> <span class='ocrx_word' id='word_1_608' title='bbox 2748 3299 2864 3366; x_wconf 72' lang='grc' dir='ltr'><strong>τὴν</strong></span> <span class='ocrx_word' id='word_1_609' title='bbox 2896 3299 3133 3369; x_wconf 65' lang='grc' dir='ltr'><strong>ψυχὴν,</strong></span> <span class='ocrx_word' id='word_1_610' title='bbox 3169 3303 3360 3371; x_wconf 72' lang='grc' dir='ltr'><strong>φησὶν,</strong></span> <span class='ocrx_word' id='word_1_611' title='bbox 3407 3303 3664 3358; x_wconf 63' lang='grc' dir='ltr'><strong>διελεύ-</strong></span> 
     </span>
    </p>
   </div>
   <div class='ocr_carea' id='block_1_85' title="bbox 2052 3388 3665 3466">
    <p class='ocr_par' dir='ltr' id='par_1_85' title="bbox 2052 3388 3665 3466">
     <span class='ocr_line' id='line_1_85' title="bbox 2052 3388 3665 3466; baseline 0.001 -22"><span class='ocrx_word' id='word_1_612' title='bbox 2052 3408 2222 3444; x_wconf 81' lang='grc' dir='ltr'><strong>σεται</strong></span> <span class='ocrx_word' id='word_1_613' title='bbox 2254 3391 2865 3461; x_wconf 71' lang='grc' dir='ltr'><strong>ῥομφαία.Ῥομφαίαν</strong></span> <span class='ocrx_word' id='word_1_614' title='bbox 2915 3392 2972 3446; x_wconf 78' lang='grc' dir='ltr'><strong>δὲ</strong></span> <span class='ocrx_word' id='word_1_615' title='bbox 3019 3388 3176 3462; x_wconf 79' lang='grc' dir='ltr'><strong>οἶμαι</strong></span> <span class='ocrx_word' id='word_1_616' title='bbox 3227 3395 3515 3461; x_wconf 79' lang='grc' dir='ltr'><strong>λέγεσθαι,</strong></span> <span class='ocrx_word' id='word_1_617' title='bbox 3559 3399 3665 3466; x_wconf 67' lang='grc' dir='ltr'><strong>τὴν</strong></span> 
     </span>
    </p>
   </div>
   <div class='ocr_carea' id='block_1_86' title="bbox 2054 3480 3669 3555">
    <p class='ocr_par' dir='ltr' id='par_1_86' title="bbox 2054 3480 3669 3555">
     <span class='ocr_line' id='line_1_86' title="bbox 2054 3480 3669 3555; baseline 0.004 -22"><span class='ocrx_word' id='word_1_618' title='bbox 2054 3481 2144 3534; x_wconf 75' lang='grc' dir='ltr'><strong>ἐπὶ</strong></span> <span class='ocrx_word' id='word_1_619' title='bbox 2172 3480 2266 3534; x_wconf 81' lang='grc' dir='ltr'><strong>τοῦ</strong></span> <span class='ocrx_word' id='word_1_620' title='bbox 2299 3481 2532 3548; x_wconf 82' lang='grc' dir='ltr'><strong>σταυροῦ</strong></span> <span class='ocrx_word' id='word_1_621' title='bbox 2555 3481 2856 3551; x_wconf 79' lang='grc' dir='ltr'><strong>γενομένην</strong></span> <span class='ocrx_word' id='word_1_622' title='bbox 2882 3483 2947 3552; x_wconf 83' lang='grc' dir='ltr'><strong>τῇ</strong></span> <span class='ocrx_word' id='word_1_623' title='bbox 2980 3482 3111 3554; x_wconf 71' lang='grc' dir='ltr'><strong>ἁγίᾳ</strong></span> <span class='ocrx_word' id='word_1_624' title='bbox 3148 3483 3416 3555; x_wconf 74' lang='grc' dir='ltr'><strong>Παρθένῳ</strong></span> <span class='ocrx_word' id='word_1_625' title='bbox 3437 3486 3539 3538; x_wconf 71' lang='grc' dir='ltr'><strong>διὰ</strong></span> <span class='ocrx_word' id='word_1_626' title='bbox 3563 3487 3669 3554; x_wconf 72' lang='grc' dir='ltr'><strong>τῆς</strong></span> 
     </span>
    </p>
   </div>
   <div class='ocr_carea' id='block_1_87' title="bbox 2059 3572 3669 3644">
    <p class='ocr_par' dir='ltr' id='par_1_87' title="bbox 2059 3572 3669 3644">
     <span class='ocr_line' id='line_1_87' title="bbox 2059 3572 3669 3644; baseline 0.003 -20"><span class='ocrx_word' id='word_1_627' title='bbox 2059 3573 2238 3644; x_wconf 82' lang='grc' dir='ltr'><strong>λύπης</strong></span> <span class='ocrx_word' id='word_1_628' title='bbox 2265 3573 2610 3644; x_wconf 74' lang='grc' dir='ltr'><strong>δοκιμασίαν.</strong></span> <span class='ocrx_word' id='word_1_629' title='bbox 2641 3572 2868 3642; x_wconf 80' lang='grc' dir='ltr'><strong>Διῆλθεν</strong></span> <span class='ocrx_word' id='word_1_630' title='bbox 2915 3575 3026 3644; x_wconf 89' lang='grc' dir='ltr'><strong>γάρ</strong></span> <span class='ocrx_word' id='word_1_631' title='bbox 3058 3574 3231 3644; x_wconf 79' lang='grc' dir='ltr'><strong>αὐτὴν</strong></span> <span class='ocrx_word' id='word_1_632' title='bbox 3277 3575 3555 3641; x_wconf 75' lang='grc' dir='ltr'><strong>ἀδλαὸὦς</strong></span> <span class='ocrx_word' id='word_1_633' title='bbox 3589 3578 3669 3641; x_wconf 77' lang='grc' dir='ltr'><strong>ὡς</strong></span> 
     </span>
    </p>
   </div>
   <div class='ocr_carea' id='block_1_88' title="bbox 2059 3663 3668 3735">
    <p class='ocr_par' dir='ltr' id='par_1_88' title="bbox 2059 3663 3668 3735">
     <span class='ocr_line' id='line_1_88' title="bbox 2059 3663 3668 3735; baseline 0.004 -19"><span class='ocrx_word' id='word_1_634' title='bbox 2059 3666 2116 3720; x_wconf 82' lang='grc' dir='ltr'><strong>ὲν</strong></span> <span class='ocrx_word' id='word_1_635' title='bbox 2147 3666 2385 3735; x_wconf 76' lang='grc' dir='ltr'><strong>παρόδῳ,</strong></span> <span class='ocrx_word' id='word_1_636' title='bbox 2427 3664 2500 3735; x_wconf 84' lang='grc' dir='ltr'><strong>μὴ</strong></span> <span class='ocrx_word' id='word_1_637' title='bbox 2534 3663 2802 3734; x_wconf 76' lang='grc' dir='ltr'><strong>πλήξασα.</strong></span> <span class='ocrx_word' id='word_1_638' title='bbox 2854 3665 3195 3732; x_wconf 71' lang='grc' dir='ltr'><strong>Καὶ,”οπως</strong></span> <span class='ocrx_word' id='word_1_639' title='bbox 3219 3665 3290 3718; x_wconf 81' lang='grc' dir='ltr'><strong>δὲ</strong></span> <span class='ocrx_word' id='word_1_640' title='bbox 3325 3667 3668 3724; x_wconf 58' lang='grc' dir='ltr'><strong>ἀποκαλυ-</strong></span> 
     </span>
    </p>
   </div>
   <div class='ocr_carea' id='block_1_89' title="bbox 2058 3754 3666 3827">
    <p class='ocr_par' dir='ltr' id='par_1_89' title="bbox 2058 3754 3666 3827">
     <span class='ocr_line' id='line_1_89' title="bbox 2058 3754 3666 3827; baseline 0.004 -17"><span class='ocrx_word' id='word_1_641' title='bbox 2058 3754 2290 3823; x_wconf 68' lang='grc' dir='ltr'><strong>φθῶσιν</strong></span> <span class='ocrx_word' id='word_1_642' title='bbox 2315 3754 2383 3808; x_wconf 84' lang='grc' dir='ltr'><strong>ἐκ</strong></span> <span class='ocrx_word' id='word_1_643' title='bbox 2409 3755 2657 3811; x_wconf 73' lang='grc' dir='ltr'><strong>πολλῶν</strong></span> <span class='ocrx_word' id='word_1_644' title='bbox 2683 3757 2940 3826; x_wconf 81' lang='grc' dir='ltr'><strong>καρδιῶν</strong></span> <span class='ocrx_word' id='word_1_645' title='bbox 2969 3757 3377 3827; x_wconf 71' lang='grc' dir='ltr'><strong>διαλογισμοί.</strong></span> <span class='ocrx_word' id='word_1_646' title='bbox 3418 3762 3666 3817; x_wconf 77' lang='grc' dir='ltr'><strong>Πάντων</strong></span> 
     </span>
    </p>
   </div>
   <div class='ocr_carea' id='block_1_90' title="bbox 2054 3847 3664 3924">
    <p class='ocr_par' dir='ltr' id='par_1_90' title="bbox 2054 3847 3664 3924">
     <span class='ocr_line' id='line_1_90' title="bbox 2054 3847 3664 3924; baseline 0.004 -24"><span class='ocrx_word' id='word_1_647' title='bbox 2054 3849 2163 3918; x_wconf 82' lang='grc' dir='ltr'><strong>γὰρ</strong></span> <span class='ocrx_word' id='word_1_648' title='bbox 2193 3849 2316 3910; x_wconf 83' lang='grc' dir='ltr'><strong>τοὺς</strong></span> <span class='ocrx_word' id='word_1_649' title='bbox 2341 3848 2634 3917; x_wconf 80' lang='grc' dir='ltr'><strong>λογισμοὺς</strong></span> <span class='ocrx_word' id='word_1_650' title='bbox 2667 3847 2728 3901; x_wconf 78' lang='grc' dir='ltr'><strong>τὸ</strong></span> <span class='ocrx_word' id='word_1_651' title='bbox 2769 3850 3035 3919; x_wconf 77' lang='grc' dir='ltr'><strong>σωτήριον</strong></span> <span class='ocrx_word' id='word_1_652' title='bbox 3065 3849 3238 3912; x_wconf 79' lang='grc' dir='ltr'><strong>πάθος</strong></span> <span class='ocrx_word' id='word_1_653' title='bbox 3268 3849 3367 3902; x_wconf 76' lang='grc' dir='ltr'><strong>τοῦ</strong></span> <span class='ocrx_word' id='word_1_654' title='bbox 3408 3853 3664 3924; x_wconf 81' lang='grc' dir='ltr'><strong>Κυρίου,</strong></span> 
     </span>
    </p>
   </div>
   <div class='ocr_carea' id='block_1_91' title="bbox 2043 3940 3668 4013">
    <p class='ocr_par' dir='ltr' id='par_1_91' title="bbox 2043 3940 3668 4013">
     <span class='ocr_line' id='line_1_91' title="bbox 2043 3940 3668 4013; baseline 0.004 -19"><span class='ocrx_word' id='word_1_655' title='bbox 2043 3940 2449 4011; x_wconf 82' lang='grc' dir='ltr'><strong>δοκιμαστικῶς</strong></span> <span class='ocrx_word' id='word_1_656' title='bbox 2477 3940 2832 4010; x_wconf 76' lang='grc' dir='ltr'><strong>ὲξεκάλυψεν.</strong></span> <span class='ocrx_word' id='word_1_657' title='bbox 2864 3942 2928 3994; x_wconf 87' lang='lat' dir='ltr'><strong>Ol</strong></span> <span class='ocrx_word' id='word_1_658' title='bbox 2970 3943 3072 4009; x_wconf 85' lang='grc' dir='ltr'><strong>μὲν</strong></span> <span class='ocrx_word' id='word_1_659' title='bbox 3097 3943 3204 4013; x_wconf 79' lang='grc' dir='ltr'><strong>γὰρ</strong></span> <span class='ocrx_word' id='word_1_660' title='bbox 3235 3941 3668 4011; x_wconf 63' lang='grc' dir='ltr'><strong>βεϐαιόπιστποι.</strong></span> 
     </span>
    </p>
   </div>
   <div class='ocr_carea' id='block_1_92' title="bbox 2047 4031 3668 4104">
    <p class='ocr_par' dir='ltr' id='par_1_92' title="bbox 2047 4031 3668 4104">
     <span class='ocr_line' id='line_1_92' title="bbox 2047 4031 3668 4104; baseline 0.005 -21"><span class='ocrx_word' id='word_1_661' title='bbox 2047 4033 2095 4084; x_wconf 85' lang='grc' dir='ltr'><strong>εἰ</strong></span> <span class='ocrx_word' id='word_1_662' title='bbox 2143 4031 2238 4084; x_wconf 75' lang='grc' dir='ltr'><strong>καὶ</strong></span> <span class='ocrx_word' id='word_1_663' title='bbox 2289 4031 2447 4102; x_wconf 73' lang='grc' dir='ltr'><strong>τυχὸν</strong></span> <span class='ocrx_word' id='word_1_664' title='bbox 2490 4031 2566 4093; x_wconf 85' lang='grc' dir='ltr'><strong>ὡς</strong></span> <span class='ocrx_word' id='word_1_665' title='bbox 2613 4031 2887 4101; x_wconf 76' lang='grc' dir='ltr'><strong>ἅνθρωποι</strong></span> <span class='ocrx_word' id='word_1_666' title='bbox 2931 4032 3329 4104; x_wconf 84' lang='grc' dir='ltr'><strong>ὲκλονήθησαν,</strong></span> <span class='ocrx_word' id='word_1_667' title='bbox 3394 4035 3526 4089; x_wconf 79' lang='grc' dir='ltr'><strong>ἀλλ’</strong></span> <span class='ocrx_word' id='word_1_668' title='bbox 3561 4039 3668 4091; x_wconf 68' lang='grc' dir='ltr'><strong>οὐκ</strong></span> 
     </span>
    </p>
   </div>
   <div class='ocr_carea' id='block_1_93' title="bbox 2048 4121 3668 4200">
    <p class='ocr_par' dir='ltr' id='par_1_93' title="bbox 2048 4121 3668 4200">
     <span class='ocr_line' id='line_1_93' title="bbox 2048 4121 3668 4200; baseline 0.004 -25"><span class='ocrx_word' id='word_1_669' title='bbox 2048 4121 2367 4193; x_wconf 79' lang='grc' dir='ltr'><strong>ἀπήλπισαν</strong></span> <span class='ocrx_word' id='word_1_670' title='bbox 2395 4122 2691 4186; x_wconf 84' lang='grc' dir='ltr'><strong>παντελῶς.</strong></span> <span class='ocrx_word' id='word_1_671' title='bbox 2713 4123 2828 4175; x_wconf 80' lang='grc' dir='ltr'><strong>’Ᾱνέ</strong></span> <span class='ocrx_word' id='word_1_672' title='bbox 2837 4140 2996 4194; x_wconf 89' lang='grc' dir='ltr'><strong>μενον</strong></span> <span class='ocrx_word' id='word_1_673' title='bbox 3019 4123 3128 4196; x_wconf 79' lang='grc' dir='ltr'><strong>γὰρ</strong></span> <span class='ocrx_word' id='word_1_674' title='bbox 3149 4123 3249 4194; x_wconf 74' lang='grc' dir='ltr'><strong>τὴν</strong></span> <span class='ocrx_word' id='word_1_675' title='bbox 3264 4123 3366 4177; x_wconf 82' lang='grc' dir='ltr'><strong>τοῦ</strong></span> <span class='ocrx_word' id='word_1_676' title='bbox 3385 4126 3668 4200; x_wconf 43' lang='grc' dir='ltr'><strong>Σωτῆῃ</strong></span> 
     </span>
    </p>
   </div>
   <div class='ocr_carea' id='block_1_94' title="bbox 2050 4213 3666 4286">
    <p class='ocr_par' dir='ltr' id='par_1_94' title="bbox 2050 4213 3666 4286">
     <span class='ocr_line' id='line_1_94' title="bbox 2050 4213 3666 4286; baseline 0.004 -20"><span class='ocrx_word' id='word_1_677' title='bbox 2050 4215 2380 4267; x_wconf 75' lang='grc' dir='ltr'><strong>ἀνάστασινο</strong></span> <span class='ocrx_word' id='word_1_678' title='bbox 2419 4213 2672 4285; x_wconf 74' lang='grc' dir='ltr'><strong>καθάπερ</strong></span> <span class='ocrx_word' id='word_1_679' title='bbox 2704 4215 2898 4286; x_wconf 82' lang='grc' dir='ltr'><strong>ἀμέλει</strong></span> <span class='ocrx_word' id='word_1_680' title='bbox 2951 4217 3014 4268; x_wconf 85' lang='grc' dir='ltr'><strong>αῐ</strong></span> <span class='ocrx_word' id='word_1_681' title='bbox 3058 4233 3115 4268; x_wconf 82' lang='grc' dir='ltr'><strong>τε</strong></span> <span class='ocrx_word' id='word_1_682' title='bbox 3163 4219 3432 4283; x_wconf 83' lang='grc' dir='ltr'><strong>γυναῖκες</strong></span> <span class='ocrx_word' id='word_1_683' title='bbox 3481 4222 3549 4271; x_wconf 80' lang='grc' dir='ltr'><strong>αἱ</strong></span> <span class='ocrx_word' id='word_1_684' title='bbox 3603 4225 3666 4273; x_wconf 70' lang='grc' dir='ltr'><strong>τὸ</strong></span> 
     </span>
    </p>
   </div>
   <div class='ocr_carea' id='block_1_95' title="bbox 2061 4306 3666 4378">
    <p class='ocr_par' dir='ltr' id='par_1_95' title="bbox 2061 4306 3666 4378">
     <span class='ocr_line' id='line_1_95' title="bbox 2061 4306 3666 4378; baseline 0.005 -20"><span class='ocrx_word' id='word_1_685' title='bbox 2061 4306 2252 4377; x_wconf 84' lang='grc' dir='ltr'><strong>μνῆμα</strong></span> <span class='ocrx_word' id='word_1_686' title='bbox 2279 4307 2707 4371; x_wconf 78' lang='grc' dir='ltr'><strong>καταλαϐοῦσαι,</strong></span> <span class='ocrx_word' id='word_1_687' title='bbox 2745 4309 2837 4360; x_wconf 81' lang='grc' dir='ltr'><strong>καὶ</strong></span> <span class='ocrx_word' id='word_1_688' title='bbox 2879 4309 2927 4360; x_wconf 84' lang='grc' dir='ltr'><strong>οἱ</strong></span> <span class='ocrx_word' id='word_1_689' title='bbox 2957 4307 3232 4362; x_wconf 83' lang='grc' dir='ltr'><strong>θεσπέσιοι</strong></span> <span class='ocrx_word' id='word_1_690' title='bbox 3271 4309 3561 4378; x_wconf 75' lang='grc' dir='ltr'><strong>μαθηταί.</strong></span> <span class='ocrx_word' id='word_1_691' title='bbox 3600 4318 3666 4366; x_wconf 81' lang='grc' dir='ltr'><strong>οι</strong></span> 
     </span>
    </p>
   </div>
   <div class='ocr_carea' id='block_1_96' title="bbox 2057 4398 3665 4473">
    <p class='ocr_par' dir='ltr' id='par_1_96' title="bbox 2057 4398 3665 4473">
     <span class='ocr_line' id='line_1_96' title="bbox 2057 4398 3665 4473; baseline 0.003 -22"><span class='ocrx_word' id='word_1_692' title='bbox 2057 4398 2113 4451; x_wconf 82' lang='grc' dir='ltr'><strong>δὲ</strong></span> <span class='ocrx_word' id='word_1_693' title='bbox 2160 4399 2586 4471; x_wconf 85' lang='grc' dir='ltr'><strong>πεπλανημένην</strong></span> <span class='ocrx_word' id='word_1_694' title='bbox 2636 4399 2735 4470; x_wconf 80' lang='grc' dir='ltr'><strong>τὴν</strong></span> <span class='ocrx_word' id='word_1_695' title='bbox 2787 4400 2968 4453; x_wconf 84' lang='grc' dir='ltr'><strong>πίστιν</strong></span> <span class='ocrx_word' id='word_1_696' title='bbox 3017 4400 3252 4470; x_wconf 75' lang='grc' dir='ltr'><strong>ἔχοντες,</strong></span> <span class='ocrx_word' id='word_1_697' title='bbox 3282 4401 3565 4473; x_wconf 71' lang='grc' dir='ltr'><strong>καθάπερ</strong></span> <span class='ocrx_word' id='word_1_698' title='bbox 3616 4409 3665 4456; x_wconf 80' lang='grc' dir='ltr'><strong>οξ</strong></span> 
     </span>
    </p>
   </div>
   <div class='ocr_carea' id='block_1_97' title="bbox 2055 4489 3668 4562">
    <p class='ocr_par' dir='ltr' id='par_1_97' title="bbox 2055 4489 3668 4562">
     <span class='ocr_line' id='line_1_97' title="bbox 2055 4489 3668 4562; baseline 0.004 -21"><span class='ocrx_word' id='word_1_699' title='bbox 2055 4492 2146 4542; x_wconf 77' lang='grc' dir='ltr'><strong>ἐπὶ</strong></span> <span class='ocrx_word' id='word_1_700' title='bbox 2174 4490 2244 4544; x_wconf 87' lang='grc' dir='ltr'><strong>τά</strong></span> <span class='ocrx_word' id='word_1_701' title='bbox 2273 4489 2520 4560; x_wconf 78' lang='grc' dir='ltr'><strong>πετρώδη</strong></span> <span class='ocrx_word' id='word_1_702' title='bbox 2553 4492 2884 4560; x_wconf 78' lang='grc' dir='ltr'><strong>σπαρέντες,</strong></span> <span class='ocrx_word' id='word_1_703' title='bbox 2916 4493 2990 4562; x_wconf 78' lang='grc' dir='ltr'><strong>μὴ</strong></span> <span class='ocrx_word' id='word_1_704' title='bbox 3017 4492 3345 4561; x_wconf 77' lang='grc' dir='ltr'><strong>ἐνέγκαντες</strong></span> <span class='ocrx_word' id='word_1_705' title='bbox 3378 4495 3500 4546; x_wconf 85' lang='grc' dir='ltr'><strong>τῶν</strong></span> <span class='ocrx_word' id='word_1_706' title='bbox 3535 4514 3668 4548; x_wconf 61' lang='lat' dir='ltr'><strong>stes-</strong></span> 
     </span>
    </p>
   </div>
   <div class='ocr_carea' id='block_1_98' title="bbox 378 4570 1957 4655">
    <p class='ocr_par' dir='ltr' id='par_1_98' title="bbox 378 4570 1954 4646">
     <span class='ocr_line' id='line_1_98' title="bbox 378 4570 1954 4646; baseline -0.001 -17"><span class='ocrx_word' id='word_1_707' title='bbox 378 4590 506 4646; x_wconf 74' lang='lat' dir='ltr'><strong>quze</strong></span> <span class='ocrx_word' id='word_1_708' title='bbox 534 4583 860 4644; x_wconf 87' lang='lat' dir='ltr'><strong>supererant</strong></span> <span class='ocrx_word' id='word_1_709' title='bbox 899 4573 1218 4627; x_wconf 87' lang='lat' dir='ltr'><strong>nonnullius</strong></span> <span class='ocrx_word' id='word_1_710' title='bbox 1257 4570 1382 4626; x_wconf 86' lang='lat' dir='ltr'><strong>ﬁdei</strong></span> <span class='ocrx_word' id='word_1_711' title='bbox 1428 4570 1703 4639; x_wconf 86' lang='lat' dir='ltr'><strong>reliquias,</strong></span> <span class='ocrx_word' id='word_1_712' title='bbox 1739 4573 1954 4642; x_wconf 78' lang='lat' dir='ltr'><strong>angusti</strong></span> 
     </span>
    </p>
   </div>
   <div class='ocr_carea' id='block_1_99' title="bbox 2063 4570 3667 4655">
    <p class='ocr_par' dir='ltr' id='par_1_99' title="bbox 2063 4579 3667 4655">
     <span class='ocr_line' id='line_1_99' title="bbox 2063 4579 3667 4655; baseline 0.004 -23"><span class='ocrx_word' id='word_1_713' title='bbox 2063 4579 2288 4650; x_wconf 88' lang='grc' dir='ltr'><strong>ρασμῶν</strong></span> <span class='ocrx_word' id='word_1_714' title='bbox 2330 4579 2422 4633; x_wconf 73' lang='grc' dir='ltr'><strong>τὸν</strong></span> <span class='ocrx_word' id='word_1_715' title='bbox 2456 4581 2732 4646; x_wconf 77' lang='grc' dir='ltr'><strong>καύσωνα,</strong></span> <span class='ocrx_word' id='word_1_716' title='bbox 2775 4584 2870 4634; x_wconf 71' lang='grc' dir='ltr'><strong>καὶ</strong></span> <span class='ocrx_word' id='word_1_717' title='bbox 2917 4581 2946 4636; x_wconf 86' lang='grc' dir='ltr'><strong>ὃ</strong></span> <span class='ocrx_word' id='word_1_718' title='bbox 2991 4579 3138 4651; x_wconf 80' lang='grc' dir='ltr'><strong>εἶχον</strong></span> <span class='ocrx_word' id='word_1_719' title='bbox 3174 4584 3374 4654; x_wconf 68' lang='grc' dir='ltr'><strong>μικρὸν</strong></span> <span class='ocrx_word' id='word_1_720' title='bbox 3405 4584 3525 4655; x_wconf 78' lang='grc' dir='ltr'><strong>τῆς</strong></span> <span class='ocrx_word' id='word_1_721' title='bbox 3569 4592 3667 4642; x_wconf 79' lang='grc' dir='ltr'><strong>πί-</strong></span> 
     </span>
    </p>
   </div>
   <div class='ocr_carea' id='block_1_100' title="bbox 381 4660 1950 4732">
    <p class='ocr_par' dir='ltr' id='par_1_100' title="bbox 381 4660 1950 4732">
     <span class='ocr_line' id='line_1_100' title="bbox 381 4660 1950 4732; baseline -0.002 -12"><span class='ocrx_word' id='word_1_722' title='bbox 381 4665 547 4720; x_wconf 84' lang='lat' dir='ltr'><strong>animi</strong></span> <span class='ocrx_word' id='word_1_723' title='bbox 600 4665 732 4724; x_wconf 87' lang='lat' dir='ltr'><strong>vitio</strong></span> <span class='ocrx_word' id='word_1_724' title='bbox 767 4663 1095 4717; x_wconf 86' lang='lat' dir='ltr'><strong>amiserunt.</strong></span> <span class='ocrx_word' id='word_1_725' title='bbox 1158 4660 1435 4715; x_wconf 83' lang='lat' dir='ltr'><strong>Hactenus</strong></span> <span class='ocrx_word' id='word_1_726' title='bbox 1472 4675 1604 4715; x_wconf 85' lang='lat' dir='ltr'><strong>vero</strong></span> <span class='ocrx_word' id='word_1_727' title='bbox 1665 4661 1950 4732; x_wconf 85' lang='lat' dir='ltr'><strong>Symeonis</strong></span> 
     </span>
    </p>
   </div>
   <div class='ocr_carea' id='block_1_101' title="bbox 379 4749 1104 4828">
    <p class='ocr_par' dir='ltr' id='par_1_101' title="bbox 379 4749 1104 4828">
     <span class='ocr_line' id='line_1_101' title="bbox 379 4749 1104 4828; baseline -0.007 -17"><span class='ocrx_word' id='word_1_728' title='bbox 379 4755 660 4828; x_wconf 77' lang='lat' dir='ltr'><strong>prophetia</strong></span> <span class='ocrx_word' id='word_1_729' title='bbox 683 4749 858 4809; x_wconf 84' lang='lat' dir='ltr'><strong>ﬁnem</strong></span> <span class='ocrx_word' id='word_1_730' title='bbox 891 4752 1104 4807; x_wconf 88' lang='lat' dir='ltr'><strong>habeat.</strong></span> 
     </span>
    </p>
   </div>
   <div class='ocr_carea' id='block_1_102' title="bbox 453 4844 2039 4917">
    <p class='ocr_par' dir='ltr' id='par_1_102' title="bbox 453 4844 2039 4917">
     <span class='ocr_line' id='line_1_102' title="bbox 453 4844 2039 4917; baseline 0.001 -16"><span class='ocrx_word' id='word_1_731' title='bbox 453 4847 522 4901; x_wconf 71' lang='lat' dir='ltr'><strong>Et</strong></span> <span class='ocrx_word' id='word_1_732' title='bbox 551 4848 649 4900; x_wconf 78' lang='lat' dir='ltr'><strong>har</strong></span> <span class='ocrx_word' id='word_1_733' title='bbox 685 4847 799 4917; x_wconf 80' lang='lat' dir='ltr'><strong>ipsa</strong></span> <span class='ocrx_word' id='word_1_734' title='bbox 831 4847 981 4911; x_wconf 82' lang='lat' dir='ltr'><strong>hom,</strong></span> <span class='ocrx_word' id='word_1_735' title='bbox 1015 4844 1211 4915; x_wconf 88' lang='lat' dir='ltr'><strong>inquit,</strong></span> <span class='ocrx_word' id='word_1_736' title='bbox 1238 4846 1600 4916; x_wconf 76' lang='lat' dir='ltr'><strong>superveniens</strong></span> <span class='ocrx_word' id='word_1_737' title='bbox 1629 4845 1792 4900; x_wconf 81' lang='lat' dir='ltr'><strong>etiam</strong></span> <span class='ocrx_word' id='word_1_738' title='bbox 1823 4863 1947 4914; x_wconf 74' lang='grc' dir='ltr'><strong>ιιι-ο·</strong></span> <span class='ocrx_word' id='word_1_739' title='bbox 2031 4896 2039 4902; x_wconf 93' lang='grc'><strong>.</strong></span> 
     </span>
    </p>
   </div>
   <div class='ocr_carea' id='block_1_103' title="bbox 381 4938 1954 5012">
    <p class='ocr_par' dir='ltr' id='par_1_103' title="bbox 381 4938 1954 5012">
     <span class='ocr_line' id='line_1_103' title="bbox 381 4938 1954 5012; baseline -0.001 -16"><span class='ocrx_word' id='word_1_740' title='bbox 381 4943 607 5012; x_wconf 74' lang='lat' dir='ltr'><strong>pltetissa</strong></span> <span class='ocrx_word' id='word_1_741' title='bbox 642 4941 729 4995; x_wconf 90' lang='lat' dir='ltr'><strong>illa</strong></span> <span class='ocrx_word' id='word_1_742' title='bbox 759 4950 928 5004; x_wconf 84' lang='lat' dir='ltr'><strong>casta,</strong></span> <span class='ocrx_word' id='word_1_743' title='bbox 967 4956 1030 4994; x_wconf 86' lang='lat' dir='ltr'><strong>ac</strong></span> <span class='ocrx_word' id='word_1_744' title='bbox 1061 4939 1251 5008; x_wconf 81' lang='lat' dir='ltr'><strong>templo</strong></span> <span class='ocrx_word' id='word_1_745' title='bbox 1280 4940 1333 4992; x_wconf 85' lang='lat' dir='ltr'><strong>in</strong></span> <span class='ocrx_word' id='word_1_746' title='bbox 1371 4938 1595 5009; x_wconf 79' lang='lat' dir='ltr'><strong>jejuniis</strong></span> <span class='ocrx_word' id='word_1_747' title='bbox 1633 4949 1681 4993; x_wconf 85' lang='lat' dir='ltr'><strong>et</strong></span> <span class='ocrx_word' id='word_1_748' title='bbox 1716 4940 1954 4994; x_wconf 76' lang='lat' dir='ltr'><strong>oratione</strong></span> 
     </span>
    </p>
   </div>
   <div class='ocr_carea' id='block_1_104' title="bbox 381 5029 1952 5101">
    <p class='ocr_par' dir='ltr' id='par_1_104' title="bbox 381 5029 1952 5101">
     <span class='ocr_line' id='line_1_104' title="bbox 381 5029 1952 5101; baseline -0.002 -14"><span class='ocrx_word' id='word_1_749' title='bbox 381 5033 595 5087; x_wconf 77' lang='lat' dir='ltr'><strong>assidua</strong></span> <span class='ocrx_word' id='word_1_750' title='bbox 623 5034 772 5085; x_wconf 78' lang='lat' dir='ltr'><strong>Anna</strong></span> <span class='ocrx_word' id='word_1_751' title='bbox 794 5073 810 5097; x_wconf 91' lang='lat'><strong>,</strong></span> <span class='ocrx_word' id='word_1_752' title='bbox 854 5046 1082 5099; x_wconf 80' lang='lat' dir='ltr'><strong>corpore</strong></span> <span class='ocrx_word' id='word_1_753' title='bbox 1115 5029 1334 5101; x_wconf 80' lang='lat' dir='ltr'><strong>quidem</strong></span> <span class='ocrx_word' id='word_1_754' title='bbox 1363 5032 1541 5084; x_wconf 86' lang='lat' dir='ltr'><strong>vetula</strong></span> <span class='ocrx_word' id='word_1_755' title='bbox 1563 5069 1579 5096; x_wconf 89' lang='lat'><strong>,</strong></span> <span class='ocrx_word' id='word_1_756' title='bbox 1623 5037 1679 5083; x_wconf 87' lang='lat' dir='ltr'><strong>at</strong></span> <span class='ocrx_word' id='word_1_757' title='bbox 1709 5029 1814 5084; x_wconf 87' lang='lat' dir='ltr'><strong>ﬁde</strong></span> <span class='ocrx_word' id='word_1_758' title='bbox 1857 5045 1952 5085; x_wconf 83' lang='lat' dir='ltr'><strong>ve-</strong></span> 
     </span>
    </p>
   </div>
   <div class='ocr_carea' id='block_1_105' title="bbox 379 5122 1952 5196">
    <p class='ocr_par' dir='ltr' id='par_1_105' title="bbox 379 5122 1952 5196">
     <span class='ocr_line' id='line_1_105' title="bbox 379 5122 1952 5196; baseline 0 -18"><span class='ocrx_word' id='word_1_759' title='bbox 379 5135 500 5196; x_wconf 85' lang='lat' dir='ltr'><strong>geta</strong></span> <span class='ocrx_word' id='word_1_760' title='bbox 521 5168 535 5191; x_wconf 95' lang='lat'><strong>,</strong></span> <span class='ocrx_word' id='word_1_761' title='bbox 566 5125 795 5178; x_wconf 79' lang='lat' dir='ltr'><strong>vicissim</strong></span> <span class='ocrx_word' id='word_1_762' title='bbox 837 5123 1180 5194; x_wconf 77' lang='lat' dir='ltr'><strong>conﬁtebatur</strong></span> <span class='ocrx_word' id='word_1_763' title='bbox 1208 5123 1333 5188; x_wconf 89' lang='lat' dir='ltr'><strong>Deo,</strong></span> <span class='ocrx_word' id='word_1_764' title='bbox 1361 5122 1475 5193; x_wconf 88' lang='lat' dir='ltr'><strong>ipsa</strong></span> <span class='ocrx_word' id='word_1_765' title='bbox 1506 5137 1724 5192; x_wconf 89' lang='lat' dir='ltr'><strong>quoque</strong></span> <span class='ocrx_word' id='word_1_766' title='bbox 1753 5123 1952 5192; x_wconf 75' lang='lat' dir='ltr'><strong>gratias</strong></span> 
     </span>
    </p>
   </div>
   <div class='ocr_carea' id='block_1_106' title="bbox 379 5215 1951 5289">
    <p class='ocr_par' dir='ltr' id='par_1_106' title="bbox 379 5215 1951 5289">
     <span class='ocr_line' id='line_1_106' title="bbox 379 5215 1951 5289; baseline -0.001 -17"><span class='ocrx_word' id='word_1_767' title='bbox 379 5233 564 5288; x_wconf 83' lang='lat' dir='ltr'><strong>agens,</strong></span> <span class='ocrx_word' id='word_1_768' title='bbox 588 5218 736 5289; x_wconf 88' lang='lat' dir='ltr'><strong>quod</strong></span> <span class='ocrx_word' id='word_1_769' title='bbox 753 5218 911 5274; x_wconf 80' lang='lat' dir='ltr'><strong>talem</strong></span> <span class='ocrx_word' id='word_1_770' title='bbox 944 5231 1005 5271; x_wconf 90' lang='lat' dir='ltr'><strong>ac</strong></span> <span class='ocrx_word' id='word_1_771' title='bbox 1037 5225 1237 5272; x_wconf 85' lang='lat' dir='ltr'><strong>tantam</strong></span> <span class='ocrx_word' id='word_1_772' title='bbox 1263 5216 1488 5287; x_wconf 84' lang='lat' dir='ltr'><strong>gratiam</strong></span> <span class='ocrx_word' id='word_1_773' title='bbox 1517 5215 1857 5279; x_wconf 87' lang='lat' dir='ltr'><strong>contulisset,</strong></span> <span class='ocrx_word' id='word_1_774' title='bbox 1891 5224 1951 5270; x_wconf 86' lang='lat' dir='ltr'><strong>ut</strong></span> 
     </span>
    </p>
   </div>
   <div class='ocr_carea' id='block_1_107' title="bbox 380 5305 1946 5380">
    <p class='ocr_par' dir='ltr' id='par_1_107' title="bbox 380 5305 1946 5380">
     <span class='ocr_line' id='line_1_107' title="bbox 380 5305 1946 5380; baseline -0.001 -16"><span class='ocrx_word' id='word_1_775' title='bbox 380 5319 434 5364; x_wconf 83' lang='lat' dir='ltr'><strong>ct</strong></span> <span class='ocrx_word' id='word_1_776' title='bbox 473 5310 585 5380; x_wconf 86' lang='lat' dir='ltr'><strong>ipsa</strong></span> <span class='ocrx_word' id='word_1_777' title='bbox 619 5311 826 5364; x_wconf 85' lang='lat' dir='ltr'><strong>videret</strong></span> <span class='ocrx_word' id='word_1_778' title='bbox 851 5308 1128 5366; x_wconf 83' lang='lat' dir='ltr'><strong>Christum</strong></span> <span class='ocrx_word' id='word_1_779' title='bbox 1177 5307 1408 5361; x_wconf 87' lang='lat' dir='ltr'><strong>Domini.</strong></span> <span class='ocrx_word' id='word_1_780' title='bbox 1467 5305 1574 5362; x_wconf 89' lang='lat' dir='ltr'><strong>Sed</strong></span> <span class='ocrx_word' id='word_1_781' title='bbox 1626 5317 1682 5361; x_wconf 84' lang='lat' dir='ltr'><strong>et</strong></span> <span class='ocrx_word' id='word_1_782' title='bbox 1710 5307 1846 5361; x_wconf 88' lang='lat' dir='ltr'><strong>alios</strong></span> <span class='ocrx_word' id='word_1_783' title='bbox 1878 5308 1946 5362; x_wconf 83' lang='lat' dir='ltr'><strong>ad</strong></span> 
     </span>
    </p>
   </div>
   <div class='ocr_carea' id='block_1_108' title="bbox 449 5483 886 5548">
    <p class='ocr_par' dir='ltr' id='par_1_108' title="bbox 449 5483 886 5548">
     <span class='ocr_line' id='line_1_108' title="bbox 449 5483 886 5548; baseline -0.005 -10"><span class='ocrx_word' id='word_1_784' title='bbox 449 5483 494 5515; x_wconf 81' lang='lat'><strong>&quot;</strong></span> <span class='ocrx_word' id='word_1_785' title='bbox 522 5483 678 5538; x_wconf 81' lang='lat' dir='ltr'><strong>Joan.</strong></span> <span class='ocrx_word' id='word_1_786' title='bbox 700 5498 774 5547; x_wconf 69' lang='lat' dir='ltr'><strong>lx,</strong></span> <span class='ocrx_word' id='word_1_787' title='bbox 798 5483 886 5548; x_wconf 66' lang='lat'><strong>‘23.</strong></span> 
     </span>
    </p>
   </div>
   <div class='ocr_carea' id='block_1_109' title="bbox 2059 4670 3667 4743">
    <p class='ocr_par' dir='ltr' id='par_1_109' title="bbox 2059 4670 3667 4743">
     <span class='ocr_line' id='line_1_109' title="bbox 2059 4670 3667 4743; baseline 0.007 -21"><span class='ocrx_word' id='word_1_788' title='bbox 2059 4687 2229 4733; x_wconf 82' lang='grc' dir='ltr'><strong>στεως</strong></span> <span class='ocrx_word' id='word_1_789' title='bbox 2275 4670 2563 4740; x_wconf 84' lang='grc' dir='ltr'><strong>λείψανον,</strong></span> <span class='ocrx_word' id='word_1_790' title='bbox 2610 4673 2716 4725; x_wconf 83' lang='grc' dir='ltr'><strong>ἀπὸ</strong></span> <span class='ocrx_word' id='word_1_791' title='bbox 2758 4673 3126 4743; x_wconf 65' lang='grc' dir='ltr'><strong>μικροψυχίας</strong></span> <span class='ocrx_word' id='word_1_792' title='bbox 3166 4676 3490 4731; x_wconf 78' lang='grc' dir='ltr'><strong>ἀπώλεσαν.</strong></span> <span class='ocrx_word' id='word_1_793' title='bbox 3545 4681 3667 4734; x_wconf 71' lang='grc' dir='ltr'><strong>Καὶ</strong></span> 
     </span>
    </p>
   </div>
   <div class='ocr_carea' id='block_1_110' title="bbox 2056 4756 3520 4836">
    <p class='ocr_par' dir='ltr' id='par_1_110' title="bbox 2056 4756 3520 4836">
     <span class='ocr_line' id='line_1_110' title="bbox 2056 4756 3520 4836; baseline 0.005 -22"><span class='ocrx_word' id='word_1_794' title='bbox 2056 4763 2228 4833; x_wconf 87' lang='grc' dir='ltr'><strong>πέρας</strong></span> <span class='ocrx_word' id='word_1_795' title='bbox 2264 4762 2363 4831; x_wconf 77' lang='grc' dir='ltr'><strong>μὲν</strong></span> <span class='ocrx_word' id='word_1_796' title='bbox 2390 4756 2491 4816; x_wconf 80' lang='grc' dir='ltr'><strong>ὧδε</strong></span> <span class='ocrx_word' id='word_1_797' title='bbox 2529 4763 2700 4832; x_wconf 76' lang='grc' dir='ltr'><strong>ἐχέτω</strong></span> <span class='ocrx_word' id='word_1_798' title='bbox 2729 4765 2762 4835; x_wconf 78' lang='grc' dir='ltr'><strong>ή</strong></span> <span class='ocrx_word' id='word_1_799' title='bbox 2797 4762 2893 4816; x_wconf 86' lang='grc' dir='ltr'><strong>τοῦ</strong></span> <span class='ocrx_word' id='word_1_800' title='bbox 2917 4764 3144 4835; x_wconf 84' lang='grc' dir='ltr'><strong>Συμεὼν</strong></span> <span class='ocrx_word' id='word_1_801' title='bbox 3172 4769 3520 4836; x_wconf 75' lang='grc' dir='ltr'><strong>προφητεία.</strong></span> 
     </span>
    </p>
   </div>
   <div class='ocr_carea' id='block_1_111' title="bbox 2129 4853 3666 4930">
    <p class='ocr_par' dir='ltr' id='par_1_111' title="bbox 2129 4853 3666 4930">
     <span class='ocr_line' id='line_1_111' title="bbox 2129 4853 3666 4930; baseline -0.001 -20"><span class='ocrx_word' id='word_1_802' title='bbox 2129 4853 2293 4924; x_wconf 77' lang='grc' dir='ltr'><strong>Αὺτῇ</strong></span> <span class='ocrx_word' id='word_1_803' title='bbox 2315 4855 2402 4917; x_wconf 83' lang='grc' dir='ltr'><strong>δὲ,</strong></span> <span class='ocrx_word' id='word_1_804' title='bbox 2431 4858 2614 4926; x_wconf 74' lang='grc' dir='ltr'><strong>φησιν,</strong></span> <span class='ocrx_word' id='word_1_805' title='bbox 2648 4853 2718 4923; x_wconf 78' lang='grc' dir='ltr'><strong>τῇ</strong></span> <span class='ocrx_word' id='word_1_806' title='bbox 2745 4855 2865 4922; x_wconf 82' lang='grc' dir='ltr'><strong>ὥρᾳ</strong></span> <span class='ocrx_word' id='word_1_807' title='bbox 2895 4855 3197 4911; x_wconf 73' lang='grc' dir='ltr'><strong>ἐπιστᾶσα</strong></span> <span class='ocrx_word' id='word_1_808' title='bbox 3214 4859 3310 4910; x_wconf 68' lang='grc' dir='ltr'><strong>καί</strong></span> <span class='ocrx_word' id='word_1_809' title='bbox 3340 4861 3380 4926; x_wconf 78' lang='grc' dir='ltr'><strong><em>ἡ</em></strong></span> <span class='ocrx_word' id='word_1_810' title='bbox 3407 4865 3666 4930; x_wconf 52' lang='grc' dir='ltr'><strong>προφῆ-</strong></span> 
     </span>
    </p>
   </div>
   <div class='ocr_carea' id='block_1_112' title="bbox 2053 4945 3661 5020">
    <p class='ocr_par' dir='ltr' id='par_1_112' title="bbox 2053 4945 3661 5020">
     <span class='ocr_line' id='line_1_112' title="bbox 2053 4945 3661 5020; baseline 0.005 -21"><span class='ocrx_word' id='word_1_811' title='bbox 2053 4963 2142 5012; x_wconf 86' lang='grc' dir='ltr'><strong>τις</strong></span> <span class='ocrx_word' id='word_1_812' title='bbox 2165 4946 2204 5014; x_wconf 76' lang='grc' dir='ltr'><strong><em>ἠ</em></strong></span> <span class='ocrx_word' id='word_1_813' title='bbox 2229 4945 2501 5014; x_wconf 69' lang='grc' dir='ltr'><strong>σώφρων,</strong></span> <span class='ocrx_word' id='word_1_814' title='bbox 2527 4947 2626 4999; x_wconf 76' lang='grc' dir='ltr'><strong>καὶ</strong></span> <span class='ocrx_word' id='word_1_815' title='bbox 2669 4949 2738 4999; x_wconf 81' lang='grc' dir='ltr'><strong>ἐν</strong></span> <span class='ocrx_word' id='word_1_816' title='bbox 2766 4948 3017 5015; x_wconf 76' lang='grc' dir='ltr'><strong>νηστείᾳ</strong></span> <span class='ocrx_word' id='word_1_817' title='bbox 3059 4950 3153 5001; x_wconf 74' lang='grc' dir='ltr'><strong>καὶ</strong></span> <span class='ocrx_word' id='word_1_818' title='bbox 3204 4948 3414 5014; x_wconf 76' lang='grc' dir='ltr'><strong>δεήσει</strong></span> <span class='ocrx_word' id='word_1_819' title='bbox 3445 4969 3661 5020; x_wconf 70' lang='grc' dir='ltr'><strong>πρίσ-</strong></span> 
     </span>
    </p>
   </div>
   <div class='ocr_carea' id='block_1_113' title="bbox 2057 5036 3658 5110">
    <p class='ocr_par' dir='ltr' id='par_1_113' title="bbox 2057 5036 3658 5110">
     <span class='ocr_line' id='line_1_113' title="bbox 2057 5036 3658 5110; baseline 0.003 -20"><span class='ocrx_word' id='word_1_820' title='bbox 2057 5037 2427 5106; x_wconf 81' lang='grc' dir='ltr'><strong>καρτεροῦσα</strong></span> <span class='ocrx_word' id='word_1_821' title='bbox 2458 5036 2537 5103; x_wconf 84' lang='grc' dir='ltr'><strong>τῷ</strong></span> <span class='ocrx_word' id='word_1_822' title='bbox 2564 5037 2689 5103; x_wconf 79' lang='grc' dir='ltr'><strong>ναῷ</strong></span> <span class='ocrx_word' id='word_1_823' title='bbox 2724 5039 2932 5092; x_wconf 77' lang='grc' dir='ltr'><strong>Ἄνναο</strong></span> <span class='ocrx_word' id='word_1_824' title='bbox 2957 5040 2991 5108; x_wconf 78' lang='grc' dir='ltr'><strong>ή</strong></span> <span class='ocrx_word' id='word_1_825' title='bbox 3039 5041 3244 5110; x_wconf 76' lang='grc' dir='ltr'><strong>γηραιά</strong></span> <span class='ocrx_word' id='word_1_826' title='bbox 3279 5041 3382 5110; x_wconf 79' lang='grc' dir='ltr'><strong>μὲν</strong></span> <span class='ocrx_word' id='word_1_827' title='bbox 3414 5042 3500 5110; x_wconf 78' lang='grc' dir='ltr'><strong>τῷ</strong></span> <span class='ocrx_word' id='word_1_828' title='bbox 3541 5045 3658 5096; x_wconf 77' lang='grc' dir='ltr'><strong>σώ-</strong></span> 
     </span>
    </p>
   </div>
   <div class='ocr_carea' id='block_1_114' title="bbox 2059 5128 3660 5201">
    <p class='ocr_par' dir='ltr' id='par_1_114' title="bbox 2059 5128 3660 5201">
     <span class='ocr_line' id='line_1_114' title="bbox 2059 5128 3660 5201; baseline 0.004 -20"><span class='ocrx_word' id='word_1_829' title='bbox 2059 5143 2224 5198; x_wconf 88' lang='grc' dir='ltr'><strong>ματι·</strong></span> <span class='ocrx_word' id='word_1_830' title='bbox 2265 5131 2330 5200; x_wconf 79' lang='grc' dir='ltr'><strong>τῇ</strong></span> <span class='ocrx_word' id='word_1_831' title='bbox 2376 5128 2432 5182; x_wconf 71' lang='grc' dir='ltr'><strong>δὲ</strong></span> <span class='ocrx_word' id='word_1_832' title='bbox 2480 5128 2663 5182; x_wconf 87' lang='grc' dir='ltr'><strong>πίστει</strong></span> <span class='ocrx_word' id='word_1_833' title='bbox 2700 5130 3000 5194; x_wconf 76' lang='grc' dir='ltr'><strong>νεάζουσα·</strong></span> <span class='ocrx_word' id='word_1_834' title='bbox 3031 5131 3538 5201; x_wconf 70' lang='grc' dir='ltr'><strong>Ἀγθωμολογεῖτο</strong></span> <span class='ocrx_word' id='word_1_835' title='bbox 3578 5137 3660 5188; x_wconf 69' lang='grc' dir='ltr'><strong>τῷ</strong></span> 
     </span>
    </p>
   </div>
   <div class='ocr_carea' id='block_1_115' title="bbox 2057 5212 3658 5294">
    <p class='ocr_par' dir='ltr' id='par_1_115' title="bbox 2057 5212 3658 5294">
     <span class='ocr_line' id='line_1_115' title="bbox 2057 5212 3658 5294; baseline 0.006 -28"><span class='ocrx_word' id='word_1_836' title='bbox 2057 5212 2197 5278; x_wconf 84' lang='grc' dir='ltr'><strong>Θεῷ,</strong></span> <span class='ocrx_word' id='word_1_837' title='bbox 2245 5215 2642 5284; x_wconf 75' lang='grc' dir='ltr'><strong>εὐχαριστοῦσα</strong></span> <span class='ocrx_word' id='word_1_838' title='bbox 2687 5220 2781 5269; x_wconf 77' lang='grc' dir='ltr'><strong>καὶ</strong></span> <span class='ocrx_word' id='word_1_839' title='bbox 2828 5219 2969 5290; x_wconf 76' lang='grc' dir='ltr'><strong>αὕτη</strong></span> <span class='ocrx_word' id='word_1_840' title='bbox 3019 5219 3294 5289; x_wconf 64' lang='grc' dir='ltr'><strong>δηλονότι,</strong></span> <span class='ocrx_word' id='word_1_841' title='bbox 3356 5223 3506 5274; x_wconf 78' lang='grc' dir='ltr'><strong>καθὸ</strong></span> <span class='ocrx_word' id='word_1_842' title='bbox 3557 5229 3658 5294; x_wconf 66' lang='grc' dir='ltr'><strong>τῆς</strong></span> 
     </span>
    </p>
   </div>
   <div class='ocr_carea' id='block_1_116' title="bbox 2051 5306 3660 5384">
    <p class='ocr_par' dir='ltr' id='par_1_116' title="bbox 2051 5306 3660 5384">
     <span class='ocr_line' id='line_1_116' title="bbox 2051 5306 3660 5384; baseline 0.008 -26"><span class='ocrx_word' id='word_1_843' title='bbox 2051 5306 2305 5375; x_wconf 81' lang='grc' dir='ltr'><strong>τοιαύτης</strong></span> <span class='ocrx_word' id='word_1_844' title='bbox 2339 5310 2432 5360; x_wconf 71' lang='grc' dir='ltr'><strong>καὶ</strong></span> <span class='ocrx_word' id='word_1_845' title='bbox 2463 5309 2733 5378; x_wconf 76' lang='grc' dir='ltr'><strong>τοσαύτης</strong></span> <span class='ocrx_word' id='word_1_846' title='bbox 2769 5309 2973 5382; x_wconf 65' lang='grc' dir='ltr'><strong>ἠξιώθη</strong></span> <span class='ocrx_word' id='word_1_847' title='bbox 3017 5314 3269 5384; x_wconf 78' lang='grc' dir='ltr'><strong>χάριτος,</strong></span> <span class='ocrx_word' id='word_1_848' title='bbox 3301 5313 3386 5377; x_wconf 80' lang='grc' dir='ltr'><strong>είς</strong></span> <span class='ocrx_word' id='word_1_849' title='bbox 3439 5317 3505 5368; x_wconf 76' lang='grc' dir='ltr'><strong>τὸ</strong></span> <span class='ocrx_word' id='word_1_850' title='bbox 3561 5319 3660 5371; x_wconf 75' lang='grc' dir='ltr'><strong>καὶ</strong></span> 
     </span>
    </p>
   </div>
   <div class='ocr_carea' id='block_1_117' title="bbox 983 5480 2093 5548">
    <p class='ocr_par' dir='ltr' id='par_1_117' title="bbox 983 5480 2093 5548">
     <span class='ocr_line' id='line_1_117' title="bbox 983 5480 2093 5548; baseline 0.003 -10"><span class='ocrx_word' id='word_1_851' title='bbox 983 5485 1026 5517; x_wconf 79' lang='grc'><em>’³</em></span> <span class='ocrx_word' id='word_1_852' title='bbox 1055 5483 1217 5538; x_wconf 76' lang='lat' dir='ltr'><strong>Marc.</strong></span> <span class='ocrx_word' id='word_1_853' title='bbox 1260 5500 1310 5546; x_wconf 74' lang='grc' dir='ltr'><strong>ν,</strong></span> <span class='ocrx_word' id='word_1_854' title='bbox 1346 5483 1434 5536; x_wconf 78' lang='grc'><strong>59.</strong></span> <span class='ocrx_word' id='word_1_855' title='bbox 1514 5483 1556 5514; x_wconf 77' lang='grc'>³⁸</span> <span class='ocrx_word' id='word_1_856' title='bbox 1587 5480 1719 5536; x_wconf 86' lang='lat' dir='ltr'><strong>Luc.</strong></span> <span class='ocrx_word' id='word_1_857' title='bbox 1763 5495 1916 5548; x_wconf 77' lang='lat' dir='ltr'><strong>mn,</strong></span> <span class='ocrx_word' id='word_1_858' title='bbox 1954 5482 2042 5538; x_wconf 76' lang='lat'><strong>39.</strong></span> <span class='ocrx_word' id='word_1_859' title='bbox 2091 5538 2093 5541; x_wconf 89' lang='lat'><strong>.</strong></span> 
     </span>
    </p>
   </div>
  </div>
