3906 6192
270 183 406 248 Γ.θῦ
465 216 473 224 -

1249 187 1554 245 LEONTII
1603 188 2107 248 NEAPULITAXI
2170 188 2508 247 El‘lSCOi‘l

3395 186 3558 251 1596

269 296 467 351 mentis
496 299 777 367 proposito
814 298 1063 353 instructi
1110 308 1313 361 essent,
1351 301 1837 370 reprehensionum
1869 356 1872 364 λ

1974 318 2067 355 ον.
2101 301 2289 355 Ταῦτα
2334 301 2653 374 εἰρηκότος,
2691 303 2930 373 σώφρονι
2967 301 3216 373 λογισμῷ
3246 302 3563 372 ἐννοήσαν-

271 386 602 449 libertatem,
652 386 758 440 nisi
801 401 924 441 esse
952 403 1080 441 vere
1116 387 1397 443 Christum
1425 391 1845 460 cognovissent;

272 492 382 531 non
419 493 483 531 ea
512 493 634 547 qua:
663 477 982 532 dicerentur
1016 478 1186 532 fuisse
1223 478 1447 534 silentio
1477 494 1541 534 ac
1566 481 1684 535 sine
1706 492 1845 537 stre-

274 570 387 637 pitu
412 578 768 639 suscepturos
798 586 813 634 ;
850 584 958 623 non
996 572 1175 623 tardos
1193 571 1333 625 adeo
1362 572 1574 627 futuros
1603 576 1672 625 ad
1712 575 1851 628 iram

274 657 339 721 ",
366 659 456 727 qui
481 658 561 713 sic
585 658 779 712 veloces
796 668 950 711 erant
981 659 1054 712 ad
1070 659 1437 727 eﬁ'undendum
1452 661 1759 729 sanguinem
1783 660 1848 714 ⁸³.
1875 658 1877 661 ’

276 747 642 810 Quamobrem
714 748 940 817 cognito
1005 749 1152 817 quod
1196 762 1228 801 e
1269 763 1330 803 re
1373 758 1492 803 erat
1519 792 1533 814 ,
1578 764 1642 804 ac
1690 765 1853 820 supra

276 836 498 890 modum
528 837 781 891 admirati
815 837 1145 901 doctrinam,
1166 838 1322 893 multi
1349 840 1725 901 crediderunt.
1761 839 1854 894 Vi-

276 925 400 992 des,
425 928 650 993 dilecte,
701 930 1009 996 praesentiae
1056 930 1260 984 Christi
1300 931 1354 984 in
1402 931 1604 1000 templo
1648 932 1858 986 tinem?

278 1013 444 1070 Vides
476 1017 741 1071 doctrina:
798 1035 963 1089 quam
1014 1022 1298 1090 preposuit
1336 1022 1571 1077 fructum
1622 1022 1646 1075 ?
1693 1021 1857 1076 Vides

276 1106 406 1176 quid
435 1107 795 1177 isnegotiatus
808 1110 1100 1179 egerit,qui
1124 1112 1231 1165 vult
1246 1129 1423 1165 omnes
1446 1113 1617 1167 salvos
1633 1112 1751 1181 ﬁeri
1764 1112 1812 1145 ⁸³
1835 1115 1859 1166 ?

276 1196 507 1259 Idcirco,
543 1200 635 1267 qui
676 1201 855 1254 omnia
921 1202 1063 1254 nouit
1113 1203 1424 1272 priusquam
1475 1204 1609 1272 [iant
1656 1203 1724 1269 ",
1777 1203 1858 1259 fc-

281 1297 366 1343 sto
395 1289 485 1342 illo
512 1288 602 1344 die
630 1290 923 1353 mediante,
953 1292 1047 1360 qui
1076 1300 1194 1346 erat
1228 1292 1596 1363 Scenopegize.
1627 1310 1859 1364 propere

280 1377 347 1431 ad
374 1378 636 1447 templum
672 1377 1112 1447 venit,cumjam
1137 1393 1231 1433 eos
1256 1379 1347 1447 qui
1378 1380 1624 1435 salvandi
1651 1389 1857 1445 essent,

283 1469 512 1537 praescia
542 1468 848 1523 divinitatis
897 1484 1121 1540 sagena,
1152 1477 1279 1523 ante
1302 1485 1461 1523 suttm
1490 1469 1545 1523 in
1598 1469 1728 1524 illud
1768 1470 1862 1524 ad-

282 1569 528 1624 ventum,
558 1562 937 1617 conclusisset.

1948 410 2063 457 τες,
2096 395 2177 447 ὅτι
2231 393 2405 457 οὕτως
2438 393 2573 464 πρὸς
2607 396 2698 448 τὸν
2734 395 2855 447 κατ’
2906 393 3069 446 αὐτοῦ
3106 394 3266 463 φόνον
3305 394 3566 461 ὲξωπὶι-

1952 482 2141 551 σμένοι
2173 485 2240 552 τῇ
2276 482 2593 553 προαιρέσει
2632 482 2681 535 οἱ
2729 482 3016 551 ἄρχοντες,
3059 482 3108 534 εί
3158 481 3235 550 μὴ
3290 481 3562 549 ἔγνωσαν

1950 573 2114 627 αὐτὸν
2162 573 2252 626 τὸν
2298 574 2530 643 Χριστὸν
2563 572 2777 643 ἀληθῶς
2824 567 2988 636 εἶναι,
3041 572 3141 624 οὐκ
3184 572 3250 625 ἂν
3298 572 3563 641 ἦνεγχαν

1950 663 2060 716 τῶν
2091 663 2329 734 ἐλέγχων
2362 664 2460 737 τὴν
2490 665 2833 735 παρρησίαν·
2864 665 2967 717 οὐκ
3011 663 3077 717 ἂν
3108 664 3285 734 ἡσυχῆ
3319 663 3561 717 uua:-

1954 753 2113 820 ξαντο
2162 755 2230 806 τὰ
2274 753 2576 824 λεγόμενα·
2632 755 2733 806 οὐκ
2780 754 2847 808 ἂν
2891 753 3096 821 ταχεῖς
3167 754 3342 819 ὄντες
3392 754 3561 821 πρὸς

1954 842 2216 912 αἱμάτων
2269 844 2564 914 ἔκχυσιν,
2618 844 2797 908 οὕτως
2847 844 3099 913 ,ϐραδεῖς
3154 845 3303 915 πρὸς
3361 845 3561 913 ὀργὰς

1955 933 2327 1000 διετέθησαν.
2361 934 2525 989 Ὅθεν
2555 934 2617 988 τὸ
2662 935 2779 989 δέον
2826 935 3168 1003 ἐπιγνόντες.
3199 935 3294 989 καὶ
3329 937 3434 1004 τὴν
3469 935 3560 986 δι-

1955 1025 2253 1078 δασκαλίαν
2319 1026 2877 1094 ὑπερθαυμάσαντες,
2931 1025 3118 1077 πολλοὶ
3186 1025 3499 1077 ἐπίστευσα
3519 1048 3559 1078 ι.

1974 1113 2158 1185 Ὁρᾷς,
2192 1116 2468 1184 ἀγαπητὲ,
2500 1116 2562 1167 τὸ
2594 1116 2769 1186 πέρας
2807 1115 2904 1183 τῆς
2939 1118 2997 1168 ὲν
3021 1115 3097 1185 τῷ
3120 1115 3252 1185 ἱερῷ
3277 1114 3378 1167 τοῦ
3410 1115 3560 1183 Χρι-

1962 1203 2088 1256 στοῦ
2120 1206 2456 1273 παρουσίας
2515 1205 2647 1275 ὁρᾷς
2693 1205 2785 1258 τὸν
2817 1204 3033 1273 καρπὸν
3078 1204 3177 1273 τῆς
3211 1202 3564 1273 παρατεθεί-

1962 1308 2061 1360 σης
2115 1292 2492 1361 διδασκα).ίας;
2563 1294 2788 1363 βλέπεις
2841 1293 2939 1365 τὴν
2994 1293 3383 1364 πραγματείαν
3456 1293 3563 1343 τοῦ

1962 1383 2194 1436 πάντοτε
2241 1385 2469 1450 πάντας
2499 1385 2785 1450 θέλοντος
2827 1379 3360 1450 σωθῆναι;’ῐόύτου
3393 1382 3566 1450 χάριν

1963 1477 1997 1529 ὁ
2025 1474 2222 1529 πάντα
2256 1475 2566 1544 γινώσκων
2605 1473 2749 1540 πρὶν
2794 1472 3089 1542 γενέσεως
3139 1471 3367 1535 αὐτῶν,
3404 1470 3564 1521 ἑπεί-

1965 1565 2066 1635 χθη
2096 1565 2424 1619 καταλασεῖν
2457 1564 2520 1618 τὸ
2554 1565 2697 1633 ἱερὸν
2727 1563 2826 1630 τῆς
2859 1563 2977 1616 τότε
3011 1563 3206 1632 ἑορτῆς
3248 1559 3562 1632 μεσούσης,

280 1653 404 1721 ἥτις
456 1649 527 1724 ἦν
555 1653 652 1723 τῆς
684 1653 1088 1724 Σκηνοπηγίας,
1115 1653 1239 1717 τοὺς
1270 1651 1511 1723 σωθῆναι
1563 1652 1857 1725 μέλλοντας
1894 1657 1959 1727 τῇ
1992 1657 2374 1729 προγνωστικῇ
2400 1656 2612 1727 σαγήνῃ
2638 1655 2736 1723 τῆς
2766 1653 3041 1724 θεότητος,
3069 1651 3175 1722 πρὸ
3234 1651 3330 1704 τοῦ
3398 1651 3563 1704 ἀνελο

283 1747 398 1799 θεῖν
427 1748 505 1809 εις
537 1746 597 1800 τδ
627 1745 770 1815 ἱερὸν
801 1746 1172 1813 περικλείσας.

357 1833 511 1887 Ilnnc
538 1848 758 1903 quoque
778 1848 880 1888 nos
910 1833 1154 1897 modum,
1176 1842 1503 1904 praesentem
1533 1833 1864 1905 Medimpen-

2038 1832 2195 1889 Οὕτω
2226 1832 2320 1886 καὶ
2362 1834 2525 1904 ἡμεῖς
2568 1832 2669 1905 τὴν
2718 1831 3003 1905 παροῦσαν
3032 1832 3248 1904 ἡμέραν
3284 1832 3390 1901 τῆς
3442 1834 3564 1885 Me-

286 1932 525 1978 tecostes
549 1923 696 1978 diem
734 1922 1099 1986 celebremus,
1150 1924 1516 1995 suscipientes
1565 1924 1863 1980 Salvatoris

284 2015 694 2077 doctrinam,ac
711 2016 1267 2085 aversali'nequitiam
1299 2016 1612 2088 principum
1645 2017 1863 2072 Judzeo—

288 2122 437 2171 rum,
470 2122 676 2177 eosque
718 2108 935 2163 tandem
969 2108 1189 2174 imitati,
1247 2110 1340 2177 qui
1373 2108 1593 2164 Christo
1635 2107 1865 2163 Domino

287 2198 658 2253 crediderunt.
686 2197 756 2254 Ut
785 2207 970 2253 autem
1000 2199 1193 2268 inajori
1232 2200 1459 2254 honoris
1532 2199 1753 2254 cumulo
1778 2199 1863 2253 di-

288 2303 452 2357 gnum
496 2289 814 2343 noverimus
832 2288 1371 2359 Mcdimpentecostes
1391 2290 1558 2356 diem,
1583 2290 1672 2344 ubi
1699 2304 1867 2360 pauca

289 2376 358 2431 de
381 2375 560 2431 medio
596 2376 914 2444 dixerimus,
936 2375 1099 2431 tinem
1127 2376 1348 2432 dicendi
1376 2375 1656 2432 faciemus.

370 2552 460 2606 Ait
509 2552 693 2621 itaque
732 2551 903 2607 David
938 2555 1007 2608 ad
1033 2554 1205 2608 Deum
1246 2573 1260 2607 :
1297 2552 1362 2607 In
1394 2554 1562 2608 medio
1621 2553 1871 2608 Ecclesia!

295 2644 524 2698 laudabo
579 2653 630 2697 te
661 2644 731 2698 ⁸⁸.
764 2645 851 2708 Et,
900 2643 1164 2713 Operatus
1220 2654 1295 2698 est
1329 2645 1557 2699 salutent
1593 2646 1649 2699 in
1703 2648 1872 2700 medio

297 2744 451 2790 terra:
471 2735 539 2791 ⁸⁸.
574 2734 833 2790 Salomon
865 2751 993 2790 vero
1022 2736 1281 2791 didicisse
1310 2752 1368 2791 se
1407 2737 1483 2791 ait
1521 2753 1550 2790 a
1579 2738 1869 2806 sapientia,

296 2825 512 2881 Initium
542 2835 591 2882 et
621 2828 1123 2882 consummationem
1149 2867 1164 2889 ,
1199 2837 1247 2881 et
1296 2827 1627 2881 medietatem
1674 2839 1873 2897 tempo-

299 2936 417 2974 rum
445 2919 514 2975 ⁸⁷.
551 2919 805 2976 Habacuc
835 2922 999 2975 etiam
1035 2921 1090 2974 in
1120 2921 1336 2975 cantico
1370 2937 1385 2973 :
1428 2918 1496 2973 In
1534 2920 1706 2974 medio
1740 2921 1876 2974 duo-

300 3027 450 3064 orum
474 3012 793 3065 animalium
844 3012 1172 3081 cognosceris
1213 3011 1281 3063 ⁸⁸.
1362 3010 1518 3066 Alius
1562 3012 1691 3065 ittm
1755 3027 1877 3081 pro-

1965 1924 2403 1993 σοπεντηκοστῆς
2454 1923 2824 1995 ἑορτάσωμεν,
2866 1925 2968 1995 τὴν
3015 1922 3111 1976 τοῦ
3164 1924 3428 1992 Σωτῆρος
3478 1924 3566 1976 δο-

1962 2012 2258 2068 δασκαλίαν
2308 2012 2694 2083 προσιέμενοι,
2740 2014 2839 2084 τὴν
2887 2013 3202 2082 φαυλότητα
3270 2013 3383 2066 τῶν
3452 2016 3553 2083 ἀρ·

1964 2106 2167 2177 χόντων
2191 2105 2300 2157 τῶν
2337 2103 2607 2159 Ἰουδαίων
2665 2105 3133 2175 ἀποστρεφόμενοι
3159 2144 3174 2168 ,
3212 2104 3340 2166 τοὺς
3396 2120 3566 2157 πεπιο

1968 2197 2266 2259 στευκότας
2308 2197 2388 2267 τῷ
2423 2196 2671 2267 Δεσπότῃ
2699 2196 2922 2267 Χριστῷ
2962 2195 3385 2265 ἐκμιμούμενοι.
3436 2196 3563 2249 Ἵνα

1965 2291 2022 2345 δὲ
2054 2288 2312 2344 ἑπιπλέον
2341 2287 2559 2359 γνῶμεν
2585 2290 2749 2359 τιμῆς
2776 2287 2932 2353 ἀξίαν
2975 2288 3076 2357 τὴν
3118 2287 3218 2356 τῆς
3267 2288 3560 2341 Macrones-

1966 2380 2238 2451 τηκοστῆς
2282 2380 2517 2450 ἡμέραν,
2548 2378 2705 2447 ὀλίγα
2758 2378 2885 2448 περὶ
2934 2378 3227 2449 μεσότητος
3279 2377 3561 2444 εἰπόντες,

1967 2470 2060 2524 τὸν
2103 2470 2262 2539 λόγον
2292 2469 2753 2541 καταπαύσωμεν.

2038 2562 2207 2630 Λέγει
2249 2562 2430 2615 τοίνυν
2471 2561 2636 2614 Δαϐὶδ
2679 2559 2817 2631 πρὸς
2868 2557 2960 2610 τὸν
3007 2557 3183 2610 Θεόνο
3239 2558 3337 2609 Ἐν
3379 2557 3559 2626 μέσῳ

1972 2651 2340 2719 Ἐκκλησίας
2391 2650 2643 2718 ὑμνήσω
2677 2664 2771 2703 σε.
2812 2648 2917 2699 Kal
2940 2645 3326 2715 ,~Elp-pdoaro
3353 2663 3525 2713 σωτη

1962 2742 2106 2812 ρίαν
2142 2741 2211 2795 ὲν
2241 2740 2413 2810 μέσῳ
2455 2739 2563 2807 τῆς
2593 2738 2726 2808 γῆς.
2769 2738 2906 2805 Φησὶ
2932 2736 2989 2788 δὲ
3023 2739 3051 2788 6
3088 2734 3370 2805 Σαλομὼν,
3412 2736 3557 2805 δεδμ-

1972 2832 2167 2903 δάχθαι
2210 2832 2363 2904 παρὰ
2407 2831 2503 2901 τῆς
2547 2828 2760 2899 σοφίας,
2814 2827 3039 2895 Ἀρχὴν
3080 2826 3178 2879 καὶ
3224 2828 3399 2890 τέλος
3454 2828 3556 2879 καὶ

1968 2923 2277 2993 μεσότητα
2293 2924 2547 2991 χρόνων.
2586 2920 2648 2974 ’0
2700 2920 2760 2973 δὲ
2804 2918 3134 2988 Ἀμϐακοὺμ
3184 2920 3243 2969 ὲν
3294 2921 3357 2989 τῇ
3396 2918 3510 2988 ᾠδῇ
3541 2936 3559 2947 ’

1976 3016 2080 3069 Ἐν
2101 3015 2270 3085 μέσῳ
2303 3014 2413 3067 δύο
2441 3011 2597 3073 ζώων
2625 3010 2973 3081 γνωσθήσῃ.
3006 3011 3301 3080 Προφήτης
3342 3010 3399 3061 δὲ
3430 3011 3560 3062 ἔτε-

301 3101 468 3170 pheta
498 3118 513 3154 :
539 3101 676 3155 Ecce
732 3117 826 3171 ego
852 3101 1002 3154 venio
1022 3110 1071 3153 et
1093 3100 1340 3155 habitabo
1356 3101 1410 3153 in
1429 3102 1598 3155 medio
1620 3103 1695 3155 tui
1715 3102 1785 3157 ".
1809 3100 1872 3156 Et

1983 3126 2075 3180 ρος
2098 3125 2113 3138 ’
2151 3106 2307 3163 ἰὃοὺ
2353 3106 2600 3174 ἔρχομαι
2639 3105 2736 3158 καί
2779 3103 3235 3169 κατασκηνώσω
3275 3102 3338 3154 ἐν
3373 3101 3557 3169 μέσῳ

299 3193 498 3247 iterum
527 3210 540 3246 :
571 3191 678 3246 Ero
715 3193 769 3245 in
797 3192 969 3263 gloria
990 3193 1045 3246 in
1078 3193 1249 3247 medio
1281 3192 1349 3247 '°.
1382 3192 1646 3247 Dominus
1690 3209 1821 3248 vero
1856 3212 1870 3249 :

1980 3171 2119 3261 σοι).
2148 3198 2296 3266 λέγει
2340 3171 2564 3267 Κύριος.
2601 3196 2709 3248 Kal
2743 3196 2904 3249 πάλιν
2927 3210 2941 3224 ⁸
2984 3197 3091 3259 Εἰς
3123 3194 3312 3255 δόξαν
3336 3192 3555 3259 ἔσομαι

303 3283 415 3354 Ego
461 3300 579 3337 sum
628 3284 685 3339 in
717 3284 889 3338 medio
928 3293 1153 3338 vestrum
1192 3283 1324 3337 sicut
1354 3284 1444 3353 qui
1489 3285 1755 3339 ministrat
1807 3287 1873 3341 ⁹¹.

303 3374 423 3445 Ipse
448 3376 634 3439 etiam,
657 3391 775 3429 cum
798 3385 967 3430 essent
995 3376 1251 3445 discipuli
1279 3378 1602 3447 congregati,
1630 3379 1772 3432 stetit
1823 3379 1877 3431 in

304 3464 474 3519 medio
500 3480 679 3519 eorum
714 3466 760 3498 "
791 3481 807 3531 ;
860 3480 1039 3535 neque
1094 3464 1148 3521 id
1189 3466 1381 3527 semel,
1412 3466 1508 3520 sed
1563 3474 1618 3521 et
1654 3466 1877 3522 iterum.

302 3554 543 3611 Joannes
561 3570 781 3625 quoque
830 3555 1071 3626 Baptista
1122 3573 1136 3610 :
1198 3558 1406 3613 Medius
1459 3567 1684 3611 uestrum
1714 3560 1878 3625 stetit,

305 3663 462 3717 quem
488 3663 581 3701 vos
633 3648 843 3702 nescitis
877 3647 925 3679 ”
957 3663 974 3702 :
1008 3645 1219 3712 Quibus
1250 3662 1360 3701 non
1396 3648 1449 3703 id
1483 3657 1688 3703 tantum
1715 3649 1883 3719 signi-

305 3739 453 3805 ﬁcat,
476 3753 599 3793 esse
625 3738 833 3801 .lesum,
858 3738 913 3792 in
939 3738 1120 3794 medio
1142 3740 1339 3801 turbae,
1396 3739 1515 3803 sed,
1540 3739 1738 3809 inquit,
1769 3754 1883 3794 me-

304 3830 431 3887 dius
459 3838 704 3885 vestrum
735 3839 892 3884 estet
926 3830 1043 3895 Dei,
1100 3831 1158 3884 in
1202 3838 1431 3901 utraque
1460 3829 1784 3895 substantia,
1824 3832 1879 3885 in

307 3920 511 3990 quibus
562 3920 796 3986 exsistit,
841 3922 1145 3977 divinitatis
1191 3937 1255 3976 ac
1293 3922 1669 3984 humanitatis,
1719 3923 1883 3977 simili

311 4011 500 4067 ambas
537 4011 855 4082 complexus
885 4013 1085 4067 virtute
1116 4030 1129 4066 :
1156 4022 1320 4083 atque
1354 4022 1413 4068 ut
1462 4014 1538 4068 ait
1561 4014 1879 4083 Apostolus:

316 4104 458 4163 Unus
490 4103 649 4168 Deus,
671 4118 804 4157 unus
828 4112 877 4157 et
911 4105 1171 4159 mediator
1207 4105 1304 4159 Dei
1335 4114 1382 4159 et
1415 4106 1701 4170 hominum,
1732 4107 1884 4160 homo

310 4197 549 4252 Christus
578 4195 734 4251 Iesus
756 4198 825 4249 “.
850 4197 1060 4253 Idcirco
1081 4199 1246 4270 igitur
1276 4198 1419 4252 Deus
1450 4207 1571 4253 est.
1606 4197 1723 4252 Non
1738 4199 1885 4253 enim

312 4295 458 4341 esset
503 4287 787 4350 mediator,
842 4294 902 4340 ut
937 4296 1085 4341 esset
1139 4297 1349 4341 tantum
1392 4286 1555 4341 homo
1604 4303 1619 4353 ;
1680 4302 1744 4341 ac
1784 4301 1886 4341 nec

314 4390 351 4434 e
374 4391 661 4441 converso,
694 4387 755 4431 ut
785 4386 995 4432 tantum
1014 4378 1156 4433 Deus
1186 4387 1352 4431 esset.
1404 4377 1531 4431 ldco
1573 4384 1753 4431 autem
1804 4383 1888 4429 est

1976 3290 2046 3344 ἐν
2067 3289 2234 3356 μέσῳ
2261 3286 2477 3356 αὐτῆς.
2498 3287 2607 3339 Kal
2631 3288 2660 3339 6
2686 3285 2889 3355 Κύριος
2908 3298 2924 3313 ο
2970 3283 3121 3353 Ἐγώ
3150 3286 3269 3352 εἰμι
3298 3282 3566 3354 ἐνμέσῳ

1977 3376 2144 3447 ὑμῶν
2181 3380 2262 3444 ὡς
2296 3380 2329 3431 d
2367 3375 2684 3431 διακονῶν.
2724 3376 2783 3429 '0
2810 3376 2857 3429 δ’
2898 3374 3088 3448 αὐτὸς,
3136 3373 3254 3428 τῶν
3276 3373 3567 3444 μαθητῶν

1978 3467 2395 3539 συνηγμένων.
2421 3467 2572 3535 ἔστη
2600 3466 2671 3520 ἐν
2690 3465 2860 3536 μέσῳ
2881 3464 3081 3520 αὐτῶν
3100 3482 3113 3495 ·
3145 3467 3241 3517 καὶ
3268 3466 3366 3533 οὑχ
3389 3463 3565 3528 ἅπαξ,

1979 3560 2116 3615 ἀλλὰ
2145 3560 2241 3613 καὶ
2272 3559 2547 3631 δεύτερον.
2580 3559 2687 3612 Kal
2717 3559 2746 3612 6
2779 3557 3093 3629 Βαπτιστὴτ
3136 3558 3409 3627 Ἰωάννης·
3440 3558 3561 3610 Μέ-

1980 3671 2093 3720 σος
2123 3650 2192 3706 δὲ
2224 3650 2389 3719 ὑμῶν
2418 3651 2698 3718 ἔστηκεν,
2729 3649 2803 3703 ὃν
2843 3648 3013 3718 ὑμεῖς
3041 3651 3154 3703 οὐκ
3183 3648 3405 3703 οἴδατε.
3441 3651 3564 3718 Οὐχ

1982 3744 2170 3808 ἁπλῶς
2194 3744 2256 3797 τὸ
2288 3740 2431 3797 εἶναι
2462 3745 2519 3796 ὲν
2545 3741 2699 3812 μέσῳ
2727 3741 2821 3794 τοῦ
2864 3741 3024 3811 ὄχλου
3054 3741 3146 3795 τὸν
3189 3740 3423 3810 Ἰησοῦν,
3475 3741 3567 3793 δια

1981 3836 2141 3890 τοῦτο
2171 3835 2456 3906 σημαίνων
2482 3850 2495 3863 ·
2547 3833 2703 3897 ἀλλὰ,
2748 3832 2928 3895 Μέσος
2960 3832 3112 3900 ὑμῶν
3144 3848 3225 3894 τε,
3276 3831 3438 3901 φησὶ,
3469 3834 3570 3884 καὶ

1983 3928 2141 3994 Θεοῦ,
2187 3930 2245 3981 ἐν
2288 3927 2582 3997 ἑκατέραις
2632 3922 2720 3990 αἷς
2752 3927 2900 3978 ἐστιν
2943 3925 3177 3989 οὐσίαις,
3223 3924 3479 3995 θεότητός
3509 3941 3570 3977 τε

1984 4021 2080 4073 καὶ
2106 4019 2546 4091 ἀνθρωπότητος,
2591 4018 2871 4088 ἑκατέρων
2917 4016 3355 4086 ἐπειλημμένος.
3400 4016 3571 4085 opai;

1984 4110 2235 4181 δυνάμει.
2283 4110 2394 4162 Kal
2424 4109 2501 4171 ὡς
2542 4106 2865 4169 Ἀπόστολός
2896 4122 3061 4176 φησιν
3086 4121 3099 4134 ·
3134 4101 3236 4172 Εἷς
3286 4105 3453 4171 θεὸς,
3480 4099 3572 4169 εἷς

1987 4201 2085 4255 καὶ
2109 4201 2365 4270 μεσίτης
2394 4198 2543 4253 Θεοῦ
2572 4198 2668 4252 καὶ
2709 4197 3058 4265 ἀνθρώπων,
3103 4196 3417 4264 ἅνθρωπος
3456 4198 3571 4261 ἰη-

1987 4289 2138 4356 σοῦς
2162 4290 2433 4359 Χριστός.
2470 4288 2569 4341 Διὰ
2593 4287 2752 4341 τοῦτο
2776 4283 2872 4341 οὗν
2898 4287 3052 4349 Θεός.
3103 4288 3240 4340 Οὐδὲ
3268 4288 3379 4357 γὰρ
3411 4287 3572 4357 μεσί-

1987 4397 2088 4449 της
2118 4377 2175 4454 ᾗ,
2225 4380 2384 4449 μόνον
2421 4379 2749 4449 ἄνθρωπος’
2796 4377 2920 4432 οὐδὲ
2977 4377 3237 4447 ἔμπαλιν,
3299 4380 3351 4431 εξ
3405 4379 3573 4449 μόνον

315 4469 603 4529 mediator,
636 4468 761 4537 quia
787 4478 870 4523 est
897 4478 953 4525 et
998 4470 1139 4525 Deus
1183 4476 1239 4524 et
1283 4468 1449 4523 homo
1486 4486 1500 4535 ;
1534 4485 1629 4523 seu
1685 4468 1864 4537 potius

1990 4471 2121 4535 Θεός
2148 4486 2163 4501 ’
2188 4470 2323 4524 ἀλλὰ
2366 4469 2454 4522 διὰ
2497 4468 2659 4522 τοῦτο
2703 4469 2952 4539 μεσίτης,
2985 4469 3175 4539 ἐπειδὴ
3221 4467 3353 4532 Θεός
3378 4485 3438 4519 τε
3478 4470 3574 4521 καὶ

315 4560 460 4615 Deus
495 4559 669 4615 factus
697 4562 883 4619 homo.
914 4561 1280 4627 Quamobrem
1307 4560 1471 4615 etiam
1501 4560 1748 4629 utrisque
1777 4559 1872 4613 illi:

1990 4562 2311 4634 ἄνθρωπος,
2347 4561 2659 4644 μᾶλλονδὲ
2703 4559 3136 4644 ὲνανθρωπὴσας
3189 4560 3342 4620 Θεός.
3403 4560 3573 4614 Ὅθεν

315 4651 702 4717 communicat,
726 4653 926 4723 quibus
950 4644 1304 4706 mediatorem
1329 4654 1438 4723 agit
1463 4668 1479 4716 ;
1504 4650 1614 4705 Deo
1642 4650 1886 4720 quidem,

316 4754 380 4801 ut
405 4744 497 4816 qui
532 4745 672 4799 Deus
695 4745 942 4808 exsistat,
965 4757 1061 4812 per
1078 4742 1377 4800 divinitatis
1400 4751 1682 4809 naturam;
1709 4741 1889 4797 homi-

317 4837 479 4913 nibus
516 4847 718 4899 autem,
754 4845 816 4890 ut
836 4835 927 4903 qui
968 4834 1195 4889 exsistat
1225 4835 1410 4897 homo,
1447 4849 1543 4904 per
1574 4834 1887 4887 humanita-

319 4934 388 4988 tis
418 4932 801 4988 substantiam.
831 4928 1030 4984 Vcrum
1058 4931 1321 4987 hactenus
1343 4930 1587 4986 sistenda
1610 4933 1807 4994 oratio,
1828 4936 1889 4984 ut

317 5020 666 5078 mediocritas
688 5017 971 5079 consistat.
992 5019 1084 5073 ubi
1107 5018 1238 5073 satis
1254 5020 1365 5089 jam
1394 5017 1652 5084 ostendit,
1672 5018 1887 5089 dignam

316 5128 440 5169 esse
472 5114 559 5167 cui
598 5112 863 5166 honorem
894 5109 1191 5166 habeamus
1223 5111 1370 5165 diem
1442 5109 1895 5179 Medizepentcco-

318 5210 452 5258 stes.
465 5200 610 5268 Quin
631 5201 797 5257 etiam
812 5200 1069 5255 virtutem
1096 5201 1297 5255 docent
1321 5199 1573 5256 doctores
1591 5199 1769 5253 medio
1789 5200 1896 5254 hie»

319 5308 461 5350 rere.
489 5292 647 5349 Omni
679 5309 808 5366 ergo
832 5309 934 5348 nos
955 5294 1153 5348 virtute
1182 5301 1561 5363 perornantes,
1594 5308 1743 5346 nunc
1772 5291 1891 5360 qni-

1991 4654 2085 4706 καὶ
2129 4655 2187 4705 ὲν
2236 4652 2522 4723 ἑκατέροις
2569 4653 2836 4714 κοινωνεῖ,
2886 4643 2962 4703 ὧν
3006 4652 3123 4702 ἑστι
3153 4650 3378 4719 μεσίτης
3404 4665 3422 4682 ο
3451 4649 3575 4717 Θεῷ

1995 4744 2116 4814 μὲν,
2150 4742 2281 4806 Θεὸς
2306 4741 2403 4807 ὢν,
2429 4742 2572 4795 κατὰ
2598 4741 2697 4812 τὴν
2728 4740 2887 4810 φύσιν
2914 4741 3016 4808 τῆς
3039 4740 3289 4810 θεότητος
3313 4756 3327 4769 ·
3356 4739 3573 4807 ἀνθρώ.

1994 4850 2116 4895 ποις
2145 4833 2223 4898 δὲ,
2264 4831 2339 4884 ὢν
2370 4830 2682 4900 ἄνθρωπος,
2715 4830 2860 4883 κατὰ
2896 4830 2996 4899 τὴν
3024 4827 3187 4896 φύσιν
3222 4829 3326 4898 τῆς
3358 4828 3572 4896 ἀνθρωο

1996 4923 2249 4995 πότητος.
2295 4920 2455 4975 Ἀλλὰ
2483 4920 2643 4992 μέχρι
2671 4921 2862 4975 τούτου
2888 4920 2982 4974 τὸν
3008 4920 3166 4988 λόγον
3202 4919 3401 4988 στῆσαι
3424 4917 3571 4981 δέον,

1993 5016 2084 5071 διὰ
2132 5016 2230 5085 τὴν
2278 5013 2645 5084 συμμετρίαν,
2694 5012 2948 5077 δείξαντα
3001 5012 3295 5080 αὐτάρκως
3341 5011 3407 5063 ἑκ
3460 5009 3576 5062 τῶν

1996 5108 2156 5162 θείων
2201 5104 2453 5176 Γραφῶν,
2489 5103 2752 5174 τιμᾶσθαι
2810 5103 2971 5169 ἀξίαν
3022 5101 3122 5173 τὴν
3158 5101 3257 5168 τῆς
3286 5102 3577 5155 Maces-css-

1996 5197 2267 5268 τηκοστῆς
2295 5196 2528 5268 ἡμέραν.
2559 5197 2872 5267 Μεσὸτητος
2908 5195 2965 5249 δέ
2999 5211 3161 5265 φασιν
3190 5194 3239 5246 οἱ
3262 5192 3579 5247 διδάσκαλοι

1997 5290 2091 5343 καὶ
2115 5287 2214 5360 τὴν
2244 5290 2442 5359 ἀρετὴν
2463 5288 2701 5360 ἔχεσθαι.
2734 5289 2890 5360 [lion
2911 5283 3006 5343 οὖν
3032 5290 3199 5358 ἀρετῇ
3229 5287 3459 5349 ἑαυτοὺς
3478 5304 3582 5340 κα-

3867 1473 3871 1561 l

3876 1760 3877 1811 l

3878 1854 3879 1913 l

390 5450 435 5483 ⁸⁸
472 5449 586 5504 Jac.
633 5468 670 5515 ι,
764 5450 810 5484 υ
842 5451 981 5506 Psal.
1017 5465 1109 5504 χιιι
1135 5491 1149 5511 ,
1181 5450 1235 5503 5.

1342 5449 1389 5481 ⁸³
1419 5448 1433 5501 I
1467 5446 1609 5500 Tim.
1649 5463 1721 5509 ll,
1756 5446 1807 5499 ι.

323 5517 370 5598 ξξ
388 5518 515 5598 ἕξοι).
560 5534 653 5580 vlt,
837 5522 932 5598 “'f‘
951 5519 1104 5598 ἐμὼ.
1134 5521 1311 5598 tua}.

1410 5519 1454 5550 ‘9
1477 5517 1639 5570 Zach.
1671 5533 1728 5581 ιι,
1768 5516 1856 5570 10.

1915 5444 1959 5478 ⁸³
1982 5444 2114 5499 Dan.
2151 5459 2216 5504 ιι,
2250 5461 2286 5497 ι.

1962 5516 2006 5546 νο
2031 5514 2159 5568 ibid.
2195 5530 2244 5579 v,
2278 5512 2331 5568 5.

2395 5443 2441 5475 ⁸⁸
2466 5442 2607 5496 Psal.
2635 5458 2723 5496 ssi
2745 5482 2760 5505 ,
2794 5442 2883 5495 23.

2443 5515 2485 5545 ἰ
2530 5511 2650 5567 Luc.
2692 5528 2827 5574 un,
2862 5511 2950 5564 27.

2964 5442 3008 5473 ⁸⁸
3065 5439 3205 5493 Psal.
3259 5455 3448 5503 tum,
3488 5440 3573 5493 li.

3059 5513 3103 5541 “
3133 5509 3292 5565 Joan.
3350 5526 3442 5571 xx,
3487 5511 3571 5565 l9.

326 5584 372 5621 ⁸⁸
399 5584 556 5649 John.
596 5605 632 5651 ι,
672 5592 757 5645 26.
836 5591 880 5623 ”
907 5590 924 5642 ι
951 5587 1092 5643 Tim.
1124 5606 1183 5649 ιι,
1213 5588 1263 5641 ὅ.

844 6092 3906 6192 __________.—I
