3906 6192
356 274 486 341 1599

1326 280 1637 341 LEONTII
1688 276 2213 339 NEAPOLITANI
2245 276 2587 337 EPISCOPI

3460 269 3626 335 ιιοο

351 388 655 459 cujusdam,
678 390 772 460 qui
807 406 1036 463 peregre
1065 393 1345 463 profectus
1378 401 1462 448 est
1484 393 1552 447 ad
1596 401 1814 465 tempus
1854 392 1923 446 ab

2034 389 2122 444 καὶ
2163 389 2453 444 δακτύλιον
2495 388 2591 441 καὶ
2627 388 2954 458 χαρακτῆρα.
3000 386 3241 458 Χριστοῦ
3289 386 3456 441 αὑτὸν
3484 385 3631 457 pu-

350 479 476 545 illis,
490 480 664 535 multo
680 495 809 551 erga
833 496 959 536 eum
981 482 1182 538 aﬂ‘ectu
1208 499 1273 538 ex
1291 483 1470 538 anima
1487 480 1799 553 ﬂagrantes,
1814 481 1928 536 sive

349 568 557 639 virgam
580 570 702 640 ejus
729 571 786 624 in
818 572 982 628 domo
1012 574 1257 639 videant,
1276 575 1391 629 sive
1419 574 1627 638 sedem,
1648 574 1761 629 sive
1784 572 1929 627 chla-

351 661 567 731 mydem
598 677 615 726 ;
643 662 761 716 haec
798 679 921 718 cum
981 664 1233 735 laerymis
1271 665 1655 720 deosculantes
1724 663 1928 732 ample-

349 760 595 816 ctuntur,
620 758 675 806 et
703 768 816 807 non
843 754 937 808 illa
974 755 1225 816 adorant.
1257 757 1352 811 sed
1378 765 1589 826 patrem
1611 755 1929 811 desiderant

350 852 406 896 et
433 843 749 909 honorant;
782 845 856 900 ita
900 854 956 899 et
1002 862 1105 901 nos
1149 861 1342 901 omnes
1385 846 1571 902 ﬁdeles
1630 855 1691 901 ut
1722 846 1926 916 virgam

351 932 576 999 Christi,
622 949 842 989 crucem
877 937 1173 991 adoramus
1213 954 1228 1003 ;
1260 946 1320 992 ut
1360 940 1542 992 sedem
1576 953 1706 993 vero
1749 946 1805 991 et
1834 952 1929 991 cu-

354 1022 484 1087 bile,
502 1023 674 1092 ipsius
697 1025 1103 1080 sanctissimum
1127 1035 1543 1107 monumentum
1564 1042 1579 1091 ;
1601 1037 1660 1079 ut
1681 1026 1923 1091 domum,

353 1129 603 1183 praesepe
633 1123 688 1169 et
711 1115 1008 1180 Bethleem,
1033 1125 1087 1171 et
1129 1128 1311 1173 sancta
1342 1119 1464 1189 ejus
1501 1127 1696 1173 caetera
1747 1118 1929 1172 taber-

353 1204 549 1259 nacula
578 1222 591 1257 :
624 1221 791 1276 porro
819 1216 875 1261 ut
908 1208 1133 1271 amicos,
1165 1208 1284 1278 ejus
1317 1210 1595 1279 apostolos
1628 1217 1684 1263 et
1712 1217 1927 1263 sanctos

356 1304 723 1365 martyres-ac
745 1297 984 1367 reliquos
1004 1307 1223 1355 sanctos
1255 1301 1375 1370 ejus
1407 1319 1420 1355 :
1448 1310 1504 1355 at
1542 1316 1672 1355 vero
1706 1308 1766 1353 ut
1794 1299 1929 1355 civi-

358 1390 521 1434 tatem
544 1383 668 1451 ejus
696 1384 927 1439 colimus
955 1387 1107 1452 Sion,
1141 1398 1198 1442 ut
1229 1400 1414 1444 autem
1441 1388 1626 1444 villam
1657 1380 1777 1459 ejus
1820 1390 1927 1443 ite-

358 1484 477 1523 rum
510 1468 774 1527 Nazareth
818 1474 1119 1530 salutamus
1156 1493 1172 1542 ;
1218 1485 1383 1546 atque
1423 1484 1479 1532 ut
1511 1477 1756 1532 divinum
1806 1477 1925 1547 ejus

355 1559 659 1629 lavacrum,
690 1563 986 1621 Iordanem
1011 1566 1413 1636 amplectimur.

2029 497 2242 543 ποντες,
2265 480 2330 534 δι’
2362 478 2528 534 αὑτοῦ
2557 479 2648 531 τὸν
2673 480 2729 532 ἐν
2761 477 2912 548 αὐτῷ
2943 477 3328 550 σταυρωθέντα
3361 476 3631 541 ἀσπαζό-

2040 571 2177 643 μεθα
2207 571 2301 624 xui
2325 568 2756 640 προσκυνοῦμεν.
2791 571 2901 622 Καὶ
2928 569 3118 642 ὥσπερ
3147 570 3340 631 παῖδες
3364 570 3626 637 γνήσιοι,

2030 662 2265 730 πατέρος
2297 661 2442 723 τινος
2470 661 2923 733 ἀποδημήσαντος
2964 659 3103 730 πρὸς
3140 659 3336 730 καιρὸν
3369 661 3467 713 ἀπ’
3510 661 3628 711 αὑ-

2026 752 2157 816 τῶν,
2190 751 2357 822 πολλῇ
2384 753 2451 822 τῇ
2484 753 2686 821 στοργῇ
2716 750 2851 819 πρὸς
2889 750 3051 805 αὐτὸν
3079 753 3144 803 ἐκ
3177 750 3357 819 ψυχῆς
3397 749 3627 803 διακεί-

2032 860 2206 914 μενοι,
2238 842 2341 895 κᾶν
2366 841 2466 911 τὴν
2498 841 2695 910 ῥάϐδον
2724 839 2891 893 αὑτοῦ
2925 842 2983 892 ὲν
3003 839 3082 910 τῷ
3110 840 3246 910 οἴκῳ
3279 839 3625 901 θεάσωνται,

2027 934 2129 987 κᾶν
2154 934 2252 1005 τὴν
2286 931 2556 1003 χλαμύδα,
2589 932 2763 985 ταῦτα
2797 930 2935 1001 μετά
2956 931 3210 1003 δακρύων
3240 929 3628 999 καταφιλοῦν-

2025 1041 2119 1087 τες
2154 1023 2521 1086 ἀσπάζονταιο
2557 1021 2651 1075 καὶ
2687 1021 2787 1072 οὐκ
2823 1022 3004 1073 ἐκεῖνα
3033 1021 3329 1089 τιμῶντες,
3355 1018 3501 1072 ἀλλὰ,
3530 1019 3630 1072 τὸν

2028 1114 2240 1184 πατέρα
2288 1111 2581 1174 ποθοῦντες
2628 1110 2723 1164 καὶ
2771 1109 3069 1180 τιμῶντες·
3114 1108 3290 1172 οῦτως
3328 1109 3430 1161 καὶ
3455 1111 3629 1178 ἡμεῖς

2025 1207 2074 1257 οἱ
2098 1205 2278 1257 πιστοὶ
2310 1203 2571 1266 ἅπαντες,
2605 1201 2679 1264 ὡς
2706 1200 2807 1271 μὲν
2834 1200 3034 1270 ῥάϐδον
3061 1199 3298 1270 Χριστοῦ
3323 1199 3420 1253 τὸν
3454 1217 3631 1253 σταυ·

2030 1295 2122 1367 ρδν
2168 1293 2604 1366 προσκυνοῦμεν,
2651 1292 2729 1355 ὡς
2766 1291 2823 1344 δὲ
2853 1291 3041 1363 θρόνον
3090 1291 3186 1344 καὶ
3223 1290 3419 1360 κοίτην
3449 1289 3629 1344 αὑτοῦ

2026 1386 2086 1439 τὸ
2119 1386 2385 1453 πανάγιον
2426 1384 2637 1455 μνῆμα,
2689 1383 2765 1446 ὡς
2813 1382 2870 1435 δὲ
2922 1380 3069 1435 οἷκον
3119 1381 3219 1452 τὴν
3256 1381 3477 1450 φάτνην
3528 1380 3633 1432 καὶ

2026 1475 2124 1547 τὴν
2149 1474 2413 1546 Βηθλεὲμ,
2448 1474 2544 1527 xui
2569 1473 2638 1525 τά
2665 1472 2829 1526 λοιπὰ
2861 1471 2990 1539 ἅγια
3024 1471 3190 1527 αὑτοῦ
3226 1469 3587 1539 σκηνώματα
3609 1486 3627 1500 ⁸

2027 1569 2103 1631 ὠς
2132 1568 2187 1620 δὲ
2212 1567 2403 1636 φίλους
2429 1564 2617 1628 αὑτοῦ,
2644 1565 2770 1628 τοὺς
2798 1563 3135 1626 ἀποστόλους
3163 1562 3332 1616 αὑτοῦ
3364 1564 3469 1616 καὶ
3494 1563 3627 1626 τοὺς

355 1652 544 1718 ἁγίους
596 1656 881 1728 μάρτυρας
917 1658 1014 1711 καὶ
1061 1658 1283 1723 λοιποὺς
1330 1660 1551 1729 ἁγίους·
1582 1659 1660 1723 ὡς
1731 1660 1789 1714 δὲ
1850 1660 2004 1742 πόλιν
2042 1658 2206 1713 αὐτοῦ
2257 1656 2527 1728 σεϐόμεθα
2549 1655 2650 1727 τὴν
2699 1655 2858 1711 Σιὼν.
2886 1655 2960 1719 ὡς
3000 1654 3055 1708 δὲ
3088 1654 3275 1725 χώραν
3315 1652 3490 1707 αὑτοῦ
3524 1654 3628 1724 τὴν

356 1743 612 1814 Ναζαρὲτ
663 1748 1048 1818 ἀσπαζόμεθα,
1098 1750 1194 1802 xui.
1241 1750 1315 1811 ὡς
1347 1751 1488 1804 θεῖον
1524 1753 1688 1806 αὐτοῦ
1715 1752 1939 1824 λουτρὸν
1978 1750 2067 1805 τὸν
2109 1751 2382 1821 Ἰορδάνην
2419 1746 2921 1818 περιπτυσσόμεθα.

425 1835 590 1890 Multa
607 1836 807 1908 quippe
832 1848 884 1892 et
904 1839 1166 1895 ineffabili
1183 1857 1308 1913 erga
1331 1842 1506 1912 ipsum
1522 1843 1811 1899 aﬂ'ectione
1834 1844 1927 1898 tibi

2101 1843 2179 1913 Τῇ
2207 1843 2316 1913 γάρ
2354 1840 2522 1911 πολλῇ
2547 1839 2641 1892 xui.
2667 1838 2860 1908 ἀφάτῳ
2888 1837 3024 1908 πρὸς
3057 1836 3222 1889 αὐτὸν
3246 1836 3461 1905 στοργῇ
3490 1833 3632 1886 ἔνθα

357 1928 629 1992 ascendit,
660 1930 747 1985 vel
772 1931 937 1997 sedit,
954 1933 1039 1985 vel
1067 1932 1264 1996 illuxit,
1305 1934 1391 1987 vel
1436 1935 1633 2005 tetigit,
1664 1944 1759 1991 aut
1813 1950 1931 1989 om-

359 2018 490 2071 nino
522 2020 869 2075 obumbravit
900 2037 914 2084 ;
956 2022 1187 2078 colimus
1247 2032 1303 2078 et
1335 2025 1626 2079 adoramus
1666 2035 1724 2080 ut
1753 2026 1934 2089 locum

360 2108 456 2163 Dei
489 2126 503 2163 :
538 2125 647 2163 non
696 2111 897 2176 locum,
949 2129 1124 2182 neque
1149 2114 1389 2180 domum,
1423 2131 1601 2185 neque
1632 2118 1929 2188 regionem,

359 2200 447 2254 vel
475 2200 751 2256 civitatem
788 2214 884 2258 aut
908 2204 1116 2274 lapides
1153 2206 1508 2272 honorantes,
1542 2209 1636 2263 sed
1669 2223 1794 2262 eum
1835 2211 1927 2277 qui

360 2288 416 2341 in
449 2287 554 2342 illis
587 2301 943 2348 conversatus
967 2302 1071 2357 est,
1089 2302 1146 2349 et
1173 2295 1363 2360 illuxit,
1399 2305 1456 2351 et
1495 2297 1548 2350 in
1578 2312 1739 2351 carne
1774 2298 1934 2352 inno-

361 2378 486 2443 tuit,
513 2390 678 2449 atque
715 2382 785 2436 ab
815 2397 1003 2438 errore
1046 2383 1317 2451 liberavit,
1357 2386 1634 2442 Christum
1683 2387 1936 2442 videlicet

362 2470 648 2526 Dominum
683 2483 931 2528 nostrum
962 2485 1055 2540 ;et
1086 2491 1182 2545 per
1235 2477 1512 2532 Christum
1553 2495 1614 2533 ea
1645 2494 1766 2548 quae
1806 2488 1936 2533 sunt

360 2560 581 2626 Christi,
613 2565 920 2633 passionem
957 2566 1011 2620 in
1036 2566 1322 2634 ecclesiis,
1350 2578 1405 2623 et
1431 2569 1704 2635 domibus,
1730 2579 1785 2625 et
1819 2570 1933 2640 pla-

364 2653 490 2714 teis.
517 2662 570 2706 et
597 2655 650 2707 in
680 2655 1030 2727 imaginibus,
1055 2667 1111 2711 et
1137 2658 1191 2711 in
1223 2659 1640 2724 sindonibus,et
1672 2662 1728 2716 in
1769 2677 1932 2731 pene-

364 2748 614 2812 tralibus,
650 2759 702 2804 et
735 2750 791 2803 in
858 2750 1219 2813 vestimentis,
1249 2758 1302 2804 et
1339 2749 1396 2803 in
1428 2751 1574 2805 omni
1598 2750 1718 2806 loco
1742 2752 1935 2805 forma-

366 2854 517 2894 mus:
537 2848 597 2895 ut
627 2840 962 2896 incessanter
976 2839 1308 2910 aSpicientes
1324 2842 1440 2896 haec
1457 2856 1928 2906 commoneamur,

363 2936 543 2984 etnon
566 2931 972 2998 obliviscamur,
1002 2942 1060 2987 ut
1083 2942 1137 2987 tu
1166 2948 1224 2986 es
1250 2932 1454 2987 oblitus
1482 2932 1696 2986 Domini
1724 2931 1814 2987 Dei
1833 2933 1931 2988 tui.

363 3022 430 3074 Et
451 3022 596 3076 sicut
617 3032 672 3076 tu
705 3023 938 3079 adorans
962 3025 1162 3078 librum
1187 3022 1342 3093 legis,
1366 3038 1478 3077 non
1523 3034 1773 3078 naturam
1818 3025 1934 3094 pel-

364 3107 497 3162 lium
537 3108 622 3163 vel
649 3111 959 3176 atramenti,
1005 3126 1126 3180 qua:
1164 3113 1219 3166 in
1270 3113 1389 3180 ipso
1429 3120 1538 3175 est,
1581 3112 1795 3177 adoras,
1837 3113 1934 3167 sed

2036 1934 2230 2003 ἐπέϐη,
2271 1933 2303 2003 ἦ
2343 1931 2660 1991 κεκάθικεν,
2696 1930 2729 2001 ἦ
2769 1930 3059 2000 ἐπέφανεν,
3098 1928 3131 1997 ἢ
3172 1927 3372 1998 ἥψατο,
3418 1927 3454 1995 ἢ
3484 1926 3633 1988 Eho;

2034 2021 2352 2084 ὲπεσκίασε,
2405 2018 2699 2089 σεϐόμεθα,
2755 2018 2849 2072 καὶ
2896 2016 3313 2090 προσκυνοῦμεν
3347 2016 3430 2079 ὡς
3458 2015 3632 2068 τόπον

2033 2113 2168 2167 Θεοῦ
2198 2129 2212 2142 ·
2243 2113 2304 2165 οὐ
2334 2112 2425 2165 τὸν
2448 2112 2634 2175 τόπον,
2667 2111 2786 2164 οὐδὲ
2814 2109 2903 2163 τὸν
2925 2107 3094 2171 οἷκον,
3123 2108 3242 2162 οὐδὲ
3283 2109 3383 2181 τὴν
3410 2108 3626 2178 χάραν,

2034 2205 2067 2275 ἢ
2104 2204 2201 2275 τὴν
2244 2184 2417 2264 πόλιν,
2455 2204 2488 2273 ἢ
2518 2203 2644 2265 τοὺς
2690 2201 2871 2264 λίθους
2892 2200 3161 2271 τιμῶντες
3184 2215 3198 2228 ·
3228 2198 3366 2252 ἀλλά
3421 2198 3519 2251 τὸν
3567 2200 3632 2254 ὲν

2034 2298 2216 2358 αὐτοῖς
2268 2294 2687 2365 ἀναστραφέντα
2744 2294 2838 2347 καὶ
2892 2291 3223 2361 ἐπιφανέντα
3275 2291 3371 2343 καὶ
3415 2306 3633 2357 mgi-

2033 2386 2229 2439 σθέντα
2261 2386 2445 2455 σαρκὶ,
2479 2386 2570 2437 καὶ
2592 2387 2624 2455 ἠ
2636 2386 2743 2453 μᾶς
2776 2382 2880 2452 τῆς
2909 2382 3118 2454 πλάνης
3162 2380 3628 2450 ἐλευθερώσαντα

2033 2476 2268 2547 Χριστὸν
2298 2477 2391 2529 τὸν
2418 2475 2550 2529 Θεὸν
2577 2476 2731 2545 ἡμῶν
2755 2490 2768 2503 ·
2799 2475 2893 2528 xui.
2917 2473 3005 2527 διὰ
3025 2474 3119 2527 τὸν
3146 2472 3383 2543 Χριστὸν
3422 2472 3521 2524 καὶ
3558 2471 3629 2523 τά

2035 2570 2272 2641 Χριστοῦ
2321 2570 2468 2639 πάθη
2500 2570 2559 2621 ὲν
2594 2567 2933 2636 ἐκκλησίαις,
2980 2566 3074 2619 καὶ
3122 2564 3316 2628 οἴκοις,
3362 2565 3466 2616 καὶ
3490 2566 3628 2631 ἀγο-

2038 2662 2177 2728 ραῖς,
2211 2659 2303 2711 καὶ
2334 2661 2395 2710 έν
2426 2656 2623 2710 σινδόσι
2668 2658 2762 2708 καὶ
2802 2658 2859 2708 ὲν
2893 2655 3183 2724 ταμιείοις,
3217 2656 3306 2708 καὶ
3351 2653 3623 2723 ἱματίοις,

2035 2751 2128 2803 xui.
2155 2751 2211 2801 ὲν
2245 2749 2408 2801 παντὶ
2437 2749 2586 2817 τόπῳ
2624 2745 2967 2815 έκτυποῦμεν
2987 2763 3001 2777 ·
3032 2746 3119 2799 ἴνα
3151 2744 3421 2813 διηνεκῶς
3448 2743 3630 2811 ὁρῶν-

2032 2856 2123 2902 τες
2166 2838 2340 2892 ταῦτα
2372 2836 2943 2907 ὑπομιμνησκὼμεθα,
2984 2836 3079 2888 καὶ
3126 2834 3201 2905 μὴ
3245 2833 3629 2885 ἐπιλανθανώ-

2037 2932 2199 3000 μεθα,
2246 2931 2320 2993 ὼς
2372 2932 2436 2983 σὺ
2466 2929 2732 2982 ἐπελάθου
2783 2928 2991 3000 Κυρίου
3041 2926 3138 2980 τοῦ
3177 2926 3311 2979 Θεοῦ
3344 2942 3479 2979 σουο
3530 2928 3631 2978 καὶ

2033 3020 2222 3090 ὥσπερ
2257 3022 2321 3073 σὺ
2350 3018 2673 3089 προσκυνῶν
2711 3019 2777 3072 τὺ
2820 3018 3025 3089 βιϐλίον
3065 3017 3162 3071 τοῦ
3199 3018 3386 3087 νόμου,
3430 3011 3494 3070 οὗ
3526 3016 3635 3086 τὴν

2037 3110 2200 3176 φύσιν
2235 3108 2364 3160 ’τῶν
2414 3109 2473 3162 ὲν
2526 3107 2675 3178 αὐτῷ
2721 3105 3008 3177 δερμάτων
3080 3106 3178 3157 καὶ
3228 3102 3317 3155 τοῦ
3374 3102 3638 3171 μέλανος

364 3196 530 3249 verba
578 3193 672 3249 Dei
705 3212 824 3266 qua:
854 3198 1038 3267 jacent
1071 3199 1124 3253 in
1170 3217 1277 3275 eo,
1330 3201 1403 3256 ita
1425 3208 1480 3254 et
1501 3216 1601 3273 ego
1640 3202 1931 3273 imaginem

2035 3199 2381 3269 προσκυνεῖς,
2430 3197 2567 3251 ἀλλὰ
2596 3197 2722 3260 τοὺς
2753 3196 2944 3264 λόγους
2974 3193 3069 3247 τοῦ
3097 3192 3232 3246 Θεοῦ
3260 3193 3379 3253 τοὺς
3403 3193 3467 3244 ἐν
3506 3192 3629 3245 αὗ-

362 3281 568 3338 Christi
599 3285 852 3351 adorans,
881 3302 990 3341 non
1019 3298 1269 3345 naturam
1299 3290 1569 3361 lignorum
1602 3299 1656 3347 et
1689 3292 1933 3347 colorum

366 3375 535 3428 adoro
559 3375 809 3446 (absit!)
839 3378 1313 3436 sedinanimatum
1334 3383 1701 3437 characterem
1732 3382 1933 3438 Christi
1962 3448 1971 3469 ⁸

367 3471 581 3527 tenens,
606 3481 706 3535 per
742 3483 864 3522 eum
897 3468 1175 3526 Christum
1209 3482 1396 3529 tenere
1428 3490 1590 3545 spero
1637 3473 1752 3546 [Gn
1795 3475 1932 3528 mihi

366 3551 601 3625 videor,]
627 3562 684 3610 et
720 3556 967 3616 adorare.
996 3558 1063 3615 Et
1089 3560 1231 3616 sicut
1258 3561 1428 3639 Jacoh
1450 3572 1727 3633 acceptam
1753 3580 1782 3617 a
1811 3563 1936 3618 ﬁliis

366 3643 477 3698 tuis
506 3644 745 3700 tunicam
784 3647 987 3703 variam
1005 3658 1061 3705 et
1089 3652 1561 3724 sanguinolentam
1579 3651 1783 3724 Joseph
1808 3654 1938 3709 deo.

365 3734 860 3815 oculatusestcnm
883 3739 1156 3812 lacrymis,
1191 3752 1247 3798 et
1297 3744 1535 3814 propriis
1585 3745 1758 3800 oculis
1796 3746 1938 3799 hanc

365 3823 781 3897 circumposuit,
813 3838 868 3885 et
892 3846 1007 3886 non
1025 3834 1410 3889 vestimentum
1431 3850 1623 3891 amans
1653 3836 1739 3891 vel
1769 3838 1940 3892 hono-

364 3932 518 3984 rans.
545 3920 648 3975 hoc
670 3920 822 3988 fecit,
841 3924 936 3983 sed
957 3941 1051 3994 per
1073 3926 1126 3981 id
1152 3926 1643 3999 :estimansJoseph
1675 3929 1935 3997 osculari,

362 4017 421 4067 et
452 4010 506 4065 in
529 4012 781 4068 manibus
799 4028 925 4068 eum
965 4015 1167 4070 habere
1191 4016 1262 4080 "',
1298 4017 1372 4075 ita
1406 4026 1461 4074 et
1489 4018 1787 4076 Christiani
1816 4020 1939 4074 uni-

361 4100 505 4154 versi
524 4101 811 4169 imaginem
827 4102 1029 4160 Christi
1048 4107 1127 4161 vel
1145 4108 1513 4176 apostolorum
1530 4119 1624 4170 aut
1641 4120 1938 4182 martyrum

364 4194 615 4248 tenentes
630 4199 725 4244 aut
741 4191 1040 4249 salutantes
1059 4209 1244 4261 carne,
1262 4196 1442 4252 anima
1464 4200 1640 4269 ipsum
1662 4199 1938 4257 Christum

361 4280 704 4337 aestimamus
759 4282 846 4338 vel
887 4294 1179 4356 martyrem
1210 4289 1330 4358 ejus
1385 4289 1628 4345 habitum
1677 4291 1938 4348 retinere.

362 4364 612 4437 Dicergo
642 4369 774 4423 mihi
804 4379 883 4437 tu,
913 4372 1004 4441 qui
1049 4374 1294 4442 opinaris
1346 4376 1488 4432 nihil
1520 4393 1687 4433 manu
1711 4377 1938 4446 factum,

362 4455 447 4510 vel
486 4456 623 4518 nihil
646 4458 871 4513 omnino
894 4471 1138 4518 creatum
1168 4465 1528 4529 adorandum.
1583 4484 1938 4538 nunquamne

363 4548 703 4612 multotiens,
733 4550 963 4607 muliere
999 4556 1213 4617 tua,vel
1246 4556 1367 4613 filiis
1392 4559 1639 4624 mortuis,
1671 4560 1935 4627 tunicam,

365 4639 448 4694 vel
471 4651 851 4696 ornamentum
886 4643 1005 4712 ejus
1037 4646 1212 4701 visum
1242 4648 1294 4700 in
1325 4648 1575 4704 cubiculo
1604 4659 1697 4704 tuo
1725 4651 1940 4706 oscula-

364 4738 452 4784 tus
470 4744 552 4793 es,
586 4737 641 4784 et
668 4730 922 4802 lacrymis
952 4735 1084 4790 illud
1112 4737 1377 4802 infudisti,
1408 4747 1463 4793 et
1496 4738 1550 4793 in
1598 4740 1702 4795 hoc
1737 4757 1849 4797 non
1878 4759 1938 4798 es

361 4821 757 4877 condemnatus
788 4823 812 4878 ?
839 4839 954 4878 non
971 4826 1119 4881 enim
1153 4838 1210 4882 ut
1238 4827 1407 4883 Deum
1442 4832 1768 4888 vestimenta
1799 4834 1937 4889 ado-

361 4911 511 4975 rasti,
555 4913 653 4967 sed
697 4928 935 4969 amorem
979 4932 1076 4985 per
1114 4918 1361 4974 osculum
1395 4922 1536 4977 circa
1568 4923 1717 4978 illum
1750 4933 1939 4980 osten-

360 4999 508 5065 disti,
569 5001 662 5070 qui
717 5003 819 5057 hoc
860 5004 1149 5074 aliquando
1216 5009 1394 5065 fuerat
1447 5012 1908 5071 circumamictus.

359 5090 493 5146 Nam
512 5102 565 5146 et
588 5092 689 5161 ipsi
710 5102 867 5148 natos
886 5100 1103 5152 nostros
1118 5106 1172 5153 et
1191 5109 1369 5168 patres
1384 5112 1595 5158 creatos
1608 5104 1935 5161 exsistentes

361 5191 417 5238 et
445 5193 765 5253 peccatores
799 5188 1116 5245 multotiens
1142 5192 1460 5258 salutamus,
1495 5204 1550 5249 et
1601 5196 1655 5250 in
1694 5197 1797 5252 hoc
1829 5198 1934 5251 mi-

362 5272 507 5328 nime
533 5276 991 5346 condemnamur;
1019 5295 1131 5335 non
1160 5284 1305 5337 enim
1353 5292 1413 5338 ut
1444 5283 1583 5341 Deos
1633 5288 1934 5342 salutamus

361 5377 475 5423 eos.
501 5354 971 5427 sed/aﬂ'eclionem
1010 5380 1218 5428 natura:
1257 5384 1458 5431 nostra:
1505 5391 1633 5447 erga
1662 5377 1783 5435 illos
1835 5390 1932 5445 per

362 5452 609 5507 osculum
639 5455 1089 5516 demonstramus.
1117 5461 1186 5517 Ut
1218 5479 1346 5536 ergo
1374 5481 1517 5537 saepe
1547 5467 1675 5533 dixi,
1704 5467 1933 5523 intentio

436 5626 482 5666 ρο
512 5625 649 5685 Gen.
701 5646 905 5701 xxxvn,
945 5635 1013 5690 52
1036 5653 1185 5708 seqq-

2030 3291 2110 3361 τῷ
2140 3289 2460 3359 κειμένους·
2524 3286 2697 3351 οὕτως
2744 3286 2900 3354 κάγὼ
2944 3286 3045 3355 τὴν
3097 3285 3284 3338 εἰκόνα
3332 3282 3428 3336 τοῦ
3480 3283 3637 3337 Θεοῦ

2034 3380 2380 3453 προσκυνῶν,
2415 3380 2475 3433 οὐ
2503 3378 2601 3449 τὴν
2631 3378 2795 3448 φύσιν
2820 3377 2930 3430 τῶν
2960 3376 3139 3444 ξύλων
3182 3376 3277 3429 καὶ
3306 3375 3638 3446 χρωμάτων

2036 3470 2327 3541 προσκυνῶ
2348 3487 2363 3505 ο
2399 3470 2474 3541 μὴ
2506 3471 2714 3539 γένοιτο
2733 3485 2747 3500 °
2778 3469 2914 3523 άλλά
2934 3467 3025 3523 τὸν
3056 3467 3261 3538 ἄψυχον
3291 3468 3640 3537 χαρακτῆρα

2033 3562 2269 3634 Χριστοῦ
2311 3562 2553 3630 κρατῶν,
2600 3561 2668 3616 δι’
2701 3561 2868 3616 αὑτοῦ
2921 3561 3156 3634 Χριστὸν
3202 3562 3433 3629 κρατεῖν
3485 3559 3637 3612 δοκῶ

2036 3656 2133 3710 xui.
2159 3658 2509 3724 προσκυνεῖν.
2541 3654 2652 3707 Καὶ
2698 3653 2890 3725 ὥσπερ
2910 3654 2938 3707 ό
2974 3650 3172 3706 Ἰακὼϐ
3192 3650 3501 3720 δεξάμενος
3526 3667 3638 3703 πα-

2039 3745 2110 3819 ρὰ
2144 3746 2253 3800 τῶν
2281 3747 2417 3798 υἱῶν
2443 3745 2610 3799 αὐτοῦ
2640 3743 2848 3815 χιτῶνα
2877 3743 3121 3796 ποικίλον
3159 3742 3492 3814 ᾑμαγμένον
3533 3741 3637 3794 τοῦ

2050 3837 2271 3907 Ἰωσὴφ,
2307 3837 2641 3907 κατεφίλησε
2694 3835 2833 3906 μετὰ
2875 3835 3145 3905 δακρύων,
3180 3834 3277 3887 καὶ
3320 3836 3445 3897 τοῖς
3476 3834 3642 3898 ἰδίοις

2036 3927 2334 3998 ὀφθαλμοῖς
2361 3927 2519 3981 τοῦτο
2543 3925 2887 3998 περιέθηκεν,
2926 3926 3020 3978 καὶ
3049 3926 3113 3979 οὗ
3149 3925 3211 3978 τὸ
3239 3924 3469 3994 ἱμάτιον
3492 3927 3643 3993 ἀτα-

2038 4018 2177 4084 πῶν,
2214 4021 2248 4088 ἢ
2279 4018 2480 4088 τιμῶν,
2519 4016 2681 4071 τοῦτο
2711 4017 2987 4087 ἐποίησεν,
3017 4015 3153 4069 ἀλλὰ
3183 4016 3248 4069 δι’
3271 4017 3448 4070 αὑτοῦ
3476 4018 3645 4086 vopi-

2037 4108 2147 4175 ζων
2191 4110 2285 4164 τὸν
2327 4109 2529 4181 Ἰωσὴφ
2574 4109 2916 4178 καταφιλεῖν,
2958 4107 3054 4163 καὶ
3110 4109 3169 4162 ὲν
3218 4109 3431 4187 χερσὶν,
3466 4110 3669 4162 αὑτὸν’

2038 4201 2291 4272 κατέχειν
2311 4217 2327 4233 ο
2376 4199 2522 4254 οὕτω
2565 4202 2660 4254 xui.
2690 4200 3008 4271 Χριστιανοὶ
3046 4199 3245 4262 πάντες
3272 4198 3472 4252 εἰκόνα
3498 4201 3645 4271 Χρι-

2044 4290 2194 4354 στοῦ,
2236 4290 2270 4362 ἢ
2319 4291 2660 4356 ἀποστόλου,
2715 4289 2749 4361 ἢ
2813 4290 3087 4360 μάρτυρος
3140 4288 3483 4355 κρατοῦντες
3538 4291 3647 4344 καὶ

2040 4380 2415 4450 ἀσπαζόμενοι
2458 4384 2525 4452 τῇ
2561 4381 2748 4451 σαρκὶ,
2787 4384 2852 4451 τῇ
2896 4381 3044 4451 ψυχῇ
3072 4377 3236 4432 αὑτὸν
3260 4378 3355 4431 τὸν
3385 4380 3645 4449 Χριστὸν

2040 4472 2335 4541 νομίζομεν
2361 4472 2395 4541 ἢ
2420 4471 2513 4524 τὸν
2548 4468 2803 4543 μάρτυρα
2839 4472 3007 4525 αὐτοῦ
3037 4477 3311 4541 κατέχειν.
3365 4472 3515 4525 Εἰπέ
3543 4492 3645 4543 μοι

2043 4564 2107 4617 σὺ
2140 4563 2169 4616 ὁ
2215 4563 2450 4632 νομίζων
2480 4564 2862 4633 χειροποίητον
2907 4563 3091 4635 μηδὲν,
3134 4564 3166 4633 ἢ
3211 4563 3351 4626 ὅλως
3408 4568 3645 4619 κτιστδν

2040 4657 2388 4726 προσκυνεῖν,
2411 4650 2520 4727 ἄρα
2543 4657 2604 4707 οὐ
2636 4654 2898 4719 πολλάκις
2923 4654 3182 4723 γυναικὸς
3220 4657 3321 4725 σῆς
3351 4654 3384 4725 ἦ
3419 4656 3646 4709 τέκνων

2038 4744 2478 4815 τελευτησάντων
2512 4744 2717 4815 χιτῶνα
2746 4745 2781 4815 ἢ
2824 4744 3102 4815 κοσμίδιον
3152 4742 3274 4797 ἰδὼν
3324 4745 3387 4796 ὲν
3432 4745 3513 4814 τῷ
3561 4746 3645 4814 σῷ

2038 4837 2294 4907 ταμιείῳ,
2345 4837 2626 4906 κρατήσας
2676 4836 2963 4906 ἐφίλησας,
3021 4835 3119 4891 xui
3165 4835 3441 4907 δάκρυσιν
3500 4839 3645 4891 αὐτὸ

2040 4927 2397 4999 κατέϐρεξας,
2430 4928 2525 4981 xui
2565 4930 2666 4982 οὐκ
2711 4930 2770 4982 ἐν
2796 4929 2974 5000 τούτῳ
3009 4928 3375 5000 κατεκρίθηςς
3410 4931 3495 4983 Οὐ
3522 4933 3642 5003 γάρ

2036 5018 2110 5079 ῶς
2141 5018 2273 5072 Θεὸν
2298 5020 2368 5071 τὰ
2414 5018 2606 5088 ἱμάτια
2646 5022 3101 5091 προσεκύνησας,
3140 5019 3279 5074 ἀλλὰ
3322 5021 3419 5073 τὸν
3464 5022 3642 5074 πόθον

2037 5109 2175 5181 πρὸς
2198 5109 2291 5162 τόν
2321 5127 2452 5163 ποτε
2500 5111 2635 5163 αὐτὸ
2678 5110 3147 5182 περιϐεϐλημένον
3187 5111 3276 5164 διὰ
3323 5111 3421 5164 τοῦ
3470 5114 3642 5184 φιλή-

2039 5216 2208 5269 ματος
2234 5200 2477 5267 ἔδειξαςο
2528 5203 2651 5255 ἐπεὶ
2695 5204 2792 5256 καὶ
2834 5202 2976 5255 αὐτὰ
3016 5203 3175 5272 ἡμῶν
3213 5201 3283 5256 τά
3326 5203 3504 5258 τέκνα
3538 5207 3639 5259 καὶ

2034 5291 2161 5354 τοὺς
2196 5291 2435 5362 πατέρας
2468 5293 2721 5357 κτιστοῦς
2769 5293 2929 5357 ὄντας
2963 5296 3056 5347 καὶ
3090 5294 3465 5365 ἁμαρτωλοὺς
3502 5298 3630 5349 πολι

2038 5380 2195 5444 λάκις
2241 5382 2623 5454 ἀσπαζόμεθα,
2685 5386 2782 5438 xui.
2826 5386 2930 5438 οὐκ
2959 5388 3017 5438 ἐν
3061 5387 3240 5456 τούτῳ
3287 5390 3634 5457 κατανρινὸ-

2045 5473 2202 5545 μεθα.
2240 5475 2315 5527 Οὐ
2357 5476 2468 5546 γάρ
2514 5476 2589 5539 ὡς
2622 5476 2776 5540 θεοὺς
2828 5476 3024 5540 αὐτοὺς
3062 5477 3450 5548 άσπαζὸμεθα,
3492 5480 3635 5532 ά).λᾶ
