1946 3194
198 97 263 128 1611

707 97 858 127 LEONTll
883 97 953 126 NEA
959 96 1136 126 ['ULITANI
1157 97 1326 126 EPISCOPI

1746 95 1826 127 1012

196 163 261 182 vero
277 162 350 186 eum,
368 161 447 188 quem
469 153 547 180 facile
564 157 605 181 est
625 161 733 185 vexare,
754 160 781 180 et
800 154 979 186 calumniari;
998 156 1016 183 Α
1033 160 1103 185 rum,
1123 161 1238 187 quorum
1273 157 1376 187 partus,
1394 156 1421 178 et
1441 151 1559 184 soboles,
1572 156 1636 178 sunt
1663 151 1825 185 passiones.

196 198 310 233 pardum
328 205 392 224 vero
403 198 447 223 τὸν
461 197 716 232 amarior/mpode
732 189 787 230 est;
797 198 978 232 versipellem,

195 245 302 271 luedum
328 247 419 270 autem
443 243 594 277 simplicem
621 252 627 275 ;
658 244 770 271 vitulunt
795 249 978 275 mansuetum.

197 294 303 315 laurum
322 295 385 314 vero
402 288 542 320 audacem,
555 288 661 315 leonem
679 290 837 323 superbum,
847 297 916 323 quos
931 289 980 315 du-

196 340 249 366 cet,
266 334 363 368 inquit,
378 339 405 360 et
423 339 516 368 pascet
532 335 614 361 homo
637 336 779 369 prudentia
802 336 910 369 quidem
937 343 980 361 se-

196 388 258 411 nex,
273 380 430 406 innocentia
446 387 510 406 vero
526 385 553 406 et
569 380 721 406 humilitate
736 389 812 414 puer,
822 389 852 406 ac
867 388 980 415 magnus

195 425 304 459 quidem
322 425 435 456 virtute,
450 432 549 458 parvus
560 430 649 451 autem
668 426 770 452 vilitate
785 434 844 459 qua:
857 430 979 460 apparet,

195 475 222 496 et
237 470 380 496 tenuitate.
392 469 551 504 llujusmodi
565 475 629 496 sunt
644 471 772 504 praesides
786 471 979 499 Ecclesiarum.

163 516 171 534 ’ἰ
196 524 209 541 a
229 516 329 549 quibus
354 516 399 549 qui
417 516 539 542 moribus
563 516 703 547 dilferunt,
728 521 924 550 temperantur,
954 521 982 543 et

172 561 176 598 ξ
196 566 370 596 coaptantur.
390 561 429 588 Ac
443 569 538 588 rursus
554 562 650 588 bovem
665 562 774 595 quidem
792 566 870 588 vocat
884 568 980 595 opera-

171 599 174 602 .
197 606 278 637 rium,
293 614 386 633 ursum
404 614 468 633 vero
490 614 614 633 voracem
633 615 639 638 ;
658 607 721 633 item
741 607 846 633 leonem
870 606 980 640 quidem

197 651 359 686 principem.
372 656 399 678 et
411 652 666 682 ductorem.bovem
678 660 741 680 vero
751 653 801 679 sub
813 652 878 687 jugo
894 652 980 679 servi-

197 698 262 724 tutis
273 697 409 724 viventem
423 706 455 725 ac
469 699 632 733 subjectum,
641 699 731 733 paleas
742 698 821 724 vilem
834 702 980 724 ettenuem

197 743 288 769 cibum
303 743 372 777 ejus,
388 743 434 777 qui
453 743 503 770 sub
517 744 583 778 jugo
599 748 650 770 est.
667 743 796 769 Comrdet
818 742 890 769 enim
919 750 981 769 eum

198 787 323 821 subjecto
335 787 357 814 is
366 788 411 822 qui
429 788 551 822 subjicit,
564 792 675 823 propter
686 789 817 815 unitatem
832 788 903 814 lidei.
912 787 982 814 Puer

199 837 289 859 autem
305 841 404 868 parvus
420 838 462 860 est
472 834 656 868 unusquisque
671 835 778 868 praesul,
794 834 864 861 sicut
880 834 981 860 dictum

199 882 250 909 est,
270 878 371 905 malitia
385 879 522 913 parvulus,
541 880 619 914 cujus
640 880 762 906 doctrina
785 884 895 913 propter
911 879 982 905 mul-

199 928 252 949 tam
268 924 469 957 expeditionem
484 932 580 951 manus
594 929 716 956 vocatur,
734 932 794 959 qua:
811 925 981 956 admovetur,

198 973 226 994 et
241 968 363 1002 injicitur
390 969 555 1002 inﬁdelibus,
577 971 623 1004 qui
652 975 715 998 sunt
741 970 885 1002 foramina,
897 973 924 996 et
939 970 981 996 lu-

200 1020 265 1045 stra,
281 1015 422 1048 accubilia,
438 1020 465 1042 et
487 1016 624 1043 domicilia
655 1016 777 1050 aspidum
793 1015 982 1050 spiritualium,

200 1060 225 1086 id
253 1065 309 1093 est,
337 1061 490 1088 daemonum
524 1066 737 1093 venenatorum,
768 1065 796 1087 et
826 1060 981 1087 mortifero-

238 1149 248 1164 ε
261 1148 331 1176 Osee
345 1157 374 1181 ιι,
401 1149 444 1176 l8.

483 1150 491 1164 ⁷
513 1149 564 1176 lsa.
588 1156 664 1181 xu",
680 1148 724 1176 20.

763 1148 774 1164 ³
788 1147 889 1176 Jerem.
912 1155 1008 1180 xxvi“,
1025 1148 1067 1175 M.

1067 199 1152 225 Aliter
1166 198 1314 233 etiam,qui
1330 198 1424 225 vivunt
1438 198 1588 224 secundum
1601 195 1827 227 Cliristum,ma-

1033 252 1097 271 num
1116 244 1244 279 injiciunt
1258 243 1439 275 daemonibus,
1455 250 1517 270 cum
1532 241 1639 276 signum
1659 242 1751 268 crucis
1777 243 1827 268 in-

1032 292 1153 318 ferentes
1179 291 1219 317 eis
1241 298 1295 316 non
1316 290 1408 316 sinunt
1435 289 1619 316 inhabitantes
1649 295 1750 314 nocere
1768 289 1825 320 eis,

1032 345 1099 371 quos
1115 336 1252 363 obsident.
1265 335 1342 368 Quod
1354 340 1445 361 autem
1457 335 1558 362 bestias
1578 334 1635 360 sive
1652 334 1726 360 feras
1741 338 1826 359 vocat

1032 388 1125 418 gentes
1140 391 1210 416 saepe
1224 390 1339 408 numero
1353 382 1503 416 Scriptura.
1513 380 1629 407 aitDeus
1641 388 1690 414 per
1705 379 1822 406 Oseam:

1034 429 1177 462 Disponam
1193 433 1378 454 testamentum
1393 428 1420 453 I'n
1439 428 1480 453 die
1496 427 1543 453 illa
1562 434 1620 452 cum
1634 425 1725 451 bestiis
1749 426 1823 459 agri,

1033 480 1055 501 et
1071 483 1129 500 cum
1143 474 1288 500 volucribus
1304 473 1371 506 caeli,
1385 481 1443 499 cum
1463 473 1625 506 serpentibus
1641 476 1721 497 terre
1737 470 1761 500 ⁸,
1778 478 1825 504 εε-

1033 520 1164 546 neraliore
1183 527 1312 546 sermone
1327 519 1429 545 bestias
1445 518 1554 556 quidem
1568 517 1622 551 agri
1640 516 1772 542 nominat
1785 515 1825 541 fe-

1033 565 1116 593 rinos.
1132 568 1158 590 et
1172 563 1304 590 immanes
1316 571 1324 595 ;
1344 563 1469 590 volucres
1478 570 1543 589 vero
1557 561 1693 592 elatiores,
1706 568 1826 594 serpen-

1034 614 1073 636 tes
1094 617 1157 636 vero
1184 609 1351 639 humiliores,
1367 613 1415 635 aut
1440 608 1563 635 volucres
1578 606 1688 641 quidem
1713 605 1826 632 deditos

1033 654 1183 689 astrologiae
1201 662 1208 686 ;
1225 658 1368 688 serpentes
1380 660 1445 679 vero
1460 652 1615 679 scrdidatos
1629 649 1825 685 passionibos,

1032 704 1059 726 et
1072 707 1165 726 rursus
1184 707 1233 734 per
1248 698 1343 726 Isaiam
1363 707 1369 725 :
1388 698 1538 725 Benedicile
1555 706 1606 728 me,
1622 706 1713 725 omnes
1737 698 1826 724 bestia:

1033 746 1109 780 agri’
1127 753 1134 776 ;
1149 749 1176 771 et
1196 745 1295 771 iterum
1317 752 1366 778 per
1379 743 1525 771 Jeremiam
1542 752 1548 769 :
1563 743 1629 769 Dedi
1641 752 1752 770 omnem
1774 748 1826 769 tu-

1034 799 1092 817 ram
1112 790 1350 816 Nabuchodonosor
1372 789 1426 823 regi
1444 788 1595 823 Babylonis,
1611 794 1639 815 ut
1654 789 1770 815 serviret
1793 789 1826 817 ei.

1035 841 1059 863 et
1076 836 1169 863 bestias
1184 836 1251 870 agri.
1261 839 1289 861 ut
1304 839 1474 868 operarmlur
1487 834 1511 861 ei
1529 835 1540 850 '
1552 843 1559 866 ;
1573 838 1601 861 et
1617 834 1645 861 in
1659 834 1827 862 Ezechiele;

1036 881 1130 908 Delebo
1144 880 1230 906 malas
1243 879 1338 906 bestias
1348 880 1380 906 de
1389 884 1459 905 terra
1473 880 1484 895 '
1501 887 1509 912 ;
1525 882 1556 905 ut
1566 879 1729 906 omittamus
1741 886 1827 906 nunc.

1035 934 1095 961 qua
1119 929 1182 952 sunt
1210 924 1281 959 apud
1309 924 1456 956 Danielem,
1485 929 1512 951 et
1538 924 1603 951 illud
1622 923 1828 958 :Compamln

1036 973 1115 1003 em'm,
1138 971 1236 1005 inquit,
1254 974 1290 997 est
1308 970 1626 1004 jumentisinsipiemibux
1639 970 1719 996 homo
1744 973 1830 995 ment:

1036 1018 1170 1052 prwdims,
1181 1021 1205 1043 et
1216 1016 1379 1043 assimilatas
1395 1021 1433 1043 eu
1445 1016 1497 1042 illis
1517 1016 1548 1042 ¹⁶.

1105 1151 1115 1166 ⁹
1135 1145 1232 1175 Ezech.
1252 1145 1403 1179 xxxrv,25.
1444 1144 1465 1159 ”
1476 1143 1546 1173 Psal.
1568 1152 1665 1176 xum,
1683 1145 1730 1171 15.
