1946 3194
192 90 260 119 ηις
726 82 864 111 LEONTII
884 79 1112 109 nummum
1132 80 1284 109 EPISCOPI
1747 81 1829 112 toto

200 196 1107 210 ______________________________

597 366 986 424 PRO(EMIUM
1028 364 1163 421 AUC
1174 365 1406 424 TORIS.

239 742 352 770 Intentio
367 742 473 777 quidem
491 750 540 770 una
552 747 595 770 est
609 747 698 770 nostra
710 748 813 776 quoque
827 745 854 767 et
865 747 955 767 eorutn
970 739 1013 774 qui
1024 744 1086 767 ante
1097 747 1144 766 uos
1157 739 1264 766 fuerunt
1276 741 1465 774 studiosorum,
1477 746 1503 769 et
1518 747 1672 770 sanctorum
1687 744 1822 776 vimrutn.

201 797 282 824 super
295 790 419 824 prtesenti
433 788 612 817 memorabilis
628 788 675 814 viri
694 787 760 814 Vitae
773 786 940 817 narratione;
957 785 982 812 id
1004 789 1061 818 est,
1075 791 1104 811 ttt
1115 792 1147 812 ex
1165 786 1214 812 hoc
1235 785 1357 812 omnibus
1369 786 1473 820 quidem
1488 786 1600 813 imitatio
1617 788 1660 821 pia
1675 793 1705 815 et
1721 789 1824 816 utilitas

201 834 256 866 list,
271 834 354 868 gloria
369 840 457 862 autem
471 840 497 861 et
513 833 708 868 magnificentia
733 837 832 859 sancta:
854 836 880 859 et
900 831 1040 858 adorandae
1056 830 1179 857 Trinitati
1192 831 1337 863 referatur;
1351 836 1377 858 et
1392 832 1418 857 in
1432 831 1493 863 hoc,
1509 832 1577 858 sicut
1591 837 1619 859 et
1638 833 1666 859 in
1682 835 1822 865 omnibus,

200 886 259 912 quae
273 886 379 913 semper
394 880 419 906 in
435 879 632 914 generationem
648 883 675 905 et
688 878 884 912 generationem
901 876 1004 909 propria
1019 876 1159 903 luminaria
1171 876 1296 908 ostendit,
1307 876 1339 902 ad
1356 876 1542 903 illuminandos
1557 877 1600 910 qui
1619 879 1645 904 in
1664 878 1787 905 tenebris
1797 884 1823 906 et

199 924 225 950 in
241 924 332 952 umbra
347 925 441 951 mortis
455 924 549 952 sedent
561 922 639 958 (Luc.
657 923 676 957 t)
691 927 718 949 et
733 921 841 956 peccati.
866 921 993 954 Quoniam
1007 928 1070 946 vero
1084 920 1161 946 amici
1177 920 1275 946 Christi
1289 927 1342 946 non
1357 921 1432 947 valde
1444 921 1584 953 miramur,
1598 922 1642 956 qui
1656 928 1723 949 ante
1738 931 1822 957 gene-

199 970 329 996 rationem
350 974 466 996 nostram
492 969 597 996 ftterunt
621 969 681 1000 viri,
695 969 739 1002 qui
753 968 806 994 Deo
823 967 914 1000 placita
936 966 1136 993 conversatione
1160 966 1295 998 vixerunt;
1310 966 1356 992 sed
1377 966 1411 993 de
1425 966 1554 993 diabolica
1574 969 1737 1001 operatione
1765 970 1824 996 illos

200 1020 337 1041 sermones
351 1022 456 1048 semper
468 1014 580 1041 dicimus
594 1014 626 1040 ad
641 1014 806 1045 alterutrum,
819 1014 877 1046 quia
892 1013 940 1039 sub
955 1012 1018 1038 viris
1033 1012 1076 1046 qui
1089 1016 1150 1037 ante
1165 1018 1213 1037 nos
1226 1011 1343 1043 fuerunt,
1355 1019 1406 1037 non
1419 1016 1476 1038 erat
1490 1013 1525 1038 ita
1539 1012 1666 1045 iniquitas
1678 1013 1822 1040 hominum

200 1059 368 1093 multiplicata
384 1060 453 1086 sicut
466 1060 554 1092 modo,
571 1064 598 1086 ut
612 1059 733 1093 prmdixit
749 1060 834 1085 divina
850 1059 994 1090 Scriptura,
1010 1065 1042 1084 eo
1056 1058 1126 1091 quod
1147 1057 1288 1084 abundavit
1304 1057 1437 1091 iniquitas,
1453 1058 1601 1092 refrigescit
1616 1059 1740 1086 charitas
1756 1062 1821 1086 mul-

199 1107 284 1130 torum
301 1103 405 1138 (Matth.
422 1104 512 1139 xxiv);
529 1104 589 1130 ideo
602 1112 653 1130 non
670 1103 787 1130 valemus
801 1104 832 1129 ad
846 1111 938 1129 eorum
963 1110 1128 1135 consurgere,
1136 1102 1256 1128 merituttt
1271 1111 1277 1128 :
1291 1103 1368 1134 huius
1383 1104 1421 1129 rei
1434 1104 1516 1137 gratia
1533 1104 1564 1129 ad
1577 1111 1742 1137 praesentem
1759 1113 1822 1132 san-

200 1150 249 1173 ctae
264 1146 342 1181 hujus
358 1146 424 1174 Vita:
435 1148 613 1175 narrationem
629 1156 662 1175 ex
674 1153 748 1182 parte
762 1149 881 1175 venimus
896 1148 927 1173 ad
943 1147 1134 1174 ostendendum
1149 1148 1228 1173 etiam
1244 1146 1336 1174 diebus
1350 1149 1447 1175 nostris
1464 1149 1592 1179 volentes,
1609 1154 1635 1175 et
1650 1151 1823 1182 propositum

202 1198 278 1217 suum
292 1196 428 1226 cogentes,
441 1193 651 1220 excellentiores
668 1192 742 1219 nobis
758 1193 943 1224 demonstrari,
957 1196 984 1217 et
998 1196 1135 1225 angustant
1156 1197 1181 1218 et
1197 1196 1295 1217 arctam
1311 1193 1378 1218 viam
1395 1200 1472 1226 posse
1493 1193 1616 1219 incedere
1632 1192 1749 1227 (Matth.
1766 1198 1815 1226 vn)

198 1241 228 1264 et
241 1238 380 1265 obstruere
394 1247 425 1266 os
440 1239 601 1272 loquentium
617 1241 703 1274 iniqua
716 1240 800 1274 (Pral.
817 1239 898 1273 uti),
915 1245 941 1265 et
955 1240 1050 1265 anitum
1065 1247 1163 1265 nocuos
1176 1239 1335 1267 intellectus.

239 1282 294 1309 1am
310 1285 414 1317 quidem
430 1289 457 1311 et
470 1284 516 1311 alii
528 1289 590 1311 ante
612 1293 660 1311 ttos
675 1286 772 1318 optitna
798 1290 876 1318 atque
898 1285 1121 1311 excellentissima
1142 1284 1174 1311 de
1196 1284 1245 1310 hoc
1260 1285 1406 1311 admirabili
1427 1285 1484 1311 viro
1504 1289 1530 1311 et
1546 1293 1651 1312 stunmo
1678 1285 1824 1311 sacerdote

200 1328 301 1354 Joanne
318 1329 492 1362 philosophati
513 1335 587 1359 sunt.
604 1335 723 1363 pntcntcs
745 1330 888 1356 existentes
902 1330 927 1355 in
943 1338 1022 1363 opere
1037 1334 1063 1355 et
1078 1330 1103 1356 itt
1124 1337 1257 1356 sermone.
1280 1330 1344 1356 Dico
1358 1330 1427 1355 enim
1443 1330 1571 1356 Joannem
1586 1334 1614 1354 et
1633 1330 1822 1362 Sophrottiutn

201 1374 242 1409 (8)
259 1375 304 1401 Dei
320 1375 620 1407 cullores,etamatores
634 1375 769 1405 virtutum,
785 1381 810 1401 et
826 1375 932 1408 pietatis
946 1383 1168 1409 propugnatores;
1185 1380 1302 1402 attamen
1314 1376 1432 1408 quamvis
1444 1376 1508 1401 tales
1522 1380 1621 1405 essent,
1635 1376 1671 1401 de
1686 1375 1823 1408 dignitate

199 1424 227 1447 et
237 1420 332 1446 merito
346 1420 423 1446 stttdii
438 1419 485 1446 \iri
502 1421 576 1446 istius
592 1425 618 1446 et
638 1419 685 1452 ipsi
700 1420 847 1445 omiserunt
860 1439 867 1448 ,
880 1424 906 1445 et
922 1420 1032 1452 idtpsuut
1051 1420 1166 1453 perpessi
1187 1425 1259 1450 sunt,
1274 1421 1342 1453 quod
1358 1419 1475 1445 nonnulli
1489 1419 1599 1445 studiosi
1621 1420 1763 1452 agricolr,
1781 1420 1822 1444 vi—

200 1471 276 1490 neam
292 1464 400 1490 uberem
416 1469 442 1490 et
459 1463 621 1490 fructuosam
636 1465 844 1495 vintleiniautcs;
860 1459 918 1489 nam
936 1465 1085 1497 relinquunt
1101 1465 1190 1497 utique
1205 1471 1235 1490 ex
1251 1464 1333 1490 fructu
1347 1464 1567 1494 benedirtionem.
1584 1466 1663 1490 etiam
1681 1465 1822 1494 nolentes,

198 1513 270 1534 retro
286 1515 315 1534 se
330 1508 502 1541 sequentibus
518 1508 606 1541 egenis
620 1509 778 1543 eligentibns
794 1509 914 1541 vineam,
929 1516 960 1534 cx
977 1509 1071 1541 quibus
1090 1516 1181 1535 sui-tus
1195 1515 1221 1535 et
1237 1516 1284 1535 nos
1300 1509 1411 1535 minimi.
1435 1509 1498 1535 Nam
1514 1515 1539 1536 et
1554 1516 1646 1535 omnes
1659 1510 1748 1535 sancti
1764 1510 1825 1542 isti,

198 1556 320 1589 quamvis
333 1556 402 1581 omni
417 1555 571 1581 fortitudine
586 1563 631 1581 sua
645 1555 804 1582 fructiferam
821 1555 887 1581 hanc
899 1555 1006 1586 olivam,
1019 1562 1077 1588 quae
1091 1555 1115 1580 itt
1130 1555 1207 1581 domo
1220 1555 1276 1585 Dei,
1289 1560 1315 1580 ut
1329 1555 1365 1581 ait
1378 1554 1515 1581 Psaltuista
1529 1554 1615 1588 (Psal.
1630 1554 1675 1591 ιι),
1693 1559 1826 1589 manu”;

198 1604 248 1633 est,
266 1605 371 1632 propter
387 1600 544 1633 multiplices
560 1608 651 1627 revera
674 1601 768 1632 olivas,
788 1608 847 1634 qua:
862 1600 888 1626 itt
903 1607 933 1626 ea
947 1605 1024 1632 sunt,
1040 1602 1098 1627 zelo
1116 1601 1161 1626 Dei
1185 1600 1346 1626 vindemiare
1368 1600 1527 1631 studuerint,
1542 1606 1656 1630 attamen
1672 1604 1755 1630 latuit
1770 1612 1827 1631 eos

198 1644 296 1671 multus
312 1645 387 1671 oliva:
402 1643 513 1676 fructus,
524 1644 635 1671 Domino
649 1645 827 1678 dispensante.
837 1644 956 1670 Nostram
969 1651 1032 1675 ergo
1041 1645 1119 1670 Vlietll
1132 1648 1158 1670 et
1172 1643 1291 1677 frigidam
1304 1645 1465 1670 alacritatem
1477 1647 1614 1680 suscipite_
1623 1652 1650 1673 υι
1660 1648 1713 1673 duo
1727 1647 1827 1674 τῇάυε

198 1689 299 1716 minuta
314 1688 401 1724 (Luca:
416 1695 487 1721 xxt);
505 1697 556 1716 non
572 1690 639 1716 enim
656 1690 707 1717 illis
722 1690 911 1722 detrahentes,
927 1696 1011 1722 neque
1028 1689 1070 1722 qui
1087 1689 1217 1722 possimus
1230 1695 1320 1713 eorum
1336 1696 1349 1713 a
1367 1688 1420 1715 Deo
1432 1689 1557 1718 donatam
1580 1693 1744 1724 sapientiam
1762 1693 1827 1719 inti-

198 1734 259 1766 tari,
271 1734 334 1768 justi
349 1738 421 1767 gesta
438 1734 574 1768 scriptura:
590 1734 695 1760 tradere
709 1733 908 1765 restium-imus;
924 1733 968 1759 sed
987 1733 1071 1765 primo
1086 1732 1192 1765 quidem
1207 1737 1234 1758 ut
1252 1732 1320 1765 quod
1335 1733 1505 1768 intelligimus
1519 1744 1569 1761 nutt
1583 1737 1684 1769 justum
1698 1744 1776 1767 esse.
1792 1744 1826 1764 α

199 1785 259 1813 quas
273 1782 384 1814 possunt
405 1778 544 1805 utilitatem
560 1779 724 1804 audientibus
747 1777 842 1808 facere,
858 1778 964 1803 silentio
986 1777 1138 1807 occultare;
1154 1785 1186 1802 ne
1200 1781 1225 1802 et
1243 1784 1293 1803 nos
1309 1777 1454 1804 incidamus
1467 1781 1493 1805 in
1511 1781 1634 1811 indit-inm
1656 1782 1730 1807 servi
1746 1782 1826 1808 illius

204 1823 314 1858 (Matth.
330 1825 402 1857 xxv),
415 1823 458 1857 qui
500 1823 632 1851 talentum
666 1824 693 1850 in
725 1827 798 1850 tt-rra
840 1822 988 1848 altswndit.
1003 1821 1124 1848 Secundo
1135 1826 1230 1855 autem,
1247 1826 1277 1848 ut
1291 1822 1316 1848 in
1332 1822 1380 1848 ltac
1393 1823 1543 1848 narratione
1559 1826 1649 1848 nostra
1664 1825 1826 1849 correctio-

204 1876 248 1894 res
260 1871 287 1894 et
301 1867 470 1894 delectabiles
496 1866 613 1892 historia:
635 1865 841 1896 conscribuntur,
859 1873 916 1897 qum
936 1865 1040 1898 scripta:
1055 1874 1107 1891 non
1122 1869 1182 1891 sunt
1202 1866 1234 1891 ab
1251 1866 1358 1898 optimis
1380 1866 1453 1896 viris,
1471 1866 1494 1890 in
1511 1865 1634 1892 laudibus
1647 1868 1824 1894 sanctissimi

206 1919 295 1938 revera
310 1916 387 1944 atque
398 1910 541 1936 beatissimi
555 1909 673 1936 Joannis.
688 1909 786 1935 Deinde
801 1917 872 1939 vero,
885 1909 944 1943 quia
958 1910 1089 1942 sapientes
1100 1915 1126 1936 et
1136 1914 1254 1944 potentes
1263 1910 1289 1936 itt
1301 1917 1432 1941 sermone,
1445 1914 1576 1936 amatores
1588 1911 1712 1938 historia
1728 1918 1826 1943 erant.

206 1957 339 1990 sapienter
354 1961 379 1982 et
394 1955 542 1981 sublimiter
555 1954 690 1979 materiam
706 1954 882 1988 depinxerunt
895 1962 902 1980 :
915 1954 983 1987 quod
998 1955 1111 1981 maxime
1122 1962 1146 1981 et
1159 1956 1318 1989 peramplius
1330 1958 1414 1983 erexit
1429 1964 1475 1982 nos
1489 1959 1522 1982 ad
1537 1962 1701 1990 praesentem
1720 1961 1828 1985 δοιιιρί-

206 2001 333 2031 tudinem,
348 2005 375 2026 ut
388 2007 419 2026 eo
433 2000 476 2032 qui
491 1999 558 2024 inest
571 1999 656 2029 nonis,
672 1998 796 2032 pedestri,
813 1999 936 2033 deformi,
952 1999 1096 2034 humilique
1118 2001 1271 2036 charactere
1286 2009 1482 2034 enarraretnus,
1495 2007 1523 2029 ut
1538 2009 1630 2037 posset
1644 2009 1673 2031 et
1694 2005 1785 2032 idiota
1800 2012 1828 2033 et

206 2046 264 2072 sine
278 2045 371 2071 litteris
386 2044 419 2071 de
434 2044 474 2070 his
487 2051 544 2078 quae
559 2043 680 2070 dicutttur
696 2043 829 2077 proficere.

72 2934 141 2967 (Ιχ.
1945 2946 1946 2950 ‘

61 2859 236 3143 t‘y:§

0 3025 92 3129 κγ’.-
