1946 3194
198 96 266 125 (Gl!)

722 101 857 129 LEONTII
880 103 1108 131 NhWOLiTANI
1131 104 1284 131 EPISCOPI

1748 108 1818 136 16310

200 161 306 187 mittens
332 166 378 193 per
403 162 482 185 totam
504 158 635 183 civitatem
659 157 765 183 eosdem
794 157 839 183 Dei
865 157 977 188 amicos,
995 161 1017 188 Α
1032 165 1103 186 eum.
1118 167 1150 185 ne
1165 160 1261 191 tardet,
1276 161 1322 187 sed
1338 161 1399 188 illud
1416 162 1553 196 Prophetrc
1569 163 1668 190 dictum
1690 164 1813 198 protinus

200 213 355 233 mconomos
376 209 401 232 et
424 204 596 230 cancelli-rios
612 203 687 236 (i9),
703 209 730 229 ct
753 203 868 236 reliquos
883 203 977 236 quibus

200 256 257 278 crat
272 251 409 284 dispositio
421 249 536 275 civitatis
550 248 659 279 credita,
674 256 724 274 non
741 248 861 282 permisit
873 255 978 274 mensu-

201 304 257 323 ram
272 295 490 328 qualemcunque,
506 293 545 319 vel
560 293 661 327 pondus
677 300 783 326 parvum
800 293 839 319 vel
855 300 977 326 magnum

200 341 225 367 in
240 345 292 366 tota
311 340 431 370 civitate;
448 339 495 365 sed
518 339 606 364 omnia
623 338 648 364 in
672 346 722 363 una
744 339 877 371 Campana
899 341 980 364 state-

200 393 228 411 ra
244 384 313 419 (20),
326 384 413 410 modio
426 389 450 410 et
466 383 555 409 artabe
567 382 635 418 (2|),
649 383 762 408 vendere
777 386 803 408 et
818 389 906 410 emere
918 389 980 408 con-

200 429 353 459 testabatur,
368 429 487 454 scribens
499 428 524 453 in
538 427 731 460 subscriptione
743 434 790 453 sua
800 427 977 453 conditionem

200 480 247 508 per
271 480 380 499 onmem
404 473 558 506 regionem,
585 472 727 497 ΙιῆιιιΊιιίιιιι
754 474 864 497 turmam
890 471 978 498 hanc:

200 526 212 544 I
229 518 345 545 Joannes
360 518 468 543 humilis
486 522 512 543 et
534 518 643 551 exiguus
664 525 755 543 servus
777 525 912 542 servorum
929 517 979 542 Do-

199 563 263 589 mini
286 562 367 588 nostri
392 561 454 588 ,ιι-ευ
477 560 584 592 Christi,
607 561 729 586 onnnhus
750 562 799 586 sub
825 564 979 594 paupertate

200 611 290 634 nostra
305 606 472 639 degentibus.
493 605 588 639 quique
600 604 634 630 ab
653 605 747 631 eodem
763 604 874 631 Domino
887 608 913 632 et
925 604 979 630 Deo

199 656 290 677 nostro
304 650 436 684 regimini,
453 650 509 676 huic
521 658 527 675 :
543 650 654 683 Egregie
665 649 742 676 beato
754 650 847 681 Paulo,
862 657 908 682 per
917 657 977 676 eum

199 696 244 730 qui
258 696 284 722 in
297 703 330 721 eo
345 696 511 729 loquebatur,
524 695 658 724 Christum
670 695 781 728 jubente
792 715 799 726 ,
812 700 840 722 et
855 695 979 722 oninibus

199 741 284 775 legem
309 745 433 774 ponente,
450 740 560 767 Obedite
575 740 723 773 praepes-itis
737 739 830 767 vestris
845 744 872 766 et
890 740 979 774 subje-

199 786 322 817 ceteeis;
336 786 385 819 ipsi
398 785 469 812 enim
486 785 659 818 pervigilant,
681 785 757 819 quasi
782 785 910 812 rationem
930 792 979 818 pro

1028 203 1295 231 exclamamuszcuo
1317 208 1444 240 anticipet
1467 216 1514 234 nos
1541 209 1723 235 misericordia
1748 214 1813 242 tua,

1029 246 1138 273 Domine
1153 248 1237 282 (Pint.
1257 251 1384 284 Lxxvnt);
1402 252 1553 285 quomodo,
1576 257 1669 286 putas,
1685 261 1734 280 nos
1746 261 1815 281 con-

1028 298 1164 319 servorum
1175 299 1324 322 nnstrorum
1338 297 1476 330 petitiones
1487 305 1547 323 cutn
1559 298 1631 324 omni
1644 298 1817 326 festinatione

1029 337 1156 366 debemus
1166 348 1305 374 peragere,
1318 350 1448 369 memores
1457 343 1559 369 Domini
1570 343 1683 370 dicentis
1698 353 1704 370 :
1722 345 1748 370 In
1761 353 1814 376 qua

1029 390 1151 415 mensura
1167 387 1249 412 mensi
1262 387 1373 417 fueritis,
1387 388 1540 414 remetietur
1551 388 1625 415 vobis
1637 388 1743 422 (Matth.
1752 391 1814 420 vn).

1031 428 1064 454 Et
1094 429 1232 462 Propheta:
1254 431 1347 456 iturum
1375 432 1535 464 perltihentis
1553 440 1560 457 ε
1582 433 1816 464 Quemadmodum

1029 473 1173 505 pcrfecisti.
1190 475 1242 500 erit
1258 475 1304 501 tibi
1314 476 1325 501 Υ
1337 476 1392 502 Una
1404 484 1467 510 ergo
1478 477 1581 503 dierum
1590 478 1668 503 simili
1684 478 1766 503 modo
1776 479 1818 505 hic

1031 517 1161 544 mirabilis
1177 520 1333 551 procedens.
1343 525 1371 546 et
1382 522 1406 546 in
1418 522 1495 548 solito
1506 522 1563 548 loco
1576 522 1720 550 t-rzesidens
1730 530 1819 556 usque

1030 560 1061 586 ad
1079 561 1169 587 horam
1192 564 1329 596 quintam,
1354 570 1379 591 et
1402 568 1508 592 nemine
1523 566 1686 597 accedente,
1704 557 1820 594 maestus

1030 608 1056 630 et
1070 605 1264 640 collacrytnans
1281 609 1403 640 recessit;
1420 610 1494 636 nullo
1517 615 1604 635 autem
1626 610 1743 637 audente
1756 618 1820 638 eum

1030 649 1198 684 interrogare
1209 659 1314 678 causam
1330 655 1461 686 meroris,
1477 658 1584 680 sanctus
1600 654 1773 687 Sophronius
1785 656 1821 682 ait

1029 693 1062 719 ad
1076 701 1136 720 eum
1151 702 1254 722 secreto
1268 697 1332 730 (illic
1343 698 1413 723 enim
1426 700 1585 733 erattunc):
1599 699 1661 732 Qua
1671 707 1754 727 causa
1766 706 1820 732 est,

1030 738 1078 765 Dei
1092 745 1209 773 curator,
1223 742 1360 768 retinentis
1373 743 1490 769 animum
1504 748 1578 770 tuum
1592 749 1718 772 sanctum
1734 746 1821 773 tristi—

1030 784 1091 810 tiae?
1100 791 1192 812 omnes
1202 786 1300 820 quippe
1310 794 1358 813 nos
1371 793 1481 821 repente
1490 789 1669 817 conturbavit.
1683 790 1736 823 Qui
1750 791 1821 817 dixit

199 830 337 858 animabus
351 829 447 857 vestris
471 829 597 856 reddituri
614 829 706 864 (Hebr.
722 831 778 863 xm)
794 838 800 854 :
816 829 900 856 credit
918 834 978 856 tan-
996 833 1018 862 Β
1031 829 1055 856 ei
1072 835 1208 858 mansueta
1224 839 1307 859 voce:
1325 832 1406 860 Hodie
1421 834 1478 868 (23)
1494 834 1603 862 humilia
1617 834 1740 862 Joannes
1752 844 1822 870 qua-

201 875 293 903 tillitas
309 882 379 906 mea,
394 875 474 901 verbo
493 875 582 901 divino
601 875 755 902 obedientes
771 883 833 907 vos,
846 876 980 909 suscipere

201 922 341 956 petitiones
354 927 460 950 nostras
472 926 499 948 ut
513 929 546 949 ex
562 922 625 952 Deo,
635 927 722 949 etnon
734 930 765 949 ex
776 922 899 954 homine;
911 922 981 949 unde

201 967 251 993 hoc
265 967 352 994 sciens
364 987 372 998 ,
388 974 485 994 moneo
497 967 653 994 charitatem
669 973 782 994 vestram
796 989 803 1000 ,
828 972 856 994 ut
879 974 979 1001 nequa-

202 1018 280 1044 quam
304 1011 331 1037 in
355 1012 477 1045 quopiam
505 1017 621 1038 vestrum
647 1017 773 1044 appareat
798 1012 979 1045 hujuscemodi

202 1057 393 1088 prevaricatio.
411 1057 543 1091 Denique,
560 1062 587 1084 ut
601 1059 637 1083 ait
652 1057 741 1084 divina
753 1058 888 1091 Scriptura
900 1078 907 1090 ,
922 1059 980 1085 Sla-

202 1108 284 1130 tcram
296 1111 415 1139 magnam
428 1108 455 1132 ot
464 1112 569 1137 partam
583 1104 643 1131 odio
657 1104 735 1131 habet
749 1104 816 1131 Deus
829 1103 919 1137 (Prov.
931 1103 980 1137 χι).

202 1151 227 1177 Si
247 1159 308 1178 vero
323 1152 382 1184 quis
398 1151 549 1185 apparuerit
564 1157 623 1185 post
637 1156 794 1186 praesentem
808 1150 982 1183 subscriptiov

203 1198 243 1224 nis
256 1201 352 1222 nostrae
363 1195 555 1227 conditionem.
572 1196 720 1223 istiusmodi
735 1197 837 1223 crimen
851 1196 980 1225 incidens.

202 1242 338 1268 universas
353 1242 490 1270 facultates
509 1249 570 1269 suas
593 1243 769 1277 indigentibus
780 1263 788 1275 ,
805 1250 855 1268 non
870 1243 961 1269 volens
974 1264 980 1275 ,

202 1288 259 1313 sine
273 1287 405 1318 mercede,
420 1291 543 1319 apponet.
561 1296 570 1312 ›
586 1287 664 1320 Ergo,
679 1293 706 1314 ut
721 1288 826 1320 dignum
841 1289 980 1320 memoria,

201 1335 229 1357 et
244 1330 295 1357 hoc
309 1330 394 1364 ipsum
410 1330 543 1365 publicum
558 1337 718 1365 praccplum
736 1332 777 1357 hic
787 1329 892 1365 ponere
909 1333 981 1358 festi-

202 1382 331 1402 “HVJIMS.

238 1419 302 1446 CAP.
318 1419 361 1446 IV.
376 1433 410 1440 —-
426 1419 544 1446 Relatum
560 1424 602 1447 e~t
613 1425 701 1446 autem
717 1420 857 1454 aliquando
870 1421 927 1445 huic
941 1421 981 1446 di-

203 1464 302 1490 vinitus
315 1464 472 1497 sapientiam
486 1470 639 1495 consecuto,
657 1464 726 1496 quod
742 1472 788 1498 per
803 1464 878 1491 xenia
893 1464 979 1490 eccle-

1031 874 1188 910 letncunque
1202 877 1351 903 mercedem
1369 885 1383 904 a
1398 885 1521 912 quopiam
1539 886 1591 905 non
1608 879 1716 911 habuit.
1731 888 1820 914 neque

1031 920 1135 947 Christo
1149 928 1197 955 pro
1214 921 1359 949 innumeris
1372 925 1488 957 peccatis
1502 923 1559 957 ejus
1576 924 1677 958 aliquid
1693 925 1816 956 obtulit,

1034 965 1102 992 sicut
1120 973 1169 993 nec
1181 967 1332 1001 aliquando.
1349 969 1396 995 Cui
1410 973 1518 996 sanctus
1532 970 1702 1004 Sophronius
1721 971 1822 998 divini-

1031 1016 1073 1038 tus
1087 1012 1228 1045 inspiratus
1240 1034 1246 1045 ,
1265 1015 1402 1047 respondit
1417 1015 1489 1050 (mox
1511 1016 1582 1042 enim
1597 1015 1730 1043 intellexit
1757 1025 1822 1043 caa-

1031 1064 1087 1083 sam
1109 1057 1143 1083 ob
1166 1065 1244 1091 quam
1268 1059 1338 1084 idem
1363 1058 1516 1085 tristabatur
1536 1059 1717 1093 patriarcha):
1734 1060 1824 1087 Hodie

1031 1102 1136 1136 quidem
1148 1102 1263 1135 gaudere
1287 1105 1314 1128 et
1345 1102 1430 1131 laetari
1476 1106 1608 1139 oportet,
1645 1104 1823 1135 beatissime;

1032 1148 1162 1173 veraciter
1176 1147 1246 1173 enim
1260 1147 1428 1175 beatissimus
1441 1155 1470 1175 es
1482 1170 1489 1181 ,
1505 1149 1540 1174 ita
1557 1149 1701 1182 paciflcans
1714 1157 1728 1175 a
1742 1150 1825 1176 Chri-

1032 1196 1073 1217 sto
1086 1192 1215 1218 creditum
1232 1193 1276 1218 tibi
1292 1200 1415 1227 gregem,
1440 1198 1467 1219 ut
1489 1193 1586 1219 nullam
1610 1194 1711 1221 habeat
1725 1201 1825 1221 contra

1033 1237 1183 1270 proximum
1205 1244 1282 1263 suum
1307 1237 1378 1263 litem
1406 1242 1451 1263 aut
1472 1238 1648 1270 dubietatem,
1676 1239 1727 1265 sed
1748 1240 1825 1266 velut

1032 1284 1140 1318 angelos
1154 1284 1211 1311 sine
1226 1284 1310 1319 litigio
1320 1289 1346 1310 et
1360 1284 1417 1311 sine
1430 1284 1531 1318 jutlitio
1547 1285 1669 1312 homines
1694 1293 1759 1314 esse
1783 1287 1823 1312 fe-

1032 1328 1102 1353 cisti.
1121 1328 1166 1354 ll‘e
1189 1333 1276 1355 atttem
1300 1336 1362 1356 vere
1382 1330 1454 1356 mitis
1478 1335 1578 1363 pastor,
1605 1333 1724 1357 credens
1750 1333 1824 1363 quod

1033 1373 1131 1399 dictum
1147 1379 1203 1400 erat
1217 1381 1312 1401 verum
1323 1383 1393 1409 esse,
1405 1377 1496 1402 oculos
1509 1377 1534 1402 in
1548 1377 1646 1403 caelum
1659 1377 1826 1409 extendens,

1034 1417 1136 1444 dicebat
1151 1426 1158 1444 :
1173 1417 1277 1445 Gratias
1291 1427 1341 1453 ago
1355 1420 1418 1452 tibi,
1434 1420 1501 1447 Dens
1512 1440 1520 1452 ,
1542 1421 1602 1455 quia
1615 1426 1643 1448 et
1659 1422 1824 1448 immeritam

1034 1463 1275 1495 pusillanimitatetn
1291 1472 1376 1491 meam
1393 1465 1542 1492 sacerdotio
1559 1465 1629 1500 fungi
1643 1487 1650 1497 ,
1663 1471 1692 1493 ct
1704 1474 1748 1493 me
1764 1468 1826 1493 exi-

204 1510 250 1535 site
262 1514 379 1535 rectores
391 1510 469 1542 empti
485 1516 611 1542 personas
625 1510 774 1542 acciperent
789 1509 857 1534 circa
870 1510 983 1541 disposi-
996 1502 1019 1533 C
1036 1515 1114 1541 gutum
1129 1512 1155 1534 et
1170 1514 1333 1542 peccatorem
1347 1528 1354 1540 ,
1378 1510 1542 1536 sacerdotem
1567 1514 1641 1536 tuum
1666 1511 1759 1537 vocari
1770 1532 1778 1541 ,
1800 1518 1828 1537 et

206 1554 291 1581 tiones
304 1554 478 1587 captivorum.
491 1553 563 1585 Quos
574 1553 638 1580 nihil
652 1554 793 1587 negligens,
809 1556 962 1580 convocavit
975 1563 982 1586 ;

204 1602 230 1624 et
243 1599 374 1626 neminem
391 1598 494 1631 penitus
506 1606 674 1632 exasperans,
689 1599 984 1631 supcrauxitmert-e-tps

205 1650 262 1676 qum
287 1644 327 1670 eis
350 1643 421 1677 prius
434 1644 573 1676 dabantur,
597 1650 697 1675 ponens
710 1644 835 1676 verbum,
856 1648 983 1675 quati-nus

206 1697 313 1717 munera
328 1698 342 1718 a
355 1691 474 1723 quolibet
484 1690 644 1717 omnimodis
660 1698 710 1716 n-in
723 1691 878 1722 acciperent
891 1698 896 1716 :
913 1690 983 1722 Quo-

205 1736 289 1767 niam,
306 1736 406 1770 inquit,
422 1737 489 1770 ignis
504 1741 643 1763 consumet
662 1731 757 1762 domos
780 1743 888 1762 munera
913 1736 983 1762 acci-

207 1782 343 1815 piintinm.
358 1783 393 1808 Ex
409 1787 472 1810 tunc
491 1782 569 1816 igitur
584 1790 630 1815 per
642 1782 754 1816 gratiam
770 1782 815 1808 Dei
834 1781 985 1808 abundave-

207 1832 268 1853 runt
282 1827 376 1854 (b-r'nus
391 1835 491 1859 eorum,
509 1828 543 1854 ita
559 1832 587 1853 ut
601 1827 706 1861 quidam
722 1835 756 1854 ex
771 1829 810 1854 eis
824 1827 920 1853 additae
935 1826 985 1853 sibi

207 1873 338 1899 mercedis
350 1874 522 1906 quantitatem
538 1872 708 1899 dimitterent.
749 1907 752 1910 ί

240 1916 305 1944 Car.
322 1916 353 1944 V.
367 1932 402 1937 —
415 1917 522 1944 Discens
535 1924 595 1943 vero
609 1917 750 1950 aliquando
769 1917 866 1943 iterum
886 1916 930 1943 ille
946 1921 986 1943 ter

206 1961 290 1993 dives,
305 1962 374 1995 quod
389 1962 493 1995 quidam
510 1962 631 1992 injuriam
649 1966 801 1995 paterentur
814 1963 848 1987 ab
862 1961 987 1988 adversa-

208 2007 254 2032 riis
266 2007 331 2038 suis,
344 2012 370 2034 et
385 2009 502 2033 volentes
523 2007 597 2034 adire
611 2014 685 2039 eum,
703 2007 798 2034 timore
811 2008 984 2034 cancellario-

207 2063 265 2082 rum
280 2054 436 2082 etecclesitn
447 2054 614 2081 defensorum
634 2054 690 2089 (‘22)
711 2060 790 2088 atque
803 2055 828 2081 ei
844 2055 985 2081 astantium

208 2100 421 2134 prohiberentur.
434 2099 609 2126 consideravit
626 2100 678 2126 tale
697 2100 759 2134 quid
775 2100 830 2126 Deo
848 2105 985 2134 acceptum

207 2146 357 2181 negotium;
372 2152 399 2172 et
422 2149 513 2178 quarta
533 2150 559 2171 et
583 2149 657 2171 sexta
674 2145 739 2171 feria
761 2144 866 2178 publice
885 2152 986 2177 ponens

1036 1559 1144 1586 pascere
1160 1554 1342 1581 rationabilem
1358 1562 1464 1589 gregem
1480 1560 1554 1582 tuum
1569 1555 1687 1590 dignatus
1703 1564 1745 1582 es.
1759 1557 1830 1583 Mox

1021 1604 1098 1631 -ergo
1112 1598 1326 1631 pusillanimitate
1341 1600 1412 1626 omni
1427 1600 1547 1633 deposita
1558 1620 1565 1632 ,
1588 1600 1708 1634 gaudium
1723 1599 1751 1626 in
1770 1600 1829 1626 hu-

1036 1642 1146 1669 militate
1166 1644 1276 1670 multum
1301 1643 1337 1670 illi
1359 1638 1452 1670 adfuit;
1471 1645 1544 1671 lltinc
1570 1652 1632 1672 vero
1654 1647 1697 1678 (ut
1710 1645 1829 1679 quidam

1036 1686 1120 1721 aiunt)
1142 1687 1167 1714 in
1184 1688 1235 1715 hoc
1256 1688 1375 1715 imitatus
1397 1694 1437 1715 est
1456 1689 1667 1721 Constantinus,
1692 1690 1738 1723 qui
1767 1697 1831 1723 post

1036 1731 1185 1759 Heracliam
1200 1733 1384 1766 imperatorem
1398 1735 1499 1761 exstitit
1509 1754 1517 1766 ,
1534 1735 1610 1769 cujus
1626 1739 1654 1762 et
1666 1735 1739 1761 ﬁlius
1756 1742 1832 1764 erat.

1070 1776 1134 1803 Car.
1148 1776 1192 1804 Vl.
1205 1791 1241 1797 —
1255 1777 1338 1812 Hujus
1359 1778 1444 1805 sancti
1468 1779 1629 1812 patriarcha:
1655 1781 1831 1813 terriporihu.~

1036 1822 1209 1849 ascendentes
1227 1822 1315 1850 Persa:
1333 1822 1389 1857 (ει)
1401 1823 1599 1858 captivaverunt
1622 1828 1650 1851 ct
1673 1825 1831 1858 depfl‘dall

1036 1872 1097 1894 sunt
1118 1867 1234 1902 Syriam.
1258 1868 1351 1902 Itaque
1376 1876 1444 1903 pene
1470 1876 1564 1896 omnes
1589 1872 1633 1902 qui
1659 1870 1831 1904 el‘ogiebant

1037 1920 1130 1939 manus
1145 1913 1294 1945 Persarum,
1307 1913 1340 1940 ad
1351 1919 1445 1941 nomen
1458 1915 1536 1948 hujus
1547 1920 1587 1941 ter
1598 1915 1681 1946 benti,
1698 1920 1832 1949 tanquam

1036 1959 1067 1984 ad
1083 1964 1185 1992 portum
1213 1960 1272 1986 sine
1296 1959 1374 1986 fluctu
1389 1960 1578 1991 aceurrebant,
1601 1961 1634 1987 ab
1659 1968 1695 1987 eo
1721 1968 1751 1987 et
1781 1963 1832 1994 ipsi

1036 2004 1160 2038 suffragio
1184 2009 1211 2031 et
1233 2006 1400 2039 susceptione
1425 2006 1523 2039 perfrui
1550 2006 1731 2040 postulantes.
1756 2008 1833 2041 Quos

1037 2050 1130 2076 beatus
1145 2050 1195 2077 iste
1215 2051 1330 2084 hospitio
1346 2052 1502 2085 recipiebat,
1520 2056 1546 2079 et
1562 2053 1760 2078 consolabatur
1778 2062 1834 2079 nun

1038 2098 1160 2126 tanquam
1175 2095 1301 2128 captivos,
1316 2095 1361 2121 sed
1373 2095 1447 2128 quasi
1460 2101 1552 2122 natura
1564 2097 1698 2123 veraciter
1713 2097 1833 2126 fratres.

1037 2138 1166 2164 Continuo
1179 2146 1242 2172 ergo
1258 2139 1375 2173 plagatos
1390 2141 1495 2173 quidem
1508 2145 1535 2166 et
1551 2140 1673 2167 infirtuos
1696 2142 1721 2167 in
1742 2149 1833 2173 xeun-

207 2193 299 2219 sellatu
315 2197 341 2218 et
360 2192 413 2218 duo
425 2199 542 2222 acaum,
558 2191 668 2217 sedi-hat
689 2195 749 2217 ante
764 2191 915 2223 ecclesiam,
928 2191 981 2217 col-

1037 2185 1138 2210 dochiis
1159 2190 1184 2210 et
1205 2186 1363 2211 nosoromiis
1379 2186 1440 2212 fecit
1454 2186 1611 2212 recumbere
1624 2207 1630 2218 ,
1658 2188 1833 2220 prtecipiens

208 2239 318 2270 loquens
331 2237 485 2271 quibusdam
499 2237 613 2264 strenuis
624 2237 699 2269 viris,
712 2241 755 2262 aut
767 2240 856 2263 sancta
868 2236 985 2269 Evange-

207 2281 240 2308 lia
256 2289 308 2314 prta
316 2281 437 2308 manibus
448 2286 553 2312 tenens,
567 2281 667 2308 nullum
680 2281 744 2307 tanti
756 2281 874 2315 obsequii
888 2287 984 2314 appro-

206 2327 333 2360 pinquare
354 2326 404 2354 sibi
431 2326 605 2359 permittens,
630 2330 741 2358 excepto
766 2333 819 2352 uno
845 2325 983 2353 defensore

202 2372 333 2402 ecclesize.
349 2372 482 2398 licentiam
497 2376 523 2397 et
538 2372 724 2398 confidentiam
738 2371 801 2398 dare
817 2372 945 2398 festinans
955 2379 985 2399 se

202 2417 274 2444 adire
286 2417 450 2449 volentibus;
468 2416 562 2451 quibus
576 2421 602 2442 et
621 2417 761 2443 confestim
783 2417 852 2451 quod
873 2418 979 2451 dignum

201 2466 269 2493 enat,
286 2470 332 2495 per
346 2462 464 2489 ecclesiae
479 2462 633 2488 defensores
649 2460 779 2493 faciebat;
796 2467 823 2489 et
844 2463 981 2496 prmcipie-

202 2507 246 2534 bat
260 2511 289 2534 ut
303 2515 382 2534 nemo
396 2514 486 2534 eorum
500 2511 627 2541 gustaret,
644 2507 814 2541 quoadusque
829 2507 980 2533 ortlinarent

201 2553 355 2587 capitulum.
368 2553 402 2580 Et
419 2552 589 2580 audientibus
609 2552 714 2579 dicebat
726 2560 733 2578 :
745 2552 772 2579 Si
792 2559 839 2578 nos
861 2552 980 2578 homines

199 2598 363 2629 existentes,
387 2598 587 2632 permissionem
613 2604 718 2629 semper
739 2605 786 2630 pro
810 2597 980 2631 petitionibus

201 2645 299 2671 nostris
313 2644 441 2671 habemus
457 2643 619 2677 ingrediendi
634 2643 742 2669 domum
759 2643 815 2676 Dei,
834 2646 861 2669 et
875 2643 979 2676 petitio-

203 2696 250 2715 nes
263 2692 368 2716 nostras
383 2693 458 2715 notas
474 2688 560 2715 facere
575 2688 598 2714 ei
609 2709 615 2719 ,
631 2688 753 2714 videlicet
771 2687 929 2714 intractabili
950 2695 980 2714 ac

201 2733 273 2758 otnni
287 2737 413 2759 creatura:
427 2733 633 2766 supereminenti
643 2753 649 2763 ,
665 2737 744 2766 atque
758 2739 865 2765 operam
885 2731 978 2757 damus

199 2785 254 2814 quo
274 2784 366 2808 preces
380 2783 475 2803 nostrae
499 2778 666 2808 implexutur.
679 2784 727 2804 nec
747 2785 798 2803 nun
811 2781 836 2803 ct
857 2783 982 2806 rogamus

1036 2235 1126 2255 curam
1150 2230 1189 2255 eis
1209 2233 1236 2255 et
1259 2230 1413 2256 medicinam
1435 2231 1519 2263 gratis
1546 2230 1681 2262 impendi;
1707 2238 1738 2257 et
1765 2237 1834 2258 tunc

1036 2273 1171 2303 rei-edere,
1188 2275 1292 2308 quando
1307 2275 1486 2308 unusquisque
1501 2282 1593 2300 eorum
1606 2276 1715 2308 propria
1731 2276 1831 2302 volun-

1036 2323 1089 2345 tatc
1101 2319 1190 2345 vellet.
1209 2319 1305 2345 Eorum
1321 2326 1393 2349 vero,
1410 2319 1452 2351 qui
1467 2326 1528 2344 cum
1544 2319 1599 2344 sani
1614 2323 1708 2344 essent
1719 2324 1752 2345 et.
1763 2328 1831 2353 ege-

1036 2364 1074 2394 ni,
1090 2364 1229 2390 vrniebant
1241 2364 1272 2389 ad
1288 2371 1377 2397 rogam
1393 2363 1460 2398 (25),
1473 2363 1599 2389 masculis
1610 2363 1720 2396 quidem
1730 2365 1831 2399 singu-

1036 2409 1075 2435 las
1096 2409 1204 2442 siliquas
1232 2409 1327 2441 dabat;
1356 2409 1508 2435 mulieribus
1533 2414 1620 2435 autem
1646 2414 1676 2435 et
1706 2412 1845 2442 pttellis‘.

1036 2458 1159 2486 tanquam
1174 2453 1362 2479 infirmioribus
1378 2453 1502 2479 membris
1514 2473 1521 2485 ,
1538 2452 1623 2479 binas.
1640 2452 1831 2480 Venientihns

1035 2506 1122 2528 autem
1138 2501 1292 2535 quibusdatu
1308 2502 1404 2527 indutis
1419 2500 1582 2527 ornamentis
1602 2500 1691 2526 aureis
1710 2505 1742 2526 et
1758 2501 1831 2527 dex-

1036 2546 1154 2578 tralihus,
1171 2552 1196 2573 et
1211 2546 1388 2580 quaerentibus
1404 2545 1784 2579 eleemosynam,referebant
1796 2547 1830 2572 de

1036 2592 1075 2618 eis
1089 2591 1244 2625 patriarchm
1265 2591 1289 2616 hi
1307 2590 1402 2625 quibus
1418 2595 1473 2616 erat
1490 2597 1552 2624 roga
1567 2589 1680 2616 credita.
1694 2590 1739 2616 Ad
1762 2598 1830 2624 quos

1035 2638 1127 2664 beatus
1141 2637 1186 2664 ille
1203 2643 1276 2663 torvo
1289 2636 1365 2663 oculo
1388 2644 1419 2663 ac
1439 2644 1530 2662 sort-ra
1549 2643 1613 2661 voce
1629 2642 1711 2667 usus,
1736 2644 1831 2670 quau-

1034 2691 1111 2717 quam
1128 2683 1198 2710 mitis
1213 2688 1282 2709 esset
1297 2687 1323 2709 et
1338 2683 1409 2710 visus
1425 2682 1532 2711 hilaris,
1556 2683 1642 2707 dixit:
1658 2681 1688 2708 Si
1711 2682 1827 2714 quidem

1035 2729 1141 2755 lnnnilis
1161 2730 1287 2759 Joannis,
1315 2728 1368 2754 imo
1389 2727 1485 2754 Christi
1508 2727 1709 2760 dispensatores
1745 2728 1828 2753 vultis

1035 2782 1104 2805 esse,
1119 2775 1209 2800 divino
1226 2780 1358 2805 pyzccepto
1383 2774 1438 2799 sine
1463 2772 1606 2799 calliditate
1632 2772 1748 2799 obcditc
1760 2793 1768 2804 ,
1786 2774 1827 2801 iti-

0 2817 1946 3146 ὶ-ι--ι
