1946 3194
185 100 251 127 1625

705 97 845 127 LEONTII
864 100 987 126 MLAPUI
996 100 1028 126 -l'l
1040 100 1092 126 .‘tNl
1116 98 1268 127 Ei’lSC‘iI‘l

1734 99 1781 126 l6!
1788 98 1803 127 ι

190 159 274 186 neque
289 159 334 187 per
350 153 451 184 stellas,
466 159 551 186 neque
566 159 612 186 per
628 153 692 184 loca,
708 157 818 186 excepto
832 152 901 186 quod
917 159 963 184 gu-
978 152 1001 180 Α
1015 154 1040 175 et
1054 149 1119 175 dixit
1139 157 1199 176 eis:
1215 152 1282 183 Quot
1299 152 1376 177 libras
1390 151 1498 179 dedistis
1519 152 1553 180 illi
1572 152 1616 187 qtti
1638 151 1670 181 ad
1686 161 1728 181 me
1749 161 1800 182 ac-

192 199 314 225 lternator
330 198 434 224 videbat
454 198 523 223 illum
540 197 711 231 patriarcltatn
726 205 814 224 secum
834 201 965 223 tenentem

192 248 339 274 temonem,
356 249 381 270 et
402 243 534 269 tlircntem
549 242 598 269 sibi
612 251 618 269 :
635 243 671 269 Ne
690 243 793 273 timeas,
808 243 875 269 bene
895 242 966 268 navi-

188 295 243 321 gas.
257 288 335 319 Igitur
355 293 411 321 post
425 288 577 320 vgesiutatn
593 288 661 314 diem
682 288 851 322 apparuimtu
875 287 900 314 in
919 288 961 314 in-

189 332 254 358 sulis
270 332 428 363 Britannice;
446 337 472 357 et
485 331 705 357 descendentibus
720 331 795 357 nobis
812 332 837 357 in
852 335 964 364 terram,

189 377 337 403 invenimus
348 377 401 403 illic
412 377 505 402 famem
518 383 648 408 tttagnam.
659 375 724 402 Cum
735 383 798 410 ergo
808 375 966 404 dixissvmus

191 420 276 453 primo
286 420 409 452 civitatis,
421 421 488 453 quod
505 421 663 447 frumentum
678 421 703 446 in
716 421 773 447 navi
789 426 964 454 portaremus,

188 465 272 492 dixit:
290 466 359 492 Bene
377 465 445 492 Deus
467 465 574 491 adduxit
593 472 649 492 νος.
663 466 794 499 Quidquid
817 467 905 498 vultis,
919 468 967 494 eli-

188 511 257 545 gite;
277 515 322 538 aut
345 519 390 544 per
405 511 521 544 singulos
536 510 638 537 modios
663 511 791 537 unmisma
809 520 905 544 unum,
922 517 967 539 aut

190 553 310 588 ejusdem
326 555 448 588 ponderis
461 553 570 585 accipite
582 559 714 580 stantium.
731 555 862 589 Elegimus
878 557 967 590 itaque

188 601 325 627 diutidittm
341 600 389 631 sic,
403 605 429 626 et
443 599 578 626 dimidium
591 601 638 625 sic.
655 600 718 626 [tem
737 606 823 626 autem
839 602 911 627 vadit
926 602 966 628 di-

188 653 250 672 cure
268 653 364 674 sermo.
388 644 530 677 inexpertis
555 653 693 671 munerum
717 645 761 671 Dei
788 647 966 674 incredibilem

189 691 294 724 quidem
309 695 335 716 et
349 691 406 716 sine
420 690 480 721 ﬁde,
498 690 538 716 his
552 697 615 715 vero
629 691 671 723 qui
686 691 872 723 cxperieulatn
890 692 968 717 mira-

190 735 244 761 culi
258 735 316 768 ejus
336 734 448 767 habent,
465 734 617 760 credibilem
640 740 717 767 atqtte
740 741 883 769 acceptam.
903 736 968 763 Navi

192 783 321 813 praetcrea
344 779 532 805 Alexandriam
553 785 611 804 cum
634 780 728 812 gaudio
748 788 851 807 reversa
867 782 969 815 quievi-

1016 196 1115 220 cessit'!
1128 195 1177 227 Qui
1192 195 1332 222 dixerunt:
1349 197 1468 228 Domine,
1485 205 1511 224 nt
1525 199 1603 231 jussit
1617 200 1799 227 sacratissima

1015 239 1140 265 sanctitas
1163 245 1260 272 vestra,
1280 242 1428 274 quindecim
1448 243 1537 269 libras.
1552 243 1618 270 Cum
1641 250 1730 272 autem
1746 253 1798 272 ro-

1014 287 1145 318 guuvisset
1161 292 1206 318 per
1221 286 1408 313 inhabitantem
1430 288 1455 313 in
1468 295 1497 314 se
1512 289 1624 322 gratiam
1635 310 1642 319 ,
1658 290 1719 316 illos
1733 298 1797 317 esse

1016 330 1151 361 mentitos,
1164 330 1270 357 adducit
1282 339 1341 357 eum
1356 332 1400 365 qui
1413 338 1548 366 acccperal
1558 353 1564 363 ,
1578 338 1605 360 et
1620 335 1797 368 interrogavit

1015 381 1076 401 eum
1098 375 1158 407 quid
1180 376 1341 405 accepisset?
1356 376 1403 402 Illo
1418 384 1481 403 vero
1499 377 1605 404 dicente
1627 380 1745 413 quinque
1769 382 1800 408 li-

1017 419 1088 450 bras,
1105 421 1240 452 ptol‘ereus
1251 420 1284 446 de
1299 421 1451 447 honoranda
1465 429 1543 448 manu
1559 430 1607 449 sna
1623 424 1668 450 ille
1690 431 1802 452 sanctus

1018 463 1151 495 pittacium
1168 464 1236 498 (55),
1251 465 1319 498 quod
1334 465 1384 491 sibi
1401 465 1524 492 traditum
1540 467 1640 497 fuerat,
1654 469 1720 495 dixit
1737 471 1780 496 eis
1791 479 1801 498 :

1018 507 1040 533 A
1056 508 1129 534 vobis
1143 509 1263 541 exquirat
1277 509 1344 535 Deus
1357 514 1385 536 et
1398 510 1441 536 illa
1454 511 1504 536 alia
1523 512 1613 538 decum
1631 516 1803 546 centenario,

1018 552 1140 585 quoniam
1153 553 1175 579 si
1191 553 1331 581 dedissetis
1347 555 1496 588 quindecim
1519 556 1610 589 libras,
1627 564 1652 584 ut
1667 560 1737 586 dixit
1754 562 1806 586 ltu-

1018 597 1116 623 militas
1133 606 1201 629 mea,
1217 599 1261 633 qui
1277 600 1363 626 attulit
1377 601 1492 634 quinque
1513 604 1674 634 centenaria,
1689 607 1804 638 quinde-

1018 642 1068 667 cim
1083 642 1166 669 daret.
1184 643 1216 668 Et
1229 647 1257 669 ut
1268 649 1354 670 certos
1366 653 1412 671 vos
1424 645 1516 671 faciam
1526 666 1532 676 ,
1549 649 1655 674 mittens
1669 650 1805 677 adducant

1018 692 1077 718 qua:
1092 685 1139 712 bas
1159 688 1254 713 attulit.
1274 688 1305 714 Et
1326 690 1432 716 mittens
1452 690 1518 716 duos
1536 694 1703 720 venerabiles
1719 696 1806 727 viros,

1020 733 1048 755 ut
1065 731 1227 757 accersirent
1250 733 1420 760 reverendam
1437 734 1576 768 feminam,
1591 745 1648 769 qua-
1670 739 1697 764 in
1716 740 1807 772 bapti-

1019 775 1100 801 sterio
1125 776 1259 809 pittacium
1280 779 1305 804 ei
1328 786 1496 812 porrexerat,
1512 783 1552 808 cui
1577 787 1603 809 et
1627 784 1749 816 indicat,
1767 786 1808 811 di-

188 830 248 850 mus
268 823 293 850 in
316 823 453 857 Pentapoli
473 823 547 858 (5|);
563 828 589 850 et
607 829 752 857 asportavt
776 827 914 854 nauclerus
934 828 968 854 de
986 823 1005 850 η
1019 828 1103 848 cens:
1121 822 1352 857 Benedictionem,
1372 833 1449 858 quam
1475 827 1543 853 Deus
1566 828 1616 854 sibi
1636 829 1806 858 oﬂereudam

189 869 235 895 illo
250 874 345 896 stauuo
373 873 402 895 ut
416 869 590 895 venumdaret
605 870 675 896 illud.
692 870 808 898 Habebat
822 873 891 899 ettim
915 872 968 900 illic

189 914 323 947 antiquum
347 913 446 940 socium
472 913 498 939 itt
525 914 637 947 negotiis
664 921 794 946 petentem
819 924 850 942 ex
874 917 966 944 eodem

192 963 296 984 stanno.
317 958 364 984 Dat
377 959 399 984 ei
416 958 441 984 in
457 965 533 985 sacco
546 959 620 992 ψωιὶ
634 959 818 994 quinquaginta
834 961 923 988 libras.
937 963 970 989 At

196 1003 239 1029 ille
253 1003 344 1030 volens
366 1003 477 1036 probare
496 1003 611 1036 speciem
626 1004 647 1029 si
664 1005 730 1035 bona
747 1011 832 1036 esset.
847 1007 924 1032 solvit
937 1007 968 1033 il—

191 1048 234 1074 lttd
254 1048 278 1075 in
294 1049 363 1083 igne,
378 1054 404 1075 et
421 1049 519 1075 invenit
539 1056 675 1082 argentum
693 1058 797 1084 purum.
813 1051 970 1085 Putavit-lue

192 1100 221 1118 se
237 1100 295 1119 esse
309 1097 436 1119 tentatum
447 1113 454 1125 ,
470 1097 496 1119 et
514 1093 605 1120 retulit
618 1094 642 1120 ei
657 1101 761 1121 saccum
776 1096 865 1123 dicens
879 1106 885 1123 :
902 1097 971 1125 Deus

193 1139 327 1174 indulgeat
354 1139 411 1165 tibi.
437 1138 556 1172 Nuttquid
581 1139 704 1166 invenisti
733 1148 775 1167 me
803 1142 970 1174 impostorem

194 1192 253 1217 erga
269 1190 304 1216 te,
319 1185 379 1218 quia
395 1185 519 1211 tentattdo
539 1190 675 1219 argentum
700 1194 746 1219 pro
768 1192 862 1214 stanno
876 1190 971 1215 dedisti

196 1230 275 1256 mihi?
290 1230 473 1264 Expavesccus
488 1237 549 1256 vero
569 1230 602 1257 de
623 1238 745 1258 sermone
760 1232 804 1258 illo
819 1234 969 1265 nauclerus,

194 1276 279 1301 dicit:
295 1275 388 1306 Crede,
407 1283 456 1308 ego
479 1283 526 1309 pro
546 1282 640 1303 stauno
665 1277 728 1303 illud
751 1278 845 1305 habeo.
861 1279 888 1306 Si
910 1287 972 1306 vero

194 1319 238 1346 ille
252 1319 296 1353 qui
311 1319 372 1346 fecit
384 1320 417 1346 de
430 1328 495 1353 aqua
511 1321 597 1346 vinum
628 1320 717 1355 (Joan.
730 1322 771 1356 tt),
787 1323 841 1356 ipse
855 1331 902 1356 per
914 1331 975 1350 ora-

195 1366 279 1391 tiones
295 1365 449 1399 patriarchae
474 1365 534 1392 fecit
554 1371 579 1393 et
595 1372 716 1393 stannum
740 1373 891 1401 argentum,
909 1370 972 1396 nihil

196 1410 301 1437 mirum.
324 1410 356 1437 Et
377 1415 404 1437 ut
424 1411 547 1442 satislias,
568 1411 627 1438 veni
648 1412 680 1438 ad
704 1413 805 1444 navim,
822 1417 847 1440 et
872 1414 974 1441 videbis

194 1460 288 1482 camera
312 1455 388 1482 istius
411 1456 509 1482 metalli
530 1456 611 1488 snt-iu,
632 1456 700 1490 qttod
720 1457 853 1491 accepisti.
872 1457 972 1485 Ascen-

1019 865 1091 892 ntisit
1111 867 1136 893 in
1153 875 1199 894 cor
1213 872 1300 902 tuum,
1316 870 1403 897 ferens
1416 877 1518 903 tecum,
1533 874 1590 898 veni
1612 874 1645 900 ad
1668 875 1807 902 humilita-

1020 915 1071 937 tem
1087 919 1184 940 menm.
1199 913 1261 945 Qua:
1276 915 1371 940 cursim
1392 923 1513 949 surgens.
1530 920 1707 950 apprehendit
1722 923 1810 947 vesti-

1019 954 1060 988 gia
1081 955 1165 981 sancti
1181 957 1227 982 viri
1251 965 1301 983 una
1320 966 1379 985 cum
1400 961 1544 992 quantitate
1568 964 1634 989 auri.
1650 963 1719 990 Cum
1742 973 1809 997 ergo

1019 1001 1180 1033 Suscepisset
1206 1001 1249 1028 ille
1275 1004 1422 1035 patriarcha
1447 1005 1624 1037 oblationem.
1645 1013 1674 1034 et
1700 1017 1810 1037 orasset

1021 1052 1099 1078 super
1113 1054 1186 1078 eam,
1202 1051 1228 1073 et
1250 1055 1328 1080 super
1343 1049 1422 1076 lilium
1444 1051 1502 1084 ejus
1517 1052 1695 1084 sufﬁcienter,
1712 1055 1783 1081 dixit
1799 1065 1805 1081 :

1021 1089 1137 1116 Ubsecro
1159 1095 1194 1123 te,
1211 1098 1296 1118 nonna
1320 1092 1388 1126 (56).
1409 1094 1464 1121 lucc
1485 1100 1584 1122 tanturn
1606 1097 1716 1124 voluisti
1741 1100 1811 1127 dare

1022 1133 1138 1165 Christo,
1155 1142 1187 1160 an
1205 1135 1274 1161 aliud
1289 1136 1404 1169 aliquid?
1419 1137 1483 1164 Cum
1503 1144 1591 1166 autent
1606 1142 1738 1169 sensisset
1754 1144 1812 1170 dei.

1022 1177 1105 1205 fetum
1115 1200 1122 1211 ,
1138 1179 1202 1206 illutl
1218 1181 1286 1214 quod
1309 1182 1405 1208 fecerat
1419 1184 1583 1217 cognovisse,
1601 1191 1720 1214 tremore
1733 1197 1812 1215 emn-

1022 1230 1124 1257 pressa,
1137 1223 1220 1251 dixit:
1239 1225 1286 1252 Per
1300 1231 1405 1253 sanctas
1426 1228 1525 1255 domini
1547 1231 1596 1256 mei
1617 1232 1769 1264 orationes,
1786 1240 1813 1261 et

1022 1274 1142 1295 sanctum
1159 1278 1246 1296 meum
1262 1270 1382 1298 Mennam
1398 1272 1467 1307 (57),
1483 1275 1632 1307 quindecim
1647 1280 1811 1306 centenaria

1023 1313 1179 1345 scripseram
1200 1313 1226 1341 itt
1247 1315 1367 1348 piltucio;
1390 1322 1416 1343 ct
1436 1323 1498 1344 ante
1522 1326 1598 1345 unam
1625 1323 1721 1348 horam
1748 1330 1811 1349 cum

1023 1363 1120 1385 starent
1137 1360 1161 1385 itt
1179 1361 1290 1394 syttaxi,
1306 1366 1334 1387 ut
1347 1362 1437 1389 darent
1459 1363 1509 1389 hoc
1533 1365 1577 1391 tibi
1600 1366 1714 1393 Domino
1738 1377 1812 1400 meo,

1024 1403 1170 1430 dissolvens
1196 1406 1273 1436 illud,
1290 1406 1437 1439 importune
1456 1408 1516 1442 legi.
1534 1409 1587 1443 Ego
1602 1411 1674 1437 enim
1696 1413 1811 1447 indigna

1025 1449 1117 1475 ancdla
1139 1453 1181 1475 tua
1203 1450 1294 1481 scripsi
1310 1451 1360 1478 hoc
1376 1453 1477 1485 propria
1494 1462 1589 1487 manu,
1604 1460 1631 1481 et
1646 1456 1738 1483 inveni
1761 1459 1811 1485 de-

195 1499 288 1527 dentes
311 1501 407 1534 itaque,
430 1501 587 1528 invenerunt
609 1507 730 1528 stantium
747 1508 883 1536 argentum
905 1504 973 1537 opti-

1026 1500 1082 1519 cem
1098 1494 1183 1519 deleta
1203 1501 1216 1519 a
1232 1494 1329 1528 seipso.
1346 1495 1420 1523 Tunc
1435 1498 1581 1530 stupefacta
1605 1500 1671 1526 intra
1693 1508 1816 1529 metuet-

196 1552 266 1570 mutn
282 1543 388 1571 factum.
406 1545 435 1572 Et
455 1553 506 1571 non
528 1551 568 1572 est
588 1547 754 1580 peregrinum
771 1548 942 1581 miraculum,
958 1558 974 1575 υ

197 1588 373 1622 pbilocltt-isti.
388 1589 437 1622 Qui
454 1591 523 1616 enim
548 1591 662 1625 quinque
686 1599 767 1625 panes
789 1594 975 1627 multiplicavit

197 1633 283 1667 (Joan.
295 1635 344 1667 Vl),
358 1639 384 1661 ct
404 1643 494 1662 rursus
507 1644 599 1670 aquam
616 1637 721 1671 Egypti
742 1640 925 1666 transmutavit
946 1641 970 1666 itt

195 1679 349 1711 sanguinem
361 1680 458 1713 (Exodi
470 1683 525 1714 vn),
540 1686 566 1708 et
580 1682 678 1715 virgam
692 1682 717 1709 itt
730 1689 879 1717 serpentem
891 1690 976 1711 trans-

196 1724 320 1756 tnutavit,
336 1730 362 1751 et
381 1726 512 1752 transtulit
538 1726 668 1753 ﬂammam
687 1729 711 1753 itt
725 1735 811 1755 rorem
827 1728 907 1762 (Dan.
923 1731 975 1765 tu),

199 1769 300 1796 facilius
315 1774 341 1796 ct
363 1770 412 1797 hoc
434 1775 486 1797 tam
508 1771 652 1805 gloriosum
676 1773 832 1800 miraculum
852 1780 976 1808 operatus

197 1820 393 1850 est,quatcnus
421 1823 449 1846 et
484 1818 615 1847 famulum
651 1826 731 1847 suum
762 1819 978 1851 ditaret,ctnau-

197 1860 268 1887 clero
283 1861 489 1888 misericordiam
504 1869 576 1889 suam
590 1867 737 1896 prmstaret.

234 1906 297 1933 CAP.
312 1906 345 1933 Χ.
357 1921 392 1926 -
408 1907 589 1934 Descendente
609 1908 774 1935 sanctissimo
794 1909 844 1935 isto
860 1911 915 1936 viro
929 1909 979 1936 ali-

199 1952 301 1985 quando
316 1953 340 1979 in
362 1952 500 1979 ccclcsiam
522 1953 657 1980 Dominico
678 1954 730 1985 die,
746 1955 858 1981 accessit
871 1955 901 1981 ad
916 1963 976 1982 eutn

200 1997 287 2029 homo,
302 1998 343 2031 qui
361 1998 455 2024 multas
472 1998 624 2031 possederat
637 1997 773 2025 facultates
788 2008 794 2025 :
811 2003 837 2025 et
850 2000 920 2026 fures
937 2000 978 2026 itt-

199 2042 283 2077 gressi
307 2042 413 2069 domum
438 2043 506 2076 ejus,
522 2043 735 2075 dcspoliavernnt
758 2052 816 2071 eunt
840 2052 922 2079 usque
945 2045 978 2072 ad

203 2093 393 2119 stramentum;
415 2092 441 2114 et
461 2096 520 2115 cutn
544 2090 625 2114 multa
645 2090 754 2122 qua-stin
769 2094 839 2116 esset
858 2091 937 2122 facta,
953 2095 980 2117 et

202 2141 253 2159 ttou
274 2133 418 2160 invenis~et
433 2134 475 2167 qui
496 2134 552 2160 haec
575 2138 808 2167 perpetraverant,
827 2136 979 2169 compulsus

1025 1537 1122 1571 ipsam,
1139 1538 1212 1565 diti:
1227 1540 1321 1573 Utique
1343 1549 1395 1568 Itan
1415 1547 1456 1568 est
1480 1543 1603 1570 voluntas
1623 1544 1666 1571 Dei
1687 1551 1715 1571 ut
1740 1547 1814 1573 dem

1026 1582 1076 1608 nisi
1095 1582 1220 1617 quittque.
1244 1584 1394 1613 Dimittente
1407 1591 1494 1613 autem
1510 1589 1655 1621 patriarcha
1669 1597 1808 1618 reveren—

1026 1626 1085 1653 dam
1108 1627 1179 1654 illaut
1202 1628 1342 1662 feminam,
1356 1631 1508 1658 ceciderunt
1528 1633 1560 1658 od
1584 1633 1662 1666 pedes
1683 1635 1743 1668 ejus
1767 1637 1814 1663 di-

1026 1677 1211 1706 apensalorcs,
1234 1677 1276 1707 qui
1302 1678 1443 1710 trangressi
1466 1683 1527 1704 aunt
1552 1679 1717 1707 voluntatem
1739 1683 1817 1716 ejus,

1028 1721 1146 1749 petentes
1163 1718 1368 1753 indulgentium,
1385 1726 1411 1747 et
1431 1721 1592 1750 afﬁrmantes
1612 1726 1682 1752 nihil
1705 1728 1763 1755 tale
1787 1737 1819 1755 se

1028 1762 1138 1788 ulterius
1151 1768 1256 1790 acturos
1272 1764 1337 1792 fore.

1061 1808 1124 1835 CAP.
1141 1809 1184 1836 ΧΙ.
1201 1824 1235 1830 -
1255 1811 1359 1838 lntuens
1382 1812 1469 1840 Niceta
1494 1815 1618 1847 patricius
1640 1816 1709 1852 (3S)
1734 1818 1818 1852 hujus

1028 1858 1077 1884 viri
1092 1859 1235 1886 virtutibus
1251 1861 1321 1893 pleni
1338 1862 1575 1895 magnanimitatem
1585 1883 1593 1895 ,
1606 1868 1634 1890 et
1648 1864 1709 1891 sine
1725 1868 1817 1899 partci-

1028 1906 1082 1930 tate
1098 1912 1203 1931 ntauum
1217 1912 1378 1938 expansatn.
1395 1911 1421 1933 et
1437 1910 1557 1941 tanquam
1572 1915 1605 1934 ex
1621 1907 1697 1935 fonte
1710 1910 1819 1945 iugiter

1029 1948 1151 1974 omnibus
1164 1953 1344 1982 praestantem,
1355 1950 1478 1977 instinctu
1488 1953 1660 1985 quorumdam
1670 1955 1817 1983 diabolum

1030 1992 1186 2019 imitantium
1196 2013 1204 2025 ,
1219 1994 1289 2020 subit
1308 1995 1339 2021 ad
1356 2000 1474 2022 sanctum
1485 2016 1493 2028 ,
1508 2000 1534 2022 et
1548 1997 1609 2023 dicit
1624 1998 1668 2024 ei:
1688 1999 1816 2033 Regnum

1030 2042 1156 2071 arctatur,
1171 2043 1198 2065 et
1217 2041 1325 2072 pecunia
1346 2044 1413 2073 eget.
1434 2041 1507 2073 Jam,
1523 2042 1580 2075 quia
1599 2042 1656 2068 sine
1679 2046 1818 2076 parcitate

1031 2091 1181 2119 erogantur,
1195 2095 1252 2120 qua:
1267 2087 1420 2114 deferuntur
1433 2087 1478 2114 tibi
1495 2089 1619 2121 pecunize,
1634 2089 1667 2115 da
1691 2097 1737 2116 eas
1761 2092 1817 2117 im-

1033 2131 1115 2163 petio,
1128 2131 1159 2156 da
1174 2138 1218 2156 eas
1234 2131 1259 2157 in
1276 2132 1405 2164 publicum
1417 2133 1567 2159 sacccllum.
1580 2132 1624 2159 Ille
1638 2141 1704 2160 vero
1714 2135 1749 2161 de
1763 2135 1819 2161 Itoe

201 2183 240 2202 est
256 2178 337 2203 multa
360 2177 436 2203 nimis
459 2183 621 2211 paupertate,
641 2178 775 2212 deprecari
798 2187 856 2205 etttn
883 2187 973 2213 magna

1031 2174 1098 2208 quod
1116 2174 1213 2201 dictum
1230 2175 1329 2207 fuerat.
1343 2175 1547 2210 imperturbatus
1562 2185 1680 2209 manens,
1697 2179 1769 2206 dicit
1783 2182 1818 2207 ad

202 2223 351 2248 reverentia
374 2222 569 2249 sanctissimum
586 2223 657 2249 illtttn
683 2224 872 2257 patriarcltam.
889 2225 979 2251 dicens

205 2266 228 2292 ei
241 2271 266 2292 et
281 2266 458 2293 calamitatem
474 2274 558 2293 suam.
574 2268 696 2295 Misenus
711 2277 773 2303 ergo
788 2269 856 2295 illius
871 2270 980 2297 multum

205 2310 302 2343 (fuerat
324 2310 393 2336 enim
416 2318 447 2337 ex
472 2311 626 2338 clarissimis
641 2318 667 2339 et
689 2313 788 2346 magnis
811 2314 981 2349 principibus)

207 2354 271 2380 dicit
286 2354 317 2380 ad
338 2361 427 2380 aurem
449 2354 517 2381 illitis
536 2356 580 2382 cui
603 2363 695 2382 aurum
716 2356 843 2382 creditum
868 2362 937 2386 erat.
955 2363 983 2384 ut

207 2398 281 2424 daret
296 2399 319 2424 ei
335 2399 481 2432 quindecim
506 2400 585 2426 libras
602 2400 667 2426 auri.
683 2400 748 2426 Cum
764 2404 851 2427 autem
874 2403 920 2428 has
933 2403 982 2429 da-

209 2449 283 2469 turus
304 2443 403 2474 abiret,
419 2444 591 2477 apprehendit
612 2445 749 2470 consilium
766 2445 906 2479 logothetae
927 2447 984 2481 (52)

208 2493 234 2514 et
254 2489 400 2521 (cconomi;
414 2494 439 2515 et
458 2497 489 2515 ex
506 2489 634 2516 diabolica
653 2490 806 2523 operatione
825 2491 983 2525 invidentes,

208 2540 261 2559 non
277 2534 406 2560 dederunt
420 2534 444 2560 ei
459 2534 508 2560 nisi
527 2535 641 2569 quinque
665 2535 753 2561 libras.
770 2535 835 2562 Cum
856 2543 920 2570 ergo
940 2545 984 2562 rc-

208 2583 353 2605 vet'teretur
376 2579 409 2605 de
432 2579 538 2605 collecta
561 2578 624 2614 (35)
647 2579 714 2606 idem
741 2580 985 2607 Itonorabilissimus

209 2624 432 2659 archiepiscopus,
445 2625 488 2651 dat
499 2626 521 2651 ei
535 2626 560 2651 iu
574 2625 678 2659 scriptis
690 2625 784 2652 mulier
795 2626 871 2652 vidua
884 2626 984 2653 habent

211 2669 315 2696 unicum
340 2670 437 2700 lilium,
459 2670 577 2696 notitiam
600 2670 669 2697 xcnii
692 2669 749 2706 (δι)
765 2671 880 2704 quinque
895 2676 986 2698 cente-

212 2716 343 2743 nariorum
359 2716 425 2741 auri.
442 2716 506 2742 Cum
528 2721 615 2742 autem
634 2717 810 2749 suscepissat,
823 2721 849 2743 et
870 2716 986 2743 honora-

213 2761 263 2790 ltilc
286 2766 413 2788 St'Cl‘Cltllll
434 2762 588 2792 dimisisset,
605 2762 760 2789 convocavit
782 2762 986 2792 dispensatores.

1030 2226 1090 2245 eum
1103 2227 1110 2244 :
1125 2218 1181 2245 Non
1192 2219 1289 2253 justum
1301 2224 1341 2246 est
1355 2224 1382 2246 ut
1394 2220 1518 2251 arbitror.
1532 2222 1637 2249 domine
1652 2223 1766 2255 patrici,
1782 2232 1818 2251 ea

1031 2271 1089 2297 qtne
1122 2264 1301 2298 supercmlesti
1321 2264 1383 2299 Regi
1398 2265 1486 2291 oblata
1501 2269 1577 2296 sunt.
1595 2268 1715 2293 terrestri
1733 2269 1816 2295 dare.

1032 2308 1059 2334 Si
1075 2315 1136 2335 vero
1152 2313 1179 2335 et
1200 2310 1308 2335 utnnino
1321 2311 1374 2336 tale
1388 2309 1487 2343 aliquid
1500 2309 1638 2344 iudicasti,
1652 2312 1745 2343 crede,
1765 2314 1820 2340 hu-

1033 2352 1103 2379 milis
1124 2353 1238 2379 Joannes
1251 2361 1283 2379 ex
1305 2353 1344 2380 eis
1366 2361 1501 2380 nummum
1521 2361 1572 2380 non
1588 2354 1661 2381 dabit
1684 2356 1753 2388 tibi;
1769 2359 1821 2384 sed

1037 2403 1099 2423 ecce
1113 2396 1162 2423 sub
1177 2396 1268 2422 humili
1294 2397 1388 2423 lectulo
1410 2404 1469 2423 meo
1482 2403 1522 2424 est
1544 2399 1670 2431 apotheca
1696 2399 1822 2432 Christi,

1038 2444 1066 2466 ut
1080 2441 1194 2467 volueris
1209 2441 1259 2467 fac.
1276 2441 1392 2476 Surgens
1403 2442 1489 2475 itaque
1504 2443 1590 2468 statim
1610 2443 1750 2476 patricius,
1770 2453 1823 2471 vo-

1038 2490 1079 2510 cat
1093 2484 1127 2511 dc
1140 2485 1194 2511 suis
1216 2484 1365 2512 hominibus
1378 2486 1421 2519 qui
1442 2492 1546 2519 portare
1562 2486 1706 2518 deberent.
1720 2493 1748 2514 et
1765 2489 1823 2515 iu:-

1039 2531 1110 2565 ponit
1131 2538 1210 2563 super
1231 2538 1276 2557 eos
1295 2531 1417 2563 pecunias
1441 2536 1521 2563 totas,
1542 2538 1593 2558 nou
1617 2533 1774 2566 relinquens
1791 2543 1825 2561 cx

1039 2577 1077 2603 eis
1091 2577 1140 2603 nisi
1154 2585 1233 2604 unum
1246 2577 1437 2604 centenarium.
1452 2577 1483 2603 Et
1497 2585 1556 2604 cum
1568 2577 1764 2605 descenderent
1780 2582 1826 2611 qui

1038 2623 1176 2657 portabant
1190 2623 1338 2657 ltujusmodi
1352 2624 1488 2656 pecuniam
1497 2644 1505 2656 ,
1518 2624 1698 2650 ascendebant
1708 2626 1825 2659 quidam

1038 2669 1082 2695 alii
1098 2673 1230 2702 portantes
1246 2668 1353 2702 pusillas
1368 2669 1530 2701 lagunculas,
1549 2669 1676 2696 habentes
1690 2671 1825 2703 pecunias

1039 2715 1135 2742 missas
1149 2714 1304 2748 patriarcha:
1316 2714 1349 2741 de
1363 2714 1460 2745 Africa,
1474 2715 1666 2748 superscriptas
1680 2715 1748 2741 alias
1765 2717 1826 2749 qui-

1040 2760 1099 2787 dem
1115 2768 1167 2786 ιιι,
1183 2767 1313 2791 θιιηιιωι,
1334 2759 1398 2785 alias
1412 2764 1498 2785 autem
1521 2768 1572 2786 um.
1586 2768 1643 2786 sui:
1659 2768 1738 2787 rulo.
1755 2761 1825 2786 Cum

15 2880 183 3178 ᾖ
