1946 3194
188 95 255 123 ΗῺἺ

715 91 851 120 LEONTII
871 91 1102 120 NEAPOLITANI
1124 92 1276 119 El‘lrltCOPl

1740 91 1828 119 i618

198 159 256 183 pain
271 149 437 185 cadentibus,
454 150 501 174 hoc
516 154 564 179 cst,
583 156 686 174 manum
705 149 729 174 itt
745 150 898 175 alterutrum
914 147 973 178 iuii-
990 149 1008 176 Α
1060 145 1123 172 CAP.
1147 146 1216 173 XIV.
1229 161 1262 165 —
1274 146 1367 172 Deifcri
1389 146 1493 179 quidam
1517 151 1671 173 sanctorum
1697 146 1820 174 Patrum

196 196 337 226 cit-ntibus,
356 197 402 221 ltos
417 194 652 221 exconmmniczvit
675 196 801 221 Canonice
817 202 861 228 per
876 193 974 226 aliquot

197 241 265 267 dies.
283 240 382 265 llorttm
397 239 503 272 quidem
522 246 587 264 unus
602 238 713 265 libi-n'er
729 238 843 271 suscepit
855 238 974 269 increpa-

197 285 307 317 tionem,
323 288 350 310 ct
364 283 486 317 cognovit
507 284 609 316 culpam
624 290 697 309 suam
712 290 718 314 ;
733 283 799 309 alter
821 289 883 308 vero
902 281 975 307 ntali-

197 332 281 357 tiosus
293 330 422 360 existens,
437 328 554 362 gaudens
569 333 728 361 praeceptum
743 326 869 360 su~cepit.
893 326 975 351 Occa-

197 383 298 402 rlnllelll
314 375 383 401 ettitn
396 375 531 409 quaerebat
544 374 635 403 miser,
651 380 683 398 ne
697 372 879 406 ingrederetur
891 371 976 397 cccle-

198 427 273 452 statn,
290 420 336 448 sed
349 419 480 447 licentiam
494 419 601 445 haberet
615 417 804 450 perseverandi
816 417 841 443 itt
856 416 975 442 nefandis

198 465 299 490 actibus
317 465 382 490 suis.
404 463 567 489 Irascebatur
578 467 666 488 autem
689 465 780 488 contra
797 465 914 487 sant-tum
932 468 977 493 pa-

200 508 354 539 triarchatn,
383 513 409 532 et
435 511 562 540 quantum
589 506 614 532 itt
644 509 755 536 seerat,
779 505 928 530 minabatur
953 503 977 529 ei

200 557 306 577 nocere.
330 550 441 581 Qtndztnt
463 557 523 574 vero
545 548 678 577 dicebant,
702 552 729 573 et
749 548 833 578 ipsum
854 553 913 572 esse
934 545 977 578 qui

201 595 352 628 prodiderat
372 594 495 627 pecunias
513 593 635 619 ECl'lt‘Siil'.
651 592 682 618 ad
703 592 839 625 patricium
860 591 976 617 Nicetum

199 644 291 674 (ευρ.⁹
308 648 331 665 ε.
348 639 403 673 ii),
421 647 486 673 quas
500 645 525 664 et
548 639 633 672 rapuit
648 646 737 669 manu,
754 644 781 664 ιιι
796 637 977 671 praescriptum

199 691 250 713 est.
263 685 416 711 Nuntiatum
429 689 469 711 est
482 685 560 719 igitur
572 685 642 718 qttod
655 684 698 710 ille
714 683 773 710 muli
789 691 891 710 metnor
903 683 980 709 mali-

201 730 261 756 tiattt
285 735 444 762 reservaret,
459 734 486 755 et
511 738 562 755 noti
583 733 683 755 rectant
699 736 761 762 erga
780 728 886 754 beatutn
910 728 980 753 hunc

200 777 361 801 voluntatem
378 774 497 800 haberet.
514 773 560 799 llle
573 778 664 800 autem
679 781 739 799 verc
754 778 852 806 pastor,
876 779 978 798 memor

1024 191 1079 225 (47)
1096 192 1217 218 dixerunt
1230 201 1236 217 ι
1250 193 1408 226 Angelurutn
1429 193 1535 226 quidem
1547 197 1588 218 est
1606 193 1760 219 nullatenus
1779 193 1821 218 ii-

1024 237 1115 269 tigare.
1131 237 1176 263 sed
1190 238 1215 262 itt
1228 237 1377 263 omnimodo
1387 241 1413 263 et
1426 241 1552 270 perpetua
1565 244 1628 270 pace
1637 238 1798 264 consistere
1808 245 1820 268 ι

1025 281 1160 307 hominum
1178 288 1243 307 vero
1256 285 1297 307 est
1320 281 1442 308 altercari
1455 281 1573 314 quidem,
1588 282 1636 307 scd
1659 282 1751 307 statim
1769 289 1820 308 re-

1024 325 1180 357 conciliari;
1205 326 1355 352 daattionnm
1379 331 1466 353 autem
1487 332 1524 352 est
1541 326 1654 359 litigare,
1674 332 1702 352 et
1724 331 1818 352 totum

1024 369 1093 395 dit'lll
1109 370 1221 396 transire
1236 369 1459 397 iitreconciliatos.
1477 370 1533 397 Hoc
1548 376 1687 402 propterea
1705 373 1815 404 prafati

1024 422 1124 446 sumus,
1139 422 1271 443 amatores
1284 415 1393 447 Christi,
1409 421 1516 449 propter
1537 422 1698 449 prasentem
1718 425 1812 443 narra»

1029 460 1138 489 tionem.
1165 460 1266 486 Placuit
1291 460 1350 487 huic
1370 460 1512 494 aliquando
1543 461 1641 492 nobili,
1667 469 1723 488 una
1751 470 1816 488 cum

1025 509 1230 531 commemorato
1244 504 1335 532 Niceta
1349 506 1470 538 patricio.
1490 505 1523 532 de
1532 506 1645 539 quadam
1661 507 1770 540 publica
1788 515 1817 533 re

1027 551 1159 577 altercari.
1183 551 1274 577 Modus
1294 556 1383 577 autem
1403 551 1479 585 litigii
1503 556 1559 578 erat
1584 552 1660 583 talis;
1688 560 1819 578 itaessa-

1028 597 1096 622 rittm
1116 600 1157 622 cst
1171 596 1240 622 enim
1257 596 1356 627 dicere,
1381 604 1440 623 cum
1456 596 1490 623 sit
1504 596 1600 622 anima:
1615 597 1691 623 utilis
1705 605 1712 622 :
1730 597 1812 623 Patr;

1027 643 1083 668 cius
1098 642 1203 676 quidem
1219 642 1361 675 disponere
1385 642 1491 670 volebat
1505 642 1590 668 forum
1611 647 1725 676 propter
1741 642 1817 669 intra

1028 687 1131 720 publica
1143 696 1149 718 ;
1168 687 1316 720 patriarcha
1330 692 1419 713 autem
1433 687 1457 713 id
1470 695 1521 713 non
1537 687 1699 719 patiebatur,
1713 695 1818 720 paupe-

1028 739 1086 757 rum
1102 732 1129 757 in
1151 732 1199 758 hoc
1215 739 1357 765 procurans
1378 732 1502 758 salutem.
1517 732 1626 758 Multum
1639 739 1708 765 ergo
1723 738 1817 758 contra

1029 782 1058 800 se
1073 780 1173 801 secreto
1194 776 1385 802 contendentes
1398 775 1468 811 (48),
1484 781 1512 802 et
1530 775 1693 802 inﬁexibiles
1708 784 1818 802 manen-

201 818 264 845 dirti
296 820 366 846 illius
381 828 387 845 :
400 820 464 851 Quis
484 820 643 850 ittfirmatur,
668 824 694 845 et
719 826 767 852 ego
788 826 840 844 non
860 818 978 844 inﬁtmor
995 816 1017 846 Β
1032 823 1079 850 tes,
1097 824 1265 846 recesserunt
1284 820 1363 846 ambo
1377 820 1410 846 ab
1424 820 1535 847 invicem
1550 820 1610 847 irati
1626 824 1656 846 et
1670 820 1816 847 irreeouci-

201 865 244 900 (Η
261 866 319 892 Cor.
339 867 396 899 xt)?
418 870 447 892 et
471 866 586 891 iterum:
602 865 652 891 Vos
681 865 723 898 qui
747 869 867 898 potentes
893 865 956 890 estis
969 885 976 895 ,

194 914 303 940 .debetts
326 914 494 939 inﬁrmitates
516 913 700 946 impotentium
725 918 832 946 portare
847 912 918 947 (Gal.
936 919 978 943 vt;

201 959 277 985 Rom.
294 959 348 992 xv),
365 959 447 984 voluit
463 958 533 984 hunc
544 958 684 988 accersire.
701 962 728 984 et
747 957 873 984 decenter
887 957 979 983 admo-

201 1010 274 1032 nere.
290 1007 317 1029 et
329 1003 433 1029 solvere
447 1010 506 1029 eum
521 1002 553 1028 ab
574 1002 861 1033 exeotnmunicatione;
878 1002 982 1028 videbat

201 1049 271 1074 ettim
288 1046 377 1080 lupum
393 1051 533 1073 conantem
556 1054 649 1080 rapere
669 1054 757 1073 ovem.
781 1046 982 1079 Dispensalinne

200 1099 265 1118 vero
281 1092 325 1118 Dei
341 1097 426 1118 actutn
440 1096 480 1117 t-st
493 1096 520 1117 ut
537 1091 715 1117 innotesrerct
729 1090 851 1116 omnibus
868 1090 982 1123 patriar-

202 1135 259 1162 cha:
284 1136 422 1162 immemor
445 1136 506 1162 mali
525 1136 640 1161 animus.
664 1135 768 1161 ()blitus
791 1139 831 1161 Cal
852 1135 983 1161 accersire

202 1188 274 1213 eum,
290 1185 317 1206 et
330 1181 432 1208 solvere
446 1180 478 1207 ab
494 1181 780 1207 excomntunicatione.
797 1181 862 1207 Cum
876 1187 937 1213 ergo
949 1179 982 1206 ad

203 1232 322 1252 sanctum
340 1227 502 1253 Dominicum
517 1227 586 1253 diettt
599 1227 773 1259 pervenisset,
797 1231 822 1252 ct
837 1230 928 1252 sancto
942 1225 982 1252 al-

200 1271 249 1297 tari
262 1272 387 1298 astitisset
399 1271 465 1306 (Η),
478 1277 506 1297 ιιι
518 1272 685 1299 incruentum
698 1271 855 1298 sacriﬁcium
863 1269 982 1302 oerrret,

200 1316 252 1349 iam
281 1316 392 1343 diacono
416 1317 563 1349 generalem
593 1316 739 1342 orationem
767 1324 834 1349 pene
858 1323 982 1342 consum-

201 1365 300 1391 tnaute,
317 1366 435 1386 sanctum
463 1361 548 1387 telum
564 1362 713 1387 exaltatum
728 1360 796 1395 (4‘s),
818 1361 845 1387 in
866 1365 982 1387 mentem

203 1405 308 1431 malitiae
324 1406 486 1433 immemoris
502 1406 590 1438 venit;
606 1413 632 1432 et
645 1406 734 1432 statim
755 1406 836 1432 divini
858 1406 981 1439 praecepti

202 1452 355 1483 recordans,
369 1450 531 1478 asserentis:
543 1451 570 1478 Si
586 1451 666 1478 offers
688 1458 783 1477 munus
799 1456 870 1477 tuum
891 1451 924 1478 ad
941 1451 981 1477 al—

1029 863 1094 889 hati.
1111 864 1174 890 Erit
1194 870 1280 891 autetn
1295 864 1359 891 hora
1373 865 1475 898 quinta,
1495 865 1639 898 etquidem
1655 867 1818 898 patriarcha:

1030 914 1087 934 enat
1109 909 1253 942 refragatio
1274 913 1300 935 et
1314 909 1463 935 amaritudo
1476 917 1523 943 pro
1542 911 1670 936 mandato
1686 910 1749 943 Dei,
1773 919 1820 945 pa-

1032 954 1099 980 tricii
1132 958 1219 980 autem
1240 959 1346 988 propter
1366 955 1518 988 pecuniaria
1534 954 1606 981 lucra
1621 961 1693 983 erat.
1715 956 1820 982 Tamen

1031 998 1068 1024 ait
1081 998 1238 1032 illejustus:
1253 1006 1338 1033 neque
1356 1007 1402 1032 pro
1426 999 1590 1031 rationabili,
1609 1007 1699 1034 irque
1716 1008 1769 1034 pro
1785 1001 1822 1028 ir-

1032 1042 1182 1069 rationabili
1205 1043 1344 1070 occasione
1354 1044 1432 1070 debet
1449 1044 1527 1070 homo
1541 1044 1628 1071 irasci.
1649 1046 1823 1073 Adveniente

1031 1095 1096 1122 ergo
1111 1088 1176 1114 hora
1192 1088 1341 1119 undecima,
1363 1090 1470 1116 mandat
1491 1097 1537 1123 per
1551 1090 1822 1126 arcbipresbyterum

1033 1141 1082 1159 tuta
1102 1140 1161 1159 cum
1176 1133 1247 1160 clero
1259 1134 1407 1166 patriarcha
1422 1135 1534 1168 patricio
1554 1135 1604 1162 hoc
1623 1136 1738 1170 dignum
1765 1145 1824 1164 nte-

1033 1179 1117 1205 moria
1139 1178 1246 1206 verbum
1260 1187 1267 1204 :
1280 1179 1401 1212 Domine,
1426 1180 1466 1206 sol
1485 1180 1517 1206 ad
1538 1187 1664 1207 occasum
1681 1187 1734 1208 est.
1756 1183 1824 1209 Cum

1033 1230 1123 1251 autem
1137 1225 1188 1251 hoc
1201 1225 1310 1251 verbum
1323 1225 1367 1252 ille
1380 1225 1509 1258 audisset,
1525 1233 1577 1252 non
1589 1227 1711 1253 tolerans
1728 1229 1824 1254 cordis

1032 1270 1072 1296 sui
1085 1270 1219 1303 ardorem,
1229 1271 1275 1297 sed
1297 1275 1420 1305 tanquam
1439 1271 1530 1298 divino
1546 1272 1607 1306 igne
1623 1273 1822 1304 inﬂammatus,

1034 1315 1116 1341 sancti
1139 1322 1261 1342 sermone
1273 1321 1447 1350 compunctus
1467 1322 1518 1349 est,
1540 1318 1709 1352 infectusque
1731 1320 1824 1355 lacry-

1034 1359 1082 1385 ntis
1093 1359 1180 1386 statim
1192 1364 1261 1386 totus
1276 1360 1358 1386 factus
1369 1366 1428 1393 est;
1443 1367 1468 1388 et
1480 1369 1600 1396 surgens,
1615 1364 1689 1389 venit
1702 1364 1737 1390 ad
1756 1366 1823 1390 lie..-

1036 1408 1089 1429 ltttn
1106 1404 1184 1430 hunc.
1198 1406 1279 1436 Quem
1296 1412 1355 1431 eum
1369 1407 1488 1438 vidisset,
1504 1407 1559 1432 ait:
1573 1407 1643 1433 Bene
1656 1408 1769 1440 venisti,
1785 1410 1823 1435 ﬁli

1035 1448 1170 1479 Ecclesia},
1184 1449 1312 1475 obediens
1325 1450 1381 1476 voci
1395 1450 1452 1484 ejus
1464 1450 1571 1482 (Ep/tes.
1589 1451 1637 1485 tv).
1651 1452 1826 1479 Mittentibus

202 1501 267 1528 tare,
282 1502 308 1523 et
322 1497 355 1523 ibi
370 1497 523 1524 recordatus
540 1497 630 1528 fueris.
655 1498 716 1531 quia
729 1497 810 1524 frater
826 1501 886 1524 tuus
901 1497 980 1524 habet
995 1486 1017 1517 ο
1035 1493 1115 1527 ἱείιυι·
1136 1494 1263 1521 ambobus
1287 1500 1446 1522 Ittclanteam
1459 1495 1530 1530 (i9),
1553 1501 1579 1522 et
1602 1498 1826 1530 amplexanu‘btu

201 1540 299 1574 aliqttid
326 1540 464 1566 adversum
501 1545 547 1573 te,
575 1541 694 1574 relinque
720 1541 754 1567 ibi
787 1549 882 1569 mttnus
908 1545 981 1567 tuutn

204 1583 310 1617 (Matth.
328 1585 367 1619 v),
384 1590 447 1617 etc.,
460 1585 562 1612 intimat
576 1585 689 1612 diacono
704 1585 807 1612 facienti
823 1588 979 1618 orationem,

203 1637 281 1662 quatit
296 1629 423 1660 diaconus
443 1631 537 1657 solitus
553 1630 638 1657 facere
653 1635 719 1663 erat,
736 1636 764 1657 ut
786 1630 945 1664 reinciperet
967 1639 981 1658 a

203 1676 288 1709 capite
309 1676 383 1710 (44);
404 1682 430 1703 et
454 1677 475 1703 si
491 1677 652 1711 impleretur,
674 1677 767 1703 iterum
785 1678 982 1711 recapitularet,

205 1728 289 1755 usque
308 1722 370 1748 dum
393 1723 526 1755 lcrveniat
538 1722 595 1757 ejus
609 1722 792 1749 sanctiﬁcatio.
811 1723 897 1749 Finxit
912 1725 982 1750 enim

205 1774 244 1797 sc,
261 1770 384 1800 tanquam
401 1768 422 1792 si
442 1775 502 1793 eum
518 1768 618 1794 ventris
643 1768 786 1794 necessitas
801 1768 981 1800 compulisset.

203 1812 235 1841 Et
250 1813 359 1839 veniens
382 1812 407 1838 itt
429 1814 585 1839 Itouorabile
606 1813 808 1840 cimiliarchium
823 1811 892 1848 (45),
913 1813 985 1840 tnisit

202 1858 290 1884 statim
314 1857 368 1884 fere
388 1858 478 1892 viginti
504 1858 737 1890 hebdomadarios,
762 1862 910 1892 quaerentes
928 1859 984 1893 jam

203 1901 301 1929 dictum
321 1903 382 1929 mali
399 1903 469 1929 modi
493 1904 618 1930 clericum
634 1903 702 1938 (46).
718 1903 832 1931 Intentio
846 1903 916 1930 enitn
937 1910 983 1938 pa-

205 1948 285 1974 storis
296 1946 352 1974 haac
363 1952 432 1980 erat,
443 1952 472 1974 ut
480 1949 605 1975 educeret
616 1948 648 1975 de
659 1956 707 1975 ore
720 1948 804 1975 leonis
815 1956 903 1976 ovem.
917 1948 986 1975 Deus

204 1999 278 2024 vero,
296 1993 340 2026 qui
357 1992 518 2020 voluntatem
535 1993 682 2020 timentium
704 2001 733 2020 se
748 1992 821 2025 facit,
846 1993 907 2020 fecit
929 2000 985 2028 pra:

205 2037 327 2063 manibus
340 2037 452 2063 inveniri
467 2044 528 2063 mox
547 2037 684 2064 clericum.
701 2038 732 2064 Et
753 2038 877 2064 veniente
899 2045 942 2070 eo,
959 2042 986 2063 ct

206 2082 310 2109 veritati
334 2082 512 2109 testimonium
537 2084 713 2117 perltibente,
739 2082 812 2117 prior
836 2083 983 2116 patriarcha

206 2135 273 2160 genu
297 2127 379 2159 ﬂexit,
405 2127 514 2154 dicens:
531 2127 637 2162 lndulge
659 2128 733 2161 mihi,
760 2128 851 2154 frater.
882 2128 986 2154 Veritis

1034 1538 1201 1570 alterutrum,
1215 1539 1351 1566 sederunt.
1377 1541 1406 1566 Et
1421 1541 1543 1574 aperiens
1559 1548 1589 1567 os
1609 1548 1680 1567 suum
1696 1543 1828 1575 patriar-

1034 1584 1093 1616 cha,
1119 1584 1300 1611 dixit:Crede
1324 1585 1400 1617 mihi,
1423 1586 1542 1619 domine,
1566 1588 1614 1613 nisi
1629 1588 1688 1620 quia
1712 1588 1771 1614 vidi
1797 1594 1829 1616 te

1034 1630 1111 1656 valde
1135 1629 1289 1656 tribulatum
1311 1630 1344 1657 de
1364 1631 1423 1662 hoc,
1444 1632 1498 1666 jam
1520 1639 1572 1659 non
1599 1633 1747 1666 pigritarer
1773 1641 1829 1668 ego

1035 1676 1126 1702 venire
1140 1676 1172 1703 ad
1183 1677 1331 1704 claritatem
1350 1682 1430 1703 tuam.
1444 1678 1548 1704 Etenim
1567 1678 1696 1704 Dominus
1709 1684 1740 1705 et
1753 1679 1829 1707 Deos

1035 1726 1125 1748 noster
1141 1723 1196 1755 ipse
1221 1722 1349 1748 circuibat
1363 1721 1480 1750 civitates
1504 1726 1531 1749 et
1543 1722 1651 1748 camella
1666 1727 1694 1749 et
1715 1724 1826 1754 domos.

1034 1765 1165 1792 visitando
1177 1765 1307 1792 homines.
1320 1767 1450 1793 Omnibus
1459 1771 1547 1793 autem
1561 1767 1712 1794 humilitate
1724 1776 1829 1795 summi

1034 1811 1181 1838 sacerdotis
1195 1812 1340 1845 mdiﬁcatis,
1357 1817 1383 1839 et
1397 1812 1571 1838 admiratione
1587 1813 1672 1845 plenis
1682 1835 1691 1846 ,
1713 1822 1830 1848 respou-

1035 1856 1073 1882 dit
1094 1856 1127 1883 ad
1158 1864 1221 1884 eum
1249 1858 1379 1892 patricius
1396 1866 1403 1884 :
1431 1857 1526 1889 Crede,
1538 1857 1626 1888 Pater,
1636 1858 1698 1889 quia
1712 1859 1830 1885 ultetius

1036 1908 1089 1927 non
1105 1899 1210 1934 capient
1232 1908 1309 1927 aures
1330 1909 1395 1927 mete
1416 1909 1505 1928 eorum
1521 1903 1610 1933 verba,
1627 1904 1671 1935 qui
1694 1902 1831 1937 litvgiosas

1036 1945 1101 1972 tttihi
1122 1950 1265 1979 suggerunt
1284 1953 1337 1972 res.
1358 1946 1432 1972 Tunc
1451 1946 1556 1980 sapiens
1574 1947 1669 1973 doctor
1690 1947 1763 1974 dixit
1784 1949 1830 1975 εἰ·

1037 1989 1132 2023 Crede,
1149 1990 1185 2016 ﬁli
1199 1995 1225 2017 et
1238 1989 1330 2022 frater,
1347 1991 1370 2017 si
1389 1991 1512 2017 omnibus
1535 1991 1575 2018 bis
1589 1992 1759 2018 voluerimus
1772 2001 1834 2020 cre-

1037 2035 1112 2067 dere,
1125 2036 1268 2062 multorum
1280 2041 1447 2070 peccatorum
1464 2037 1565 2063 erimus
1577 2037 1690 2068 domini,
1710 2041 1833 2065 maxime

1036 2081 1063 2108 in
1085 2086 1204 2115 tempore
1220 2081 1280 2112 hoc,
1304 2082 1409 2115 quando
1425 2081 1486 2107 facti
1503 2085 1566 2108 sunt
1582 2082 1656 2107 multi
1685 2084 1832 2109 hominum

1039 2127 1150 2153 invicem
1166 2127 1295 2154 odietttes.
1317 2127 1447 2153 Multoties
1471 2129 1542 2153 enim
1566 2133 1593 2153 et
1618 2127 1683 2153 mihi
1708 2129 1832 2155 suadere

206 2180 269 2206 ergo
280 2173 349 2199 illius
365 2173 519 2200 honorabile
532 2174 704 2207 pontiﬁcium.
721 2178 747 2199 et
767 2181 858 2199 eorum
872 2173 915 2206 qui
928 2173 987 2198 adc-
1003 2166 1026 2196 D
1040 2177 1205 2199 tentaVrrnnt
1229 2172 1253 2198 lii
1279 2172 1323 2206 qui
1347 2172 1523 2206 suggerebant
1547 2172 1610 2204 mihi
1632 2172 1834 2204 dispositiones

207 2222 267 2243 rant
280 2219 456 2252 prtesentiam,
470 2219 552 2253 magis
565 2226 628 2246 vero
642 2218 874 2251 titnensjudicium
892 2218 946 2250 Dei,
960 2222 986 2245 et

208 2263 319 2290 ltorrens
335 2271 368 2290 ne
386 2264 452 2290 forte
474 2265 649 2292 descenderet
672 2265 739 2297 ignis
753 2266 786 2291 de
805 2266 873 2291 rmlo
893 2265 984 2291 eadem

209 2309 273 2334 hora
302 2312 328 2335 et
353 2314 523 2336 consumeret
545 2317 618 2342 cum,
648 2310 778 2337 videntem
806 2309 986 2335 honorandum

208 2355 279 2381 illam
300 2354 423 2381 canitiem
449 2354 518 2380 Itutni
538 2354 680 2387 jacentem,
704 2362 773 2389 genu
789 2354 862 2381 ﬂexit
882 2359 908 2380 et
921 2354 987 2387 ipse,

208 2405 301 2434 petens
316 2399 419 2426 veniam
436 2404 462 2425 et
476 2400 694 2427 tttisericurdiatn.
713 2401 746 2426 Et
760 2400 864 2426 dicetttc
878 2399 988 2434 patriar-

207 2444 256 2470 cha
269 2452 277 2470 :
292 2444 361 2470 Dctts
378 2444 454 2470 nobis
477 2445 600 2471 otnnibus
616 2445 759 2479 indulgeat,
776 2449 949 2471 surrexerunt
963 2449 989 2472 et

208 2490 319 2524 ingressi
344 2495 405 2516 sunt
420 2490 498 2516 ambo
521 2491 674 2519 ecclesiam:
694 2496 720 2517 et
740 2496 801 2517 tunc
824 2498 883 2517 cum
905 2491 989 2517 mttlto

210 2536 306 2570 gaudio
321 2541 346 2563 ct
362 2536 450 2562 lautitia
479 2537 562 2563 astitit
585 2541 678 2563 sancto
695 2537 782 2571 altari,
809 2544 869 2564 cum
893 2537 989 2563 munda

209 2581 371 2609 conscientia
387 2582 477 2608 valens
491 2581 580 2608 dicere
592 2582 661 2608 Deo:
676 2582 784 2608 Dimitte
806 2582 882 2608 nobis
902 2581 989 2608 debita

209 2632 310 2657 nostra.
330 2627 398 2653 sicut
413 2631 440 2653 et
453 2634 501 2653 nos
525 2627 682 2654 dimittimus
702 2626 866 2654 debitoribus
890 2626 989 2653 nostris

210 2673 316 2702 (Matth.
332 2674 380 2702 vt).
395 2673 431 2699 Ita
453 2678 540 2700 autem
566 2681 629 2700 sana
652 2681 683 2700 ex
703 2679 763 2700 tuttc
787 2678 814 2700 et
832 2678 988 2706 compuncta

210 2722 297 2744 mente
313 2718 396 2745 factus
410 2723 451 2744 est
463 2718 544 2744 lector
560 2718 613 2749 illc.
634 2723 663 2745 ut
678 2718 834 2753 presbyterii
850 2724 989 2744 consecra-

211 2762 282 2788 tiuuc
294 2763 369 2795 potiri
384 2768 540 2789 mereretur.

1040 2224 1146 2247 rerum;
1169 2222 1195 2243 et
1218 2224 1277 2243 cum
1303 2217 1416 2244 facerem
1441 2225 1512 2251 saepe
1536 2219 1626 2250 finem.
1652 2223 1682 2245 ut
1700 2219 1835 2246 seductus

1040 2261 1150 2292 fueram,
1168 2262 1335 2295 postmodutn
1354 2263 1398 2288 alii
1414 2263 1520 2296 quidam
1543 2264 1722 2298 suggerebant
1751 2265 1835 2294 mihi.

1041 2308 1110 2342 qttod
1124 2307 1218 2334 fuerim
1234 2309 1359 2341 deceptus
1374 2309 1397 2335 in
1414 2310 1539 2343 capitulo;
1556 2318 1614 2336 cum
1631 2318 1696 2343 ergo
1708 2314 1836 2338 secundo

1041 2358 1067 2379 et
1082 2353 1159 2379 tertio
1171 2354 1219 2379 hoc
1233 2353 1339 2379 fuissem
1362 2361 1511 2388 perpessus,
1528 2354 1588 2381 dedi
1611 2355 1760 2382 terminum
1784 2358 1836 2383 nti-

1041 2398 1174 2431 hiutetipsi
1193 2398 1294 2431 absque
1308 2403 1479 2432 utrorumque
1495 2405 1578 2432 parte,
1606 2408 1638 2426 tte
1652 2400 1747 2426 darem
1766 2402 1836 2427 deti-

1041 2445 1168 2471 nitionem
1191 2445 1242 2471 alio
1264 2445 1290 2470 in
1306 2445 1430 2478 capitulo.
1448 2446 1522 2478 Quod
1546 2447 1566 2472 si
1582 2446 1626 2480 qui
1647 2447 1836 2480 suggerebant

1041 2490 1117 2522 mihi,
1138 2491 1328 2522 mentirentur,
1355 2491 1403 2524 ipsi
1432 2498 1534 2523 pu‘nam
1563 2491 1721 2521 solverent.
1746 2499 1833 2524 quam

1041 2540 1179 2561 accusatus
1194 2533 1287 2568 ferret,
1304 2534 1326 2561 si
1351 2542 1442 2561 contra
1463 2543 1522 2561 cum
1538 2535 1668 2561 calunmia
1694 2538 1835 2562 veraciter

1042 2581 1135 2607 fuisset
1150 2581 1255 2614 injecta.
1272 2581 1304 2606 Et
1316 2588 1347 2607 ex
1360 2581 1452 2607 cadem
1468 2581 1510 2607 die
1527 2581 1674 2614 improvide
1684 2588 1834 2615 suggeren-

1042 2625 1106 2651 mihi
1121 2630 1212 2651 contra
1226 2625 1340 2657 aliquem
1356 2625 1464 2651 omnino
1485 2625 1583 2658 aliquid
1600 2625 1689 2652 nullus
1703 2625 1760 2658 jam
1785 2633 1834 2651 au-

1042 2678 1100 2697 sum
1115 2670 1205 2702 habet,
1219 2671 1288 2704 quod
1308 2671 1426 2705 deposco
1440 2677 1466 2698 et
1488 2678 1584 2697 ntoneo
1608 2678 1734 2705 magnum
1751 2670 1832 2696 decc.

1042 2725 1098 2744 rem
1114 2721 1196 2749 tuum,
1211 2717 1257 2749 ﬁli,
1282 2717 1405 2744 similiter
1420 2718 1515 2745 facere.
1529 2718 1604 2751 Saepe
1615 2717 1686 2743 enini
1703 2721 1730 2742 et
1740 2716 1834 2743 cades

1044 2762 1156 2795 injustas
1173 2761 1282 2793 faciunt,
1298 2763 1341 2795 qui
1365 2762 1551 2789 sublimitatem
1568 2763 1697 2788 creditam
1721 2762 1835 2793 habent,
