1946 3194
212 102 280 130 16δί

215 162 334 193 egestate
354 164 412 184 esse
436 159 554 182 sanctum
570 153 715 181 Modestum
735 153 908 187 patriareham
927 153 1002 180 Jero-

217 204 378 237 solyrnorum
395 200 465 234 (55).
481 200 513 226 ad
530 199 623 225 horum
639 198 825 225 relevationem
847 203 874 225 et
889 199 998 226 reaaIifI-

214 247 345 273 cationem
363 246 443 271 ntittit
456 245 479 271 ei
503 244 661 271 nomismata
682 244 763 275 mille,
778 248 804 270 et
819 244 889 271 tnilte
908 251 999 271 saccos

216 292 309 324 plenos
319 290 460 321 frumento,
473 293 500 316 et
511 289 581 315 mille
596 287 735 321 legumina,
752 288 823 315 mille
834 288 912 315 libras
926 289 997 321 ferri,

214 335 284 362 mille
297 338 382 361 restes
395 334 553 360 siccatnrnm
568 332 690 366 piscium,
704 332 748 366 qui
762 340 927 360 menomena:
940 333 997 369 (δι)

212 379 347 411 dicuntur,
364 378 436 404 mille
450 377 554 403 vascula
570 377 633 408 vini,
649 381 675 403 et
690 377 763 403 mille
777 376 915 412 Egyptios
933 385 999 412 ope-

212 424 316 456 rarios,
341 423 449 450 mittens
461 423 485 449 ei
501 429 548 456 per
570 422 670 448 litteras
685 430 691 447 :
709 430 718 447 ι
738 421 774 448 Da
788 422 852 448 mitti
875 422 978 449 veniam
990 442 998 455 ,

213 475 277 495 vere
300 467 397 494 Christi
413 471 550 501 operator,
567 466 632 492 nihil
653 466 760 500 dignum
782 466 887 500 templis
899 466 999 494 Christi

214 512 338 538 miltenti.
363 511 461 538 Vellem
476 511 557 541 enim,
578 510 656 537 crede
680 510 758 542 mihi,
774 511 796 536 si
810 515 881 537 esset
904 518 999 539 conve-

213 557 300 589 ttiens,
313 562 340 584 et
355 557 412 591 ipse
425 564 457 583 eo
468 555 570 589 venire,
586 559 614 582 et
627 555 683 589 ipse
697 556 799 588 operari
812 556 837 582 in
850 556 928 583 domo
942 564 999 583 san-

213 605 264 628 ctae
286 600 385 627 Christi
401 600 615 627 resurrectionis.
639 600 825 627 Verumtamen
849 601 912 628 illud
934 609 998 636 rogo

214 646 397 672 honorandum
412 649 492 679 caput
514 649 598 677 tuum,
615 649 642 671 ut
657 645 804 672 nullatenus
819 645 870 672 hoc
885 646 999 680 imputes

215 691 326 717 minimo
336 691 435 717 nomini
446 690 597 724 exiguitatis
610 697 686 723 mete,
699 690 745 716 sed
761 690 812 717 hoc
824 691 909 725 potius
924 696 1002 725 petas

212 741 227 760 a
244 734 361 765 Christo,
378 740 405 761 ut
420 734 455 760 ibi
470 742 512 761 me
524 734 674 761 conscribat
686 734 730 761 ubi
745 736 873 762 veraciter
883 737 1001 763 c0nscri-

214 779 268 813 ptio
284 779 359 806 beata
374 778 506 805 consistit.
524 787 533 803 ›

248 823 311 850 Car.
337 823 395 850 XX.
410 823 558 856 —Arripit
579 823 623 849 ille
635 827 741 850 sanctus
762 828 788 850 et
808 823 875 856 hoc,
901 824 996 850 bonum

213 869 288 900 dico,
310 868 434 894 videlicet
449 867 519 901 quod
542 867 631 893 infimo
657 872 741 894 stratu
765 869 946 901 recumberet,
970 873 997 895 et

214 914 309 941 vilibus
323 914 493 947 operimentis
506 914 531 940 in
545 914 638 940 cellula
651 921 697 940 sua
712 918 838 941 uteretur.
851 915 924 947 Quod
937 923 996 942 cum

213 960 331 986 audisset
345 959 451 994 quidam
467 966 648 992 posseSsorum
663 959 787 991 civitatis,
804 960 950 987 ascendens
964 960 997 987 ad

213 1012 285 1036 eum,
301 1009 328 1031 et
340 1005 433 1030 videns
448 1005 517 1038 quod
530 1004 663 1038 opertorio
677 1004 760 1031 scisso
772 1010 798 1031 et
809 1005 885 1032 laneo
898 1011 999 1039 tegere-

214 1055 267 1081 tur,
282 1050 428 1076 transmisit
443 1050 467 1076 ei
478 1049 670 1083 coopertorium
687 1050 875 1077 numismatum
892 1051 998 1084 triginta

214 1104 271 1128 sex,
284 1103 381 1130 rogans
402 1096 512 1122 ιῐιυΙῑυιη
529 1104 588 1123 eum
613 1100 641 1122 III.
656 1103 687 1121 EO
701 1096 881 1129 cooperiretur
895 1096 927 1121 ad
944 1103 999 1122 tue-

215 1141 338 1174 moriam,
365 1141 458 1174 inquit,
477 1141 614 1167 tnittentis.
630 1141 676 1168 Ille
690 1149 752 1168 vero
769 1141 818 1168 hoc
837 1141 996 1175 suscipiens,

214 1191 321 1220 propter
336 1187 444 1213 multam
462 1187 510 1213 viri
523 1187 723 1220 postulationem
740 1192 880 1221 coopertus
895 1192 935 1214 est
949 1188 998 1214 hoc

214 1239 264 1258 una
281 1237 367 1264 nocte,
384 1239 432 1266 per
447 1237 529 1258 totam
545 1239 612 1266 pene
626 1237 729 1259 noctem
745 1232 850 1259 dicebat
869 1233 900 1258 ad
913 1240 999 1259 setnr-

214 1278 328 1311 tipsum,
355 1282 383 1303 ut
403 1277 549 1304 recitabant
563 1277 714 1304 cubicularii
738 1278 794 1311 ejus
808 1287 813 1303 :
828 1278 890 1310 Quis
911 1278 996 1310 dicet,

214 1321 282 1355 quod
298 1321 403 1348 humilis
417 1321 533 1348 Joannes
549 1321 675 1354 (habebat
687 1321 757 1347 enini
770 1328 874 1354 semper
889 1323 998 1349 verbum

214 1366 282 1392 istttd
298 1367 323 1391 in
337 1368 394 1399 ore)
411 1366 489 1399 pallio
504 1365 608 1399 triginta
620 1373 666 1391 sex
682 1365 868 1392 numismatum
885 1372 997 1400 tegatur,

213 1416 240 1437 et
251 1410 347 1438 fratres
357 1410 455 1438 Christi
471 1411 567 1445 frigore
581 1410 724 1437 necentur?
741 1411 837 1443 Quanti
849 1417 908 1437 sunt
920 1413 999 1439 modo

213 1457 257 1491 qui
273 1457 395 1484 dentibus
414 1457 527 1484 strident
542 1464 596 1490 prce
609 1456 710 1491 glacie?
726 1457 815 1490 quanti
832 1462 894 1483 sunt
919 1457 998 1483 modo

214 1502 257 1534 qui
270 1502 398 1534 psiathuni
411 1501 468 1536 (55)
481 1501 609 1527 habentes
619 1501 711 1527 subtus
722 1500 870 1533 dimidiutn,
883 1505 909 1527 et
920 1508 998 1535 supra

214 1545 362 1577 dimidium,
378 1550 404 1571 et
420 1552 470 1570 non
488 1548 599 1578 possunt
613 1544 755 1570 extendere
772 1545 853 1578 pedes
867 1553 940 1576 suus,
953 1546 999 1572 sed

213 1589 348 1615 dormiunt
362 1593 389 1615 ut
402 1589 506 1622 glomus
517 1593 660 1616 trementes
673 1588 748 1623 (56)?
762 1589 857 1621 Quanti
870 1589 896 1615 in
911 1594 1000 1618 monte

213 1635 380 1661 dormierunt
395 1633 530 1665 incenati,
553 1639 579 1660 et
595 1634 653 1660 sine
669 1634 787 1666 lucerna,
805 1634 932 1661 habentes
952 1636 1000 1661 du-

215 1677 309 1712 plicem
334 1679 480 1705 cruciatum
505 1682 557 1703 tam
573 1685 604 1704 ex
621 1677 718 1712 frigore
733 1686 810 1713 quam
836 1687 867 1705 ex
882 1679 999 1713 jejunio?

213 1722 311 1754 Quanti
325 1722 475 1749 desiderant
486 1722 597 1748 saturari
611 1721 644 1748 de
656 1721 727 1748 foliis
738 1722 850 1754 olerum,
867 1730 925 1756 qua:
937 1730 1001 1756 pro-

212 1768 341 1801 jiciunlur
365 1767 398 1795 de
420 1768 532 1801 coquina
558 1769 634 1794 mea?
657 1768 752 1801 Quanti
777 1768 876 1795 vellent
898 1770 1000 1803 tingere

211 1819 305 1846 panem
334 1820 410 1838 suum
433 1813 458 1839 in
475 1817 576 1839 zemate
595 1812 651 1847 (57)
667 1813 737 1846 quod
762 1813 902 1846 projiciunt
922 1814 998 1847 coqui

211 1858 282 1884 mei?
298 1857 394 1889 Quanti
409 1858 518 1890 cupiunt
541 1857 583 1883 vel
606 1856 718 1884 odorare
731 1858 831 1889 vinum,
847 1859 915 1891 quod
938 1857 999 1884 fun-

212 1903 282 1929 ditur
299 1903 324 1929 in
339 1903 447 1929 cellario
462 1903 538 1930 meo?
553 1903 649 1935 Quanti
664 1908 725 1929 sunt
745 1903 771 1929 in
787 1903 893 1930 civitate
908 1904 957 1930 ista
971 1904 998 1930 in

212 1947 261 1972 hac
276 1947 338 1972 hora
354 1947 496 1981 peregrini,
513 1955 564 1973 non
582 1947 709 1974 habentes
723 1948 765 1974 ubi
783 1949 959 1981 hospitentur.
973 1954 997 1975 et

211 1990 238 2016 in
253 1990 310 2017 foro
323 1991 424 2025 jacent,
440 1991 552 2018 fortasse
572 1996 599 2018 et
615 1992 701 2025 pluvia
717 1992 874 2019 madefacti?
890 1995 997 2026 Quanti,

211 2040 301 2068 putas,
316 2035 415 2061 habent
441 2041 524 2062 totum
540 2043 672 2069 mensem,
690 2037 730 2063 vel
746 2039 823 2063 etiam
844 2039 920 2070 duos,
945 2047 997 2065 null

210 2085 349 2114 gustatttes
372 2081 471 2108 oleum.
487 2082 583 2114 Quanti
600 2087 660 2109 sunt
673 2082 716 2116 qui
733 2090 784 2108 non
806 2082 904 2109 habent
929 2084 996 2110 alte-

209 2131 267 2150 rutn
283 2124 470 2152 vestimentum
486 2126 512 2152 in
528 2130 630 2158 aestate,
646 2130 673 2153 et
685 2126 797 2153 alterunt
817 2127 843 2153 in
859 2128 957 2159 hieme,
970 2133 997 2155 et

210 2171 245 2196 ita
262 2170 375 2198 miseriis
399 2172 569 2206 affliguntur?
583 2171 621 2198 Tu
644 2179 706 2198 vero
730 2177 892 2206 exspectans
916 2173 995 2200 etiam

208 2218 335 2241 sternam
348 2215 541 2248 iucunditatem
567 2216 682 2251 assequi,
699 2221 726 2243 et
753 2218 839 2244 vinum
855 2218 925 2245 bibis
939 2238 946 2250 ,
972 2223 1000 2245 et

210 2259 296 2292 pisces
310 2259 441 2286 immanes
462 2261 585 2292 devores,
600 2266 627 2288 et
641 2261 667 2288 in
689 2262 818 2288 cubiculis
834 2262 998 2297 dentoraris,

209 2303 289 2330 modo
304 2308 391 2331 autem
407 2311 466 2331 cum
494 2306 617 2332 omnibus
637 2307 714 2333 malis
742 2309 809 2334 etin
833 2311 1000 2342 coopertorio

211 2348 318 2382 triginta
331 2356 378 2375 sex
394 2350 582 2376 numismalum
601 2355 625 2377 te
649 2351 789 2378 calefacis?
804 2352 941 2380 Veraciter
963 2355 998 2382 ita

210 2394 305 2421 vivens
316 2400 343 2421 et
355 2395 382 2421 in
397 2395 441 2421 tali
458 2396 590 2422 laxatiune
603 2404 775 2429 conversaris,
792 2406 842 2425 tton
856 2405 996 2433 exspecta—

212 2441 251 2467 bis
266 2441 320 2467 illic
346 2442 499 2474 praeparatis
514 2441 616 2476 gaudiis
645 2442 710 2475 frui,
726 2443 772 2470 sed
788 2444 880 2471 audies
906 2445 997 2479 utique

209 2487 278 2518 quod
306 2491 332 2513 et
359 2487 435 2513 dives
460 2487 505 2514 ille
529 2488 629 2514 audivit
646 2488 733 2523 (Lucw
760 2492 816 2523 xvt)
839 2498 845 2516 :
865 2491 997 2525 Recepisti

212 2535 285 2562 qona
334 2529 361 2556 itt
397 2531 451 2558 vita
489 2536 557 2567 tua,
598 2541 725 2567 pauperes
741 2542 804 2561 vero
818 2536 901 2568 mala;
926 2544 997 2563 nune

209 2580 271 2603 CIgU
285 2573 467 2605 consolantur,
483 2580 509 2601 tu
522 2584 584 2602 VL'IO
595 2578 730 2605 cruciaris.
744 2579 901 2607 Benedictus
915 2581 996 2615 Deus,

210 2616 319 2642 humilis
332 2617 448 2645 Joannes
467 2620 518 2646 alia
534 2626 610 2647 nocte
626 2630 677 2648 non
693 2629 860 2657 coopertetur
875 2625 929 2651 illo.
951 2626 996 2652 Ju-

209 2666 277 2687 stum
293 2668 331 2689 est
349 2664 418 2690 enim
430 2685 437 2696 ,
461 2670 485 2691 et
501 2665 568 2692 bette
592 2673 727 2702 acceptum
744 2670 808 2701 Deo,
824 2675 849 2696 ut
876 2676 995 2704 tegantur

208 2712 314 2734 centum
331 2712 418 2742 potius
433 2713 603 2746 quadraginta
615 2719 729 2748 quatuor
743 2715 838 2743 fratres
853 2721 880 2744 et
893 2717 993 2744 dotnini

209 2758 259 2785 tut,
275 2761 352 2787 quain
370 2761 393 2781 tu
421 2757 521 2784 infelix.
547 2759 770 2787 Vennntlahantur
786 2763 855 2788 enim
882 2769 995 2797 quatitur

739 93 875 123 LEONTII
893 93 1086 122 NEAPOLITA
1092 92 1125 121 NI
1146 91 1298 121 EPISCOPI

1765 91 1776 117 1
1782 91 1844 118 ὓῦξ

1017 156 1037 183 Α
1053 151 1210 178 rachanellaz
1222 151 1280 185 (58)
1293 149 1450 175 numismate
1462 155 1525 175 uno.
1538 148 1596 175 Mox
1609 154 1673 182 ergo
1687 149 1842 175 transmisit

1051 197 1112 223 illud
1129 197 1153 223 in
1167 197 1321 227 crastinum,
1339 200 1366 222 ut
1382 195 1587 222 venundaretur.
1601 194 1634 221 Et
1645 194 1741 221 videns
1756 196 1779 221 is
1791 196 1840 229 qui

1049 241 1190 273 obtulerat,
1206 240 1270 267 emit
1285 240 1347 266 illud
1371 240 1475 270 triginta
1491 246 1538 265 sex
1562 239 1789 270 nnmismatibus,
1812 244 1841 265 et

1050 292 1141 312 rursus
1164 284 1260 311 obtulit
1280 284 1447 318 patriarcha.
1472 283 1538 310 Cum
1557 291 1622 310 vero
1649 284 1675 310 in
1689 284 1839 310 crastinum

1050 329 1159 357 vidisset
1172 329 1248 362 illud,
1271 331 1336 357 emit
1350 330 1400 356 hoc
1423 329 1556 361 similiter,
1581 333 1608 356 et
1633 336 1727 355 rursus
1741 329 1840 355 obtulit

1050 373 1217 406 patriarchai,
1227 373 1374 407 deposcens
1385 379 1413 399 ut
1423 378 1557 407 tegeretur
1563 374 1597 399 ab
1608 380 1652 400 eo.
1665 373 1736 400 Cum
1747 378 1836 400 autem

1050 418 1129 444 tertio
1153 417 1205 445 hoc
1222 418 1348 450 fecisset,
1374 418 1439 445 dicit
1452 418 1477 445 ei
1491 417 1700 452 gratulabundus
1714 417 1762 444 ille
1777 424 1837 443 san-

1050 467 1125 489 ctus:
1142 462 1296 490 Videbimus
1309 463 1369 497 quis
1380 462 1494 495 deficiet,
1510 469 1560 496 ego
1580 469 1615 488 an
1630 466 1669 489 tu.
1685 461 1756 489 Erat
1768 462 1838 488 esti

1049 508 1190 541 opulentus
1203 508 1280 535 valde
1289 528 1297 541 ,
1313 513 1341 535 et
1353 508 1472 535 suaviter
1484 506 1559 541 quasi
1573 506 1761 533 vindemiabnt
1778 513 1838 532 eum

1050 554 1093 580 ille
1107 559 1223 585 sanctus,
1238 555 1361 589 paulatim
1377 553 1412 581 ab
1425 560 1458 581 eo
1472 553 1552 580 multa
1566 551 1710 583 auferens;
1725 556 1756 578 et
1769 552 1840 578 dice-

1051 599 1095 626 bat
1105 606 1210 632 semper
1222 599 1292 632 quod
1304 603 1394 633 posset
1407 598 1503 631 aliquis
1514 597 1667 624 intentione
1679 596 1765 622 dandi
1777 603 1839 629 pau-

1051 645 1157 679 peribus
1177 645 1329 679 exspoliare
1351 645 1461 677 divites,
1475 647 1504 671 et
1517 644 1602 678 ipsum
1624 643 1706 669 etiam
1723 642 1839 677 hypoca-

1050 690 1145 716 misum
1160 689 1220 724 (59)
1232 690 1265 716 ab
1279 690 1318 716 eis
1332 690 1459 716 benevole
1471 688 1585 719 auferre,
1599 694 1625 714 et
1641 695 1696 713 non
1711 694 1837 721 pem-ire,

1049 738 1076 760 et
1100 735 1214 761 maxime
1236 736 1257 760 si
1273 739 1335 761 sunt
1358 735 1436 768 aliqui
1462 732 1692 760 intmisericordes
1707 736 1736 758 et
1757 732 1836 756 avari.

1051 779 1106 806 Duo
1121 780 1191 806 enim
1207 780 1323 806 lucratur
1337 780 1395 807 talis
1408 789 1414 806 :
1427 788 1507 806 unntn
1523 780 1642 814 quidem,
1658 778 1722 812 quia
1736 778 1837 803 animas

1014 834 1036 862 Β
1050 826 1155 853 illorum
1171 831 1275 857 servat;
1291 825 1402 851 alterum
1426 830 1523 855 autem,
1548 824 1676 857 qttoniam
1693 827 1721 848 et
1737 823 1793 854 ipse
1805 830 1836 847 ex

1049 871 1099 897 hoc
1113 870 1259 896 mercedem
1275 877 1326 895 non
1342 869 1469 895 modicam
1485 868 1575 895 habet.
1591 867 1688 894 Attuiit
1703 871 1792 893 autem
1804 866 1836 891 ad

1049 915 1231 941 credulitatem
1245 915 1317 941 verbi
1328 919 1355 941 et
1368 915 1546 940 testimonium
1564 921 1657 944 verax,
1674 913 1748 946 quod
1767 912 1837 938 circa

1049 965 1168 987 sanctum
1184 960 1359 994 Epiphaniam
1375 964 1401 986 et
1414 959 1542 986 Joannem
1557 958 1614 992 (ϐυ)
1625 960 1786 992 episcopum
1797 957 1838 983 .le-

1049 1006 1244 1040 rosolymorum
1270 1005 1366 1032 factum
1381 1009 1432 1036 est,
1447 1003 1581 1038 quomodo
1594 1009 1704 1029 sanctus
1724 1002 1838 1035 Epipha-

1049 1051 1108 1076 nius
1124 1058 1171 1083 per
1192 1054 1274 1077 artem
1297 1050 1355 1076 tulit
1369 1055 1506 1083 argentum
1524 1049 1696 1082 patriarcln,
1714 1049 1840 1074 videlicet

1049 1093 1158 1120 Joannis
1172 1094 1301 1127 ejusdem,
1313 1099 1338 1120 et
1352 1094 1426 1120 dedit
1436 1094 1582 1128 egentibus.

1084 1139 1139 1165 CAP
1157 1139 1227 1165 XXI.
1243 1154 1277 1158 —
1293 1139 1405 1173 Dignum
1420 1143 1446 1165 et
1458 1147 1602 1173 congruum
1620 1138 1753 1170 pnedicto
1769 1140 1840 1171 (Ἄρις

1049 1184 1104 1210 tulo
1115 1185 1247 1212 referebat
1260 1185 1341 1211 semel
1353 1192 1441 1211 coram
1455 1185 1578 1211 omnibus
1591 1186 1640 1211 iste
1656 1189 1785 1214 sanctus,
1799 1184 1840 1209 ds-

1049 1236 1130 1257 cens:
1148 1229 1290 1262 Habebam,
1307 1230 1400 1264 inquit,
1416 1230 1556 1264 quemdam
1568 1231 1723 1256 ministrum
1738 1230 1764 1255 in
1778 1237 1840 1261 apo-

1051 1274 1124 1301 theca
1137 1282 1193 1302 tnea
1203 1276 1228 1301 in
1243 1275 1341 1310 Cypro,
1355 1275 1458 1302 fidelem
1474 1276 1559 1307 valde,
1572 1280 1598 1301 et
1610 1275 1743 1308 virginem
1758 1281 1842 1308 usque

1050 1319 1082 1345 ad
1106 1320 1206 1346 obitum
1228 1327 1314 1347 suum.
1330 1321 1378 1347 IIic
1401 1328 1465 1355 ergo
1489 1321 1613 1347 narrabat
1638 1320 1705 1347 mihi
1728 1322 1793 1354 quia
1816 1322 1840 1346 in

1051 1364 1135 1390 Africa
1151 1365 1281 1391 existente
1304 1373 1346 1392 me
1362 1366 1430 1399 facta
1454 1371 1495 1393 est
1510 1373 1553 1392 res
1569 1366 1724 1400 hujusmodi
1744 1376 1751 1393 :
1780 1367 1841 1393 Per-

1051 1410 1188 1435 manebatn
1204 1410 1285 1442 enim,
1300 1411 1346 1442 ait,
1364 1419 1422 1437 cunt
1439 1412 1553 1444 quodam
1581 1412 1741 1443 teloneario,
1756 1412 1842 1438 divite

1051 1453 1223 1482 vehementer
1237 1460 1263 1481 et
1287 1456 1500 1483 immi~ericordi.
1526 1458 1612 1484 Semel
1633 1466 1698 1491 ergo
1715 1466 1844 1491 pauperi-

1011 1489 1033 1519 ο
1050 1498 1098 1526 bus
1114 1500 1138 1525 in
1154 1499 1239 1526 hieme
1255 1501 1407 1528 sedentibus
1420 1502 1452 1527 ad
1467 1501 1562 1533 Solem,
1578 1510 1658 1536 seque
1666 1489 1845 1530 bimae..-

1052 1544 1130 1577 tibus,
1148 1551 1283 1578 coeperunt
1297 1546 1391 1580 singuli
1403 1546 1496 1572 domos
1507 1547 1766 1581 eleemosynatorum
1781 1549 1847 1574 cul-

1051 1590 1167 1622 Iaudare,
1184 1595 1210 1617 et
1224 1599 1271 1625 pro
1285 1592 1323 1618 eis
1335 1599 1411 1618 orare
1427 1599 1474 1625 per
1488 1592 1607 1626 singulos
1620 1600 1719 1624 eorum,
1737 1593 1847 1618 simili-

1051 1641 1090 1662 ter
1101 1641 1127 1663 et
1136 1636 1229 1663 domOs
1236 1638 1429 1671 eleemosynam
1444 1645 1496 1664 tton
1508 1637 1659 1665 facientium
1670 1639 1845 1671 vituperare.

1051 1680 1121 1706 Inter
1135 1689 1193 1714 qua:
1207 1682 1278 1707 venit
1294 1682 1319 1708 in
1335 1682 1450 1708 tnedium
1463 1690 1554 1709 eoruttt
1571 1688 1598 1709 et
1613 1691 1711 1710 nomen
1723 1686 1846 1712 senioris

1050 1726 1102 1751 mei
1130 1726 1287 1757 teiunearii,
1317 1731 1344 1753 et
1377 1732 1516 1760 cceperunt
1545 1728 1640 1761 singuli
1673 1729 1846 1763 interrogare

1051 1772 1199 1806 proximum
1214 1781 1220 1797 :
1239 1772 1307 1799 Vere
1332 1777 1369 1803 tu,
1387 1773 1480 1805 frater,
1496 1773 1621 1808 accepisti
1637 1773 1791 1808 aliquando
1812 1776 1847 1802 de

1049 1816 1129 1843 dumo
1145 1816 1187 1842 illa
1211 1818 1438 1844 benedictionem?
1455 1818 1486 1845 Et
1499 1819 1622 1845 omnibus
1647 1820 1846 1854 interroganti-

1051 1861 1097 1887 bus
1114 1862 1237 1893 invicem,
1253 1863 1341 1888 nullus
1357 1862 1479 1889 inventus
1490 1867 1530 1890 est
1543 1865 1679 1898 accepisse
1693 1865 1847 1899 aliquando

1049 1906 1083 1933 de
1097 1907 1175 1933 dumo
1192 1907 1249 1939 eius
1263 1908 1373 1940 aliquid.
1391 1908 1457 1935 Dicit
1478 1917 1541 1943 ergo
1556 1917 1623 1936 unus
1636 1917 1672 1936 ex
1686 1911 1727 1937 eis
1750 1921 1758 1938 ε
1776 1913 1846 1944 Quid

1049 1952 1145 1977 dabitis
1160 1952 1233 1983 mihi,
1250 1956 1275 1979 et
1300 1960 1351 1987 ego
1377 1952 1504 1987 accipiam
1520 1954 1597 1980 hodie
1623 1962 1656 1981 ex
1673 1962 1707 1981 eo
1731 1956 1848 1984 benedi.

1048 1999 1180 2025 ctionem?
1203 1999 1233 2025 Et
1260 1999 1416 2027 facientibus
1438 2008 1499 2027 cum
1526 2008 1558 2027 eo
1580 2007 1699 2034 pactum,
1726 2004 1807 2030 venit
1820 2009 1847 2031 et

1048 2049 1100 2070 Stat
1114 2044 1177 2071 foris
1193 2050 1293 2078 portam
1317 2045 1421 2076 dumos,
1437 2052 1593 2080 exspectans
1608 2048 1718 2080 quando
1735 2050 1772 2075 ad
1799 2050 1846 2076 do-

1048 2097 1119 2116 mum
1134 2098 1208 2116 suam
1223 2095 1411 2117 reverteretur.
1436 2091 1472 2117 Ex
1496 2092 1696 2126 dispensatione
1708 2093 1761 2120 Dei
1783 2102 1846 2128 per-

1050 2141 1179 2163 venerunt
1194 2136 1282 2169 simul,
1300 2137 1356 2171 ipse
1378 2137 1528 2172 ingrediens
1550 2143 1665 2171 portam,
1692 2144 1720 2165 et
1744 2142 1849 2168 attinnt

1050 2187 1156 2216 portans
1170 2182 1287 2217 siligines
1309 2191 1322 2210 a
1340 2185 1470 2218 ntancipio
1486 2185 1555 2218 (61),
1572 2192 1651 2212 causa
1675 2187 1791 2219 prandii
1807 2188 1847 2220 ip-

1051 2227 1115 2253 sius.
1131 2226 1229 2254 Videns
1242 2227 1320 2262 igitur
1334 2236 1445 2263 egenum
1455 2248 1462 2260 ,
1486 2237 1538 2256 non
1553 2229 1694 2257 inveniens
1710 2231 1846 2265 lapidem.

1050 2278 1098 2304 per
1114 2274 1227 2298 turorem
1250 2272 1342 2306 arripit
1355 2274 1484 2307 siliginem
1505 2275 1538 2300 de
1553 2275 1662 2306 clitella,
1687 2280 1716 2302 et
1730 2276 1846 2309 jactant

1050 2315 1075 2342 in
1089 2316 1182 2344 faciem
1198 2318 1264 2351 ejus.
1281 2319 1327 2345 Ille
1341 2327 1403 2346 vero
1417 2321 1533 2354 suscepit
1546 2327 1615 2352 eam,
1630 2326 1657 2346 et
1670 2321 1743 2347 abiit
1759 2327 1788 2347 ut
1804 2331 1848 2347 ῃ-

1050 2362 1185 2389 tisfztceret
1197 2363 1376 2391 confratribus
1389 2366 1454 2398 suis,
1470 2366 1538 2399 qttod
1551 2373 1583 2392 ex
1597 2366 1700 2393 eisdem
1713 2369 1845 2395 manibus

1049 2408 1196 2441 accepisset
1211 2418 1281 2436 eam.
1308 2410 1397 2444 Itaque
1414 2417 1472 2445 post
1486 2413 1553 2439 duos
1575 2413 1631 2439 dies
1641 2417 1791 2446 :egrotavit
1805 2416 1847 2442 in—

1050 2453 1174 2480 firmitate
1183 2455 1215 2480 ad
1226 2460 1336 2482 mortem
1346 2457 1414 2484 idem
1428 2457 1597 2490 telnnearins,
1607 2460 1711 2486 etvidit
1725 2460 1755 2486 in
1771 2468 1846 2488 som-

1050 2497 1090 2523 nis
1115 2499 1230 2532 scipsutn
1257 2500 1385 2527 rationem
1410 2508 1566 2536 ponentem,
1592 2508 1619 2530 et
1639 2510 1738 2530 omnes
1767 2512 1844 2532 διιιις

1048 2550 1110 2569 suos
1132 2551 1211 2577 super
1234 2550 1360 2572 stateram
1384 2547 1534 2580 appendere
1558 2556 1564 2573 :
1592 2548 1619 2574 in
1645 2556 1697 2575 una
1728 2551 1843 2583 quidem

1049 2588 1105 2614 acie
1122 2589 1178 2623 (62)
1202 2593 1430 2625 congregabantur
1455 2593 1534 2619 Mauri
1550 2593 1654 2627 quidam
1679 2594 1842 2622 deformes.

1049 2632 1130 2658 altera
1145 2639 1232 2660 autem
1255 2635 1326 2662 acies
1341 2636 1452 2663 aliorum
1467 2637 1641 2671 quorumdam
1656 2643 1718 2665 erat
1744 2641 1841 2666 candi-

1048 2676 1169 2703 datorum
1186 2682 1211 2703 et
1223 2678 1381 2705 terribilium
1405 2681 1502 2714 specie.
1520 2682 1569 2713 Qui
1587 2681 1649 2708 nihil
1665 2681 1842 2709 invenientes

1048 2720 1108 2747 boni
1120 2742 1127 2753 ,
1140 2726 1166 2748 ut
1181 2727 1207 2748 et
1221 2723 1268 2756 ipsi
1285 2724 1466 2757 appenderent
1479 2732 1587 2752 econtra
1604 2727 1751 2754 adversum
1773 2728 1841 2754 mia

1048 2775 1127 2801 opera
1147 2775 1203 2802 qua.-
1217 2769 1328 2796 collecta
1344 2775 1419 2797 crant
1438 2779 1452 2797 a
1468 2772 1563 2799 Mauris
1588 2774 1612 2799 in
1630 2773 1687 2800 acie
1704 2774 1841 2808 ipsorum.

1012 2166 1037 2195 ι)

139 2823 1946 3189 ____J
