3892 6388
432 187 570 244 1655
1488 174 1767 233 LEONTII
1807 168 2266 228 NEAPOLITANI
2301 164 2606 223 EPISCOPI
3537 161 3695 218 1636

447 303 610 364 mine,
654 295 890 350 Domine.
945 293 1103 345 Porro
1128 291 1369 342 omnibus
1397 291 1483 355 qui
1533 294 1580 338 in
1609 287 1794 339 eadem
1835 285 1993 335 domo
2019 286 2067 338 Α
2095 279 2213 345 quia
2248 291 2414 345 usque
2443 276 2598 329 hodie
2628 273 2870 342 putabam
2898 271 3034 339 quod
3065 269 3143 364 vel
3175 268 3374 364 aliquid
3406 267 3689 364 facerem,

447 359 606 440 erant
625 380 936 451 perterritis,
958 379 1204 446 quoniam
1227 376 1506 429 audiebant
1527 389 1645 427 eum
1670 376 1991 440 loquentem,
2097 366 2230 420 datis
2254 381 2385 434 quas
2415 369 2611 420 habere
2658 376 2869 432 possunt
2917 361 3187 428 pecuniis;
3231 359 3536 412 nesciebam
3591 372 3693 410 au-

447 450 636 530 itcrum
662 473 787 525 dicit
815 469 902 522 ille
926 468 1188 535 quondam
1218 476 1392 518 mutus
1431 485 1443 516 :
1476 466 1566 519 llle
1588 465 1675 530 qui
1718 461 1995 529 coqniuam
2095 463 2201 507 tem
2233 455 2371 522 quod
2401 463 2452 508 et
2475 457 2678 521 seipsos
2703 452 3018 513 venderent,
3045 450 3268 518 quadam
3293 452 3694 516 compassioue

449 563 694 626 faciebat,
727 558 1114 620 exiitcurrens,
1147 556 1236 610 sed
1270 555 1440 608 videte
1467 569 1532 606 ne
1563 552 1700 606 forte
1727 553 1844 620 fuga
1887 551 1999 616 lap-
2096 545 2354 612 superati.

453 669 542 708 sus
572 652 659 716 sit,
689 664 909 716 magnus
936 650 1076 700 enim
1109 659 1291 700 servus
1320 645 1408 698 Dei
1441 653 1539 696 est.
1582 643 1801 707 Quando
1831 641 1985 692 disce-

449 742 627 805 debat,
659 737 792 790 dixit
835 736 962 790 mihi
1011 751 1024 787 :
1055 735 1170 786 Tibi
1201 733 1317 786 dico
1347 734 1396 785 in
1427 733 1635 783 nomine
1685 729 1917 790 Domini;
1946 737 2000 780 et

452 847 574 885 mox
603 831 708 884 vidi
733 830 800 883 de
826 844 918 883 ore
947 829 1060 897 ejus
1087 835 1364 881 exeuntem
1392 824 1676 883 ﬂammam,
1709 831 1761 875 et
1782 829 2000 887 tangen-

455 932 558 975 tem
585 934 740 974 aures
771 934 948 984 meas;
980 927 1034 972 et
1054 918 1229 970 statim
1253 915 1448 978 audivi,
1472 922 1524 966 et
1549 915 1751 965 locutus
1772 925 1908 962 sum.
1935 908 2002 961 Et

454 1009 773 1065 exsilientes
840 1015 896 1058 et
969 1015 1264 1074 sequentes
1357 1021 1476 1060 eum
1526 1005 1719 1068 cuncti,
1774 1002 1997 1053 ulterius

455 1115 558 1152 non
590 1100 830 1151 viderunt
880 1111 1020 1150 eum.
1064 1094 1212 1148 Tunc
1255 1092 1617 1162 pmnitentiam
1647 1105 1833 1143 omnes
1877 1103 2000 1154 age-

455 1188 595 1249 bant,
627 1186 715 1255 qni
746 1186 798 1237 in
826 1184 982 1237 domo
1012 1184 1097 1236 illa
1140 1192 1310 1244 erant,
1359 1191 1413 1236 et
1443 1182 1555 1245 ipse
1601 1179 1847 1233 dominus
1887 1176 2002 1245 rjus

455 1279 542 1344 qui
566 1277 776 1330 Petrum
797 1282 1017 1341 emerat,
1044 1274 1163 1342 quia
1191 1274 1244 1326 in
1273 1274 1362 1326 tali
1425 1270 1804 1325 exhonorantia
1836 1268 2004 1319 humi-

461 1367 676 1420 liassent
700 1379 843 1430 eum,
864 1373 918 1418 et
947 1362 1172 1416 maxime
1194 1363 1246 1415 hi
1267 1376 1354 1430 qui
1381 1361 1642 1414 vocabant
1662 1374 1780 1412 eum
1808 1358 2006 1411 Amen-

2167 655 2292 707 CAP.
2325 652 2510 706 XXI".
2549 683 2605 694 --
2641 652 2862 716 Semper
2902 648 3116 719 quidem
3157 647 3462 702 honorabat
3488 662 3690 700 mona-

2097 741 2306 794 chicum
2338 741 2550 795 schema
2581 751 2796 793 sanctus
2829 741 2931 801 hic,
2972 747 3025 792 et
3053 736 3259 790 colebat
3299 742 3359 789 et
3385 736 3693 802 compatieo

2101 831 2271 894 batur,
2301 832 2386 885 ubi
2420 832 2648 884 maxime
2677 830 2966 897 aspiciebat
3017 826 3338 879 monachum
3370 824 3675 891 corporali-

2099 920 2196 972 bus
2226 920 2542 972 utilitatibus
2574 926 2932 983 angustatum.
2983 915 3221 970 Habebat
3249 925 3429 967 autem
3481 921 3541 966 et
3589 911 3690 964 hoc

2099 1023 2260 1074 super
2291 1012 2484 1062 multos
2535 1009 2877 1074 praecipuum,
2932 1007 3050 1074 quia
3093 1003 3496 1058 accusationem
3552 1016 3692 1066 qua-

2102 1099 2457 1165 lemcumque,
2489 1097 2602 1149 sive
2631 1097 2962 1159 mendacem,
2995 1095 3109 1147 sive
3136 1106 3411 1154 veracem,
3450 1105 3561 1141 non
3610 1104 3696 1140 su-

2101 1187 2356 1253 scipiebat
2383 1193 2569 1238 contra
2612 1185 2842 1250 aliquem
2868 1181 3327 1236 circnmamictnm
3362 1177 3697 1231 monachico

2102 1276 2311 1330 habitu.
2338 1275 2514 1328 Semel
2542 1275 2681 1327 enim
2713 1275 2894 1326 evenit
2939 1285 3004 1327 ex
3049 1271 3381 1325 immissione
3429 1282 3698 1335 quorum.

2102 1367 2225 1420 dam
2289 1367 2710 1426 criminatorem,
2760 1363 3044 1430 pertulisse
3112 1375 3230 1414 eum
3279 1359 3497 1426 aliquid
3549 1357 3697 1409 tale:

459 1464 586 1509 lem.
2103 1452 2339 1520 Quodam
2370 1451 2630 1504 monacho
2649 1460 2867 1518 gyrante
2893 1449 2944 1502 in
2979 1448 3198 1501 civitate
3223 1461 3349 1499 cum
3382 1445 3570 1512 puella
3600 1458 3696 1495 una

527 1542 621 1595 Hae
649 1549 772 1594 sunt
825 1539 1108 1594 beatissimi
1140 1553 1168 1592 a
1221 1538 1332 1592 Deo
1371 1536 1612 1590 honorati
1655 1535 1872 1588 Joannis
1917 1548 2002 1600 pa-

2129 1544 2404 1608 uvencula,
2434 1551 2489 1596 et
2519 1550 2727 1609 petente
2757 1542 3148 1609 eleemosynam
3181 1552 3276 1607 per
3297 1537 3419 1590 dies
3443 1538 3654 1602 aluqot
3673 1577 3686 1591 .

459 1631 702 1684 triarchs
747 1631 1094 1685 narrationes.
1124 1627 1239 1681 Non
1279 1628 1447 1680 solum
1495 1627 1632 1680 enim
1676 1625 1743 1678 de
1770 1623 1872 1676 vita
1914 1637 2009 1676 sua

2128 1632 2322 1701 [uillam
2380 1632 2468 1700 qui
2519 1631 2619 1684 hoc
2666 1630 2946 1691 viderant,
3000 1627 3374 1690 scandalizati,
3433 1627 3698 1680 etesistic

461 1731 736 1774 contentus
763 1730 876 1774 erat
905 1721 1168 1773 volentem
1201 1718 1453 1785 prolicere
1501 1716 1784 1777 aedificare,
1825 1706 2009 1767 ver'um

2128 1729 2318 1774 nantes
2339 1720 2478 1788 quod
2508 1720 2696 1773 mulier
2717 1719 2835 1787 ejus
2863 1728 3026 1782 esset,
3049 1719 3346 1770 attulerunt
3373 1717 3699 1784 patriarcha

460 1813 617 1864 etiam
643 1810 709 1864 de
736 1810 843 1863 Deo
867 1809 1094 1876 acceptis
1119 1817 1174 1860 et
1208 1806 1484 1861 veracibus
1511 1805 1850 1859 relationibus
1879 1805 2010 1861 suis.
2110 1819 2292 1863 contra
2325 1823 2445 1862 eum
2476 1810 2743 1874 querelas,
2775 1807 3012 1861 dicentes
3037 1824 3050 1857 ε
3083 1805 3310 1874 Propter
3338 1806 3502 1872 quid,
3530 1820 3562 1858 a
3589 1804 3701 1858 Deo

459 1909 513 1954 et
540 1900 745 1953 dicebat
772 1913 979 1964 semper
1004 1898 1116 1950 haec
1143 1895 1474 1950 audientibus
1505 1913 1518 1947 :
1551 1895 1606 1950 Si
1645 1893 1857 1962 proprio
1888 1907 2012 1944 Satt-
2113 1899 2392 1961 honorate,
2444 1896 2664 1964 derogat
2713 1896 2832 1949 talis
2885 1895 3136 1964 angelica:
3186 1895 3531 1947 monachicae
3585 1893 3700 1946 vita

460 1990 603 2059 gnioi
632 2004 734 2043 non
775 1995 1124 2057 pepercerunt
1169 1987 1378 2055 quidam
1419 1985 1705 2048 hominum,
1750 1983 1840 2036 sed
1877 1982 2016 2035 hunc
2116 1986 2392 2050 schemati,
2429 1985 2653 2052 puellam
2683 1983 2961 2053 quamdam
2990 1985 3194 2037 habens
3222 1983 3559 2037 mulierem?
3584 1982 3700 2037 Ie:

463 2078 725 2134 dederunt
772 2080 820 2131 in
867 2092 1054 2131 manus
1081 2074 1323 2139 fratrum,
1373 2077 1480 2128 imo
1505 2073 1725 2137 Christi,
1754 2070 2016 2138 quomodo
2111 2087 2242 2146 ergo
2270 2076 2361 2128 Dei
2407 2076 2656 2136 famulus,
2708 2084 2898 2141 putans
2946 2074 3234 2142 prohibere
3282 2084 3487 2127 contra
3542 2072 3701 2127 Deo

465 2177 614 2235 putas
647 2181 744 2219 nos
780 2179 898 2219 cum
927 2165 1198 2218 alacritate
1223 2173 1277 2218 et
1321 2163 1614 2216 humilitate
1656 2161 1907 2214 debemus
1951 2158 2017 2212 de
2113 2164 2393 2219 commissa
2424 2172 2658 2228 peccata,
2687 2173 2933 2230 tanquam
2958 2164 3047 2228 qui
3075 2163 3140 2214 ad
3174 2163 3276 2216 hoc
3326 2163 3398 2215 ab
3441 2176 3516 2217 eo
3560 2175 3703 2217 esset

464 2256 793 2310 facultatibus
817 2256 1010 2308 nostris
1037 2254 1165 2307 dare
1187 2253 1396 2307 Christo
1421 2263 1473 2306 et
1497 2250 1679 2320 egenis
1704 2260 1862 2316 atque
1889 2263 2019 2316 pan-

465 2345 695 2413 peribus,
727 2355 782 2398 ut
808 2344 1344 2411 recompensationem
1375 2343 1692 2410 recipiamus
1729 2355 1757 2394 a
1793 2341 1935 2408 justo
1965 2349 2018 2392 et

467 2433 766 2488 mercedum
793 2431 1060 2488 redditore
1088 2433 1213 2497 Deo,
1236 2434 1287 2485 in
1311 2433 1394 2485 illa
1419 2431 1646 2484 timenda
1676 2439 1730 2483 et
1755 2429 2016 2482 horrenda

467 2523 819 2576 retributionis
872 2523 990 2576 die?
1031 2525 1129 2598 Qui
1187 2538 1325 2575 nunc
1368 2525 1592 2576 seminat
1635 2535 1816 2588 parce.
1863 2533 2019 2587 parce

467 2623 517 2665 et
556 2624 740 2676 metet;
769 2626 820 2666 et
847 2616 933 2679 qui
963 2617 1187 2668 seminat
1216 2616 1266 2666 in
1319 2613 1787 2672 benedictionibus,
1831 2611 1880 2663 id
1916 2621 2018 2673 est,

467 2702 610 2769 large
634 2710 688 2755 et
707 2703 1125 2770 magnanimiter,
1149 2702 1508 2768 multipliciter
1531 2710 1584 2755 et
1605 2709 1767 2755 metet
1791 2699 1839 2767 (I
1847 2699 1870 2752 Ι
1901 2699 2016 2752 Cor.

467 2792 578 2857 ut);
610 2791 708 2844 hoc
735 2799 834 2854 est,
865 2791 1001 2844 bona
1031 2790 1115 2844 illa
1145 2791 1474 2846 haereditahit
1497 2805 1612 2859 qua:
1639 2804 1847 2845 omnem
1875 2804 2023 2842 men-

469 2891 572 2933 tein
597 2883 985 2934 transcendunt.
1865 2881 1871 2888 '

2115 2261 2422 2321 provectus,
2457 2254 2713 2320 praecepit
2739 2254 3016 2306 mulierem
3045 2254 3256 2321 quidem
3283 2251 3522 2322 ﬂagellis
3552 2253 3704 2314 cadi,

2115 2353 2170 2394 et
2196 2341 2428 2407 separari
2459 2341 2524 2394 ab
2551 2355 2648 2406 eo;
2680 2343 2850 2409 ipsum
2876 2353 3048 2398 autem
3069 2343 3372 2406 verberari,
3401 2353 3463 2397 et
3498 2345 3554 2397 in
3581 2359 3695 2398 car-

2115 2445 2239 2484 cere
2269 2438 2477 2484 secreto
2507 2430 2729 2486 recludi.
2764 2431 2897 2484 Dum
2929 2447 3054 2500 ergo
3082 2447 3203 2486 cum
3234 2435 3384 2486 omni
3414 2434 3700 2488 celeritate

2114 2525 2284 2595 jussio
2331 2527 2498 2580 sancti
2528 2525 2580 2578 in
2612 2537 2744 2594 opus
2791 2526 3121 2594 procederet,
3168 2528 3421 2594 apparuit
3472 2527 3526 2580 ei
3559 2538 3706 2580 nocte

2121 2631 2215 2685 per
2238 2618 2406 2671 visum
2425 2616 2739 2681 monachus,
2768 2617 3051 2671 ostendens
3073 2618 3122 2671 ei
3153 2618 3375 2670 dorsum
3407 2632 3580 2670 suum
3606 2635 3700 2684 pu-

2121 2707 2404 2760 trefactum
2434 2707 2561 2774 (non
2601 2716 2878 2773 parcentes
2919 2707 3058 2760 enim
3090 2708 3399 2760 ceciderant
3441 2725 3575 2761 eum
3611 2709 3702 2762 Bc-

2122 2797 2302 2850 clesiae
2326 2796 2656 2865 defensores)
2683 2795 2868 2849 dicens
2895 2795 2944 2850 ei
2978 2813 2991 2848 :
3024 2794 3098 2848 Ita
3136 2797 3307 2862 placet
3332 2797 3455 2859 tibi,
3488 2797 3708 2850 domine

2127 2886 2454 2952 patriarcha;
2491 2887 2592 2938 hac
2648 2900 2748 2938 una
2805 2885 2920 2939 vice
2978 2886 3165 2940 errasti
3199 2895 3254 2938 ut
3297 2886 3506 2950 homo;
3555 2887 3710 2940 crede

538 2971 664 3022 CAP.
695 2970 855 3023 XXII.
887 2999 956 3010 —
981 2971 1232 3023 Omnibus
1258 2984 1382 3036 ergo
1433 2969 1590 3022 rectis
1637 2971 1870 3022 moribus
1921 2969 2021 3022 iste
2045 2961 2092 3023 C
2125 2975 2274 3039 milii,
2303 2977 2422 3042 quia
2451 2976 2518 3028 de
2558 2976 2802 3043 proximo
2827 2983 2908 3029 est
2952 2977 3055 3027 vita
3085 2985 3140 3027 et
3168 2991 3331 3028 mors.
3385 2977 3454 3028 Et
3487 2980 3615 3028 tunc
3642 2979 3712 3028 di.

469 3069 683 3109 sanctos
706 3058 1010 3120 adornatus,
1042 3073 1138 3109 nec
1179 3057 1276 3110 hoc
1304 3057 1546 3119 carebat;
1581 3057 1732 3109 valde
1765 3059 1906 3110 enim
1937 3059 2023 3110 di-

473 3147 661 3214 ligebat
702 3148 874 3213 eloqui
919 3149 985 3199 de
1010 3148 1211 3201 actibus
1250 3159 1548 3201 sanctorum
1593 3149 1824 3212 Patrum,
1857 3140 2024 3202 et'eo-

471 3256 585 3292 rum
633 3241 718 3307 qui
769 3241 1124 3310 eleemosynte
1171 3243 1403 3295 cultores
1437 3244 1664 3296 luerunt.
1713 3243 1863 3298 Unde
1907 3257 2024 3296 cum

470 3345 569 3382 una
595 3331 798 3384 dierum
832 3334 1077 3385 recitaret
1102 3331 1168 3386 de
1199 3333 1306 3385 vita
1349 3334 1516 3386 sancti
1565 3334 1887 3400 Serapionis,
1935 3334 2024 3400 qui

471 3423 751 3474 vocabatur
780 3421 1082 3483 Sindonius,
1134 3433 1187 3475 et
1226 3423 1485 3477 inveniret
1528 3439 1648 3477 eum
1704 3425 1787 3492 (ut
1840 3424 2026 3494 fertur)

470 3515 714 3564 amictum
745 3527 894 3564 suum
931 3513 1143 3565 dedisse
1169 3526 1337 3580 egeno
1364 3512 1621 3580 (Pallad.,
1652 3531 1765 3582 cap.
1814 3511 1932 3579 85),
1976 3522 2031 3566 et

470 3603 659 3663 iterum
684 3601 950 3669 paululum
975 3603 1299 3669 processisse
1333 3601 1498 3667 illinc,
1528 3613 1581 3657 et
1621 3604 1784 3672 frigus
1811 3606 2029 3672 patienti

471 3693 736 3750 obviasse.
785 3700 839 3746 et
885 3692 958 3746 illi
1003 3693 1231 3747 tunicam
1267 3695 1576 3762 praebuisse,
1609 3707 1663 3750 et
1692 3695 1810 3763 quia
1861 3697 2030 3749 nudus

471 3784 706 3847 sedebat,
742 3794 926 3837 tenens
952 3796 1191 3838 sanctum
1238 3785 1610 3853 Evangelinm;
1639 3799 1687 3839 et
1731 3787 2029 3855 interroga-

475 3884 558 3926 tus
588 3889 616 3925 at
647 3873 871 3941 quodam
903 3890 917 3926 :
959 3874 1087 3939 Quis
1136 3883 1186 3928 te
1227 3876 1560 3943 exspoliavit,
1588 3875 1756 3930 abba?
1810 3877 2033 3930 demon-

473 3974 651 4018 strans
675 3975 914 4026 sanctum
945 3965 1307 4034 Evangelium,
1349 3970 1423 4019 ait
1452 3985 1464 4018 :
1505 3967 1645 4032 lste;
1686 3975 1744 4022 et
1769 3968 1872 4020 alio
1899 3979 2032 4020 tem-

477 4069 603 4122 pore
625 4055 726 4107 hoc
776 4055 946 4121 ipsum
978 4054 1318 4123 Evangelium
1350 4057 1674 4122 vendidisse,
1719 4066 1772 4111 et
1815 4057 2028 4111 dedisse

475 4141 888 4208 elcemosynam,
917 4149 971 4195 et
997 4142 1256 4209 discipulo
1277 4157 1374 4196 suo
1395 4143 1604 4198 dicente
1628 4161 1641 4196 :
1667 4145 1835 4208 Abba,
1866 4146 2038 4198 Evan-

475 4229 667 4298 gelium
694 4229 782 4283 ubi
805 4229 921 4283 est?
951 4240 1003 4284 et
1051 4230 1139 4284 illo
1169 4229 1376 4284 dicente
1417 4231 1483 4284 ad
1518 4247 1639 4286 eum
1673 4250 1685 4282 :
1719 4232 1909 4299 Crede,
1939 4233 2033 4302 till,

2123 3077 2272 3129 cens,
2302 3063 2549 3116 discessit
2574 3063 2642 3117 ab
2668 3079 2752 3116 eo.
2791 3063 2942 3116 Mane
2969 3075 3146 3116 autem
3185 3062 3337 3126 facto,
3377 3066 3713 3117 recordatus

2123 3165 2206 3211 est
2235 3156 2325 3210 ille
2360 3156 2546 3210 beatus
2601 3155 2820 3210 visionis
2849 3163 3145 3218 nocturnae,
3195 3163 3244 3209 et
3268 3154 3493 3207 sedebat
3546 3171 3718 3222 super

2125 3245 2318 3298 lectum
2347 3259 2500 3300 suum
2530 3254 2783 3308 moestus;
2815 3243 3082 3311 mittitque
3113 3245 3310 3305 statim,
3344 3253 3399 3296 et
3437 3256 3718 3296 ennth

2125 3349 2219 3402 per
2243 3336 2618 3389 cancellarium
2649 3349 2804 3387 suum
2834 3336 3152 3387 monachum
3202 3331 3270 3386 de
3326 3334 3451 3385 loco
3500 3332 3562 3385 in
3619 3349 3717 3401 quo

2127 3435 2243 3481 erat
2264 3429 2522 3490 reclusus,
2549 3428 2788 3495 cogitans
2818 3425 2955 3478 intra
2984 3439 3044 3479 se
3072 3424 3260 3477 beatus
3282 3425 3375 3477 ille
3405 3425 3712 3487 patriarcha

2125 3517 2170 3570 si
2201 3517 2387 3570 similis
2417 3526 2563 3570 esset
2595 3516 2672 3568 illi
2719 3516 2809 3583 qui
2840 3523 2993 3568 nocte
3035 3515 3136 3567 sibi
3181 3525 3547 3581 apparuerat.
3593 3514 3712 3568 Cum

2129 3619 2260 3672 ergo
2309 3605 2545 3660 venisset
2591 3619 2708 3656 cum
2761 3604 2938 3658 labore
2982 3602 3150 3655 multo
3186 3606 3392 3670 (neque
3418 3603 3578 3655 enim
3610 3618 3716 3669 pr.-

2129 3708 2248 3764 ptcr
2277 3697 2457 3764 plagas
2479 3697 2681 3750 moveri
2709 3695 2958 3764 poterat),
2989 3708 3214 3760 cumque
3243 3695 3459 3746 vultum
3488 3695 3615 3761 ejus
3645 3699 3711 3744 vi-

2130 3787 2298 3840 disset
2323 3786 2640 3855 patriarcha,
2671 3786 2925 3838 remansit
2953 3784 3071 3837 sine
3100 3798 3231 3837 voce
3276 3784 3582 3846 immotus,
3619 3800 3711 3834 non

2132 3875 2318 3928 valens
2342 3874 2483 3943 loqui
2514 3893 2526 3926 :
2557 3877 2668 3929 sola
2693 3881 2868 3928 autem
2891 3888 3047 3927 manu
3076 3886 3170 3926 sua
3203 3874 3380 3925 innuit
3411 3883 3477 3925 ut
3511 3876 3717 3925 sedch

2138 3979 2303 4033 prope
2328 3979 2386 4018 se
2411 3965 2463 4019 in
2491 3966 2684 4020 lectulo
2710 3981 2825 4018 suo.
2859 3964 2916 4019 In
2961 3963 3303 4029 semetipsum
3351 3977 3497 4016 vero
3546 3978 3718 4015 rever-

2136 4068 2227 4107 sus
2257 4066 2307 4108 et
2335 4055 2588 4120 signatus,
2623 4055 2825 4122 rogavit
2856 4053 3192 4114 monachum,
3231 4053 3602 4118 prmciuctum
3629 4054 3717 4103 lia-

2140 4157 2250 4213 teo,
2277 4158 2336 4201 ut
2362 4149 2477 4201 sine
2503 4146 2819 4201 verecundia
2847 4145 3166 4213 despoliaret
3203 4157 3283 4205 se,
3319 4153 3605 4210 quatenus
3651 4144 3717 4194 vi-

2147 4237 2300 4292 deret
2329 4237 2544 4290 dorsum
2585 4236 2721 4304 ejus,
2766 4236 2811 4289 si
2860 4235 2932 4289 ita
2979 4241 3119 4288 esset
3161 4233 3296 4285 sicut
3347 4243 3403 4286 et
3430 4234 3487 4286 in
3521 4241 3719 4285 somnis

477 4323 563 4389 qui
590 4320 722 4374 dixit
760 4321 887 4373 mihi
921 4339 934 4373 :
965 4320 1148 4375 Vende
1193 4337 1309 4388 quae
1337 4321 1520 4387 habes,
1551 4331 1604 4375 et
1624 4321 1690 4375 da
1722 4325 2036 4391 pauperibs
2062 4313 2113 4380 D
2141 4329 2363 4380 viderat.
2399 4327 2494 4379 Vix
2523 4341 2651 4395 ergo
2673 4341 2858 4380 suasus
2882 4335 2937 4379 ut
2968 4326 3018 4380 id
3046 4334 3245 4392 ageret,
3274 4324 3617 4389 despoliavit
3644 4341 3714 4377 se.

481 4409 692 4478 (Matth.
715 4413 854 4477 xm),
886 4411 1056 4477 ipsum
1087 4411 1300 4464 vendidi
1327 4420 1382 4464 et
1423 4411 1543 4464 dedi
1568 4414 1665 4477 eis,
1690 4412 1823 4466 utin
1848 4413 1932 4465 die
1955 4413 2039 4481 ju-
2083 4428 2091 4432 ·

480 4499 604 4553 dicii
631 4499 916 4554 habeamus
941 4500 1188 4553 fiduciam
1214 4498 1648 4553 abundantiorem
1675 4500 1812 4567 apud
1837 4500 1998 4553 Deum
2022 4518 2037 4565 ;

483 4601 534 4646 et
559 4591 678 4659 quia
707 4592 836 4644 alias
868 4593 1055 4645 iterum
1085 4591 1240 4644 vidua
1269 4591 1458 4644 mulier
1498 4591 1710 4658 petisset
1748 4592 1814 4643 ab
1850 4591 2036 4644 eodem

482 4690 663 4734 sancto
704 4679 993 4746 Serapione
1019 4680 1427 4747 elcemosynam,
1458 4680 1706 4746 quoniam
1736 4679 2042 4732 esuriebaut

485 4771 574 4823 lilii
607 4770 739 4838 ejus,
768 4777 822 4822 et
848 4783 950 4821 non
980 4768 1209 4822 habente
1237 4783 1302 4823 eo
1324 4769 1520 4838 aliquid
1545 4771 1783 4835 omnino,
1826 4770 2040 4824 tradidit

486 4873 545 4914 se
568 4860 640 4925 ei,
683 4866 736 4910 ut
783 4857 1034 4912 venderet
1061 4872 1180 4912 eum
1208 4858 1275 4912 ad
1325 4861 1515 4914 mimos
1544 4861 1781 4925 Graecos,
1811 4875 1942 4929 quos
1988 4869 2042 4914 et

488 4949 819 5004 Christianos
845 4950 968 5004 fecit
991 4950 1043 5004 in
1079 4950 1256 5018 paucis
1286 4951 1491 5006 diebus.

560 5043 680 5095 lltec
709 5043 887 5110 legens
926 5052 1139 5096 sanctus
1165 5044 1230 5095 de
1257 5053 1440 5096 sancte
1470 5045 1779 5110 Serapione,
1812 5047 2041 5112 stupefa-

490 5143 606 5186 ctus
637 5142 688 5186 et
715 5134 932 5186 miratus
956 5136 1118 5186 sancti
1149 5134 1479 5198 industriam,
1507 5145 1647 5186 totus
1678 5137 1921 5203 lacrymis
1963 5135 2042 5186 in—

493 5222 656 5277 fectus
677 5223 881 5276 vocavit
905 5237 1089 5276 omnes
1113 5223 1503 5290 dispensatores
1533 5223 1794 5290 proprios,
1839 5227 1959 5290 legit
1993 5231 2048 5276 et

497 5313 575 5367 eis
598 5315 773 5367 omnia
803 5312 868 5367 de
911 5323 1094 5366 sancto
1148 5315 1460 5379 Serapione,
1512 5321 1567 5366 et
1613 5313 1738 5365 dicit
1786 5313 1849 5364 ad
1907 5327 2043 5364 eos:

499 5401 676 5467 Vavm,
707 5420 739 5454 υ
791 5403 1139 5470 philocliristi,
1194 5402 1315 5468 quid
1377 5405 1584 5469 prodest
1642 5402 1836 5454 homini
1888 5401 2048 5454 collo-

497 5498 673 5562 qneuti
696 5497 763 5551 de
789 5499 991 5550 actibus
1019 5506 1317 5550 sanctorum
1359 5495 1610 5550 Patrum?
1647 5496 1857 5550 Credite
1894 5494 2044 5558 ntihi,

2141 4417 2275 4471 Cum
2308 4431 2434 4468 vero
2455 4415 2840 4482 despoliaretur
2869 4423 2925 4468 ut
2953 4421 3270 4468 monstraret
3299 4412 3541 4465 dorsum
3571 4429 3716 4464 suum

2141 4509 2258 4560 viro
2287 4515 2513 4570 sancto,
2590 4517 2688 4572 per
2787 4502 3167 4557 admirandum
3245 4503 3342 4557 Dei
3423 4505 3715 4555 consilium

2141 4596 2343 4649 solutus
2369 4602 2448 4648 est
2471 4605 2579 4661 quo
2626 4600 2741 4644 erat
2768 4591 2977 4643 indutus
3029 4593 3274 4655 amictus,
3331 4598 3388 4643 et
3438 4594 3717 4645 ceciditin

2145 4691 2362 4744 terram,
2394 4690 2448 4735 et
2501 4682 2750 4733 viderunt
2803 4693 2921 4730 eum
2969 4690 3156 4730 onines
3207 4691 3324 4729 esse
3353 4680 3718 4752 eunuchum.

2144 4771 2247 4826 Sed
2283 4773 2403 4838 quia
2433 4783 2619 4823 recens
2653 4779 2790 4832 erat,
2851 4768 2977 4819 nulli
3028 4768 3128 4819 hoc
3171 4767 3449 4820 existebat
3502 4768 3718 4823 manife-

2143 4876 2302 4918 stum.
2334 4865 2641 4916 Videntibus
2663 4877 2793 4930 ergo
2821 4876 2937 4914 eum
2969 4861 3214 4912 omnibus
3257 4872 3312 4912 et
3354 4874 3557 4914 saneto
3593 4876 3718 4927 poss-

2145 4958 2306 5021 tillce,
2363 4963 2417 5010 et
2472 4957 2701 5008 maxime
2747 4953 2889 5006 dorsi
2955 4953 3068 5020 ejus
3114 4951 3410 5018 perniciosa
3464 4956 3718 5008 verbera.

2146 5046 2358 5098 mittens
2381 5058 2524 5103 mox,
2558 5042 2849 5107 segregavit
2881 5041 2995 5090 illos
3026 5040 3110 5104 qui
3139 5041 3280 5090 hunc
3311 5040 3718 5096 inconsiderate

2151 5144 2537 5189 tractaverunt.
2571 5131 3033 5184 Venerabilissimo
3063 5139 3238 5182 autem
3271 5134 3554 5181 monacho
3579 5145 3718 5182 com-

2151 5225 2304 5291 plura
2355 5222 2738 5281 rationabatur,
2791 5222 2840 5272 in
2887 5221 3178 5286 ignorantia
3205 5218 3392 5270 dicens
3417 5235 3484 5270 se
3519 5224 3574 5270 in
3603 5233 3718 5269 cura

2153 5326 2422 5380 peccasse,
2447 5319 2498 5362 ct
2531 5310 2580 5360 in
2613 5309 2776 5360 Deum
2804 5323 3005 5359 verum.
3042 5308 3105 5358 Et
3151 5308 3199 5356 in
3243 5308 3344 5358 hoc
3391 5306 3719 5359 admonebat

2151 5417 2271 5456 eum
2299 5402 2389 5453 ille
2415 5413 2628 5451 sanctus
2662 5416 2672 5448 :
2710 5400 2844 5463 Non,
2875 5397 3061 5464 inquit,
3105 5411 3139 5448 ο
3171 5396 3263 5456 fili,
3291 5397 3361 5446 ita
3394 5397 3518 5448 sine
3547 5407 3719 5445 russe-

2151 5494 2234 5544 dia
2265 5493 2316 5544 in
2353 5491 2650 5543 civitatibus
2699 5490 3000 5539 conversari
3034 5494 3240 5553 oportet
3288 5499 3385 5537 eos
3408 5486 3503 5550 qui
3538 5490 3722 5537 sancto
