1946 3194
233 78 245 105 1
251 78 301 106 639

766 75 902 104 LEONTll
917 75 1149 104 NEAPOLlTANl
1171 75 1321 104 EPISCOPI

1804 76 1889 104 16ὶο

239 130 320 163 pedit,
346 129 414 162 quod
441 135 488 155 nos
516 128 676 162 ignoramus.
698 128 767 162 Ergo
791 134 819 155 ut
847 138 898 156 non
926 130 1016 164 perdat
1031 131 1055 158 Α
1069 137 1136 159 5am,
1151 130 1209 163 quia
1222 135 1329 164 propter
1338 130 1437 157 exitum
1447 131 1537 165 Viginti
1550 131 1689 163 librarum,
1702 132 1877 158 inﬁrmatus

238 175 397 204 mercedem.
408 182 484 208 quam
498 174 558 200 fecit
567 174 592 200 in
604 179 703 207 septem
715 180 739 200 et
751 175 855 201 dimidia
871 176 935 201 libra
947 176 1014 206 auri,

237 225 262 247 et
276 221 353 246 iidem
365 227 442 252 quam
456 219 605 252 possidebat
618 219 686 244 circa
698 223 814 245 sanctum
827 219 1015 253 patriarcham;

236 266 289 299 jam
306 272 368 291 vero
383 268 411 290 ut
422 268 448 290 et
463 271 511 290 nos
525 264 550 289 in
566 264 762 296 tentationiltus,
787 273 844 298 quin
865 266 939 292 nobis
954 273 1016 293 eve-

239 311 324 343 niunt,
347 310 452 343 quando
473 309 571 343 aliquid
593 309 652 336 boui
669 310 820 342 fecerimus,
836 311 1017 345 itnperturhati

241 361 267 382 et
278 356 377 388 gratias
388 354 534 382 referentes
548 355 579 380 ad
595 355 676 381 Deum
689 364 903 389 permaneamus;
919 358 981 383 vidit
993 358 1019 384 in

239 401 339 428 somnis
358 399 411 434 jam
437 400 523 426 dictus
538 400 578 426 vir
600 401 788 432 philochristus
814 407 914 434 postera
943 408 1019 429 nocte

240 444 392 479 quemdam,
416 445 489 477 quasi
512 445 536 470 in
560 445 648 472 habitu
671 446 829 472 sanctissimi
854 447 1018 480 pattiarchat,

239 489 372 516 dicentem
389 489 437 515 sibi
456 498 463 515 :
481 489 513 516 Ut
524 490 585 523 quid
602 490 744 521 tribularis,
760 492 850 522 frater,
866 496 892 518 et
907 499 1021 519 maerore

240 533 413 560 dissolveris?
429 533 519 560 Nonne
534 538 561 560 tu
576 542 618 560 me
633 535 728 569 rogasti
745 539 774 561 ut
792 540 907 568 peterent
923 543 938 562 a
955 536 1020 567 Deo,

241 582 270 604 ut
290 577 378 604 salvus
401 577 476 605 ﬁeret
497 578 565 605 filius
589 579 669 605 tuus?
692 580 758 606 Ecce
772 581 858 607 salvus
874 581 957 607 factus
970 585 1019 608 est.

239 623 324 650 Crede
341 624 417 656 mihi,
434 625 455 650 si
471 624 580 656 viveret,
606 632 700 657 pravus
727 630 752 651 et
774 626 922 652 immundus
943 627 1022 653 homo

242 669 326 696 fleret.
341 670 373 695 Et
387 670 419 696 de
435 671 493 696 navi
507 676 560 701 tua,
574 678 646 701 vere,
660 671 710 697 nisi
727 671 797 697 Drus
812 672 961 704 placaretur
975 678 1023 705 pro

242 714 313 741 bono
327 714 395 747 qttod
411 713 496 741 fecisti
510 715 629 748 parvitati
645 723 721 745 metu,
736 716 865 742 sententia
880 721 937 741 erat
951 717 1021 748 data,

241 764 372 792 quatenus
388 763 450 790 tota,
467 764 495 785 ut
507 759 587 793 jacet,
600 767 659 786 cum
675 760 814 787 animabus
826 761 851 786 in
864 756 1022 794 profundum

1067 179 1108 200 cst
1127 174 1171 201 ille
1192 176 1288 201 invitus
1302 175 1523 209 eleemosynator.
1539 176 1604 202 Erat
1616 176 1687 203 enim
1702 177 1747 210 (ut
1766 177 1875 211 pradi-

1067 223 1137 245 ctum
1161 219 1214 253 est)
1231 221 1304 246 valde
1323 221 1522 253 immisericors,
1551 226 1578 248 et
1604 227 1708 249 amator
1723 230 1873 256 pecunia.

1067 262 1123 288 Non
1137 263 1267 290 sufferens
1282 271 1345 297 ergo
1359 264 1450 292 beatus
1465 272 1494 291 se
1509 265 1615 298 quidem
1630 274 1712 299 super
1736 275 1872 294 incusans

1071 309 1190 340 reticere,
1208 310 1281 336 illum
1297 316 1383 337 autem
1399 312 1585 344 superlectutn
1599 314 1715 340 cruciari
1732 315 1870 348 graviter,

1070 354 1191 386 pervenit
1203 354 1326 380 celeriter
1352 353 1384 379 ad
1416 362 1475 381 etim
1504 356 1547 383 ille
1577 360 1655 384 vere‘
1688 361 1757 384 sine
1773 367 1869 394 super-

1070 396 1124 428 bia,
1137 403 1163 423 et
1174 397 1243 423 dixit
1255 397 1288 423 ad
1303 405 1362 424 etttn
1377 398 1451 425 hilari
1464 401 1534 426 vultu
1549 408 1556 426 :
1569 400 1620 426 Fac
1632 401 1817 435 charitatern,
1833 405 1866 429 [ili

1069 441 1167 469 Troile.
1179 442 1305 469 Alstimas
1319 444 1389 477 quod
1406 444 1431 470 in
1451 446 1562 472 veritate
1576 447 1692 474 dixerim
1711 447 1768 474 tibi
1782 450 1868 474 [ratri-

1070 486 1120 513 bus
1134 486 1313 520 hujuscemodi
1333 488 1419 515 dare?
1440 490 1520 517 crede
1533 491 1609 523 mihi,
1630 499 1679 524 per
1691 493 1795 525 iocum
1815 494 1865 519 dixi

1071 530 1118 556 tibi
1134 531 1207 557 dare.
1226 532 1279 565 Ego
1292 533 1360 558 enim
1378 533 1447 560 volui
1463 540 1588 568 praestare
1612 537 1653 562 eis
1677 537 1797 571 singula
1823 546 1867 563 no-

1072 576 1192 602 mismata
1209 581 1316 611 propter
1329 583 1448 604 sanetam
1465 580 1649 612 festivitatem;
1667 581 1718 607 sed
1736 583 1803 615 quia
1818 590 1865 608 non

1072 620 1184 647 habebat
1198 622 1353 649 distributor
1363 631 1438 651 nteus
1456 631 1546 651 secum
1559 626 1746 653 sufﬁcientem
1764 633 1866 661 quant:-

1074 671 1164 698 tatem,
1180 666 1256 701 hujus
1272 669 1309 694 rei
1324 669 1405 702 gratia
1420 674 1535 696 mutuam
1550 670 1648 697 dediin
1662 679 1729 698 eam
1749 673 1829 703 mihi,
1843 679 1865 699 et

1072 719 1135 737 ecce
1161 713 1235 738 attuli
1263 712 1308 738 tibi
1338 713 1396 739 illas
1422 714 1527 748 triginta
1553 715 1644 742 libras.
1668 715 1704 742 Ut
1719 724 1792 743 vero
1807 717 1864 743 vidit

1075 757 1251 794 quantitatem
1263 758 1403 791 episcopus
1419 759 1444 785 itt
1461 760 1608 787 honorabili
1628 768 1715 788 manu
1738 762 1864 794 sapientis

241 809 373 838 pergeret,
394 809 419 830 ει
435 805 559 838 perderes
572 803 681 831 [mier
706 809 790 831 mum,
811 805 862 832 sed
888 813 975 839 surge.
996 809 1023 832 ει
1039 801 1211 833 Bexistrntis
1226 803 1320 829 medici
1340 808 1366 829 et
1381 804 1505 837 pastoris,
1531 805 1611 832 febris
1633 807 1754 840 quidem
1781 807 1865 836 subito

241 850 356 883 glorifica
374 850 466 880 Deum,
483 850 526 883 qui
541 849 613 876 dedit
626 849 672 876 tibi
685 857 756 882 eum,
769 855 795 877 et
810 851 920 877 salvavit
939 850 1020 877 lilium

242 898 315 920 tuum
331 894 456 920 ntuttdum
469 894 502 920 de
516 894 567 921 hoc
582 895 679 921 smculo
693 903 769 922 vano.
788 896 921 931 Evigilans
935 897 1023 930 itaque

242 940 290 971 vir,
305 938 405 966 invenit
419 946 464 965 cor
478 946 554 965 suttm
569 940 745 973 consolatam,
767 944 795 967 et
811 942 959 968 universam
976 941 1024 968 tri-

242 983 337 1010 stitiam
351 983 407 1017 ejus
421 984 548 1016 ejectam;
564 989 590 1010 et
605 984 710 1011 indutus
725 985 878 1012 vestimenta
898 992 955 1018 sua,
976 993 1024 1013 ve-

242 1028 282 1054 nit
296 1029 391 1055 cursim
414 1028 445 1054 ad
463 1028 720 1055 Itonorabilissimum
737 1030 922 1063 patriarcham,
940 1035 964 1057 et
983 1030 1024 1064 ja—

242 1078 296 1100 ctat
318 1081 347 1100 se
367 1073 398 1099 ad
422 1073 503 1106 pedes
526 1073 593 1106 ejus,
615 1075 712 1108 gratias
735 1081 816 1106 agetis
831 1074 885 1100 Deo
899 1075 972 1107 etei,
997 1080 1025 1101 et

245 1126 354 1145 narrans
371 1118 499 1146 visionem
515 1127 592 1152 quam
609 1119 720 1146 viderat.
746 1120 829 1152 Quam
854 1120 964 1146 audiens
981 1120 1025 1154 ju-

242 1164 384 1194 stissimus,
401 1163 471 1189 dixit
486 1171 492 1189 :
509 1163 598 1190 Gloria
614 1164 670 1195 tibi,
693 1164 806 1197 benigne
828 1168 855 1191 et
874 1164 1025 1191 misericors

245 1209 332 1240 Deus,
362 1207 405 1241 qui
431 1212 457 1234 et
479 1208 691 1241 deprecationem
716 1213 882 1241 peccatorum
903 1209 1022 1235 exaudis.

244 1253 392 1286 lternmqtte
416 1253 448 1279 ad
474 1254 605 1280 hominem
632 1253 718 1280 dixit:
734 1253 912 1288 Nequaquam,
940 1261 955 1279 ο
976 1254 1022 1285 fili,

243 1299 352 1331 gratiam
371 1299 437 1325 hanc
448 1300 561 1326 orationi
574 1307 638 1325 mem
652 1299 778 1331 ascribas,
791 1300 837 1325 sed
854 1299 907 1325 Deo
922 1303 948 1325 et
964 1299 1022 1325 fidei

244 1347 304 1376 tum,
322 1344 376 1368 lure
387 1343 456 1368 enim
468 1344 554 1369 omnia
569 1343 616 1369 ista
629 1344 769 1376 impetrare
777 1343 867 1369 valuit.
881 1343 942 1369 Erat
953 1344 1024 1369 enim

244 1388 320 1415 valde
333 1389 466 1415 humiliter
475 1389 590 1415 sentiens
604 1392 721 1420 sanctus,
734 1388 822 1415 verbis
835 1388 935 1415 scilicet
945 1393 1024 1422 atque

244 1434 390 1467 prudentia.

1072 845 1233 879 disparebat,
1248 847 1330 881 frigus
1350 849 1428 874 etiam
1442 849 1594 883 recedebat,
1612 850 1751 879 fortitudo
1764 860 1865 887 quoque

1071 895 1097 918 et
1112 892 1231 926 corporis
1245 892 1304 925 ejus
1321 894 1393 919 calor
1416 893 1448 920 ad
1468 901 1528 921 eum
1548 896 1762 925 revertebantur
1774 905 1783 929 ;
1795 902 1825 924 ut
1836 905 1865 925 ex

1074 937 1124 964 hoc
1147 945 1199 964 non
1225 943 1313 971 posset
1340 939 1421 966 latere
1445 940 1514 967 hanc
1536 947 1596 968 esse
1616 948 1733 968 causam
1759 947 1866 975 repente

1074 983 1325 1017 cotnprehendentis
1352 991 1412 1011 eum
1440 986 1669 1013 commutationis.
1706 987 1865 1021 Snscipieas

1074 1036 1137 1062 ergo
1149 1035 1242 1054 aurum
1258 1029 1292 1055 ab
1312 1029 1472 1056 ltonorandis
1492 1030 1612 1057 manibus
1638 1032 1820 1063 patriarcha,
1842 1037 1865 1059 et

1076 1073 1140 1100 nihil
1167 1074 1275 1100 ontnino
1297 1075 1492 1107 contradicens,
1520 1076 1700 1109 exspectabat
1722 1078 1762 1105 ab
1776 1085 1865 1111 eops-

1077 1117 1192 1144 triarcha
1220 1118 1440 1152 conscriptioncm
1464 1120 1707 1148 abrenuntiationis
1737 1124 1865 1149 mercedis

1076 1168 1166 1188 earum
1180 1169 1238 1196 qua:
1252 1163 1321 1189 data:
1335 1166 1397 1190 sunt
1413 1164 1519 1198 triginta
1540 1165 1597 1192 auri
1619 1165 1772 1192 librarum.
1800 1166 1865 1194 Feet

1074 1211 1162 1233 autem
1176 1207 1225 1234 ltoc
1247 1215 1307 1234 cum
1323 1208 1420 1242 gaudio
1439 1208 1544 1235 Troilus
1558 1210 1715 1244 episcopus,
1748 1212 1866 1238 scribens

1075 1253 1187 1287 propriis
1199 1254 1319 1280 manibus
1335 1254 1368 1280 ita
1384 1263 1390 1280 :
1403 1254 1484 1288 Deus,
1496 1250 1602 1281 domino
1613 1263 1677 1282 meo
1691 1256 1799 1283 Joanni
1811 1257 1865 1283 bea-

1076 1298 1178 1325 tissimo
1203 1299 1358 1333 patriarchze
1384 1300 1460 1333 hujus
1486 1300 1738 1328 Aletandrinorum
1770 1310 1866 1337 magna

1074 1342 1198 1374 civitatis,
1222 1343 1254 1369 da
1275 1344 1424 1371 mercedem
1441 1344 1544 1378 triginta
1568 1345 1699 1372 librarum
1727 1354 1796 1380 quae
1815 1348 1865 1374 data

1075 1391 1135 1413 sunt
1155 1386 1210 1418 tibi,
1231 1387 1354 1420 quoniam
1379 1394 1429 1422 ego
1448 1388 1536 1422 recepi
1556 1396 1624 1415 mea.
1649 1389 1710 1416 Hoc
1739 1392 1864 1424 scriptum

1075 1430 1164 1465 itaque
1183 1438 1290 1459 sanctus
1305 1433 1448 1466 accipiens,
1463 1437 1576 1468 sumpsit
1590 1442 1684 1462 secum
1700 1441 1730 1463 et
1745 1438 1866 1464 euuxleu

278 1479 341 1504 Car.
364 1478 457 1505 XXVI.
472 1493 506 1498 —
522 1478 650 1511 Pergehat
662 1478 803 1513 aliquando
828 1479 869 1505 hic
887 1479 977 1505 beatus
990 1478 1022 1505 ad
1038 1475 1060 1505 (Ζ
1077 1479 1229 1511 episcopum
1252 1478 1285 1504 ad
1309 1480 1459 1511 prandium,
1483 1485 1511 1506 ut
1524 1481 1594 1506 enim
1610 1481 1666 1514 jant
1689 1482 1803 1509 dictum
1820 1487 1868 1514 est,

245 1523 390 1548 tisitaudos
405 1530 545 1555 paupa-res,
562 1524 587 1549 iu
602 1524 687 1550 locum
701 1525 742 1557 qtti
757 1524 852 1550 dicitur
863 1524 1024 1556 Caesarium;

250 1568 303 1594 illic
318 1568 387 1593 ettint
401 1568 439 1593 eis
454 1570 551 1594 lecerat
565 1568 637 1601 quasi
654 1569 741 1595 tholos
753 1567 809 1602 (69)
823 1569 948 1602 quosdam
964 1577 1026 1603 pro-

247 1611 324 1643 lixos,
341 1612 432 1645 ligneis
448 1613 544 1638 tabulis
559 1614 707 1645 pavimento
720 1619 802 1639 strato
813 1615 845 1640 ad
860 1614 1027 1646 requiescen-

245 1659 293 1685 dos
317 1666 371 1689 eos,
397 1663 423 1684 et
449 1659 527 1684 simul
544 1667 602 1685 cum
617 1660 711 1685 storeis
727 1665 752 1685 et
774 1660 894 1686 racltauis
908 1659 965 1695 (Ἱο)
981 1667 1027 1698 pvr

246 1707 325 1728 totam
343 1702 466 1733 hiemem,
482 1710 541 1729 cum
555 1704 668 1736 quodatn
683 1705 867 1736 episcoporum
880 1712 970 1730 eorum
981 1704 1025 1738 qui

245 1755 304 1773 cum
328 1755 359 1774 eo
389 1753 473 1779 erant,
503 1753 620 1774 amatore
646 1749 774 1780 pecunim,
805 1750 919 1782 passibili
948 1750 1026 1776 modo

246 1799 346 1825 presso.
364 1792 486 1825 Dixitque
500 1792 592 1818 beatus
610 1793 756 1825 patriarcha
773 1794 804 1819 ad
818 1801 876 1820 eum
896 1803 902 1819 :
918 1797 981 1820 Ama
996 1802 1027 1821 ac

245 1837 356 1869 honora,
378 1836 459 1864 frater
477 1838 575 1868 Troile,
600 1837 693 1865 fratres
708 1838 804 1865 (Ilttisti
818 1847 825 1870 ;
851 1839 899 1865 hoc
916 1840 986 1865 enitn
1003 1840 1026 1866 ei

245 1886 301 1908 erat
322 1889 429 1908 nomen.
449 1882 644 1908 Nuntiavernnt
665 1883 734 1908 enim
749 1884 856 1916 quidaut
871 1884 1027 1917 patriarchae

245 1928 313 1961 quod
329 1928 431 1962 triginta
447 1928 527 1955 libras
543 1929 599 1955 auri
617 1933 733 1963 portaret
748 1930 773 1956 itt
787 1930 841 1964 ipsa
856 1930 921 1958 hora
936 1931 1028 1958 dome-

245 1973 326 2000 sticus
335 1974 453 2008 ejusdem
468 1974 585 2008 episcopi
597 1975 689 2008 Troili,
704 1980 730 2002 ut
741 1981 841 2003 emeret
855 1977 970 2011 speciem
982 1985 1028 2004 ar-

245 2020 316 2053 genti
328 2020 481 2055 anaglyphi,
497 2020 579 2054 gratia
597 2028 694 2048 mensm
706 2030 769 2048 sure.
783 2022 929 2056 Episcopus
939 2028 1027 2050 autem

246 2068 370 2099 tanquam
381 2065 480 2092 veritus
493 2072 641 2092 sermonem
653 2067 817 2100 patriarclne,
830 2068 881 2093 imo
893 2067 924 2094 ad
936 2067 1027 2094 horam

246 2110 398 2140 calefactus,
415 2110 516 2144 singula
532 2110 589 2137 dari
614 2110 735 2137 omnibus
758 2111 883 2138 fratribus
904 2113 1029 2146 prmcepit

1078 1523 1165 1549 statim
1182 1531 1260 1549 sanus
1274 1523 1359 1550 factus
1374 1528 1424 1550 est.
1441 1524 1538 1551 Volens
1553 1532 1617 1560 ergo
1630 1527 1769 1553 mercedis
1784 1528 1871 1554 reddi—

1079 1571 1119 1593 Ior
1133 1567 1202 1594 Deus
1217 1568 1352 1602 corripere
1367 1576 1437 1601 eum,
1453 1569 1532 1596 simul
1547 1575 1631 1597 autent
1647 1576 1674 1597 et
1696 1571 1732 1598 ad
1750 1573 1871 1600 misera-

1079 1613 1176 1639 tionem
1199 1614 1436 1640 contrihulatorum
1458 1620 1485 1641 et
1510 1618 1719 1650 compassionem
1749 1617 1871 1652 erigere,

1077 1657 1192 1684 ostendit
1206 1658 1229 1684 ei
1244 1659 1336 1685 eadem
1352 1659 1395 1686 die
1418 1659 1560 1687 dormienti
1576 1666 1632 1694 post
1656 1662 1811 1694 prandium
1828 1671 1871 1696 pa-

1079 1702 1198 1729 triarchte
1210 1702 1235 1729 iu
1247 1703 1358 1736 somnis,
1373 1711 1423 1737 qua
1439 1704 1561 1731 mercede
1575 1706 1694 1739 privatus
1707 1707 1870 1733 esseLVidit

1079 1747 1147 1773 enim
1172 1748 1211 1781 (ut
1233 1748 1279 1780 ait)
1297 1748 1416 1780 domum,
1436 1749 1512 1784 cujus
1537 1750 1772 1783 pulchritudinem
1796 1756 1870 1786 atque

1079 1791 1285 1826 magnitudinem
1309 1799 1360 1818 non
1385 1799 1470 1826 potest
1482 1801 1525 1820 ars
1541 1795 1677 1821 hominum
1704 1795 1824 1828 imitari,
1848 1802 1870 1822 et

1076 1835 1183 1869 januam
1196 1836 1272 1870 hujus
1286 1840 1366 1862 totam
1381 1844 1498 1869 auream,
1509 1843 1537 1864 et
1547 1839 1756 1872 superjanuam
1770 1841 1868 1866 titulun

1078 1881 1259 1914 conscriptum
1278 1881 1402 1908 :MANSIO
1428 1890 1549 1914 ιτειικλ,
1578 1891 1611 1910 ετ
1635 1891 1755 1915 ιιεουιες
1782 1886 1869 1912 τιοιιι

1079 1932 1203 1952 εριεεοιιι.
1225 1925 1290 1952 Cum
1314 1933 1378 1962 ergo
1399 1926 1460 1958 hoc,
1484 1927 1578 1961 inquit,
1595 1928 1735 1961 legissem,
1766 1930 1870 1964 ‘iViz-lﬂ

1079 1978 1149 2002 sum,
1172 1971 1287 1999 sciebam
1301 1972 1371 1999 enim
1386 1972 1534 1998 donandam
1558 1973 1621 1999 mihi
1645 1974 1682 1999 ab
1705 1974 1871 2007 impr-ratur:

1079 2017 1139 2043 talis
1150 2017 1245 2044 domus
1260 2017 1448 2050 epulatiouetn.
1469 2017 1590 2044 Nondum
1604 2023 1696 2044 autem
1714 2019 1871 2052 hujuSniotﬁ

1081 2063 1148 2090 tituli
1163 2063 1412 2097 superscriptionem
1435 2064 1609 2098 perlegeram,
1628 2068 1655 2090 et
1671 2071 1739 2091 ecce
1764 2068 1870 2098 quidam

1083 2110 1172 2142 regius
1192 2108 1379 2139 cubicularius,
1395 2108 1494 2134 habens
1512 2115 1600 2134 secum
1615 2113 1641 2134 et
1656 2109 1727 2134 alios
1747 2111 1870 2143 obsequii

247 2155 271 2182 ei
286 2154 330 2188 qui
345 2156 451 2189 triginta
473 2155 553 2182 libras
576 2155 634 2182 illas
654 2156 784 2189 portabat.
813 2157 940 2184 Celeriter
963 2164 1024 2191 ergo

1079 2152 1176 2184 divini;
1200 2156 1228 2179 et
1247 2159 1306 2179 cum
1324 2153 1486 2186 pervenisset
1499 2151 1531 2178 ad
1545 2152 1623 2178 talent
1647 2152 1764 2179 nitentis
1779 2157 1871 2180 dom

247 2201 396 2235 hujusmodi
410 2201 466 2228 auri
481 2201 614 2235 quantitas
627 2206 734 2235 erogata
755 2206 805 2228 est.
833 2202 1026 2230 Recedrntibus

248 2245 337 2278 itaque
361 2245 487 2278 utrisque,
513 2246 660 2278 patriarcha
683 2246 793 2278 scilicet,
809 2252 834 2273 et
849 2247 892 2280 qui
916 2246 1026 2274 invitam

248 2289 288 2324 (ut
302 2289 336 2315 ita
352 2289 448 2324 dicam)
465 2289 661 2325 eleemosynam
677 2290 787 2322 fecerat,
801 2291 925 2324 episcopo
938 2291 1028 2318 Troilo

248 2334 275 2361 in
289 2334 403 2369 propriis
416 2335 557 2369 episcopiis
570 2336 642 2362 velut
657 2335 778 2369 quaedam
792 2343 884 2363 amens
894 2340 922 2363 et
933 2337 1029 2364 animat

249 2381 396 2416 periculosa
411 2380 437 2408 in
452 2388 511 2408 eum
527 2381 653 2416 cogitatio
669 2381 757 2413 irruit,
782 2386 889 2415 propter
906 2383 1029 2415 pecunia-

248 2434 307 2454 rum
322 2426 471 2458 dationem;
494 2426 611 2452 horroris
624 2430 650 2452 et
664 2427 764 2452 atnoris
779 2426 907 2460 pecuniae,
924 2432 951 2454 et
970 2434 1031 2453 cru-

249 2473 363 2500 delitatis
382 2477 408 2499 et
433 2471 597 2505 negligentia!
619 2472 741 2505 genimen
764 2479 824 2498 eum
847 2473 1006 2506 sequebatur
1021 2494 1029 2506 ,

250 2519 322 2546 febre
337 2524 410 2546 extra
424 2522 542 2543 naturam
558 2517 644 2548 mista,
662 2522 769 2550 propter
784 2518 853 2551 quod
867 2525 980 2552 mgrotus
993 2519 1032 2545 in-

251 2563 319 2590 vitus
341 2563 366 2589 iit
389 2563 483 2588 lectum
506 2561 610 2588 occidit.
635 2561 844 2587 llcbdomadatio
862 2570 926 2596 ergo
941 2571 954 2588 a
969 2570 1030 2589 san-

250 2608 369 2636 ctissimo
382 2607 531 2641 patriarcha
554 2607 586 2632 ad
602 2614 660 2633 eum
677 2608 808 2639 veniente,
824 2613 850 2634 et
864 2608 895 2633 ad
912 2616 1028 2634 mensam

251 2655 369 2689 ejusdem
386 2653 541 2688 patriarchae
554 2660 613 2679 eum
629 2652 764 2686 invitante,
778 2654 918 2685 recusavit,
934 2654 1029 2687 frigore

252 2701 322 2727 enim
337 2705 364 2727 et
379 2700 451 2727 febre
470 2707 498 2726 se
514 2699 603 2725 vexari
618 2706 665 2733 pro
685 2699 796 2733 quadam
818 2705 896 2725 causa
917 2699 1030 2725 dicebat.

252 2745 331 2780 igitur
343 2753 402 2773 cum
414 2746 463 2773 hoc
475 2745 592 2772 audi-set
605 2745 762 2778 patriarcha,
778 2752 839 2771 mox
854 2744 962 2779 agnovit
974 2751 1033 2771 cau-

0 2850 180 3194 a

1079 2199 1195 2233 januam,
1220 2199 1285 2225 dixit
1299 2198 1330 2224 ad
1346 2198 1465 2232 proprius
1480 2197 1606 2224 ofﬁciales
1622 2207 1629 2224 :
1652 2199 1794 2231 Deponite
1810 2203 1870 2227 nuli

1081 2244 1194 2271 titulum.
1208 2244 1241 2271 Et
1255 2251 1314 2271 cum
1329 2244 1524 2278 deposuissent,
1548 2245 1642 2273 iterum
1655 2245 1729 2272 dixit
1742 2254 1751 2273 :
1775 2248 1870 2273 Mutare

1080 2296 1152 2320 eum,
1175 2293 1203 2316 et
1225 2290 1316 2323 ponite
1328 2297 1406 2324 quem
1421 2289 1492 2316 misit
1507 2289 1580 2316 orbis
1595 2294 1730 2317 terrarum
1759 2299 1818 2318 rex.
1843 2292 1871 2318 Et

1080 2334 1227 2361 attulerunt
1240 2339 1267 2361 et
1280 2334 1420 2361 aliixerunt
1433 2334 1503 2361 aliud
1523 2335 1668 2368 aspiciente
1692 2343 1751 2368 tne,
1775 2345 1868 2370 super-

1082 2379 1207 2412 scriptutn
1235 2378 1270 2406 ita
1288 2387 1295 2405 :
1316 2378 1417 2406 Mausm
1433 2387 1544 2406 ereum
1565 2386 1597 2406 ac
1619 2387 1733 2409 REODISS
1761 2381 1871 2407 Jonas:

1084 2431 1281 2451 ARCHIEPISCOPI
1303 2425 1494 2456 ALEIANDRIE,
1519 2431 1605 2451 ΕΙΙΡΤΔ
1627 2432 1709 2451 υιιιιις
1731 2433 1869 2452 τιιιςιετι..

1084 2470 1191 2497 Etcum
1212 2470 1262 2496 ltoc
1278 2469 1399 2501 vidisset,
1421 2469 1536 2495 surrexit
1556 2477 1570 2494 a
1586 2476 1691 2500 somno,
1716 2475 1748 2496 et
1775 2478 1869 2503 magno

1084 2522 1239 2548 summoque
1251 2514 1346 2547 pastori
1358 2522 1416 2547 qua).
1426 2516 1480 2540 visa
1493 2519 1554 2540 sunt
1564 2513 1589 2540 ei
1604 2515 1629 2540 in
1642 2514 1747 2540 somnis
1759 2522 1869 2541 enarra-

1085 2562 1131 2587 vit.
1153 2559 1298 2586 Proiiciens
1308 2567 1338 2585 ea
1352 2560 1385 2585 de
1399 2566 1477 2586 causa
1492 2559 1597 2586 Troilus
1610 2558 1768 2593 episcopus.
1784 2560 1869 2586 factus

1083 2615 1114 2634 ex
1126 2610 1189 2632 tunc
1202 2606 1413 2639 elcentosynator
1427 2605 1589 2638 magnificus.

1118 2651 1181 2679 CtP-
1203 2649 1306 2677 XXVII.
1327 2664 1362 2669 —
1383 2650 1508 2676 Dominus
1521 2651 1564 2684 qui
1579 2650 1685 2677 divitias
1699 2650 1725 2677 in
1751 2656 1870 2685 tempore

1084 2698 1197 2733 quodam
1211 2697 1288 2724 beato
1299 2696 1350 2724 Job
1362 2697 1479 2728 abstulit,
1496 2696 1558 2723 fecit
1570 2697 1657 2724 simile
1672 2702 1699 2725 et
1719 2697 1786 2725 huic
1798 2698 1870 2725 omni

1086 2744 1203 2771 bonitate
1226 2742 1316 2777 pleno,
1338 2747 1432 2770 sancto
1451 2741 1605 2776 patriarcha:
1626 2742 1735 2770 Joanni.
1752 2742 1871 2771 Navibus
