  <div class='ocr_page' id='page_1' title='image "/cluster/home/n/w/nwhite01/storage/ocr_20150623/93/hvd.32044054128533/881.png"; bbox 0 0 1946 3194; ppageno 0'>
   <div class='ocr_carea' id='block_1_1' title="bbox 214 113 284 141">
    <p class='ocr_par' dir='ltr' id='par_1_1' title="bbox 214 113 284 141">
     <span class='ocr_line' id='line_1_1' title="bbox 214 113 284 141; baseline 0 0"><span class='ocrx_word' id='word_1_1' title='bbox 214 116 223 141; x_wconf 79' lang='lat' dir='ltr'><strong>i</strong></span> <span class='ocrx_word' id='word_1_2' title='bbox 231 113 284 141; x_wconf 58' lang='lat'><strong>613</strong></span> 
     </span>
    </p>
   </div>
   <div class='ocr_carea' id='block_1_2' title="bbox 751 103 1314 135">
    <p class='ocr_par' dir='ltr' id='par_1_2' title="bbox 751 103 1314 135">
     <span class='ocr_line' id='line_1_2' title="bbox 751 103 1314 135; baseline -0.002 0"><span class='ocrx_word' id='word_1_3' title='bbox 751 106 890 135; x_wconf 74' lang='lat' dir='ltr'><strong>LEONTII</strong></span> <span class='ocrx_word' id='word_1_4' title='bbox 910 103 1142 134; x_wconf 64' lang='lat' dir='ltr'><strong>NIZAPOLITANI</strong></span> <span class='ocrx_word' id='word_1_5' title='bbox 1160 104 1314 134; x_wconf 74' lang='lat' dir='ltr'><strong>EPISCOPI</strong></span> 
     </span>
    </p>
   </div>
   <div class='ocr_carea' id='block_1_3' title="bbox 1776 107 1844 137">
    <p class='ocr_par' dir='ltr' id='par_1_3' title="bbox 1776 107 1844 137">
     <span class='ocr_line' id='line_1_3' title="bbox 1776 107 1844 137; baseline 0.015 -1"><span class='ocrx_word' id='word_1_6' title='bbox 1776 107 1844 137; x_wconf 68' lang='lat' dir='ltr'><strong>“iis</strong></span> 
     </span>
    </p>
   </div>
   <div class='ocr_carea' id='block_1_4' title="bbox 217 166 1838 203">
    <p class='ocr_par' dir='ltr' id='par_1_4' title="bbox 217 166 1838 203">
     <span class='ocr_line' id='line_1_4' title="bbox 217 166 1838 203; baseline -0.003 -4"><span class='ocrx_word' id='word_1_7' title='bbox 217 172 300 200; x_wconf 89' lang='lat' dir='ltr'><strong>nlutn.</strong></span> <span class='ocrx_word' id='word_1_8' title='bbox 316 171 465 199; x_wconf 80' lang='lat' dir='ltr'><strong>Consiliarii</strong></span> <span class='ocrx_word' id='word_1_9' title='bbox 481 171 551 198; x_wconf 86' lang='lat' dir='ltr'><strong>enim</strong></span> <span class='ocrx_word' id='word_1_10' title='bbox 572 174 647 198; x_wconf 84' lang='lat' dir='ltr'><strong>erant</strong></span> <span class='ocrx_word' id='word_1_11' title='bbox 662 170 795 197; x_wconf 81' lang='lat' dir='ltr'><strong>veraciter</strong></span> <span class='ocrx_word' id='word_1_12' title='bbox 810 169 870 197; x_wconf 92' lang='lat' dir='ltr'><strong>boni</strong></span> <span class='ocrx_word' id='word_1_13' title='bbox 880 190 887 202; x_wconf 91' lang='lat'><strong>,</strong></span> <span class='ocrx_word' id='word_1_14' title='bbox 904 169 999 203; x_wconf 81' lang='lat' dir='ltr'><strong>quibus</strong></span> <span class='ocrx_word' id='word_1_15' title='bbox 1014 168 1036 197; x_wconf 79' lang='grc' dir='ltr'><strong>Α</strong></span> <span class='ocrx_word' id='word_1_16' title='bbox 1052 167 1152 194; x_wconf 86' lang='lat' dir='ltr'><strong>versari</strong></span> <span class='ocrx_word' id='word_1_17' title='bbox 1177 167 1264 199; x_wconf 86' lang='lat' dir='ltr'><strong>hunc;</strong></span> <span class='ocrx_word' id='word_1_18' title='bbox 1289 166 1414 194; x_wconf 82' lang='lat' dir='ltr'><strong>dicebant</strong></span> <span class='ocrx_word' id='word_1_19' title='bbox 1426 166 1498 194; x_wconf 88' lang='lat' dir='ltr'><strong>enim</strong></span> <span class='ocrx_word' id='word_1_20' title='bbox 1522 166 1549 193; x_wconf 88' lang='lat' dir='ltr'><strong>bi</strong></span> <span class='ocrx_word' id='word_1_21' title='bbox 1570 166 1616 201; x_wconf 86' lang='lat' dir='ltr'><strong>qui</strong></span> <span class='ocrx_word' id='word_1_22' title='bbox 1630 166 1658 194; x_wconf 84' lang='lat' dir='ltr'><strong>lu</strong></span> <span class='ocrx_word' id='word_1_23' title='bbox 1674 170 1838 195; x_wconf 85' lang='lat' dir='ltr'><strong>testamento</strong></span> 
     </span>
    </p>
   </div>
   <div class='ocr_carea' id='block_1_5' title="bbox 215 214 994 252">
    <p class='ocr_par' dir='ltr' id='par_1_5' title="bbox 215 214 994 252">
     <span class='ocr_line' id='line_1_5' title="bbox 215 214 994 252; baseline -0.008 -7"><span class='ocrx_word' id='word_1_24' title='bbox 215 223 243 245; x_wconf 88' lang='lat' dir='ltr'><strong>et</strong></span> <span class='ocrx_word' id='word_1_25' title='bbox 257 222 381 252; x_wconf 95' lang='lat' dir='ltr'><strong>tanquam</strong></span> <span class='ocrx_word' id='word_1_26' title='bbox 399 216 517 251; x_wconf 83' lang='lat' dir='ltr'><strong>patribus</strong></span> <span class='ocrx_word' id='word_1_27' title='bbox 531 215 673 242; x_wconf 87' lang='lat' dir='ltr'><strong>indiscrete</strong></span> <span class='ocrx_word' id='word_1_28' title='bbox 687 215 838 247; x_wconf 85' lang='lat' dir='ltr'><strong>obediebat,</strong></span> <span class='ocrx_word' id='word_1_29' title='bbox 855 218 882 241; x_wconf 88' lang='lat' dir='ltr'><strong>ct</strong></span> <span class='ocrx_word' id='word_1_30' title='bbox 895 214 994 248; x_wconf 77' lang='lat' dir='ltr'><strong>gratias</strong></span> 
     </span>
    </p>
   </div>
   <div class='ocr_carea' id='block_1_6' title="bbox 210 259 1000 297">
    <p class='ocr_par' dir='ltr' id='par_1_6' title="bbox 210 259 1000 297">
     <span class='ocr_line' id='line_1_6' title="bbox 210 259 1000 297; baseline -0.004 -8"><span class='ocrx_word' id='word_1_31' title='bbox 210 262 319 297; x_wconf 70' lang='lat' dir='ltr'><strong>agebat,</strong></span> <span class='ocrx_word' id='word_1_32' title='bbox 346 267 470 296; x_wconf 82' lang='lat' dir='ltr'><strong>tanquam</strong></span> <span class='ocrx_word' id='word_1_33' title='bbox 495 261 681 288; x_wconf 74' lang='lat' dir='ltr'><strong>constantibus</strong></span> <span class='ocrx_word' id='word_1_34' title='bbox 703 260 819 288; x_wconf 78' lang='lat' dir='ltr'><strong>maxime</strong></span> <span class='ocrx_word' id='word_1_35' title='bbox 840 264 866 288; x_wconf 89' lang='lat' dir='ltr'><strong>ct</strong></span> <span class='ocrx_word' id='word_1_36' title='bbox 889 259 1000 287; x_wconf 88' lang='lat' dir='ltr'><strong>viriliter</strong></span> 
     </span>
    </p>
   </div>
   <div class='ocr_carea' id='block_1_7' title="bbox 213 305 999 342">
    <p class='ocr_par' dir='ltr' id='par_1_7' title="bbox 213 305 999 342">
     <span class='ocr_line' id='line_1_7' title="bbox 213 305 999 342; baseline -0.004 -7"><span class='ocrx_word' id='word_1_37' title='bbox 213 309 353 342; x_wconf 70' lang='lat' dir='ltr'><strong>agentibus</strong></span> <span class='ocrx_word' id='word_1_38' title='bbox 378 308 506 335; x_wconf 86' lang='lat' dir='ltr'><strong>militibus</strong></span> <span class='ocrx_word' id='word_1_39' title='bbox 532 314 580 342; x_wconf 90' lang='lat' dir='ltr'><strong>pro</strong></span> <span class='ocrx_word' id='word_1_40' title='bbox 605 308 703 342; x_wconf 84' lang='lat' dir='ltr'><strong>pietate</strong></span> <span class='ocrx_word' id='word_1_41' title='bbox 725 306 870 341; x_wconf 75' lang='lat' dir='ltr'><strong>religionis.</strong></span> <span class='ocrx_word' id='word_1_42' title='bbox 895 305 999 333; x_wconf 81' lang='lat' dir='ltr'><strong>Etenim</strong></span> 
     </span>
    </p>
   </div>
   <div class='ocr_carea' id='block_1_8' title="bbox 214 351 998 387">
    <p class='ocr_par' dir='ltr' id='par_1_8' title="bbox 214 351 998 387">
     <span class='ocr_line' id='line_1_8' title="bbox 214 351 998 387; baseline -0.004 -7"><span class='ocrx_word' id='word_1_43' title='bbox 214 353 298 381; x_wconf 79' lang='lat' dir='ltr'><strong>sancti</strong></span> <span class='ocrx_word' id='word_1_44' title='bbox 311 353 425 387; x_wconf 82' lang='lat' dir='ltr'><strong>Spiritus</strong></span> <span class='ocrx_word' id='word_1_45' title='bbox 439 352 536 379; x_wconf 90' lang='lat' dir='ltr'><strong>virtute</strong></span> <span class='ocrx_word' id='word_1_46' title='bbox 551 352 622 384; x_wconf 80' lang='lat' dir='ltr'><strong>freti,</strong></span> <span class='ocrx_word' id='word_1_47' title='bbox 639 356 666 379; x_wconf 89' lang='lat' dir='ltr'><strong>et</strong></span> <span class='ocrx_word' id='word_1_48' title='bbox 680 359 741 379; x_wconf 90' lang='lat' dir='ltr'><strong>cum</strong></span> <span class='ocrx_word' id='word_1_49' title='bbox 755 351 927 379; x_wconf 86' lang='lat' dir='ltr'><strong>Severianitis</strong></span> <span class='ocrx_word' id='word_1_50' title='bbox 939 351 998 386; x_wconf 72' lang='grc'><strong>(75)</strong></span> 
     </span>
    </p>
   </div>
   <div class='ocr_carea' id='block_1_9' title="bbox 215 397 1001 433">
    <p class='ocr_par' dir='ltr' id='par_1_9' title="bbox 215 397 1001 433">
     <span class='ocr_line' id='line_1_9' title="bbox 215 397 1001 433; baseline -0.003 -7"><span class='ocrx_word' id='word_1_51' title='bbox 215 406 246 426; x_wconf 84' lang='lat' dir='ltr'><strong>ac</strong></span> <span class='ocrx_word' id='word_1_52' title='bbox 259 399 363 426; x_wconf 73' lang='lat' dir='ltr'><strong>caeteris</strong></span> <span class='ocrx_word' id='word_1_53' title='bbox 376 399 445 426; x_wconf 85' lang='lat' dir='ltr'><strong>circa</strong></span> <span class='ocrx_word' id='word_1_54' title='bbox 459 400 594 433; x_wconf 78' lang='lat' dir='ltr'><strong>regionem</strong></span> <span class='ocrx_word' id='word_1_55' title='bbox 604 398 779 426; x_wconf 77' lang='lat' dir='ltr'><strong>existentibus</strong></span> <span class='ocrx_word' id='word_1_56' title='bbox 790 398 933 425; x_wconf 89' lang='lat' dir='ltr'><strong>immundis</strong></span> <span class='ocrx_word' id='word_1_57' title='bbox 946 397 1001 424; x_wconf 67' lang='lat' dir='ltr'><strong>bae-</strong></span> 
     </span>
    </p>
   </div>
   <div class='ocr_carea' id='block_1_10' title="bbox 214 441 1000 479">
    <p class='ocr_par' dir='ltr' id='par_1_10' title="bbox 214 441 1000 479">
     <span class='ocr_line' id='line_1_10' title="bbox 214 441 1000 479; baseline -0.004 -7"><span class='ocrx_word' id='word_1_58' title='bbox 214 445 302 472; x_wconf 88' lang='lat' dir='ltr'><strong>reticis</strong></span> <span class='ocrx_word' id='word_1_59' title='bbox 318 445 446 479; x_wconf 83' lang='lat' dir='ltr'><strong>sapientia</strong></span> <span class='ocrx_word' id='word_1_60' title='bbox 466 451 514 471; x_wconf 88' lang='lat' dir='ltr'><strong>sua</strong></span> <span class='ocrx_word' id='word_1_61' title='bbox 534 451 565 472; x_wconf 86' lang='lat' dir='ltr'><strong>ac</strong></span> <span class='ocrx_word' id='word_1_62' title='bbox 587 444 809 479; x_wconf 84' lang='lat' dir='ltr'><strong>disputationibus</strong></span> <span class='ocrx_word' id='word_1_63' title='bbox 825 451 937 478; x_wconf 83' lang='lat' dir='ltr'><strong>pugnam</strong></span> <span class='ocrx_word' id='word_1_64' title='bbox 952 441 1000 470; x_wconf 84' lang='lat' dir='ltr'><strong>ha-</strong></span> 
     </span>
    </p>
   </div>
   <div class='ocr_carea' id='block_1_11' title="bbox 215 488 1001 524">
    <p class='ocr_par' dir='ltr' id='par_1_11' title="bbox 215 488 1001 524">
     <span class='ocr_line' id='line_1_11' title="bbox 215 488 1001 524; baseline -0.003 -7"><span class='ocrx_word' id='word_1_65' title='bbox 215 490 307 518; x_wconf 87' lang='lat' dir='ltr'><strong>bentes</strong></span> <span class='ocrx_word' id='word_1_66' title='bbox 318 495 344 517; x_wconf 90' lang='lat' dir='ltr'><strong>et</strong></span> <span class='ocrx_word' id='word_1_67' title='bbox 365 489 530 523; x_wconf 80' lang='lat' dir='ltr'><strong>conﬂictum,</strong></span> <span class='ocrx_word' id='word_1_68' title='bbox 552 489 631 516; x_wconf 88' lang='lat' dir='ltr'><strong>multa</strong></span> <span class='ocrx_word' id='word_1_69' title='bbox 654 489 759 524; x_wconf 88' lang='lat' dir='ltr'><strong>quidem</strong></span> <span class='ocrx_word' id='word_1_70' title='bbox 772 489 892 522; x_wconf 83' lang='lat' dir='ltr'><strong>castella,</strong></span> <span class='ocrx_word' id='word_1_71' title='bbox 906 488 1001 523; x_wconf 87' lang='lat' dir='ltr'><strong>plures-</strong></span> 
     </span>
    </p>
   </div>
   <div class='ocr_carea' id='block_1_12' title="bbox 214 534 998 570">
    <p class='ocr_par' dir='ltr' id='par_1_12' title="bbox 214 534 998 570">
     <span class='ocr_line' id='line_1_12' title="bbox 214 534 998 570; baseline -0.003 -8"><span class='ocrx_word' id='word_1_72' title='bbox 214 543 267 570; x_wconf 90' lang='lat' dir='ltr'><strong>que</strong></span> <span class='ocrx_word' id='word_1_73' title='bbox 279 535 415 569; x_wconf 88' lang='lat' dir='ltr'><strong>ecclesias,</strong></span> <span class='ocrx_word' id='word_1_74' title='bbox 432 535 555 563; x_wconf 87' lang='lat' dir='ltr'><strong>similiter</strong></span> <span class='ocrx_word' id='word_1_75' title='bbox 574 539 600 562; x_wconf 86' lang='lat' dir='ltr'><strong>et</strong></span> <span class='ocrx_word' id='word_1_76' title='bbox 614 535 774 562; x_wconf 85' lang='lat' dir='ltr'><strong>monasteria</strong></span> <span class='ocrx_word' id='word_1_77' title='bbox 798 535 831 561; x_wconf 88' lang='lat' dir='ltr'><strong>ab</strong></span> <span class='ocrx_word' id='word_1_78' title='bbox 845 542 892 561; x_wconf 90' lang='lat' dir='ltr'><strong>ore</strong></span> <span class='ocrx_word' id='word_1_79' title='bbox 907 534 998 561; x_wconf 89' lang='lat' dir='ltr'><strong>talium</strong></span> 
     </span>
    </p>
   </div>
   <div class='ocr_carea' id='block_1_13' title="bbox 215 579 999 614">
    <p class='ocr_par' dir='ltr' id='par_1_13' title="bbox 215 579 999 614">
     <span class='ocr_line' id='line_1_13' title="bbox 215 579 999 614; baseline -0.001 -7"><span class='ocrx_word' id='word_1_80' title='bbox 215 581 370 611; x_wconf 85' lang='lat' dir='ltr'><strong>bestiarum.</strong></span> <span class='ocrx_word' id='word_1_81' title='bbox 389 585 513 614; x_wconf 83' lang='lat' dir='ltr'><strong>tanquam</strong></span> <span class='ocrx_word' id='word_1_82' title='bbox 531 580 593 607; x_wconf 87' lang='lat' dir='ltr'><strong>boni</strong></span> <span class='ocrx_word' id='word_1_83' title='bbox 608 584 727 614; x_wconf 83' lang='lat' dir='ltr'><strong>pastores</strong></span> <span class='ocrx_word' id='word_1_84' title='bbox 737 601 744 613; x_wconf 92' lang='lat'><strong>,</strong></span> <span class='ocrx_word' id='word_1_85' title='bbox 762 579 876 606; x_wconf 79' lang='lat' dir='ltr'><strong>evellere</strong></span> <span class='ocrx_word' id='word_1_86' title='bbox 889 579 999 606; x_wconf 85' lang='lat' dir='ltr'><strong>studue-</strong></span> 
     </span>
    </p>
   </div>
   <div class='ocr_carea' id='block_1_14' title="bbox 211 623 996 658">
    <p class='ocr_par' dir='ltr' id='par_1_14' title="bbox 211 623 996 658">
     <span class='ocr_line' id='line_1_14' title="bbox 211 623 996 658; baseline -0.001 -7"><span class='ocrx_word' id='word_1_87' title='bbox 211 629 285 658; x_wconf 82' lang='lat' dir='ltr'><strong>runt,</strong></span> <span class='ocrx_word' id='word_1_88' title='bbox 303 629 410 658; x_wconf 82' lang='lat' dir='ltr'><strong>propter</strong></span> <span class='ocrx_word' id='word_1_89' title='bbox 421 624 531 658; x_wconf 85' lang='lat' dir='ltr'><strong>quodet</strong></span> <span class='ocrx_word' id='word_1_90' title='bbox 544 624 658 650; x_wconf 77' lang='lat' dir='ltr'><strong>maxime</strong></span> <span class='ocrx_word' id='word_1_91' title='bbox 681 623 824 657; x_wconf 84' lang='lat' dir='ltr'><strong>plurimum</strong></span> <span class='ocrx_word' id='word_1_92' title='bbox 848 623 996 651; x_wconf 80' lang='lat' dir='ltr'><strong>honorabat</strong></span> 
     </span>
    </p>
   </div>
   <div class='ocr_carea' id='block_1_15' title="bbox 215 668 728 697">
    <p class='ocr_par' dir='ltr' id='par_1_15' title="bbox 215 668 728 697">
     <span class='ocr_line' id='line_1_15' title="bbox 215 668 728 697; baseline -0.004 0"><span class='ocrx_word' id='word_1_93' title='bbox 215 675 322 697; x_wconf 80' lang='lat' dir='ltr'><strong>sanctos</strong></span> <span class='ocrx_word' id='word_1_94' title='bbox 336 670 384 695; x_wconf 83' lang='lat' dir='ltr'><strong>hos</strong></span> <span class='ocrx_word' id='word_1_95' title='bbox 400 669 443 695; x_wconf 91' lang='lat' dir='ltr'><strong>ille</strong></span> <span class='ocrx_word' id='word_1_96' title='bbox 458 675 521 696; x_wconf 89' lang='lat' dir='ltr'><strong>vere</strong></span> <span class='ocrx_word' id='word_1_97' title='bbox 536 668 728 696; x_wconf 87' lang='lat' dir='ltr'><strong>sanctissimus.</strong></span> 
     </span>
    </p>
   </div>
   <div class='ocr_carea' id='block_1_16' title="bbox 249 713 999 748">
    <p class='ocr_par' dir='ltr' id='par_1_16' title="bbox 249 713 999 748">
     <span class='ocr_line' id='line_1_16' title="bbox 249 713 999 748; baseline -0.003 -7"><span class='ocrx_word' id='word_1_98' title='bbox 249 716 314 741; x_wconf 74' lang='grc' dir='ltr'><strong>οη·-</strong></span> <span class='ocrx_word' id='word_1_99' title='bbox 330 713 436 741; x_wconf 88' lang='lat' dir='ltr'><strong>XXXII.</strong></span> <span class='ocrx_word' id='word_1_100' title='bbox 451 713 514 741; x_wconf 90' lang='lat' dir='ltr'><strong>—Si</strong></span> <span class='ocrx_word' id='word_1_101' title='bbox 522 720 585 741; x_wconf 89' lang='lat' dir='ltr'><strong>vero</strong></span> <span class='ocrx_word' id='word_1_102' title='bbox 595 713 689 740; x_wconf 85' lang='lat' dir='ltr'><strong>alicubi</strong></span> <span class='ocrx_word' id='word_1_103' title='bbox 698 713 812 748; x_wconf 84' lang='lat' dir='ltr'><strong>aliquem</strong></span> <span class='ocrx_word' id='word_1_104' title='bbox 820 713 915 740; x_wconf 90' lang='lat' dir='ltr'><strong>durum</strong></span> <span class='ocrx_word' id='word_1_105' title='bbox 925 717 952 740; x_wconf 88' lang='lat' dir='ltr'><strong>et</strong></span> <span class='ocrx_word' id='word_1_106' title='bbox 962 713 999 740; x_wconf 86' lang='lat' dir='ltr'><strong>in-</strong></span> 
     </span>
    </p>
   </div>
   <div class='ocr_carea' id='block_1_17' title="bbox 217 758 999 793">
    <p class='ocr_par' dir='ltr' id='par_1_17' title="bbox 217 758 999 793">
     <span class='ocr_line' id='line_1_17' title="bbox 217 758 999 793; baseline -0.001 -7"><span class='ocrx_word' id='word_1_107' title='bbox 217 760 359 786; x_wconf 77' lang='lat' dir='ltr'><strong>humanum</strong></span> <span class='ocrx_word' id='word_1_108' title='bbox 372 764 399 787; x_wconf 89' lang='lat' dir='ltr'><strong>et</strong></span> <span class='ocrx_word' id='word_1_109' title='bbox 419 765 603 793; x_wconf 85' lang='lat' dir='ltr'><strong>percussorem</strong></span> <span class='ocrx_word' id='word_1_110' title='bbox 614 759 684 786; x_wconf 88' lang='lat' dir='ltr'><strong>circa</strong></span> <span class='ocrx_word' id='word_1_111' title='bbox 696 758 817 793; x_wconf 87' lang='lat' dir='ltr'><strong>proprios</strong></span> <span class='ocrx_word' id='word_1_112' title='bbox 826 766 920 786; x_wconf 88' lang='lat' dir='ltr'><strong>servos</strong></span> <span class='ocrx_word' id='word_1_113' title='bbox 937 766 999 786; x_wconf 91' lang='lat' dir='ltr'><strong>sen-</strong></span> 
     </span>
    </p>
   </div>
   <div class='ocr_carea' id='block_1_18' title="bbox 211 804 999 837">
    <p class='ocr_par' dir='ltr' id='par_1_18' title="bbox 211 804 999 837">
     <span class='ocr_line' id='line_1_18' title="bbox 211 804 999 837; baseline -0.001 -5"><span class='ocrx_word' id='word_1_114' title='bbox 211 805 299 832; x_wconf 77' lang='lat' dir='ltr'><strong>tiebat</strong></span> <span class='ocrx_word' id='word_1_115' title='bbox 308 804 352 832; x_wconf 91' lang='lat' dir='ltr'><strong>ille</strong></span> <span class='ocrx_word' id='word_1_116' title='bbox 361 804 466 836; x_wconf 82' lang='lat' dir='ltr'><strong>beatus,</strong></span> <span class='ocrx_word' id='word_1_117' title='bbox 475 804 544 831; x_wconf 91' lang='lat' dir='ltr'><strong>hunc</strong></span> <span class='ocrx_word' id='word_1_118' title='bbox 551 804 637 837; x_wconf 87' lang='lat' dir='ltr'><strong>primo</strong></span> <span class='ocrx_word' id='word_1_119' title='bbox 645 804 818 837; x_wconf 81' lang='lat' dir='ltr'><strong>convocabat,</strong></span> <span class='ocrx_word' id='word_1_120' title='bbox 830 809 923 832; x_wconf 89' lang='lat' dir='ltr'><strong>etcum</strong></span> <span class='ocrx_word' id='word_1_121' title='bbox 936 804 999 831; x_wconf 72' lang='lat' dir='ltr'><strong>mul«</strong></span> 
     </span>
    </p>
   </div>
   <div class='ocr_carea' id='block_1_19' title="bbox 1052 210 1838 246">
    <p class='ocr_par' dir='ltr' id='par_1_19' title="bbox 1052 210 1838 246">
     <span class='ocr_line' id='line_1_19' title="bbox 1052 210 1838 246; baseline 0.001 -8"><span class='ocrx_word' id='word_1_122' title='bbox 1052 211 1133 246; x_wconf 86' lang='lat' dir='ltr'><strong>patris</strong></span> <span class='ocrx_word' id='word_1_123' title='bbox 1148 211 1207 246; x_wconf 74' lang='lat' dir='ltr'><strong>ejus</strong></span> <span class='ocrx_word' id='word_1_124' title='bbox 1221 211 1320 239; x_wconf 84' lang='lat' dir='ltr'><strong>inventi</strong></span> <span class='ocrx_word' id='word_1_125' title='bbox 1338 216 1399 239; x_wconf 84' lang='lat' dir='ltr'><strong>sunt</strong></span> <span class='ocrx_word' id='word_1_126' title='bbox 1418 215 1513 245; x_wconf 82' lang='lat' dir='ltr'><strong>testes,</strong></span> <span class='ocrx_word' id='word_1_127' title='bbox 1531 211 1593 245; x_wconf 85' lang='lat' dir='ltr'><strong>quia</strong></span> <span class='ocrx_word' id='word_1_128' title='bbox 1614 217 1667 238; x_wconf 87' lang='lat' dir='ltr'><strong>non</strong></span> <span class='ocrx_word' id='word_1_129' title='bbox 1682 210 1788 239; x_wconf 81' lang='lat' dir='ltr'><strong>dimisit</strong></span> <span class='ocrx_word' id='word_1_130' title='bbox 1799 213 1838 246; x_wconf 81' lang='lat' dir='ltr'><strong>ei,</strong></span> 
     </span>
    </p>
   </div>
   <div class='ocr_carea' id='block_1_20' title="bbox 1050 256 1838 292">
    <p class='ocr_par' dir='ltr' id='par_1_20' title="bbox 1050 256 1838 292">
     <span class='ocr_line' id='line_1_20' title="bbox 1050 256 1838 292; baseline 0.001 -9"><span class='ocrx_word' id='word_1_131' title='bbox 1050 256 1167 290; x_wconf 85' lang='lat' dir='ltr'><strong>domine,</strong></span> <span class='ocrx_word' id='word_1_132' title='bbox 1191 261 1267 292; x_wconf 84' lang='lat' dir='ltr'><strong>pater</strong></span> <span class='ocrx_word' id='word_1_133' title='bbox 1289 258 1347 292; x_wconf 85' lang='lat' dir='ltr'><strong>ejus</strong></span> <span class='ocrx_word' id='word_1_134' title='bbox 1361 258 1479 284; x_wconf 83' lang='lat' dir='ltr'><strong>moriens</strong></span> <span class='ocrx_word' id='word_1_135' title='bbox 1494 264 1580 291; x_wconf 83' lang='lat' dir='ltr'><strong>usque</strong></span> <span class='ocrx_word' id='word_1_136' title='bbox 1593 257 1626 283; x_wconf 84' lang='lat' dir='ltr'><strong>ad</strong></span> <span class='ocrx_word' id='word_1_137' title='bbox 1641 264 1723 284; x_wconf 80' lang='lat' dir='ltr'><strong>unum</strong></span> <span class='ocrx_word' id='word_1_138' title='bbox 1748 258 1838 284; x_wconf 74' lang='lat' dir='ltr'><strong>numi-</strong></span> 
     </span>
    </p>
   </div>
   <div class='ocr_carea' id='block_1_21' title="bbox 1050 301 1841 335">
    <p class='ocr_par' dir='ltr' id='par_1_21' title="bbox 1050 301 1841 335">
     <span class='ocr_line' id='line_1_21' title="bbox 1050 301 1841 335; baseline 0 -6"><span class='ocrx_word' id='word_1_139' title='bbox 1050 308 1125 335; x_wconf 71' lang='lat' dir='ltr'><strong>t&#39;ma;</strong></span> <span class='ocrx_word' id='word_1_140' title='bbox 1151 301 1199 329; x_wconf 79' lang='lat' dir='ltr'><strong>sed</strong></span> <span class='ocrx_word' id='word_1_141' title='bbox 1222 302 1323 329; x_wconf 81' lang='lat' dir='ltr'><strong>habens</strong></span> <span class='ocrx_word' id='word_1_142' title='bbox 1345 301 1437 330; x_wconf 83' lang='lat' dir='ltr'><strong>decem</strong></span> <span class='ocrx_word' id='word_1_143' title='bbox 1462 302 1545 329; x_wconf 82' lang='lat' dir='ltr'><strong>libras</strong></span> <span class='ocrx_word' id='word_1_144' title='bbox 1559 301 1628 333; x_wconf 83' lang='lat' dir='ltr'><strong>auri,</strong></span> <span class='ocrx_word' id='word_1_145' title='bbox 1652 301 1841 329; x_wconf 71' lang='lat' dir='ltr'><strong>adduciteutn</strong></span> 
     </span>
    </p>
   </div>
   <div class='ocr_carea' id='block_1_22' title="bbox 1050 346 1839 381">
    <p class='ocr_par' dir='ltr' id='par_1_22' title="bbox 1050 346 1839 381">
     <span class='ocr_line' id='line_1_22' title="bbox 1050 346 1839 381; baseline 0 -7"><span class='ocrx_word' id='word_1_146' title='bbox 1050 346 1105 381; x_wconf 87' lang='lat' dir='ltr'><strong>Ipsa</strong></span> <span class='ocrx_word' id='word_1_147' title='bbox 1121 347 1184 374; x_wconf 90' lang='lat' dir='ltr'><strong>hora</strong></span> <span class='ocrx_word' id='word_1_148' title='bbox 1199 347 1304 381; x_wconf 78' lang='lat' dir='ltr'><strong>quando</strong></span> <span class='ocrx_word' id='word_1_149' title='bbox 1315 351 1501 374; x_wconf 75' lang='lat' dir='ltr'><strong>testamentum</strong></span> <span class='ocrx_word' id='word_1_150' title='bbox 1513 347 1659 378; x_wconf 74' lang='lat' dir='ltr'><strong>scribebat,</strong></span> <span class='ocrx_word' id='word_1_151' title='bbox 1669 351 1698 373; x_wconf 90' lang='lat' dir='ltr'><strong>et</strong></span> <span class='ocrx_word' id='word_1_152' title='bbox 1707 346 1774 373; x_wconf 82' lang='lat' dir='ltr'><strong>dicit</strong></span> <span class='ocrx_word' id='word_1_153' title='bbox 1788 347 1819 374; x_wconf 78' lang='lat' dir='ltr'><strong>ei</strong></span> <span class='ocrx_word' id='word_1_154' title='bbox 1830 356 1839 374; x_wconf 89' lang='lat'>:</span> 
     </span>
    </p>
   </div>
   <div class='ocr_carea' id='block_1_23' title="bbox 1051 390 1839 424">
    <p class='ocr_par' dir='ltr' id='par_1_23' title="bbox 1051 390 1839 424">
     <span class='ocr_line' id='line_1_23' title="bbox 1051 390 1839 424; baseline 0.001 -7"><span class='ocrx_word' id='word_1_155' title='bbox 1051 391 1210 419; x_wconf 46' lang='lat' dir='ltr'><strong>IIasvdeeem</strong></span> <span class='ocrx_word' id='word_1_156' title='bbox 1226 391 1306 419; x_wconf 81' lang='lat' dir='ltr'><strong>libras</strong></span> <span class='ocrx_word' id='word_1_157' title='bbox 1321 391 1399 424; x_wconf 86' lang='lat' dir='ltr'><strong>habe,</strong></span> <span class='ocrx_word' id='word_1_158' title='bbox 1415 391 1454 418; x_wconf 81' lang='lat' dir='ltr'><strong>illi</strong></span> <span class='ocrx_word' id='word_1_159' title='bbox 1473 390 1520 417; x_wconf 83' lang='lat' dir='ltr'><strong>uti.</strong></span> <span class='ocrx_word' id='word_1_160' title='bbox 1536 390 1617 423; x_wconf 80' lang='lat' dir='ltr'><strong>Quid,</strong></span> <span class='ocrx_word' id='word_1_161' title='bbox 1641 391 1682 417; x_wconf 86' lang='lat' dir='ltr'><strong>vis</strong></span> <span class='ocrx_word' id='word_1_162' title='bbox 1704 390 1839 418; x_wconf 65' lang='lat' dir='ltr'><strong>dimittam</strong></span> 
     </span>
    </p>
   </div>
   <div class='ocr_carea' id='block_1_24' title="bbox 1050 435 1843 470">
    <p class='ocr_par' dir='ltr' id='par_1_24' title="bbox 1050 435 1843 470">
     <span class='ocr_line' id='line_1_24' title="bbox 1050 435 1843 470; baseline -0.003 -6"><span class='ocrx_word' id='word_1_163' title='bbox 1050 436 1096 465; x_wconf 81' lang='lat' dir='ltr'><strong>tibi</strong></span> <span class='ocrx_word' id='word_1_164' title='bbox 1111 436 1186 469; x_wconf 80' lang='lat' dir='ltr'><strong>istas,</strong></span> <span class='ocrx_word' id='word_1_165' title='bbox 1200 443 1234 464; x_wconf 89' lang='lat' dir='ltr'><strong>sn</strong></span> <span class='ocrx_word' id='word_1_166' title='bbox 1248 437 1289 464; x_wconf 95' lang='lat' dir='ltr'><strong>vis</strong></span> <span class='ocrx_word' id='word_1_167' title='bbox 1303 436 1445 463; x_wconf 78' lang='lat' dir='ltr'><strong>Dominam</strong></span> <span class='ocrx_word' id='word_1_168' title='bbox 1457 443 1544 462; x_wconf 75' lang='lat' dir='ltr'><strong>musam</strong></span> <span class='ocrx_word' id='word_1_169' title='bbox 1558 435 1606 463; x_wconf 87' lang='lat' dir='ltr'><strong>Dei</strong></span> <span class='ocrx_word' id='word_1_170' title='bbox 1621 435 1783 470; x_wconf 65' lang='lat' dir='ltr'><strong>genitricem</strong></span> <span class='ocrx_word' id='word_1_171' title='bbox 1792 443 1843 463; x_wconf 80' lang='lat' dir='ltr'><strong>cu-</strong></span> 
     </span>
    </p>
   </div>
   <div class='ocr_carea' id='block_1_25' title="bbox 1050 480 1838 516">
    <p class='ocr_par' dir='ltr' id='par_1_25' title="bbox 1050 480 1838 516">
     <span class='ocr_line' id='line_1_25' title="bbox 1050 480 1838 516; baseline -0.003 -7"><span class='ocrx_word' id='word_1_172' title='bbox 1050 483 1165 509; x_wconf 80' lang='lat' dir='ltr'><strong>ratorem</strong></span> <span class='ocrx_word' id='word_1_173' title='bbox 1175 486 1204 508; x_wconf 83' lang='lat' dir='ltr'><strong>et</strong></span> <span class='ocrx_word' id='word_1_174' title='bbox 1215 481 1397 516; x_wconf 71' lang='lat' dir='ltr'><strong>provisorum!</strong></span> <span class='ocrx_word' id='word_1_175' title='bbox 1412 480 1502 508; x_wconf 83' lang='lat' dir='ltr'><strong>Puero</strong></span> <span class='ocrx_word' id='word_1_176' title='bbox 1512 487 1577 507; x_wconf 87' lang='lat' dir='ltr'><strong>vero</strong></span> <span class='ocrx_word' id='word_1_177' title='bbox 1586 480 1705 514; x_wconf 70' lang='lat' dir='ltr'><strong>eligente</strong></span> <span class='ocrx_word' id='word_1_178' title='bbox 1714 484 1838 507; x_wconf 69' lang='lat' dir='ltr'><strong>Sanctam</strong></span> 
     </span>
    </p>
   </div>
   <div class='ocr_carea' id='block_1_26' title="bbox 1051 526 1842 562">
    <p class='ocr_par' dir='ltr' id='par_1_26' title="bbox 1051 526 1842 562">
     <span class='ocr_line' id='line_1_26' title="bbox 1051 526 1842 562; baseline 0 -8"><span class='ocrx_word' id='word_1_179' title='bbox 1051 527 1098 554; x_wconf 88' lang='lat' dir='ltr'><strong>Dei</strong></span> <span class='ocrx_word' id='word_1_180' title='bbox 1112 526 1279 562; x_wconf 72' lang='lat' dir='ltr'><strong>genitricem,</strong></span> <span class='ocrx_word' id='word_1_181' title='bbox 1306 527 1433 561; x_wconf 68' lang='lat' dir='ltr'><strong>pracepit</strong></span> <span class='ocrx_word' id='word_1_182' title='bbox 1458 526 1521 553; x_wconf 73' lang='lat' dir='ltr'><strong>dare</strong></span> <span class='ocrx_word' id='word_1_183' title='bbox 1545 531 1640 553; x_wconf 76' lang='lat' dir='ltr'><strong>cuncta</strong></span> <span class='ocrx_word' id='word_1_184' title='bbox 1665 526 1842 560; x_wconf 71' lang='lat' dir='ltr'><strong>pauperibus.</strong></span> 
     </span>
    </p>
   </div>
   <div class='ocr_carea' id='block_1_27' title="bbox 1050 570 1841 605">
    <p class='ocr_par' dir='ltr' id='par_1_27' title="bbox 1050 570 1841 605">
     <span class='ocr_line' id='line_1_27' title="bbox 1050 570 1841 605; baseline -0.003 -6"><span class='ocrx_word' id='word_1_185' title='bbox 1050 571 1082 598; x_wconf 81' lang='lat' dir='ltr'><strong>Et</strong></span> <span class='ocrx_word' id='word_1_186' title='bbox 1095 578 1167 603; x_wconf 80' lang='lat' dir='ltr'><strong>ecce,</strong></span> <span class='ocrx_word' id='word_1_187' title='bbox 1184 571 1317 605; x_wconf 85' lang='lat' dir='ltr'><strong>inquiunt,</strong></span> <span class='ocrx_word' id='word_1_188' title='bbox 1331 570 1510 602; x_wconf 78' lang='lat' dir='ltr'><strong>sanctissime,</strong></span> <span class='ocrx_word' id='word_1_189' title='bbox 1527 570 1554 597; x_wconf 90' lang='lat' dir='ltr'><strong>in</strong></span> <span class='ocrx_word' id='word_1_190' title='bbox 1568 570 1653 598; x_wconf 78' lang='lat' dir='ltr'><strong>multa</strong></span> <span class='ocrx_word' id='word_1_191' title='bbox 1666 570 1759 604; x_wconf 84' lang='lat' dir='ltr'><strong>inopia</strong></span> <span class='ocrx_word' id='word_1_192' title='bbox 1775 578 1841 598; x_wconf 85' lang='lat' dir='ltr'><strong>eon-</strong></span> 
     </span>
    </p>
   </div>
   <div class='ocr_carea' id='block_1_28' title="bbox 1049 615 1843 649">
    <p class='ocr_par' dir='ltr' id='par_1_28' title="bbox 1049 615 1843 649">
     <span class='ocr_line' id='line_1_28' title="bbox 1049 615 1843 649; baseline 0 -6"><span class='ocrx_word' id='word_1_193' title='bbox 1049 617 1131 649; x_wconf 82' lang='lat' dir='ltr'><strong>sistit,</strong></span> <span class='ocrx_word' id='word_1_194' title='bbox 1153 621 1231 644; x_wconf 87' lang='lat' dir='ltr'><strong>nocte</strong></span> <span class='ocrx_word' id='word_1_195' title='bbox 1243 623 1275 644; x_wconf 87' lang='lat' dir='ltr'><strong>ac</strong></span> <span class='ocrx_word' id='word_1_196' title='bbox 1286 616 1330 643; x_wconf 89' lang='lat' dir='ltr'><strong>die</strong></span> <span class='ocrx_word' id='word_1_197' title='bbox 1341 616 1450 643; x_wconf 87' lang='lat' dir='ltr'><strong>domum</strong></span> <span class='ocrx_word' id='word_1_198' title='bbox 1471 615 1593 642; x_wconf 69' lang='lat' dir='ltr'><strong>Domina:</strong></span> <span class='ocrx_word' id='word_1_199' title='bbox 1606 620 1708 643; x_wconf 73' lang='lat' dir='ltr'><strong>nostra</strong></span> <span class='ocrx_word' id='word_1_200' title='bbox 1723 623 1780 643; x_wconf 80' lang='lat' dir='ltr'><strong>non</strong></span> <span class='ocrx_word' id='word_1_201' title='bbox 1795 616 1843 643; x_wconf 84' lang='lat' dir='ltr'><strong>de-</strong></span> 
     </span>
    </p>
   </div>
   <div class='ocr_carea' id='block_1_29' title="bbox 1049 661 1843 697">
    <p class='ocr_par' dir='ltr' id='par_1_29' title="bbox 1049 661 1843 697">
     <span class='ocr_line' id='line_1_29' title="bbox 1049 661 1843 697; baseline -0.001 -7"><span class='ocrx_word' id='word_1_202' title='bbox 1049 670 1151 690; x_wconf 84' lang='lat' dir='ltr'><strong>serens.</strong></span> <span class='ocrx_word' id='word_1_203' title='bbox 1166 663 1234 690; x_wconf 85' lang='lat' dir='ltr'><strong>Cuin</strong></span> <span class='ocrx_word' id='word_1_204' title='bbox 1255 669 1319 697; x_wconf 71' lang='lat' dir='ltr'><strong>ergo</strong></span> <span class='ocrx_word' id='word_1_205' title='bbox 1332 662 1390 689; x_wconf 66' lang='lat' dir='ltr'><strong>hac</strong></span> <span class='ocrx_word' id='word_1_206' title='bbox 1404 661 1522 689; x_wconf 80' lang='lat' dir='ltr'><strong>audisset</strong></span> <span class='ocrx_word' id='word_1_207' title='bbox 1536 669 1551 688; x_wconf 90' lang='lat' dir='ltr'><strong>a</strong></span> <span class='ocrx_word' id='word_1_208' title='bbox 1566 661 1716 689; x_wconf 74' lang='lat' dir='ltr'><strong>scientibus</strong></span> <span class='ocrx_word' id='word_1_209' title='bbox 1731 666 1843 689; x_wconf 70' lang='lat' dir='ltr'><strong>sanctas</strong></span> 
     </span>
    </p>
   </div>
   <div class='ocr_carea' id='block_1_30' title="bbox 1050 706 1843 742">
    <p class='ocr_par' dir='ltr' id='par_1_30' title="bbox 1050 706 1843 742">
     <span class='ocr_line' id='line_1_30' title="bbox 1050 706 1843 742; baseline -0.003 -8"><span class='ocrx_word' id='word_1_210' title='bbox 1050 708 1103 742; x_wconf 91' lang='lat' dir='ltr'><strong>hic,</strong></span> <span class='ocrx_word' id='word_1_211' title='bbox 1120 707 1218 735; x_wconf 89' lang='lat' dir='ltr'><strong>nemini</strong></span> <span class='ocrx_word' id='word_1_212' title='bbox 1239 707 1339 742; x_wconf 89' lang='lat' dir='ltr'><strong>aliquid</strong></span> <span class='ocrx_word' id='word_1_213' title='bbox 1354 707 1457 739; x_wconf 87' lang='lat' dir='ltr'><strong>dicens,</strong></span> <span class='ocrx_word' id='word_1_214' title='bbox 1473 706 1582 733; x_wconf 88' lang='lat' dir='ltr'><strong>adducit</strong></span> <span class='ocrx_word' id='word_1_215' title='bbox 1595 706 1744 741; x_wconf 75' lang='lat' dir='ltr'><strong>quemdam</strong></span> <span class='ocrx_word' id='word_1_216' title='bbox 1761 706 1843 733; x_wconf 79' lang='lat' dir='ltr'><strong>tabel-</strong></span> 
     </span>
    </p>
   </div>
   <div class='ocr_carea' id='block_1_31' title="bbox 1050 752 1843 785">
    <p class='ocr_par' dir='ltr' id='par_1_31' title="bbox 1050 752 1843 785">
     <span class='ocr_line' id='line_1_31' title="bbox 1050 752 1843 785; baseline -0.001 -5"><span class='ocrx_word' id='word_1_217' title='bbox 1050 753 1169 785; x_wconf 88' lang='lat' dir='ltr'><strong>Iionem;</strong></span> <span class='ocrx_word' id='word_1_218' title='bbox 1195 757 1222 780; x_wconf 87' lang='lat' dir='ltr'><strong>et</strong></span> <span class='ocrx_word' id='word_1_219' title='bbox 1245 753 1371 780; x_wconf 87' lang='lat' dir='ltr'><strong>narrabat</strong></span> <span class='ocrx_word' id='word_1_220' title='bbox 1394 753 1417 780; x_wconf 89' lang='lat' dir='ltr'><strong>ei</strong></span> <span class='ocrx_word' id='word_1_221' title='bbox 1435 759 1502 784; x_wconf 86' lang='lat' dir='ltr'><strong>rem.</strong></span> <span class='ocrx_word' id='word_1_222' title='bbox 1527 753 1593 779; x_wconf 81' lang='lat' dir='ltr'><strong>dans</strong></span> <span class='ocrx_word' id='word_1_223' title='bbox 1606 752 1632 779; x_wconf 91' lang='lat' dir='ltr'><strong>ei</strong></span> <span class='ocrx_word' id='word_1_224' title='bbox 1652 752 1804 779; x_wconf 75' lang='lat' dir='ltr'><strong>terminum</strong></span> <span class='ocrx_word' id='word_1_225' title='bbox 1818 757 1843 779; x_wconf 83' lang='lat' dir='ltr'><strong>at</strong></span> 
     </span>
    </p>
   </div>
   <div class='ocr_carea' id='block_1_32' title="bbox 1050 797 1842 833">
    <p class='ocr_par' dir='ltr' id='par_1_32' title="bbox 1050 797 1842 833">
     <span class='ocr_line' id='line_1_32' title="bbox 1050 797 1842 833; baseline -0.001 -8"><span class='ocrx_word' id='word_1_226' title='bbox 1050 798 1116 825; x_wconf 92' lang='lat' dir='ltr'><strong>nulli</strong></span> <span class='ocrx_word' id='word_1_227' title='bbox 1130 799 1253 826; x_wconf 86' lang='lat' dir='ltr'><strong>crederet</strong></span> <span class='ocrx_word' id='word_1_228' title='bbox 1267 805 1346 833; x_wconf 86' lang='lat' dir='ltr'><strong>quam</strong></span> <span class='ocrx_word' id='word_1_229' title='bbox 1368 798 1495 833; x_wconf 70' lang='lat' dir='ltr'><strong>praecepit</strong></span> <span class='ocrx_word' id='word_1_230' title='bbox 1513 798 1539 825; x_wconf 89' lang='lat' dir='ltr'><strong>ei</strong></span> <span class='ocrx_word' id='word_1_231' title='bbox 1559 797 1647 825; x_wconf 82' lang='lat' dir='ltr'><strong>facere</strong></span> <span class='ocrx_word' id='word_1_232' title='bbox 1660 805 1732 830; x_wconf 81' lang='lat' dir='ltr'><strong>retu,</strong></span> <span class='ocrx_word' id='word_1_233' title='bbox 1750 798 1842 825; x_wconf 80' lang='lat' dir='ltr'><strong>diceat</strong></span> 
     </span>
    </p>
   </div>
   <div class='ocr_carea' id='block_1_33' title="bbox 215 843 1840 884">
    <p class='ocr_par' dir='ltr' id='par_1_33' title="bbox 215 843 1840 884">
     <span class='ocr_line' id='line_1_33' title="bbox 215 843 1840 884; baseline -0.002 -8"><span class='ocrx_word' id='word_1_234' title='bbox 215 854 240 876; x_wconf 90' lang='lat' dir='ltr'><strong>ta</strong></span> <span class='ocrx_word' id='word_1_235' title='bbox 252 849 361 876; x_wconf 85' lang='lat' dir='ltr'><strong>lenitate</strong></span> <span class='ocrx_word' id='word_1_236' title='bbox 368 850 486 883; x_wconf 73' lang='lat' dir='ltr'><strong>rogabat,</strong></span> <span class='ocrx_word' id='word_1_237' title='bbox 495 849 586 875; x_wconf 89' lang='lat' dir='ltr'><strong>dicens</strong></span> <span class='ocrx_word' id='word_1_238' title='bbox 595 856 601 876; x_wconf 92' lang='lat'>:</span> <span class='ocrx_word' id='word_1_239' title='bbox 610 848 670 882; x_wconf 82' lang='lat' dir='ltr'><strong>Fili,</strong></span> <span class='ocrx_word' id='word_1_240' title='bbox 679 849 752 876; x_wconf 88' lang='lat' dir='ltr'><strong>venit</strong></span> <span class='ocrx_word' id='word_1_241' title='bbox 762 849 866 884; x_wconf 88' lang='lat' dir='ltr'><strong>quidem</strong></span> <span class='ocrx_word' id='word_1_242' title='bbox 876 849 909 876; x_wconf 84' lang='lat' dir='ltr'><strong>ad</strong></span> <span class='ocrx_word' id='word_1_243' title='bbox 921 856 998 876; x_wconf 86' lang='lat' dir='ltr'><strong>aures</strong></span> <span class='ocrx_word' id='word_1_244' title='bbox 1014 849 1037 879; x_wconf 85' lang='grc' dir='ltr'><strong>Β</strong></span> <span class='ocrx_word' id='word_1_245' title='bbox 1052 845 1075 872; x_wconf 76' lang='lat' dir='ltr'><strong>ei</strong></span> <span class='ocrx_word' id='word_1_246' title='bbox 1090 853 1096 870; x_wconf 76' lang='grc' dir='ltr'>ε</span> <span class='ocrx_word' id='word_1_247' title='bbox 1110 843 1192 876; x_wconf 73' lang='lat' dir='ltr'><strong>Vade,</strong></span> <span class='ocrx_word' id='word_1_248' title='bbox 1205 849 1232 870; x_wconf 80' lang='lat' dir='ltr'><strong>el</strong></span> <span class='ocrx_word' id='word_1_249' title='bbox 1240 845 1266 870; x_wconf 78' lang='lat' dir='ltr'><strong>in</strong></span> <span class='ocrx_word' id='word_1_250' title='bbox 1276 843 1411 871; x_wconf 69' lang='lat' dir='ltr'><strong>velﬂibnﬁ</strong></span> <span class='ocrx_word' id='word_1_251' title='bbox 1419 843 1548 871; x_wconf 67' lang='lat' dir='ltr'><strong>charm“!</strong></span> <span class='ocrx_word' id='word_1_252' title='bbox 1555 843 1840 870; x_wconf 63' lang='lat' dir='ltr'><strong>scribemumemlmt</strong></span> 
     </span>
    </p>
   </div>
   <div class='ocr_carea' id='block_1_34' title="bbox 217 894 998 930">
    <p class='ocr_par' dir='ltr' id='par_1_34' title="bbox 217 894 998 930">
     <span class='ocr_line' id='line_1_34' title="bbox 217 894 998 930; baseline -0.003 -7"><span class='ocrx_word' id='word_1_253' title='bbox 217 896 378 930; x_wconf 87' lang='lat' dir='ltr'><strong>peccatriccs</strong></span> <span class='ocrx_word' id='word_1_254' title='bbox 386 901 459 922; x_wconf 85' lang='lat' dir='ltr'><strong>meas</strong></span> <span class='ocrx_word' id='word_1_255' title='bbox 473 895 540 928; x_wconf 83' lang='lat' dir='ltr'><strong>quod</strong></span> <span class='ocrx_word' id='word_1_256' title='bbox 553 902 585 922; x_wconf 74' lang='lat' dir='ltr'><strong>ex</strong></span> <span class='ocrx_word' id='word_1_257' title='bbox 594 895 854 929; x_wconf 85' lang='lat' dir='ltr'><strong>operationeinimici</strong></span> <span class='ocrx_word' id='word_1_258' title='bbox 867 894 998 922; x_wconf 90' lang='lat' dir='ltr'><strong>modicum</strong></span> 
     </span>
    </p>
   </div>
   <div class='ocr_carea' id='block_1_35' title="bbox 215 939 997 976">
    <p class='ocr_par' dir='ltr' id='par_1_35' title="bbox 215 939 997 976">
     <span class='ocr_line' id='line_1_35' title="bbox 215 939 997 976; baseline -0.003 -9"><span class='ocrx_word' id='word_1_259' title='bbox 215 940 307 976; x_wconf 83' lang='lat' dir='ltr'><strong>durius</strong></span> <span class='ocrx_word' id='word_1_260' title='bbox 323 941 392 967; x_wconf 88' lang='lat' dir='ltr'><strong>circa</strong></span> <span class='ocrx_word' id='word_1_261' title='bbox 408 939 530 974; x_wconf 87' lang='lat' dir='ltr'><strong>proprios</strong></span> <span class='ocrx_word' id='word_1_262' title='bbox 543 946 640 974; x_wconf 90' lang='lat' dir='ltr'><strong>pueros</strong></span> <span class='ocrx_word' id='word_1_263' title='bbox 655 943 713 967; x_wconf 86' lang='lat' dir='ltr'><strong>tuos</strong></span> <span class='ocrx_word' id='word_1_264' title='bbox 728 939 833 972; x_wconf 85' lang='lat' dir='ltr'><strong>feraris;</strong></span> <span class='ocrx_word' id='word_1_265' title='bbox 849 940 906 974; x_wconf 88' lang='lat' dir='ltr'><strong>sed,</strong></span> <span class='ocrx_word' id='word_1_266' title='bbox 921 947 997 975; x_wconf 79' lang='lat' dir='ltr'><strong>rogo,</strong></span> 
     </span>
    </p>
   </div>
   <div class='ocr_carea' id='block_1_36' title="bbox 215 984 999 1019">
    <p class='ocr_par' dir='ltr' id='par_1_36' title="bbox 215 984 999 1019">
     <span class='ocr_line' id='line_1_36' title="bbox 215 984 999 1019; baseline -0.001 -7"><span class='ocrx_word' id='word_1_267' title='bbox 215 985 263 1013; x_wconf 85' lang='lat' dir='ltr'><strong>des</strong></span> <span class='ocrx_word' id='word_1_268' title='bbox 284 985 369 1012; x_wconf 89' lang='lat' dir='ltr'><strong>locum</strong></span> <span class='ocrx_word' id='word_1_269' title='bbox 386 985 443 1012; x_wconf 79' lang='lat' dir='ltr'><strong>irze.</strong></span> <span class='ocrx_word' id='word_1_270' title='bbox 458 984 516 1011; x_wconf 77' lang='lat' dir='ltr'><strong>Non</strong></span> <span class='ocrx_word' id='word_1_271' title='bbox 530 985 600 1012; x_wconf 88' lang='lat' dir='ltr'><strong>enim</strong></span> <span class='ocrx_word' id='word_1_272' title='bbox 618 989 645 1011; x_wconf 91' lang='lat' dir='ltr'><strong>ut</strong></span> <span class='ocrx_word' id='word_1_273' title='bbox 658 984 839 1019; x_wconf 84' lang='lat' dir='ltr'><strong>percutiamus</strong></span> <span class='ocrx_word' id='word_1_274' title='bbox 854 992 911 1017; x_wconf 80' lang='lat' dir='ltr'><strong>eos,</strong></span> <span class='ocrx_word' id='word_1_275' title='bbox 927 985 999 1012; x_wconf 85' lang='lat' dir='ltr'><strong>dedit</strong></span> 
     </span>
    </p>
   </div>
   <div class='ocr_carea' id='block_1_37' title="bbox 216 1029 999 1063">
    <p class='ocr_par' dir='ltr' id='par_1_37' title="bbox 216 1029 999 1063">
     <span class='ocr_line' id='line_1_37' title="bbox 216 1029 999 1063; baseline -0.001 -5"><span class='ocrx_word' id='word_1_276' title='bbox 216 1031 293 1058; x_wconf 84' lang='lat' dir='ltr'><strong>nobis</strong></span> <span class='ocrx_word' id='word_1_277' title='bbox 315 1030 363 1058; x_wconf 90' lang='lat' dir='ltr'><strong>hos</strong></span> <span class='ocrx_word' id='word_1_278' title='bbox 376 1029 456 1063; x_wconf 86' lang='lat' dir='ltr'><strong>Deus,</strong></span> <span class='ocrx_word' id='word_1_279' title='bbox 472 1030 518 1057; x_wconf 88' lang='lat' dir='ltr'><strong>scd</strong></span> <span class='ocrx_word' id='word_1_280' title='bbox 541 1033 568 1056; x_wconf 88' lang='lat' dir='ltr'><strong>ut</strong></span> <span class='ocrx_word' id='word_1_281' title='bbox 582 1030 709 1057; x_wconf 82' lang='lat' dir='ltr'><strong>serviant.</strong></span> <span class='ocrx_word' id='word_1_282' title='bbox 727 1029 851 1057; x_wconf 77' lang='lat' dir='ltr'><strong>Fortasse</strong></span> <span class='ocrx_word' id='word_1_283' title='bbox 865 1037 928 1057; x_wconf 89' lang='lat' dir='ltr'><strong>vero</strong></span> <span class='ocrx_word' id='word_1_284' title='bbox 949 1037 999 1057; x_wconf 85' lang='lat' dir='ltr'><strong>nec</strong></span> 
     </span>
    </p>
   </div>
   <div class='ocr_carea' id='block_1_38' title="bbox 215 1075 998 1111">
    <p class='ocr_par' dir='ltr' id='par_1_38' title="bbox 215 1075 998 1111">
     <span class='ocr_line' id='line_1_38' title="bbox 215 1075 998 1111; baseline -0.001 -7"><span class='ocrx_word' id='word_1_285' title='bbox 215 1081 324 1111; x_wconf 87' lang='lat' dir='ltr'><strong>propter</strong></span> <span class='ocrx_word' id='word_1_286' title='bbox 334 1077 398 1107; x_wconf 88' lang='lat' dir='ltr'><strong>hoc,</strong></span> <span class='ocrx_word' id='word_1_287' title='bbox 420 1076 467 1103; x_wconf 89' lang='lat' dir='ltr'><strong>sed</strong></span> <span class='ocrx_word' id='word_1_288' title='bbox 481 1080 508 1104; x_wconf 90' lang='lat' dir='ltr'><strong>ut</strong></span> <span class='ocrx_word' id='word_1_289' title='bbox 518 1080 699 1103; x_wconf 87' lang='lat' dir='ltr'><strong>sustententur</strong></span> <span class='ocrx_word' id='word_1_290' title='bbox 712 1083 727 1102; x_wconf 87' lang='lat' dir='ltr'><strong>a</strong></span> <span class='ocrx_word' id='word_1_291' title='bbox 747 1075 833 1108; x_wconf 85' lang='lat' dir='ltr'><strong>nobis,</strong></span> <span class='ocrx_word' id='word_1_292' title='bbox 850 1083 882 1103; x_wconf 77' lang='lat' dir='ltr'><strong>es</strong></span> <span class='ocrx_word' id='word_1_293' title='bbox 902 1075 998 1110; x_wconf 86' lang='lat' dir='ltr'><strong>quibus</strong></span> 
     </span>
    </p>
   </div>
   <div class='ocr_carea' id='block_1_39' title="bbox 211 1119 997 1158">
    <p class='ocr_par' dir='ltr' id='par_1_39' title="bbox 211 1119 997 1158">
     <span class='ocr_line' id='line_1_39' title="bbox 211 1119 997 1158; baseline 0.001 -11"><span class='ocrx_word' id='word_1_294' title='bbox 211 1121 281 1150; x_wconf 76' lang='lat' dir='ltr'><strong>Deus</strong></span> <span class='ocrx_word' id='word_1_295' title='bbox 325 1123 450 1158; x_wconf 73' lang='lat' dir='ltr'><strong>praestitit</strong></span> <span class='ocrx_word' id='word_1_296' title='bbox 494 1121 582 1149; x_wconf 88' lang='lat' dir='ltr'><strong>nobis.</strong></span> <span class='ocrx_word' id='word_1_297' title='bbox 620 1119 691 1153; x_wconf 82' lang='lat' dir='ltr'><strong>Quid</strong></span> <span class='ocrx_word' id='word_1_298' title='bbox 740 1120 810 1147; x_wconf 88' lang='lat' dir='ltr'><strong>enim</strong></span> <span class='ocrx_word' id='word_1_299' title='bbox 825 1121 897 1156; x_wconf 87' lang='lat' dir='ltr'><strong>(edic</strong></span> <span class='ocrx_word' id='word_1_300' title='bbox 922 1121 997 1156; x_wconf 92' lang='lat' dir='ltr'><strong>mibi)</strong></span> 
     </span>
    </p>
   </div>
   <div class='ocr_carea' id='block_1_40' title="bbox 213 1164 998 1199">
    <p class='ocr_par' dir='ltr' id='par_1_40' title="bbox 213 1164 998 1199">
     <span class='ocr_line' id='line_1_40' title="bbox 213 1164 998 1199; baseline 0 -7"><span class='ocrx_word' id='word_1_301' title='bbox 213 1170 241 1192; x_wconf 89' lang='lat' dir='ltr'><strong>et</strong></span> <span class='ocrx_word' id='word_1_302' title='bbox 256 1165 329 1192; x_wconf 88' lang='lat' dir='ltr'><strong>dedit</strong></span> <span class='ocrx_word' id='word_1_303' title='bbox 344 1166 440 1197; x_wconf 88' lang='lat' dir='ltr'><strong>homo,</strong></span> <span class='ocrx_word' id='word_1_304' title='bbox 460 1169 486 1192; x_wconf 89' lang='lat' dir='ltr'><strong>et</strong></span> <span class='ocrx_word' id='word_1_305' title='bbox 502 1165 565 1191; x_wconf 90' lang='lat' dir='ltr'><strong>emit</strong></span> <span class='ocrx_word' id='word_1_306' title='bbox 582 1172 641 1192; x_wconf 88' lang='lat' dir='ltr'><strong>eum</strong></span> <span class='ocrx_word' id='word_1_307' title='bbox 656 1164 701 1199; x_wconf 90' lang='lat' dir='ltr'><strong>qui</strong></span> <span class='ocrx_word' id='word_1_308' title='bbox 715 1164 748 1192; x_wconf 91' lang='lat' dir='ltr'><strong>ad</strong></span> <span class='ocrx_word' id='word_1_309' title='bbox 760 1164 902 1199; x_wconf 80' lang='lat' dir='ltr'><strong>imag&#39;nem</strong></span> <span class='ocrx_word' id='word_1_310' title='bbox 918 1170 944 1192; x_wconf 92' lang='lat' dir='ltr'><strong>et</strong></span> <span class='ocrx_word' id='word_1_311' title='bbox 959 1165 998 1192; x_wconf 89' lang='lat' dir='ltr'><strong>si-</strong></span> 
     </span>
    </p>
   </div>
   <div class='ocr_carea' id='block_1_41' title="bbox 212 1209 997 1244">
    <p class='ocr_par' dir='ltr' id='par_1_41' title="bbox 212 1209 997 1244">
     <span class='ocr_line' id='line_1_41' title="bbox 212 1209 997 1244; baseline -0.001 -7"><span class='ocrx_word' id='word_1_312' title='bbox 212 1209 390 1237; x_wconf 86' lang='lat' dir='ltr'><strong>militudinem</strong></span> <span class='ocrx_word' id='word_1_313' title='bbox 407 1209 452 1236; x_wconf 88' lang='lat' dir='ltr'><strong>Dei</strong></span> <span class='ocrx_word' id='word_1_314' title='bbox 474 1215 578 1236; x_wconf 85' lang='lat' dir='ltr'><strong>creatus</strong></span> <span class='ocrx_word' id='word_1_315' title='bbox 594 1214 621 1237; x_wconf 91' lang='lat' dir='ltr'><strong>et</strong></span> <span class='ocrx_word' id='word_1_316' title='bbox 645 1210 788 1236; x_wconf 87' lang='lat' dir='ltr'><strong>honoratus</strong></span> <span class='ocrx_word' id='word_1_317' title='bbox 804 1209 862 1237; x_wconf 81' lang='lat' dir='ltr'><strong>est?</strong></span> <span class='ocrx_word' id='word_1_318' title='bbox 875 1210 997 1244; x_wconf 84' lang='lat' dir='ltr'><strong>Nunquid</strong></span> 
     </span>
    </p>
   </div>
   <div class='ocr_carea' id='block_1_42' title="bbox 213 1254 997 1289">
    <p class='ocr_par' dir='ltr' id='par_1_42' title="bbox 213 1254 997 1289">
     <span class='ocr_line' id='line_1_42' title="bbox 213 1254 997 1289; baseline 0.001 -8"><span class='ocrx_word' id='word_1_319' title='bbox 213 1255 284 1282; x_wconf 86' lang='lat' dir='ltr'><strong>enim</strong></span> <span class='ocrx_word' id='word_1_320' title='bbox 313 1259 353 1288; x_wconf 89' lang='lat' dir='ltr'><strong>tu,</strong></span> <span class='ocrx_word' id='word_1_321' title='bbox 380 1254 502 1282; x_wconf 85' lang='lat' dir='ltr'><strong>dominus</strong></span> <span class='ocrx_word' id='word_1_322' title='bbox 529 1254 597 1288; x_wconf 81' lang='lat' dir='ltr'><strong>ejus,</strong></span> <span class='ocrx_word' id='word_1_323' title='bbox 626 1254 725 1289; x_wconf 86' lang='lat' dir='ltr'><strong>aliquid</strong></span> <span class='ocrx_word' id='word_1_324' title='bbox 752 1255 810 1288; x_wconf 94' lang='lat' dir='ltr'><strong>plus</strong></span> <span class='ocrx_word' id='word_1_325' title='bbox 837 1255 955 1289; x_wconf 81' lang='lat' dir='ltr'><strong>possides</strong></span> <span class='ocrx_word' id='word_1_326' title='bbox 971 1255 997 1282; x_wconf 92' lang='lat' dir='ltr'><strong>in</strong></span> 
     </span>
    </p>
   </div>
   <div class='ocr_carea' id='block_1_43' title="bbox 213 1300 996 1334">
    <p class='ocr_par' dir='ltr' id='par_1_43' title="bbox 213 1300 996 1334">
     <span class='ocr_line' id='line_1_43' title="bbox 213 1300 996 1334; baseline 0 -8"><span class='ocrx_word' id='word_1_327' title='bbox 213 1300 319 1334; x_wconf 88' lang='lat' dir='ltr'><strong>proprio</strong></span> <span class='ocrx_word' id='word_1_328' title='bbox 340 1306 462 1333; x_wconf 84' lang='lat' dir='ltr'><strong>corpore,</strong></span> <span class='ocrx_word' id='word_1_329' title='bbox 483 1306 591 1326; x_wconf 87' lang='lat' dir='ltr'><strong>manum</strong></span> <span class='ocrx_word' id='word_1_330' title='bbox 611 1304 656 1325; x_wconf 85' lang='lat' dir='ltr'><strong>aut</strong></span> <span class='ocrx_word' id='word_1_331' title='bbox 678 1300 782 1333; x_wconf 87' lang='lat' dir='ltr'><strong>pedem,</strong></span> <span class='ocrx_word' id='word_1_332' title='bbox 807 1300 848 1326; x_wconf 90' lang='lat' dir='ltr'><strong>vel</strong></span> <span class='ocrx_word' id='word_1_333' title='bbox 869 1300 996 1333; x_wconf 86' lang='lat' dir='ltr'><strong>auditum,</strong></span> 
     </span>
    </p>
   </div>
   <div class='ocr_carea' id='block_1_44' title="bbox 212 1343 997 1378">
    <p class='ocr_par' dir='ltr' id='par_1_44' title="bbox 212 1343 997 1378">
     <span class='ocr_line' id='line_1_44' title="bbox 212 1343 997 1378; baseline 0 -7"><span class='ocrx_word' id='word_1_334' title='bbox 212 1349 259 1371; x_wconf 86' lang='lat' dir='ltr'><strong>aut</strong></span> <span class='ocrx_word' id='word_1_335' title='bbox 269 1344 402 1371; x_wconf 77' lang='lat' dir='ltr'><strong>animam?</strong></span> <span class='ocrx_word' id='word_1_336' title='bbox 416 1343 537 1378; x_wconf 82' lang='lat' dir='ltr'><strong>Nunquid</strong></span> <span class='ocrx_word' id='word_1_337' title='bbox 551 1351 602 1370; x_wconf 90' lang='lat' dir='ltr'><strong>non</strong></span> <span class='ocrx_word' id='word_1_338' title='bbox 615 1344 711 1370; x_wconf 88' lang='lat' dir='ltr'><strong>similis</strong></span> <span class='ocrx_word' id='word_1_339' title='bbox 723 1347 764 1370; x_wconf 89' lang='lat' dir='ltr'><strong>est</strong></span> <span class='ocrx_word' id='word_1_340' title='bbox 777 1343 823 1370; x_wconf 90' lang='lat' dir='ltr'><strong>tibi</strong></span> <span class='ocrx_word' id='word_1_341' title='bbox 835 1350 882 1378; x_wconf 91' lang='lat' dir='ltr'><strong>per</strong></span> <span class='ocrx_word' id='word_1_342' title='bbox 893 1345 997 1371; x_wconf 79' lang='lat' dir='ltr'><strong>omnia?</strong></span> 
     </span>
    </p>
   </div>
   <div class='ocr_carea' id='block_1_45' title="bbox 212 1388 998 1425">
    <p class='ocr_par' dir='ltr' id='par_1_45' title="bbox 212 1388 998 1425">
     <span class='ocr_line' id='line_1_45' title="bbox 212 1388 998 1425; baseline 0 -7"><span class='ocrx_word' id='word_1_343' title='bbox 212 1392 280 1418; x_wconf 79' lang='lat' dir='ltr'><strong>Audi</strong></span> <span class='ocrx_word' id='word_1_344' title='bbox 296 1391 386 1418; x_wconf 86' lang='lat' dir='ltr'><strong>lumen</strong></span> <span class='ocrx_word' id='word_1_345' title='bbox 399 1390 557 1425; x_wconf 71' lang='lat' dir='ltr'><strong>gloriasum,</strong></span> <span class='ocrx_word' id='word_1_346' title='bbox 574 1388 684 1416; x_wconf 75' lang='lat' dir='ltr'><strong>Paulum</strong></span> <span class='ocrx_word' id='word_1_347' title='bbox 700 1389 832 1417; x_wconf 88' lang='lat' dir='ltr'><strong>dicentem</strong></span> <span class='ocrx_word' id='word_1_348' title='bbox 846 1399 851 1416; x_wconf 93' lang='lat'><strong>:</strong></span> <span class='ocrx_word' id='word_1_349' title='bbox 863 1390 998 1424; x_wconf 79' lang='lat' dir='ltr'><strong>Quotquot</strong></span> 
     </span>
    </p>
   </div>
   <div class='ocr_carea' id='block_1_46' title="bbox 212 1432 994 1469">
    <p class='ocr_par' dir='ltr' id='par_1_46' title="bbox 212 1432 994 1469">
     <span class='ocr_line' id='line_1_46' title="bbox 212 1432 994 1469; baseline -0.003 -7"><span class='ocrx_word' id='word_1_350' title='bbox 212 1435 239 1462; x_wconf 90' lang='lat' dir='ltr'><strong>in</strong></span> <span class='ocrx_word' id='word_1_351' title='bbox 250 1435 358 1462; x_wconf 83' lang='lat' dir='ltr'><strong>Christo</strong></span> <span class='ocrx_word' id='word_1_352' title='bbox 369 1434 495 1469; x_wconf 83' lang='lat' dir='ltr'><strong>baptizati</strong></span> <span class='ocrx_word' id='word_1_353' title='bbox 505 1434 580 1466; x_wconf 86' lang='lat' dir='ltr'><strong>estis,</strong></span> <span class='ocrx_word' id='word_1_354' title='bbox 590 1432 725 1460; x_wconf 87' lang='lat' dir='ltr'><strong>Christum</strong></span> <span class='ocrx_word' id='word_1_355' title='bbox 736 1433 859 1461; x_wconf 85' lang='lat' dir='ltr'><strong>induistis</strong></span> <span class='ocrx_word' id='word_1_356' title='bbox 869 1433 994 1468; x_wconf 64' lang='lat' dir='ltr'><strong>(Gauri).</strong></span> 
     </span>
    </p>
   </div>
   <div class='ocr_carea' id='block_1_47' title="bbox 210 1478 996 1513">
    <p class='ocr_par' dir='ltr' id='par_1_47' title="bbox 210 1478 996 1513">
     <span class='ocr_line' id='line_1_47' title="bbox 210 1478 996 1513; baseline -0.003 -6"><span class='ocrx_word' id='word_1_357' title='bbox 210 1480 269 1507; x_wconf 69' lang='lat' dir='ltr'><strong>Non</strong></span> <span class='ocrx_word' id='word_1_358' title='bbox 281 1484 322 1507; x_wconf 88' lang='lat' dir='ltr'><strong>est</strong></span> <span class='ocrx_word' id='word_1_359' title='bbox 332 1479 439 1507; x_wconf 63' lang='lat' dir='ltr'><strong>ludens</strong></span> <span class='ocrx_word' id='word_1_360' title='bbox 450 1486 536 1513; x_wconf 85' lang='lat' dir='ltr'><strong>neque</strong></span> <span class='ocrx_word' id='word_1_361' title='bbox 548 1478 666 1511; x_wconf 64' lang='lat' dir='ltr'><strong>Graecus,</strong></span> <span class='ocrx_word' id='word_1_362' title='bbox 683 1486 734 1506; x_wconf 93' lang='lat' dir='ltr'><strong>non</strong></span> <span class='ocrx_word' id='word_1_363' title='bbox 748 1483 788 1506; x_wconf 87' lang='lat' dir='ltr'><strong>est</strong></span> <span class='ocrx_word' id='word_1_364' title='bbox 803 1486 895 1506; x_wconf 79' lang='lat' dir='ltr'><strong>servus</strong></span> <span class='ocrx_word' id='word_1_365' title='bbox 910 1486 996 1513; x_wconf 88' lang='lat' dir='ltr'><strong>neque</strong></span> 
     </span>
    </p>
   </div>
   <div class='ocr_carea' id='block_1_48' title="bbox 1048 887 1838 923">
    <p class='ocr_par' dir='ltr' id='par_1_48' title="bbox 1048 887 1838 923">
     <span class='ocr_line' id='line_1_48' title="bbox 1048 887 1838 923; baseline -0.001 -8"><span class='ocrx_word' id='word_1_366' title='bbox 1048 889 1185 923; x_wconf 85' lang='lat' dir='ltr'><strong>cujusdam</strong></span> <span class='ocrx_word' id='word_1_367' title='bbox 1197 888 1305 915; x_wconf 87' lang='lat' dir='ltr'><strong>nomine</strong></span> <span class='ocrx_word' id='word_1_368' title='bbox 1317 888 1479 923; x_wconf 87' lang='lat' dir='ltr'><strong>Theopenti;</strong></span> <span class='ocrx_word' id='word_1_369' title='bbox 1495 893 1521 915; x_wconf 93' lang='lat' dir='ltr'><strong>et</strong></span> <span class='ocrx_word' id='word_1_370' title='bbox 1536 887 1577 915; x_wconf 85' lang='lat' dir='ltr'><strong>fac</strong></span> <span class='ocrx_word' id='word_1_371' title='bbox 1588 887 1618 914; x_wconf 89' lang='lat' dir='ltr'><strong>in</strong></span> <span class='ocrx_word' id='word_1_372' title='bbox 1630 887 1729 915; x_wconf 75' lang='lat' dir='ltr'><strong>eadem</strong></span> <span class='ocrx_word' id='word_1_373' title='bbox 1745 889 1838 914; x_wconf 72' lang='lat' dir='ltr'><strong>charta</strong></span> 
     </span>
    </p>
   </div>
   <div class='ocr_carea' id='block_1_49' title="bbox 1049 932 1839 967">
    <p class='ocr_par' dir='ltr' id='par_1_49' title="bbox 1049 932 1839 967">
     <span class='ocr_line' id='line_1_49' title="bbox 1049 932 1839 967; baseline 0 -7"><span class='ocrx_word' id='word_1_374' title='bbox 1049 941 1091 960; x_wconf 92' lang='lat' dir='ltr'><strong>me</strong></span> <span class='ocrx_word' id='word_1_375' title='bbox 1111 937 1137 960; x_wconf 87' lang='lat' dir='ltr'><strong>et</strong></span> <span class='ocrx_word' id='word_1_376' title='bbox 1161 937 1262 966; x_wconf 88' lang='lat' dir='ltr'><strong>patrem</strong></span> <span class='ocrx_word' id='word_1_377' title='bbox 1278 933 1352 967; x_wconf 86' lang='lat' dir='ltr'><strong>pueri</strong></span> <span class='ocrx_word' id='word_1_378' title='bbox 1378 932 1552 960; x_wconf 79' lang='lat' dir='ltr'><strong>consobrinos</strong></span> <span class='ocrx_word' id='word_1_379' title='bbox 1577 932 1674 959; x_wconf 78' lang='lat' dir='ltr'><strong>fratrea</strong></span> <span class='ocrx_word' id='word_1_380' title='bbox 1686 952 1696 964; x_wconf 85' lang='lat'><strong>,</strong></span> <span class='ocrx_word' id='word_1_381' title='bbox 1709 937 1740 960; x_wconf 84' lang='lat' dir='ltr'><strong>et</strong></span> <span class='ocrx_word' id='word_1_382' title='bbox 1756 932 1839 964; x_wconf 74' lang='lat' dir='ltr'><strong>vade.</strong></span> 
     </span>
    </p>
   </div>
   <div class='ocr_carea' id='block_1_50' title="bbox 1048 977 1841 1013">
    <p class='ocr_par' dir='ltr' id='par_1_50' title="bbox 1048 977 1841 1013">
     <span class='ocr_line' id='line_1_50' title="bbox 1048 977 1841 1013; baseline -0.001 -8"><span class='ocrx_word' id='word_1_383' title='bbox 1048 983 1075 1006; x_wconf 88' lang='lat' dir='ltr'><strong>et</strong></span> <span class='ocrx_word' id='word_1_384' title='bbox 1089 978 1133 1005; x_wconf 90' lang='lat' dir='ltr'><strong>dic</strong></span> <span class='ocrx_word' id='word_1_385' title='bbox 1149 978 1238 1013; x_wconf 77' lang='lat' dir='ltr'><strong>juveni</strong></span> <span class='ocrx_word' id='word_1_386' title='bbox 1253 987 1258 1004; x_wconf 90' lang='lat'>:</span> <span class='ocrx_word' id='word_1_387' title='bbox 1273 978 1343 1012; x_wconf 86' lang='lat' dir='ltr'><strong>Scis,</strong></span> <span class='ocrx_word' id='word_1_388' title='bbox 1365 977 1457 1011; x_wconf 85' lang='lat' dir='ltr'><strong>frater,</strong></span> <span class='ocrx_word' id='word_1_389' title='bbox 1472 978 1543 1013; x_wconf 89' lang='lat' dir='ltr'><strong>quod</strong></span> <span class='ocrx_word' id='word_1_390' title='bbox 1558 984 1643 1012; x_wconf 70' lang='lat' dir='ltr'><strong>genus</strong></span> <span class='ocrx_word' id='word_1_391' title='bbox 1656 977 1783 1005; x_wconf 77' lang='lat' dir='ltr'><strong>existens</strong></span> <span class='ocrx_word' id='word_1_392' title='bbox 1799 985 1841 1012; x_wconf 82' lang='lat' dir='ltr'><strong>pa-</strong></span> 
     </span>
    </p>
   </div>
   <div class='ocr_carea' id='block_1_51' title="bbox 1049 1023 1840 1057">
    <p class='ocr_par' dir='ltr' id='par_1_51' title="bbox 1049 1023 1840 1057">
     <span class='ocr_line' id='line_1_51' title="bbox 1049 1023 1840 1057; baseline 0.001 -7"><span class='ocrx_word' id='word_1_393' title='bbox 1049 1024 1184 1056; x_wconf 68' lang='lat' dir='ltr'><strong>triarehaa,</strong></span> <span class='ocrx_word' id='word_1_394' title='bbox 1197 1031 1250 1050; x_wconf 87' lang='lat' dir='ltr'><strong>non</strong></span> <span class='ocrx_word' id='word_1_395' title='bbox 1263 1023 1397 1050; x_wconf 85' lang='lat' dir='ltr'><strong>debueras</strong></span> <span class='ocrx_word' id='word_1_396' title='bbox 1409 1024 1445 1050; x_wconf 81' lang='lat' dir='ltr'><strong>ita</strong></span> <span class='ocrx_word' id='word_1_397' title='bbox 1460 1023 1488 1050; x_wconf 90' lang='lat' dir='ltr'><strong>in</strong></span> <span class='ocrx_word' id='word_1_398' title='bbox 1502 1027 1661 1057; x_wconf 77' lang='lat' dir='ltr'><strong>paupertate</strong></span> <span class='ocrx_word' id='word_1_399' title='bbox 1675 1024 1784 1051; x_wconf 65' lang='lat' dir='ltr'><strong>vasari</strong></span> <span class='ocrx_word' id='word_1_400' title='bbox 1793 1024 1805 1050; x_wconf 66' lang='grc' dir='ltr'><strong><em>ἲ</em></strong></span> <span class='ocrx_word' id='word_1_401' title='bbox 1815 1028 1840 1051; x_wconf 87' lang='lat' dir='ltr'><strong>et</strong></span> 
     </span>
    </p>
   </div>
   <div class='ocr_carea' id='block_1_52' title="bbox 1048 1068 1840 1101">
    <p class='ocr_par' dir='ltr' id='par_1_52' title="bbox 1048 1068 1840 1101">
     <span class='ocr_line' id='line_1_52' title="bbox 1048 1068 1840 1101; baseline 0.001 -5"><span class='ocrx_word' id='word_1_402' title='bbox 1048 1070 1160 1097; x_wconf 88' lang='lat' dir='ltr'><strong>ostende</strong></span> <span class='ocrx_word' id='word_1_403' title='bbox 1173 1069 1198 1096; x_wconf 88' lang='lat' dir='ltr'><strong>ei</strong></span> <span class='ocrx_word' id='word_1_404' title='bbox 1213 1069 1335 1096; x_wconf 80' lang='lat' dir='ltr'><strong>chartam</strong></span> <span class='ocrx_word' id='word_1_405' title='bbox 1348 1089 1356 1101; x_wconf 87' lang='lat'><strong>,</strong></span> <span class='ocrx_word' id='word_1_406' title='bbox 1381 1074 1410 1096; x_wconf 90' lang='lat' dir='ltr'><strong>et</strong></span> <span class='ocrx_word' id='word_1_407' title='bbox 1424 1068 1467 1095; x_wconf 87' lang='lat' dir='ltr'><strong>dic</strong></span> <span class='ocrx_word' id='word_1_408' title='bbox 1482 1077 1489 1096; x_wconf 92' lang='lat'><strong>:</strong></span> <span class='ocrx_word' id='word_1_409' title='bbox 1502 1069 1635 1101; x_wconf 82' lang='lat' dir='ltr'><strong>Quoniam</strong></span> <span class='ocrx_word' id='word_1_410' title='bbox 1649 1069 1673 1096; x_wconf 85' lang='lat' dir='ltr'><strong>si</strong></span> <span class='ocrx_word' id='word_1_411' title='bbox 1687 1069 1840 1101; x_wconf 64' lang='lat' dir='ltr'><strong>erubesc&#39;u,</strong></span> 
     </span>
    </p>
   </div>
   <div class='ocr_carea' id='block_1_53' title="bbox 1049 1112 1841 1149">
    <p class='ocr_par' dir='ltr' id='par_1_53' title="bbox 1049 1112 1841 1149">
     <span class='ocr_line' id='line_1_53' title="bbox 1049 1112 1841 1149; baseline 0 -7"><span class='ocrx_word' id='word_1_412' title='bbox 1049 1121 1097 1149; x_wconf 72' lang='lat' dir='ltr'><strong>ego</strong></span> <span class='ocrx_word' id='word_1_413' title='bbox 1111 1114 1207 1141; x_wconf 84' lang='lat' dir='ltr'><strong>ordino</strong></span> <span class='ocrx_word' id='word_1_414' title='bbox 1221 1121 1328 1141; x_wconf 85' lang='lat' dir='ltr'><strong>causam</strong></span> <span class='ocrx_word' id='word_1_415' title='bbox 1352 1118 1423 1141; x_wconf 80' lang='lat' dir='ltr'><strong>tuens</strong></span> <span class='ocrx_word' id='word_1_416' title='bbox 1438 1113 1507 1147; x_wconf 88' lang='lat' dir='ltr'><strong>apud</strong></span> <span class='ocrx_word' id='word_1_417' title='bbox 1524 1112 1715 1148; x_wconf 70' lang='lat' dir='ltr'><strong>patriarchatn,</strong></span> <span class='ocrx_word' id='word_1_418' title='bbox 1730 1119 1762 1141; x_wconf 76' lang='lat' dir='ltr'><strong>et</strong></span> <span class='ocrx_word' id='word_1_419' title='bbox 1783 1114 1841 1142; x_wconf 75' lang='lat' dir='ltr'><strong>vids</strong></span> 
     </span>
    </p>
   </div>
   <div class='ocr_carea' id='block_1_54' title="bbox 1048 1159 1839 1194">
    <p class='ocr_par' dir='ltr' id='par_1_54' title="bbox 1048 1159 1839 1194">
     <span class='ocr_line' id='line_1_54' title="bbox 1048 1159 1839 1194; baseline 0.001 -8"><span class='ocrx_word' id='word_1_420' title='bbox 1048 1159 1109 1194; x_wconf 90' lang='lat' dir='ltr'><strong>quid</strong></span> <span class='ocrx_word' id='word_1_421' title='bbox 1123 1159 1169 1186; x_wconf 91' lang='lat' dir='ltr'><strong>tbi</strong></span> <span class='ocrx_word' id='word_1_422' title='bbox 1183 1159 1261 1186; x_wconf 84' lang='lat' dir='ltr'><strong>dicet.</strong></span> <span class='ocrx_word' id='word_1_423' title='bbox 1277 1159 1342 1185; x_wconf 86' lang='lat' dir='ltr'><strong>Cum</strong></span> <span class='ocrx_word' id='word_1_424' title='bbox 1357 1165 1422 1193; x_wconf 74' lang='lat' dir='ltr'><strong>ergo</strong></span> <span class='ocrx_word' id='word_1_425' title='bbox 1435 1159 1522 1186; x_wconf 87' lang='lat' dir='ltr'><strong>omnia</strong></span> <span class='ocrx_word' id='word_1_426' title='bbox 1538 1166 1596 1193; x_wconf 64' lang='lat' dir='ltr'><strong>qua</strong></span> <span class='ocrx_word' id='word_1_427' title='bbox 1609 1159 1684 1193; x_wconf 79' lang='lat' dir='ltr'><strong>jnssa</strong></span> <span class='ocrx_word' id='word_1_428' title='bbox 1699 1165 1769 1187; x_wconf 83' lang='lat' dir='ltr'><strong>sunt</strong></span> <span class='ocrx_word' id='word_1_429' title='bbox 1783 1161 1810 1187; x_wconf 90' lang='lat' dir='ltr'><strong>ei</strong></span> <span class='ocrx_word' id='word_1_430' title='bbox 1825 1167 1839 1187; x_wconf 93' lang='lat' dir='ltr'><strong>a</strong></span> 
     </span>
    </p>
   </div>
   <div class='ocr_carea' id='block_1_55' title="bbox 1049 1203 1840 1238">
    <p class='ocr_par' dir='ltr' id='par_1_55' title="bbox 1049 1203 1840 1238">
     <span class='ocr_line' id='line_1_55' title="bbox 1049 1203 1840 1238; baseline 0.003 -8"><span class='ocrx_word' id='word_1_431' title='bbox 1049 1203 1197 1238; x_wconf 80' lang='lat' dir='ltr'><strong>patriarcha</strong></span> <span class='ocrx_word' id='word_1_432' title='bbox 1205 1203 1311 1230; x_wconf 88' lang='lat' dir='ltr'><strong>tabellio</strong></span> <span class='ocrx_word' id='word_1_433' title='bbox 1322 1203 1439 1237; x_wconf 87' lang='lat' dir='ltr'><strong>fecisset,</strong></span> <span class='ocrx_word' id='word_1_434' title='bbox 1451 1203 1525 1231; x_wconf 84' lang='lat' dir='ltr'><strong>venit</strong></span> <span class='ocrx_word' id='word_1_435' title='bbox 1534 1203 1566 1230; x_wconf 89' lang='lat' dir='ltr'><strong>ad</strong></span> <span class='ocrx_word' id='word_1_436' title='bbox 1578 1211 1641 1231; x_wconf 90' lang='lat' dir='ltr'><strong>eum</strong></span> <span class='ocrx_word' id='word_1_437' title='bbox 1651 1204 1750 1232; x_wconf 70' lang='lat' dir='ltr'><strong>dicens</strong></span> <span class='ocrx_word' id='word_1_438' title='bbox 1759 1214 1766 1230; x_wconf 90' lang='lat'><strong>:</strong></span> <span class='ocrx_word' id='word_1_439' title='bbox 1775 1206 1840 1237; x_wconf 82' lang='lat' dir='ltr'><strong>Quia</strong></span> 
     </span>
    </p>
   </div>
   <div class='ocr_carea' id='block_1_56' title="bbox 1049 1248 1840 1284">
    <p class='ocr_par' dir='ltr' id='par_1_56' title="bbox 1049 1248 1840 1284">
     <span class='ocr_line' id='line_1_56' title="bbox 1049 1248 1840 1284; baseline 0.004 -9"><span class='ocrx_word' id='word_1_440' title='bbox 1049 1253 1141 1282; x_wconf 80' lang='lat' dir='ltr'><strong>pactus</strong></span> <span class='ocrx_word' id='word_1_441' title='bbox 1166 1252 1205 1275; x_wconf 87' lang='lat' dir='ltr'><strong>est</strong></span> <span class='ocrx_word' id='word_1_442' title='bbox 1219 1256 1285 1283; x_wconf 82' lang='lat' dir='ltr'><strong>puer</strong></span> <span class='ocrx_word' id='word_1_443' title='bbox 1300 1248 1377 1283; x_wconf 89' lang='lat' dir='ltr'><strong>mibi,</strong></span> <span class='ocrx_word' id='word_1_444' title='bbox 1393 1253 1422 1276; x_wconf 91' lang='lat' dir='ltr'><strong>ut</strong></span> <span class='ocrx_word' id='word_1_445' title='bbox 1442 1256 1492 1283; x_wconf 73' lang='lat' dir='ltr'><strong>ego</strong></span> <span class='ocrx_word' id='word_1_446' title='bbox 1507 1249 1599 1284; x_wconf 86' lang='lat' dir='ltr'><strong>loquar</strong></span> <span class='ocrx_word' id='word_1_447' title='bbox 1626 1256 1737 1277; x_wconf 78' lang='lat' dir='ltr'><strong>causam</strong></span> <span class='ocrx_word' id='word_1_448' title='bbox 1764 1257 1840 1278; x_wconf 75' lang='lat' dir='ltr'><strong>sua.</strong></span> 
     </span>
    </p>
   </div>
   <div class='ocr_carea' id='block_1_57' title="bbox 1048 1294 1838 1329">
    <p class='ocr_par' dir='ltr' id='par_1_57' title="bbox 1048 1294 1838 1329">
     <span class='ocr_line' id='line_1_57' title="bbox 1048 1294 1838 1329; baseline 0.005 -9"><span class='ocrx_word' id='word_1_449' title='bbox 1048 1294 1166 1328; x_wconf 86' lang='lat' dir='ltr'><strong>domino,</strong></span> <span class='ocrx_word' id='word_1_450' title='bbox 1176 1298 1202 1320; x_wconf 93' lang='lat' dir='ltr'><strong>et</strong></span> <span class='ocrx_word' id='word_1_451' title='bbox 1212 1301 1322 1329; x_wconf 75' lang='lat' dir='ltr'><strong>magnas</strong></span> <span class='ocrx_word' id='word_1_452' title='bbox 1332 1295 1477 1329; x_wconf 70' lang='lat' dir='ltr'><strong>gratiarum</strong></span> <span class='ocrx_word' id='word_1_453' title='bbox 1488 1295 1605 1322; x_wconf 76' lang='lat' dir='ltr'><strong>actiones</strong></span> <span class='ocrx_word' id='word_1_454' title='bbox 1614 1295 1754 1323; x_wconf 76' lang='lat' dir='ltr'><strong>referebat</strong></span> <span class='ocrx_word' id='word_1_455' title='bbox 1763 1297 1838 1325; x_wconf 73' lang='lat' dir='ltr'><strong>Inibi.</strong></span> 
     </span>
    </p>
   </div>
   <div class='ocr_carea' id='block_1_58' title="bbox 1050 1337 1839 1373">
    <p class='ocr_par' dir='ltr' id='par_1_58' title="bbox 1050 1337 1839 1373">
     <span class='ocr_line' id='line_1_58' title="bbox 1050 1337 1839 1373; baseline 0.005 -8"><span class='ocrx_word' id='word_1_456' title='bbox 1050 1338 1120 1366; x_wconf 76' lang='lat' dir='ltr'><strong>Dixit</strong></span> <span class='ocrx_word' id='word_1_457' title='bbox 1134 1339 1226 1373; x_wconf 85' lang='lat' dir='ltr'><strong>itaque</strong></span> <span class='ocrx_word' id='word_1_458' title='bbox 1248 1343 1375 1367; x_wconf 85' lang='lat' dir='ltr'><strong>sanctus:</strong></span> <span class='ocrx_word' id='word_1_459' title='bbox 1391 1337 1464 1366; x_wconf 77' lang='lat' dir='ltr'><strong>Vade</strong></span> <span class='ocrx_word' id='word_1_460' title='bbox 1474 1345 1501 1367; x_wconf 88' lang='lat' dir='ltr'><strong>et</strong></span> <span class='ocrx_word' id='word_1_461' title='bbox 1513 1340 1557 1367; x_wconf 88' lang='lat' dir='ltr'><strong>die</strong></span> <span class='ocrx_word' id='word_1_462' title='bbox 1580 1340 1606 1367; x_wconf 90' lang='lat' dir='ltr'><strong>ei</strong></span> <span class='ocrx_word' id='word_1_463' title='bbox 1619 1349 1626 1366; x_wconf 76' lang='grc' dir='ltr'>ς</span> <span class='ocrx_word' id='word_1_464' title='bbox 1638 1341 1707 1373; x_wconf 83' lang='lat' dir='ltr'><strong>Quia</strong></span> <span class='ocrx_word' id='word_1_465' title='bbox 1731 1341 1839 1369; x_wconf 69' lang='lat' dir='ltr'><strong>haustu</strong></span> 
     </span>
    </p>
   </div>
   <div class='ocr_carea' id='block_1_59' title="bbox 1048 1384 1838 1421">
    <p class='ocr_par' dir='ltr' id='par_1_59' title="bbox 1048 1384 1838 1421">
     <span class='ocr_line' id='line_1_59' title="bbox 1048 1384 1838 1421; baseline 0.005 -11"><span class='ocrx_word' id='word_1_466' title='bbox 1048 1390 1106 1410; x_wconf 85' lang='lat' dir='ltr'><strong>sum</strong></span> <span class='ocrx_word' id='word_1_467' title='bbox 1121 1384 1291 1417; x_wconf 67' lang='lat' dir='ltr'><strong>patriarchae.</strong></span> <span class='ocrx_word' id='word_1_468' title='bbox 1306 1385 1339 1411; x_wconf 79' lang='lat' dir='ltr'><strong>Et</strong></span> <span class='ocrx_word' id='word_1_469' title='bbox 1358 1384 1413 1411; x_wconf 78' lang='lat' dir='ltr'><strong>dixi</strong></span> <span class='ocrx_word' id='word_1_470' title='bbox 1427 1392 1433 1411; x_wconf 91' lang='lat'>:</span> <span class='ocrx_word' id='word_1_471' title='bbox 1445 1384 1576 1417; x_wconf 83' lang='lat' dir='ltr'><strong>Quoniam</strong></span> <span class='ocrx_word' id='word_1_472' title='bbox 1595 1390 1623 1412; x_wconf 92' lang='lat' dir='ltr'><strong>et</strong></span> <span class='ocrx_word' id='word_1_473' title='bbox 1636 1392 1687 1420; x_wconf 70' lang='lat' dir='ltr'><strong>ego</strong></span> <span class='ocrx_word' id='word_1_474' title='bbox 1701 1387 1763 1414; x_wconf 84' lang='lat' dir='ltr'><strong>scio</strong></span> <span class='ocrx_word' id='word_1_475' title='bbox 1777 1388 1838 1421; x_wconf 80' lang='lat' dir='ltr'><strong>quia</strong></span> 
     </span>
    </p>
   </div>
   <div class='ocr_carea' id='block_1_60' title="bbox 1048 1427 1839 1461">
    <p class='ocr_par' dir='ltr' id='par_1_60' title="bbox 1048 1427 1839 1461">
     <span class='ocr_line' id='line_1_60' title="bbox 1048 1427 1839 1461; baseline 0.004 -7"><span class='ocrx_word' id='word_1_476' title='bbox 1048 1427 1139 1455; x_wconf 78' lang='lat' dir='ltr'><strong>habuit</strong></span> <span class='ocrx_word' id='word_1_477' title='bbox 1160 1428 1334 1456; x_wconf 88' lang='lat' dir='ltr'><strong>consobrinus</strong></span> <span class='ocrx_word' id='word_1_478' title='bbox 1348 1435 1422 1456; x_wconf 89' lang='lat' dir='ltr'><strong>meus</strong></span> <span class='ocrx_word' id='word_1_479' title='bbox 1446 1429 1545 1461; x_wconf 78' lang='lat' dir='ltr'><strong>tilium,</strong></span> <span class='ocrx_word' id='word_1_480' title='bbox 1562 1429 1610 1456; x_wconf 84' lang='lat' dir='ltr'><strong>sed</strong></span> <span class='ocrx_word' id='word_1_481' title='bbox 1626 1436 1660 1456; x_wconf 77' lang='lat' dir='ltr'><strong>ex</strong></span> <span class='ocrx_word' id='word_1_482' title='bbox 1675 1430 1753 1457; x_wconf 83' lang='lat' dir='ltr'><strong>vultu</strong></span> <span class='ocrx_word' id='word_1_483' title='bbox 1768 1430 1839 1461; x_wconf 68' lang='lat' dir='ltr'><strong>huc</strong></span> 
     </span>
    </p>
   </div>
   <div class='ocr_carea' id='block_1_61' title="bbox 1050 1474 1840 1509">
    <p class='ocr_par' dir='ltr' id='par_1_61' title="bbox 1050 1474 1840 1509">
     <span class='ocr_line' id='line_1_61' title="bbox 1050 1474 1840 1509; baseline 0.004 -8"><span class='ocrx_word' id='word_1_484' title='bbox 1050 1481 1103 1501; x_wconf 89' lang='lat' dir='ltr'><strong>non</strong></span> <span class='ocrx_word' id='word_1_485' title='bbox 1119 1481 1292 1508; x_wconf 74' lang='lat' dir='ltr'><strong>recognosco.</strong></span> <span class='ocrx_word' id='word_1_486' title='bbox 1307 1474 1379 1502; x_wconf 85' lang='lat' dir='ltr'><strong>Bene</strong></span> <span class='ocrx_word' id='word_1_487' title='bbox 1392 1481 1456 1509; x_wconf 75' lang='lat' dir='ltr'><strong>ergo</strong></span> <span class='ocrx_word' id='word_1_488' title='bbox 1471 1475 1547 1507; x_wconf 83' lang='lat' dir='ltr'><strong>facis,</strong></span> <span class='ocrx_word' id='word_1_489' title='bbox 1563 1475 1701 1507; x_wconf 80' lang='lat' dir='ltr'><strong>adducens</strong></span> <span class='ocrx_word' id='word_1_490' title='bbox 1714 1476 1791 1506; x_wconf 82' lang='lat' dir='ltr'><strong>hunc</strong></span> <span class='ocrx_word' id='word_1_491' title='bbox 1804 1477 1840 1505; x_wconf 78' lang='lat' dir='ltr'><strong>ad</strong></span> 
     </span>
    </p>
   </div>
   <div class='ocr_carea' id='block_1_62' title="bbox 211 1520 1841 1560">
    <p class='ocr_par' dir='ltr' id='par_1_62' title="bbox 211 1520 1841 1560">
     <span class='ocr_line' id='line_1_62' title="bbox 211 1520 1841 1560; baseline -0.001 -8"><span class='ocrx_word' id='word_1_492' title='bbox 211 1525 289 1555; x_wconf 87' lang='lat' dir='ltr'><strong>liber,</strong></span> <span class='ocrx_word' id='word_1_493' title='bbox 303 1531 397 1551; x_wconf 86' lang='lat' dir='ltr'><strong>omnes</strong></span> <span class='ocrx_word' id='word_1_494' title='bbox 406 1525 477 1551; x_wconf 87' lang='lat' dir='ltr'><strong>enim</strong></span> <span class='ocrx_word' id='word_1_495' title='bbox 490 1530 537 1550; x_wconf 88' lang='lat' dir='ltr'><strong>vos</strong></span> <span class='ocrx_word' id='word_1_496' title='bbox 549 1531 629 1550; x_wconf 89' lang='lat' dir='ltr'><strong>unum</strong></span> <span class='ocrx_word' id='word_1_497' title='bbox 645 1524 712 1551; x_wconf 85' lang='lat' dir='ltr'><strong>estis</strong></span> <span class='ocrx_word' id='word_1_498' title='bbox 722 1524 750 1551; x_wconf 86' lang='lat' dir='ltr'><strong>in</strong></span> <span class='ocrx_word' id='word_1_499' title='bbox 763 1524 880 1551; x_wconf 81' lang='lat' dir='ltr'><strong>Christo.</strong></span> <span class='ocrx_word' id='word_1_500' title='bbox 893 1525 919 1551; x_wconf 89' lang='lat' dir='ltr'><strong>Si</strong></span> <span class='ocrx_word' id='word_1_501' title='bbox 932 1533 994 1560; x_wconf 77' lang='lat' dir='ltr'><strong>ergo</strong></span> <span class='ocrx_word' id='word_1_502' title='bbox 1010 1525 1033 1559; x_wconf 67' lang='grc' dir='ltr'>ο</span> <span class='ocrx_word' id='word_1_503' title='bbox 1049 1528 1102 1548; x_wconf 70' lang='lat' dir='ltr'><strong>me.</strong></span> <span class='ocrx_word' id='word_1_504' title='bbox 1126 1520 1268 1548; x_wconf 80' lang='lat' dir='ltr'><strong>Adducens</strong></span> <span class='ocrx_word' id='word_1_505' title='bbox 1288 1528 1353 1557; x_wconf 73' lang='lat' dir='ltr'><strong>ergo</strong></span> <span class='ocrx_word' id='word_1_506' title='bbox 1373 1529 1446 1554; x_wconf 80' lang='lat' dir='ltr'><strong>eum,</strong></span> <span class='ocrx_word' id='word_1_507' title='bbox 1470 1526 1546 1556; x_wconf 82' lang='lat' dir='ltr'><strong>porta</strong></span> <span class='ocrx_word' id='word_1_508' title='bbox 1558 1526 1586 1549; x_wconf 85' lang='lat' dir='ltr'><strong>et</strong></span> <span class='ocrx_word' id='word_1_509' title='bbox 1601 1522 1719 1550; x_wconf 72' lang='lat' dir='ltr'><strong>chartam</strong></span> <span class='ocrx_word' id='word_1_510' title='bbox 1737 1528 1841 1552; x_wconf 69' lang='lat' dir='ltr'><strong>tecum.</strong></span> 
     </span>
    </p>
   </div>
   <div class='ocr_carea' id='block_1_63' title="bbox 211 1569 994 1604">
    <p class='ocr_par' dir='ltr' id='par_1_63' title="bbox 211 1569 994 1604">
     <span class='ocr_line' id='line_1_63' title="bbox 211 1569 994 1604; baseline 0.001 -8"><span class='ocrx_word' id='word_1_511' title='bbox 211 1569 280 1603; x_wconf 80' lang='lat' dir='ltr'><strong>apud</strong></span> <span class='ocrx_word' id='word_1_512' title='bbox 292 1569 427 1595; x_wconf 81' lang='lat' dir='ltr'><strong>Christum</strong></span> <span class='ocrx_word' id='word_1_513' title='bbox 442 1569 556 1602; x_wconf 65' lang='lat' dir='ltr'><strong>aequales</strong></span> <span class='ocrx_word' id='word_1_514' title='bbox 570 1575 672 1601; x_wconf 88' lang='lat' dir='ltr'><strong>sumus,</strong></span> <span class='ocrx_word' id='word_1_515' title='bbox 687 1574 714 1596; x_wconf 89' lang='lat' dir='ltr'><strong>et</strong></span> <span class='ocrx_word' id='word_1_516' title='bbox 727 1569 760 1596; x_wconf 90' lang='lat' dir='ltr'><strong>ad</strong></span> <span class='ocrx_word' id='word_1_517' title='bbox 776 1570 888 1596; x_wconf 89' lang='lat' dir='ltr'><strong>invicem</strong></span> <span class='ocrx_word' id='word_1_518' title='bbox 902 1577 994 1604; x_wconf 75' lang='lat' dir='ltr'><strong>aequa-</strong></span> 
     </span>
    </p>
   </div>
   <div class='ocr_carea' id='block_1_64' title="bbox 211 1613 994 1642">
    <p class='ocr_par' dir='ltr' id='par_1_64' title="bbox 211 1613 994 1642">
     <span class='ocr_line' id='line_1_64' title="bbox 211 1613 994 1642; baseline 0 0"><span class='ocrx_word' id='word_1_519' title='bbox 211 1616 249 1642; x_wconf 92' lang='lat' dir='ltr'><strong>les</strong></span> <span class='ocrx_word' id='word_1_520' title='bbox 282 1614 439 1642; x_wconf 77' lang='lat' dir='ltr'><strong>efﬁciamur.</strong></span> <span class='ocrx_word' id='word_1_521' title='bbox 480 1614 583 1641; x_wconf 88' lang='lat' dir='ltr'><strong>Etenim</strong></span> <span class='ocrx_word' id='word_1_522' title='bbox 619 1613 741 1641; x_wconf 86' lang='lat' dir='ltr'><strong>Christus</strong></span> <span class='ocrx_word' id='word_1_523' title='bbox 777 1614 889 1641; x_wconf 75' lang='lat' dir='ltr'><strong>formam</strong></span> <span class='ocrx_word' id='word_1_524' title='bbox 924 1614 994 1642; x_wconf 73' lang='lat' dir='ltr'><strong>Servi</strong></span> 
     </span>
    </p>
   </div>
   <div class='ocr_carea' id='block_1_65' title="bbox 211 1659 994 1694">
    <p class='ocr_par' dir='ltr' id='par_1_65' title="bbox 211 1659 994 1694">
     <span class='ocr_line' id='line_1_65' title="bbox 211 1659 994 1694; baseline 0.001 -8"><span class='ocrx_word' id='word_1_525' title='bbox 211 1659 369 1694; x_wconf 77' lang='lat' dir='ltr'><strong>assumpsit,</strong></span> <span class='ocrx_word' id='word_1_526' title='bbox 397 1660 497 1687; x_wconf 87' lang='lat' dir='ltr'><strong>docens</strong></span> <span class='ocrx_word' id='word_1_527' title='bbox 526 1666 574 1686; x_wconf 86' lang='lat' dir='ltr'><strong>nos</strong></span> <span class='ocrx_word' id='word_1_528' title='bbox 596 1665 647 1686; x_wconf 92' lang='lat' dir='ltr'><strong>non</strong></span> <span class='ocrx_word' id='word_1_529' title='bbox 672 1659 808 1693; x_wconf 82' lang='lat' dir='ltr'><strong>superbire</strong></span> <span class='ocrx_word' id='word_1_530' title='bbox 833 1665 924 1687; x_wconf 89' lang='lat' dir='ltr'><strong>contra</strong></span> <span class='ocrx_word' id='word_1_531' title='bbox 938 1667 994 1688; x_wconf 88' lang='lat' dir='ltr'><strong>ser-</strong></span> 
     </span>
    </p>
   </div>
   <div class='ocr_carea' id='block_1_66' title="bbox 210 1704 994 1739">
    <p class='ocr_par' dir='ltr' id='par_1_66' title="bbox 210 1704 994 1739">
     <span class='ocr_line' id='line_1_66' title="bbox 210 1704 994 1739; baseline 0 -6"><span class='ocrx_word' id='word_1_532' title='bbox 210 1713 258 1733; x_wconf 86' lang='lat' dir='ltr'><strong>vos</strong></span> <span class='ocrx_word' id='word_1_533' title='bbox 285 1709 398 1734; x_wconf 86' lang='lat' dir='ltr'><strong>nostros.</strong></span> <span class='ocrx_word' id='word_1_534' title='bbox 430 1704 503 1732; x_wconf 86' lang='lat' dir='ltr'><strong>Unus</strong></span> <span class='ocrx_word' id='word_1_535' title='bbox 526 1704 597 1731; x_wconf 80' lang='lat' dir='ltr'><strong>enim</strong></span> <span class='ocrx_word' id='word_1_536' title='bbox 612 1709 653 1732; x_wconf 78' lang='lat' dir='ltr'><strong>est</strong></span> <span class='ocrx_word' id='word_1_537' title='bbox 672 1705 800 1733; x_wconf 83' lang='lat' dir='ltr'><strong>Dominus</strong></span> <span class='ocrx_word' id='word_1_538' title='bbox 824 1706 952 1739; x_wconf 91' lang='lat' dir='ltr'><strong>omnium,</strong></span> <span class='ocrx_word' id='word_1_539' title='bbox 968 1707 994 1734; x_wconf 92' lang='lat' dir='ltr'><strong>in</strong></span> 
     </span>
    </p>
   </div>
   <div class='ocr_carea' id='block_1_67' title="bbox 210 1752 997 1789">
    <p class='ocr_par' dir='ltr' id='par_1_67' title="bbox 210 1752 997 1789">
     <span class='ocr_line' id='line_1_67' title="bbox 210 1752 997 1789; baseline 0.003 -10"><span class='ocrx_word' id='word_1_540' title='bbox 210 1753 288 1780; x_wconf 65' lang='lat' dir='ltr'><strong>caelis</strong></span> <span class='ocrx_word' id='word_1_541' title='bbox 306 1752 443 1784; x_wconf 87' lang='lat' dir='ltr'><strong>habitans,</strong></span> <span class='ocrx_word' id='word_1_542' title='bbox 461 1757 489 1779; x_wconf 89' lang='lat' dir='ltr'><strong>et</strong></span> <span class='ocrx_word' id='word_1_543' title='bbox 503 1752 618 1779; x_wconf 81' lang='lat' dir='ltr'><strong>humilia</strong></span> <span class='ocrx_word' id='word_1_544' title='bbox 635 1753 786 1786; x_wconf 86' lang='lat' dir='ltr'><strong>respiciens</strong></span> <span class='ocrx_word' id='word_1_545' title='bbox 808 1752 891 1786; x_wconf 82' lang='lat' dir='ltr'><strong>(Psal.</strong></span> <span class='ocrx_word' id='word_1_546' title='bbox 912 1752 997 1789; x_wconf 81' lang='lat' dir='ltr'><strong>cx&quot;);</strong></span> 
     </span>
    </p>
   </div>
   <div class='ocr_carea' id='block_1_68' title="bbox 209 1796 998 1829">
    <p class='ocr_par' dir='ltr' id='par_1_68' title="bbox 209 1796 998 1829">
     <span class='ocr_line' id='line_1_68' title="bbox 209 1796 998 1829; baseline 0.003 -5"><span class='ocrx_word' id='word_1_547' title='bbox 209 1805 265 1824; x_wconf 87' lang='lat' dir='ltr'><strong>non</strong></span> <span class='ocrx_word' id='word_1_548' title='bbox 285 1797 355 1824; x_wconf 76' lang='lat' dir='ltr'><strong>dixit</strong></span> <span class='ocrx_word' id='word_1_549' title='bbox 373 1796 514 1829; x_wconf 89' lang='lat' dir='ltr'><strong>sublimia,</strong></span> <span class='ocrx_word' id='word_1_550' title='bbox 535 1796 589 1824; x_wconf 74' lang='lat' dir='ltr'><strong>&#39;sed</strong></span> <span class='ocrx_word' id='word_1_551' title='bbox 613 1797 738 1823; x_wconf 89' lang='lat' dir='ltr'><strong>ltumilia.</strong></span> <span class='ocrx_word' id='word_1_552' title='bbox 760 1796 898 1829; x_wconf 88' lang='lat' dir='ltr'><strong>Quantum</strong></span> <span class='ocrx_word' id='word_1_553' title='bbox 924 1799 998 1826; x_wconf 90' lang='lat' dir='ltr'><strong>enim</strong></span> 
     </span>
    </p>
   </div>
   <div class='ocr_carea' id='block_1_69' title="bbox 208 1840 993 1875">
    <p class='ocr_par' dir='ltr' id='par_1_69' title="bbox 208 1840 993 1875">
     <span class='ocr_line' id='line_1_69' title="bbox 208 1840 993 1875; baseline 0.003 -8"><span class='ocrx_word' id='word_1_554' title='bbox 208 1847 301 1867; x_wconf 82' lang='lat' dir='ltr'><strong>aurum</strong></span> <span class='ocrx_word' id='word_1_555' title='bbox 317 1840 450 1874; x_wconf 85' lang='lat' dir='ltr'><strong>dedimus,</strong></span> <span class='ocrx_word' id='word_1_556' title='bbox 467 1844 496 1866; x_wconf 91' lang='lat' dir='ltr'><strong>ut</strong></span> <span class='ocrx_word' id='word_1_557' title='bbox 510 1840 710 1867; x_wconf 83' lang='lat' dir='ltr'><strong>bonorillcatum</strong></span> <span class='ocrx_word' id='word_1_558' title='bbox 731 1845 758 1867; x_wconf 87' lang='lat' dir='ltr'><strong>et</strong></span> <span class='ocrx_word' id='word_1_559' title='bbox 773 1847 889 1875; x_wconf 88' lang='lat' dir='ltr'><strong>emptum</strong></span> <span class='ocrx_word' id='word_1_560' title='bbox 903 1842 993 1869; x_wconf 89' lang='lat' dir='ltr'><strong>nobis-</strong></span> 
     </span>
    </p>
   </div>
   <div class='ocr_carea' id='block_1_70' title="bbox 204 1884 994 1920">
    <p class='ocr_par' dir='ltr' id='par_1_70' title="bbox 204 1884 994 1920">
     <span class='ocr_line' id='line_1_70' title="bbox 204 1884 994 1920; baseline 0.004 -9"><span class='ocrx_word' id='word_1_561' title='bbox 204 1892 269 1912; x_wconf 74' lang='lat' dir='ltr'><strong>cum</strong></span> <span class='ocrx_word' id='word_1_562' title='bbox 283 1892 343 1911; x_wconf 86' lang='lat' dir='ltr'><strong>eum</strong></span> <span class='ocrx_word' id='word_1_563' title='bbox 363 1885 491 1920; x_wconf 74' lang='lat' dir='ltr'><strong>sanguine</strong></span> <span class='ocrx_word' id='word_1_564' title='bbox 509 1884 599 1911; x_wconf 90' lang='lat' dir='ltr'><strong>divino</strong></span> <span class='ocrx_word' id='word_1_565' title='bbox 614 1889 640 1911; x_wconf 90' lang='lat' dir='ltr'><strong>et</strong></span> <span class='ocrx_word' id='word_1_566' title='bbox 653 1885 789 1913; x_wconf 79' lang='lat' dir='ltr'><strong>Domini-co</strong></span> <span class='ocrx_word' id='word_1_567' title='bbox 799 1906 806 1918; x_wconf 93' lang='lat'><strong>,</strong></span> <span class='ocrx_word' id='word_1_568' title='bbox 823 1887 899 1914; x_wconf 87' lang='lat' dir='ltr'><strong>nobis</strong></span> <span class='ocrx_word' id='word_1_569' title='bbox 910 1888 994 1914; x_wconf 87' lang='lat' dir='ltr'><strong>servi-</strong></span> 
     </span>
    </p>
   </div>
   <div class='ocr_carea' id='block_1_71' title="bbox 194 1926 992 1966">
    <p class='ocr_par' dir='ltr' id='par_1_71' title="bbox 194 1926 992 1966">
     <span class='ocr_line' id='line_1_71' title="bbox 194 1926 992 1966; baseline 0.006 -11"><span class='ocrx_word' id='word_1_570' title='bbox 194 1926 258 1956; x_wconf 76' lang='lat' dir='ltr'><strong>&#39;tuti</strong></span> <span class='ocrx_word' id='word_1_571' title='bbox 275 1929 459 1963; x_wconf 73' lang='lat' dir='ltr'><strong>subjiciamus?</strong></span> <span class='ocrx_word' id='word_1_572' title='bbox 482 1929 594 1963; x_wconf 82' lang='lat' dir='ltr'><strong>Propter</strong></span> <span class='ocrx_word' id='word_1_573' title='bbox 604 1936 664 1957; x_wconf 89' lang='lat' dir='ltr'><strong>eum</strong></span> <span class='ocrx_word' id='word_1_574' title='bbox 684 1930 791 1964; x_wconf 60' lang='lat' dir='ltr'><strong>coelum,</strong></span> <span class='ocrx_word' id='word_1_575' title='bbox 803 1938 912 1966; x_wconf 84' lang='lat' dir='ltr'><strong>propter</strong></span> <span class='ocrx_word' id='word_1_576' title='bbox 932 1940 992 1960; x_wconf 87' lang='lat' dir='ltr'><strong>eutn</strong></span> 
     </span>
    </p>
   </div>
   <div class='ocr_carea' id='block_1_72' title="bbox 206 1977 993 2015">
    <p class='ocr_par' dir='ltr' id='par_1_72' title="bbox 206 1977 993 2015">
     <span class='ocr_line' id='line_1_72' title="bbox 206 1977 993 2015; baseline 0.006 -13"><span class='ocrx_word' id='word_1_577' title='bbox 206 1980 289 2008; x_wconf 78' lang='lat' dir='ltr'><strong>terra,</strong></span> <span class='ocrx_word' id='word_1_578' title='bbox 300 1982 408 2011; x_wconf 82' lang='lat' dir='ltr'><strong>propter</strong></span> <span class='ocrx_word' id='word_1_579' title='bbox 421 1985 482 2004; x_wconf 91' lang='lat' dir='ltr'><strong>eum</strong></span> <span class='ocrx_word' id='word_1_580' title='bbox 500 1977 594 2011; x_wconf 60' lang='lat' dir='ltr'><strong>stella,</strong></span> <span class='ocrx_word' id='word_1_581' title='bbox 619 1983 727 2012; x_wconf 89' lang='lat' dir='ltr'><strong>propter</strong></span> <span class='ocrx_word' id='word_1_582' title='bbox 738 1985 798 2005; x_wconf 90' lang='lat' dir='ltr'><strong>eum</strong></span> <span class='ocrx_word' id='word_1_583' title='bbox 814 1980 852 2005; x_wconf 91' lang='lat' dir='ltr'><strong>sol</strong></span> <span class='ocrx_word' id='word_1_584' title='bbox 865 2000 872 2011; x_wconf 86' lang='lat'><em>.</em></span> <span class='ocrx_word' id='word_1_585' title='bbox 887 1986 993 2015; x_wconf 82' lang='lat' dir='ltr'><strong>propter</strong></span> 
     </span>
    </p>
   </div>
   <div class='ocr_carea' id='block_1_73' title="bbox 207 2021 992 2060">
    <p class='ocr_par' dir='ltr' id='par_1_73' title="bbox 207 2021 992 2060">
     <span class='ocr_line' id='line_1_73' title="bbox 207 2021 992 2060; baseline 0.006 -13"><span class='ocrx_word' id='word_1_586' title='bbox 207 2028 267 2048; x_wconf 88' lang='lat' dir='ltr'><strong>eutn</strong></span> <span class='ocrx_word' id='word_1_587' title='bbox 292 2029 365 2049; x_wconf 87' lang='lat' dir='ltr'><strong>mare</strong></span> <span class='ocrx_word' id='word_1_588' title='bbox 372 2026 404 2049; x_wconf 80' lang='lat' dir='ltr'><strong>et</strong></span> <span class='ocrx_word' id='word_1_589' title='bbox 417 2021 476 2057; x_wconf 69' lang='lat' dir='ltr'><strong>quae</strong></span> <span class='ocrx_word' id='word_1_590' title='bbox 490 2022 517 2049; x_wconf 90' lang='lat' dir='ltr'><strong>in</strong></span> <span class='ocrx_word' id='word_1_591' title='bbox 531 2027 644 2050; x_wconf 90' lang='lat' dir='ltr'><strong>eosunl.</strong></span> <span class='ocrx_word' id='word_1_592' title='bbox 656 2023 703 2051; x_wconf 74' lang='lat' dir='ltr'><strong>Est</strong></span> <span class='ocrx_word' id='word_1_593' title='bbox 710 2028 797 2051; x_wconf 87' lang='lat' dir='ltr'><strong>autem</strong></span> <span class='ocrx_word' id='word_1_594' title='bbox 812 2031 915 2058; x_wconf 87' lang='lat' dir='ltr'><strong>verum,</strong></span> <span class='ocrx_word' id='word_1_595' title='bbox 930 2025 992 2060; x_wconf 82' lang='lat' dir='ltr'><strong>quia</strong></span> 
     </span>
    </p>
   </div>
   <div class='ocr_carea' id='block_1_74' title="bbox 208 2066 993 2105">
    <p class='ocr_par' dir='ltr' id='par_1_74' title="bbox 208 2066 993 2105">
     <span class='ocr_line' id='line_1_74' title="bbox 208 2066 993 2105; baseline 0.008 -12"><span class='ocrx_word' id='word_1_596' title='bbox 208 2071 234 2093; x_wconf 88' lang='lat' dir='ltr'><strong>et</strong></span> <span class='ocrx_word' id='word_1_597' title='bbox 256 2066 343 2102; x_wconf 77' lang='lat' dir='ltr'><strong>angeli</strong></span> <span class='ocrx_word' id='word_1_598' title='bbox 353 2067 382 2094; x_wconf 85' lang='lat' dir='ltr'><strong>ei</strong></span> <span class='ocrx_word' id='word_1_599' title='bbox 399 2067 561 2101; x_wconf 78' lang='lat' dir='ltr'><strong>ministrant,</strong></span> <span class='ocrx_word' id='word_1_600' title='bbox 578 2072 686 2103; x_wconf 86' lang='lat' dir='ltr'><strong>propter</strong></span> <span class='ocrx_word' id='word_1_601' title='bbox 695 2076 755 2096; x_wconf 90' lang='lat' dir='ltr'><strong>eum</strong></span> <span class='ocrx_word' id='word_1_602' title='bbox 779 2069 900 2097; x_wconf 78' lang='lat' dir='ltr'><strong>Christus</strong></span> <span class='ocrx_word' id='word_1_603' title='bbox 912 2071 993 2105; x_wconf 83' lang='lat' dir='ltr'><strong>pedes</strong></span> 
     </span>
    </p>
   </div>
   <div class='ocr_carea' id='block_1_75' title="bbox 207 2115 991 2152">
    <p class='ocr_par' dir='ltr' id='par_1_75' title="bbox 207 2115 991 2152">
     <span class='ocr_line' id='line_1_75' title="bbox 207 2115 991 2152; baseline 0.009 -11"><span class='ocrx_word' id='word_1_604' title='bbox 207 2122 345 2142; x_wconf 86' lang='lat' dir='ltr'><strong>servorum</strong></span> <span class='ocrx_word' id='word_1_605' title='bbox 378 2115 455 2146; x_wconf 81' lang='lat' dir='ltr'><strong>lavit,</strong></span> <span class='ocrx_word' id='word_1_606' title='bbox 487 2120 601 2150; x_wconf 75' lang='lat' dir='ltr'><strong>propter</strong></span> <span class='ocrx_word' id='word_1_607' title='bbox 624 2124 684 2143; x_wconf 90' lang='lat' dir='ltr'><strong>eum</strong></span> <span class='ocrx_word' id='word_1_608' title='bbox 708 2118 850 2145; x_wconf 79' lang='lat' dir='ltr'><strong>cruciﬁxus</strong></span> <span class='ocrx_word' id='word_1_609' title='bbox 878 2124 937 2152; x_wconf 88' lang='lat' dir='ltr'><strong>est,</strong></span> <span class='ocrx_word' id='word_1_610' title='bbox 964 2124 991 2148; x_wconf 87' lang='lat' dir='ltr'><strong>et</strong></span> 
     </span>
    </p>
   </div>
   <div class='ocr_carea' id='block_1_76' title="bbox 201 2160 990 2196">
    <p class='ocr_par' dir='ltr' id='par_1_76' title="bbox 201 2160 990 2196">
     <span class='ocr_line' id='line_1_76' title="bbox 201 2160 990 2196; baseline 0.005 -8"><span class='ocrx_word' id='word_1_611' title='bbox 201 2164 301 2188; x_wconf 68' lang='lat' dir='ltr'><strong>caetera</strong></span> <span class='ocrx_word' id='word_1_612' title='bbox 313 2160 400 2188; x_wconf 88' lang='lat' dir='ltr'><strong>omnia</strong></span> <span class='ocrx_word' id='word_1_613' title='bbox 416 2166 523 2195; x_wconf 87' lang='lat' dir='ltr'><strong>propter</strong></span> <span class='ocrx_word' id='word_1_614' title='bbox 534 2169 594 2188; x_wconf 84' lang='lat' dir='ltr'><strong>eum</strong></span> <span class='ocrx_word' id='word_1_615' title='bbox 609 2169 702 2196; x_wconf 87' lang='lat' dir='ltr'><strong>passus</strong></span> <span class='ocrx_word' id='word_1_616' title='bbox 709 2167 761 2190; x_wconf 88' lang='lat' dir='ltr'><strong>est.</strong></span> <span class='ocrx_word' id='word_1_617' title='bbox 775 2163 814 2190; x_wconf 84' lang='lat' dir='ltr'><strong>Tu</strong></span> <span class='ocrx_word' id='word_1_618' title='bbox 825 2168 913 2191; x_wconf 89' lang='lat' dir='ltr'><strong>autem</strong></span> <span class='ocrx_word' id='word_1_619' title='bbox 929 2172 990 2192; x_wconf 89' lang='lat' dir='ltr'><strong>eum</strong></span> 
     </span>
    </p>
   </div>
   <div class='ocr_carea' id='block_1_77' title="bbox 1047 1567 1840 1605">
    <p class='ocr_par' dir='ltr' id='par_1_77' title="bbox 1047 1567 1840 1605">
     <span class='ocr_line' id='line_1_77' title="bbox 1047 1567 1840 1605; baseline 0.008 -12"><span class='ocrx_word' id='word_1_620' title='bbox 1047 1567 1112 1594; x_wconf 83' lang='lat' dir='ltr'><strong>Cum</strong></span> <span class='ocrx_word' id='word_1_621' title='bbox 1128 1574 1190 1594; x_wconf 87' lang='lat' dir='ltr'><strong>vero</strong></span> <span class='ocrx_word' id='word_1_622' title='bbox 1204 1568 1398 1602; x_wconf 83' lang='lat' dir='ltr'><strong>pervenissent,</strong></span> <span class='ocrx_word' id='word_1_623' title='bbox 1413 1568 1473 1596; x_wconf 91' lang='lat' dir='ltr'><strong>tulit</strong></span> <span class='ocrx_word' id='word_1_624' title='bbox 1484 1576 1547 1596; x_wconf 86' lang='lat' dir='ltr'><strong>eum</strong></span> <span class='ocrx_word' id='word_1_625' title='bbox 1559 1574 1660 1597; x_wconf 78' lang='lat' dir='ltr'><strong>secrete</strong></span> <span class='ocrx_word' id='word_1_626' title='bbox 1674 1570 1720 1597; x_wconf 84' lang='lat' dir='ltr'><strong>ille</strong></span> <span class='ocrx_word' id='word_1_627' title='bbox 1726 1571 1840 1605; x_wconf 80' lang='lat' dir='ltr'><strong>justus,</strong></span> 
     </span>
    </p>
   </div>
   <div class='ocr_carea' id='block_1_78' title="bbox 1046 1613 1841 1647">
    <p class='ocr_par' dir='ltr' id='par_1_78' title="bbox 1046 1613 1841 1647">
     <span class='ocr_line' id='line_1_78' title="bbox 1046 1613 1841 1647; baseline 0.005 -8"><span class='ocrx_word' id='word_1_628' title='bbox 1046 1616 1075 1639; x_wconf 89' lang='lat' dir='ltr'><strong>et</strong></span> <span class='ocrx_word' id='word_1_629' title='bbox 1087 1613 1167 1647; x_wconf 65' lang='lat' dir='ltr'><strong>erepit</strong></span> <span class='ocrx_word' id='word_1_630' title='bbox 1181 1613 1330 1640; x_wconf 83' lang='lat' dir='ltr'><strong>deosculari</strong></span> <span class='ocrx_word' id='word_1_631' title='bbox 1344 1621 1417 1647; x_wconf 88' lang='lat' dir='ltr'><strong>eum,</strong></span> <span class='ocrx_word' id='word_1_632' title='bbox 1430 1618 1458 1642; x_wconf 86' lang='lat' dir='ltr'><strong>et</strong></span> <span class='ocrx_word' id='word_1_633' title='bbox 1471 1614 1563 1642; x_wconf 78' lang='lat' dir='ltr'><strong>dicere</strong></span> <span class='ocrx_word' id='word_1_634' title='bbox 1573 1623 1582 1641; x_wconf 86' lang='lat'><strong>:</strong></span> <span class='ocrx_word' id='word_1_635' title='bbox 1596 1615 1662 1642; x_wconf 81' lang='lat' dir='ltr'><strong>Bene</strong></span> <span class='ocrx_word' id='word_1_636' title='bbox 1672 1617 1747 1642; x_wconf 80' lang='lat' dir='ltr'><strong>venit</strong></span> <span class='ocrx_word' id='word_1_637' title='bbox 1759 1617 1841 1644; x_wconf 79' lang='lat' dir='ltr'><strong>titius</strong></span> 
     </span>
    </p>
   </div>
   <div class='ocr_carea' id='block_1_79' title="bbox 1046 1658 1842 1695">
    <p class='ocr_par' dir='ltr' id='par_1_79' title="bbox 1046 1658 1842 1695">
     <span class='ocr_line' id='line_1_79' title="bbox 1046 1658 1842 1695; baseline 0.006 -10"><span class='ocrx_word' id='word_1_638' title='bbox 1046 1658 1199 1685; x_wconf 77' lang='lat' dir='ltr'><strong>consobrini</strong></span> <span class='ocrx_word' id='word_1_639' title='bbox 1214 1659 1279 1686; x_wconf 87' lang='lat' dir='ltr'><strong>mei.</strong></span> <span class='ocrx_word' id='word_1_640' title='bbox 1296 1658 1396 1687; x_wconf 84' lang='lat' dir='ltr'><strong>Ditavit</strong></span> <span class='ocrx_word' id='word_1_641' title='bbox 1409 1659 1490 1695; x_wconf 77' lang='lat' dir='ltr'><strong>igitur</strong></span> <span class='ocrx_word' id='word_1_642' title='bbox 1503 1667 1576 1694; x_wconf 83' lang='lat' dir='ltr'><strong>eum,</strong></span> <span class='ocrx_word' id='word_1_643' title='bbox 1590 1665 1618 1688; x_wconf 83' lang='lat' dir='ltr'><strong>et</strong></span> <span class='ocrx_word' id='word_1_644' title='bbox 1630 1661 1705 1687; x_wconf 79' lang='lat' dir='ltr'><strong>uxori</strong></span> <span class='ocrx_word' id='word_1_645' title='bbox 1720 1662 1842 1690; x_wconf 83' lang='lat' dir='ltr'><strong>tradidit</strong></span> 
     </span>
    </p>
   </div>
   <div class='ocr_carea' id='block_1_80' title="bbox 1047 1703 1840 1740">
    <p class='ocr_par' dir='ltr' id='par_1_80' title="bbox 1047 1703 1840 1740">
     <span class='ocr_line' id='line_1_80' title="bbox 1047 1703 1840 1740; baseline 0.005 -10"><span class='ocrx_word' id='word_1_646' title='bbox 1047 1703 1074 1730; x_wconf 92' lang='lat' dir='ltr'><strong>in</strong></span> <span class='ocrx_word' id='word_1_647' title='bbox 1089 1703 1250 1731; x_wconf 74' lang='lat' dir='ltr'><strong>Alexandria</strong></span> <span class='ocrx_word' id='word_1_648' title='bbox 1262 1725 1270 1736; x_wconf 88' lang='lat'><strong>,</strong></span> <span class='ocrx_word' id='word_1_649' title='bbox 1285 1708 1313 1732; x_wconf 87' lang='lat' dir='ltr'><strong>et</strong></span> <span class='ocrx_word' id='word_1_650' title='bbox 1324 1704 1431 1732; x_wconf 86' lang='lat' dir='ltr'><strong>domum</strong></span> <span class='ocrx_word' id='word_1_651' title='bbox 1446 1709 1474 1732; x_wconf 86' lang='lat' dir='ltr'><strong>et</strong></span> <span class='ocrx_word' id='word_1_652' title='bbox 1487 1705 1578 1732; x_wconf 82' lang='lat' dir='ltr'><strong>omnia</strong></span> <span class='ocrx_word' id='word_1_653' title='bbox 1592 1705 1687 1739; x_wconf 81' lang='lat' dir='ltr'><strong>quibus</strong></span> <span class='ocrx_word' id='word_1_654' title='bbox 1701 1714 1775 1740; x_wconf 69' lang='lat' dir='ltr'><strong>opm</strong></span> <span class='ocrx_word' id='word_1_655' title='bbox 1791 1708 1840 1734; x_wconf 61' lang='lat' dir='ltr'><strong>hac</strong></span> 
     </span>
    </p>
   </div>
   <div class='ocr_carea' id='block_1_81' title="bbox 1046 1747 1838 1785">
    <p class='ocr_par' dir='ltr' id='par_1_81' title="bbox 1046 1747 1838 1785">
     <span class='ocr_line' id='line_1_81' title="bbox 1046 1747 1838 1785; baseline 0.005 -11"><span class='ocrx_word' id='word_1_656' title='bbox 1046 1747 1102 1775; x_wconf 85' lang='lat' dir='ltr'><strong>buit</strong></span> <span class='ocrx_word' id='word_1_657' title='bbox 1113 1747 1222 1775; x_wconf 86' lang='lat' dir='ltr'><strong>donavit</strong></span> <span class='ocrx_word' id='word_1_658' title='bbox 1237 1749 1280 1781; x_wconf 88' lang='lat' dir='ltr'><strong>ei,</strong></span> <span class='ocrx_word' id='word_1_659' title='bbox 1295 1749 1479 1777; x_wconf 80' lang='lat' dir='ltr'><strong>demonstrare</strong></span> <span class='ocrx_word' id='word_1_660' title='bbox 1492 1749 1621 1777; x_wconf 87' lang='lat' dir='ltr'><strong>festinans</strong></span> <span class='ocrx_word' id='word_1_661' title='bbox 1634 1751 1769 1785; x_wconf 82' lang='lat' dir='ltr'><strong>quoniam</strong></span> <span class='ocrx_word' id='word_1_662' title='bbox 1786 1760 1838 1779; x_wconf 78' lang='lat' dir='ltr'><strong>non</strong></span> 
     </span>
    </p>
   </div>
   <div class='ocr_carea' id='block_1_82' title="bbox 1046 1793 1838 1832">
    <p class='ocr_par' dir='ltr' id='par_1_82' title="bbox 1046 1793 1838 1832">
     <span class='ocr_line' id='line_1_82' title="bbox 1046 1793 1838 1832; baseline 0.006 -12"><span class='ocrx_word' id='word_1_663' title='bbox 1046 1793 1215 1828; x_wconf 81' lang='lat' dir='ltr'><strong>tlerelioquet</strong></span> <span class='ocrx_word' id='word_1_664' title='bbox 1240 1795 1368 1822; x_wconf 86' lang='lat' dir='ltr'><strong>Dominus</strong></span> <span class='ocrx_word' id='word_1_665' title='bbox 1389 1801 1531 1830; x_wconf 83' lang='lat' dir='ltr'><strong>sperantes</strong></span> <span class='ocrx_word' id='word_1_666' title='bbox 1551 1797 1577 1823; x_wconf 87' lang='lat' dir='ltr'><strong>io</strong></span> <span class='ocrx_word' id='word_1_667' title='bbox 1593 1803 1623 1824; x_wconf 83' lang='lat' dir='ltr'><strong>se</strong></span> <span class='ocrx_word' id='word_1_668' title='bbox 1655 1795 1776 1832; x_wconf 75' lang='lat' dir='ltr'><strong>(Juditlt.</strong></span> <span class='ocrx_word' id='word_1_669' title='bbox 1791 1797 1838 1831; x_wconf 82' lang='lat' dir='ltr'><strong>vi).</strong></span> 
     </span>
    </p>
   </div>
   <div class='ocr_carea' id='block_1_83' title="bbox 1081 1848 1839 1887">
    <p class='ocr_par' dir='ltr' id='par_1_83' title="bbox 1081 1848 1839 1887">
     <span class='ocr_line' id='line_1_83' title="bbox 1081 1848 1839 1887; baseline 0.007 -12"><span class='ocrx_word' id='word_1_670' title='bbox 1081 1848 1145 1876; x_wconf 67' lang='lat' dir='ltr'><strong>Car.</strong></span> <span class='ocrx_word' id='word_1_671' title='bbox 1162 1848 1281 1876; x_wconf 84' lang='lat' dir='ltr'><strong>XXXIV.</strong></span> <span class='ocrx_word' id='word_1_672' title='bbox 1296 1850 1560 1885; x_wconf 69' lang='lat' dir='ltr'><strong>-—Impraztermiss‘e</strong></span> <span class='ocrx_word' id='word_1_673' title='bbox 1584 1856 1672 1878; x_wconf 89' lang='lat' dir='ltr'><strong>autem</strong></span> <span class='ocrx_word' id='word_1_674' title='bbox 1700 1856 1732 1879; x_wconf 85' lang='lat' dir='ltr'><strong>et</strong></span> <span class='ocrx_word' id='word_1_675' title='bbox 1761 1853 1839 1887; x_wconf 79' lang='lat' dir='ltr'><strong>hujus</strong></span> 
     </span>
    </p>
   </div>
   <div class='ocr_carea' id='block_1_84' title="bbox 1045 1893 1839 1931">
    <p class='ocr_par' dir='ltr' id='par_1_84' title="bbox 1045 1893 1839 1931">
     <span class='ocr_line' id='line_1_84' title="bbox 1045 1893 1839 1931; baseline 0.006 -11"><span class='ocrx_word' id='word_1_676' title='bbox 1045 1893 1162 1920; x_wconf 85' lang='lat' dir='ltr'><strong>mandati</strong></span> <span class='ocrx_word' id='word_1_677' title='bbox 1179 1901 1270 1921; x_wconf 84' lang='lat' dir='ltr'><strong>curam</strong></span> <span class='ocrx_word' id='word_1_678' title='bbox 1284 1894 1374 1921; x_wconf 87' lang='lat' dir='ltr'><strong>habuit</strong></span> <span class='ocrx_word' id='word_1_679' title='bbox 1388 1896 1429 1922; x_wconf 87' lang='lat' dir='ltr'><strong>hic</strong></span> <span class='ocrx_word' id='word_1_680' title='bbox 1443 1894 1617 1929; x_wconf 85' lang='lat' dir='ltr'><strong>admirabilis,</strong></span> <span class='ocrx_word' id='word_1_681' title='bbox 1630 1896 1722 1931; x_wconf 77' lang='lat' dir='ltr'><strong>legem</strong></span> <span class='ocrx_word' id='word_1_682' title='bbox 1736 1905 1839 1931; x_wconf 76' lang='lat' dir='ltr'><strong>ponus-</strong></span> 
     </span>
    </p>
   </div>
   <div class='ocr_carea' id='block_1_85' title="bbox 1047 1938 1838 1977">
    <p class='ocr_par' dir='ltr' id='par_1_85' title="bbox 1047 1938 1838 1977">
     <span class='ocr_line' id='line_1_85' title="bbox 1047 1938 1838 1977; baseline 0.006 -12"><span class='ocrx_word' id='word_1_683' title='bbox 1047 1938 1080 1965; x_wconf 85' lang='lat' dir='ltr'><strong>tis</strong></span> <span class='ocrx_word' id='word_1_684' title='bbox 1093 1947 1100 1965; x_wconf 90' lang='lat'><strong>:</strong></span> <span class='ocrx_word' id='word_1_685' title='bbox 1114 1939 1217 1966; x_wconf 82' lang='lat' dir='ltr'><strong>Volenti</strong></span> <span class='ocrx_word' id='word_1_686' title='bbox 1227 1945 1348 1967; x_wconf 90' lang='lat' dir='ltr'><strong>mutuare</strong></span> <span class='ocrx_word' id='word_1_687' title='bbox 1359 1947 1374 1967; x_wconf 85' lang='lat' dir='ltr'><strong>a</strong></span> <span class='ocrx_word' id='word_1_688' title='bbox 1387 1946 1414 1967; x_wconf 90' lang='lat' dir='ltr'><strong>te</strong></span> <span class='ocrx_word' id='word_1_689' title='bbox 1423 1948 1457 1967; x_wconf 86' lang='lat' dir='ltr'><strong>ne</strong></span> <span class='ocrx_word' id='word_1_690' title='bbox 1468 1946 1573 1968; x_wconf 87' lang='lat' dir='ltr'><strong>avertas</strong></span> <span class='ocrx_word' id='word_1_691' title='bbox 1584 1941 1733 1975; x_wconf 84' lang='lat' dir='ltr'><strong>aliquando</strong></span> <span class='ocrx_word' id='word_1_692' title='bbox 1747 1942 1838 1977; x_wconf 72' lang='grc' dir='ltr'><strong>(οω.</strong></span> 
     </span>
    </p>
   </div>
   <div class='ocr_carea' id='block_1_86' title="bbox 1046 1984 1839 2020">
    <p class='ocr_par' dir='ltr' id='par_1_86' title="bbox 1046 1984 1839 2020">
     <span class='ocr_line' id='line_1_86' title="bbox 1046 1984 1839 2020; baseline 0.005 -10"><span class='ocrx_word' id='word_1_693' title='bbox 1046 1992 1096 2016; x_wconf 81' lang='lat' dir='ltr'><strong>xv;</strong></span> <span class='ocrx_word' id='word_1_694' title='bbox 1112 1984 1175 2011; x_wconf 73' lang='lat' dir='ltr'><strong>Luc.</strong></span> <span class='ocrx_word' id='word_1_695' title='bbox 1199 1984 1247 2019; x_wconf 87' lang='lat' dir='ltr'><strong>vt),</strong></span> <span class='ocrx_word' id='word_1_696' title='bbox 1262 1992 1317 2012; x_wconf 88' lang='lat' dir='ltr'><strong>non</strong></span> <span class='ocrx_word' id='word_1_697' title='bbox 1341 1986 1476 2019; x_wconf 88' lang='lat' dir='ltr'><strong>prohibuit</strong></span> <span class='ocrx_word' id='word_1_698' title='bbox 1490 1986 1606 2019; x_wconf 83' lang='lat' dir='ltr'><strong>aliquem</strong></span> <span class='ocrx_word' id='word_1_699' title='bbox 1629 1988 1792 2020; x_wconf 80' lang='lat' dir='ltr'><strong>hujusmodi</strong></span> <span class='ocrx_word' id='word_1_700' title='bbox 1806 1988 1839 2014; x_wconf 80' lang='lat' dir='ltr'><strong>ab</strong></span> 
     </span>
    </p>
   </div>
   <div class='ocr_carea' id='block_1_87' title="bbox 1044 2028 1839 2067">
    <p class='ocr_par' dir='ltr' id='par_1_87' title="bbox 1044 2028 1839 2067">
     <span class='ocr_line' id='line_1_87' title="bbox 1044 2028 1839 2067; baseline 0.006 -12"><span class='ocrx_word' id='word_1_701' title='bbox 1044 2035 1077 2055; x_wconf 92' lang='lat' dir='ltr'><strong>eo</strong></span> <span class='ocrx_word' id='word_1_702' title='bbox 1091 2028 1243 2062; x_wconf 67' lang='lat' dir='ltr'><strong>suti‘ragium</strong></span> <span class='ocrx_word' id='word_1_703' title='bbox 1259 2030 1446 2064; x_wconf 82' lang='lat' dir='ltr'><strong>postulantem.</strong></span> <span class='ocrx_word' id='word_1_704' title='bbox 1464 2030 1539 2058; x_wconf 89' lang='lat' dir='ltr'><strong>Unde</strong></span> <span class='ocrx_word' id='word_1_705' title='bbox 1554 2031 1604 2058; x_wconf 84' lang='lat' dir='ltr'><strong>hoc</strong></span> <span class='ocrx_word' id='word_1_706' title='bbox 1619 2031 1710 2059; x_wconf 81' lang='lat' dir='ltr'><strong>sciens</strong></span> <span class='ocrx_word' id='word_1_707' title='bbox 1727 2033 1839 2067; x_wconf 71' lang='lat' dir='ltr'><strong>quidam</strong></span> 
     </span>
    </p>
   </div>
   <div class='ocr_carea' id='block_1_88' title="bbox 1044 2073 1840 2109">
    <p class='ocr_par' dir='ltr' id='par_1_88' title="bbox 1044 2073 1840 2109">
     <span class='ocr_line' id='line_1_88' title="bbox 1044 2073 1840 2109; baseline 0.005 -9"><span class='ocrx_word' id='word_1_708' title='bbox 1044 2073 1175 2107; x_wconf 79' lang='lat' dir='ltr'><strong>malignus</strong></span> <span class='ocrx_word' id='word_1_709' title='bbox 1186 2078 1213 2100; x_wconf 90' lang='lat' dir='ltr'><strong>et</strong></span> <span class='ocrx_word' id='word_1_710' title='bbox 1225 2074 1364 2108; x_wconf 76' lang='lat' dir='ltr'><strong>impostor,</strong></span> <span class='ocrx_word' id='word_1_711' title='bbox 1376 2075 1450 2109; x_wconf 86' lang='lat' dir='ltr'><strong>petiit</strong></span> <span class='ocrx_word' id='word_1_712' title='bbox 1464 2074 1497 2101; x_wconf 87' lang='lat' dir='ltr'><strong>ab</strong></span> <span class='ocrx_word' id='word_1_713' title='bbox 1511 2082 1543 2102; x_wconf 88' lang='lat' dir='ltr'><strong>eo</strong></span> <span class='ocrx_word' id='word_1_714' title='bbox 1558 2079 1585 2102; x_wconf 90' lang='lat' dir='ltr'><strong>ut</strong></span> <span class='ocrx_word' id='word_1_715' title='bbox 1598 2075 1649 2102; x_wconf 90' lang='lat' dir='ltr'><strong>sibi</strong></span> <span class='ocrx_word' id='word_1_716' title='bbox 1665 2081 1779 2104; x_wconf 81' lang='lat' dir='ltr'><strong>mutuas</strong></span> <span class='ocrx_word' id='word_1_717' title='bbox 1792 2078 1840 2104; x_wconf 79' lang='lat' dir='ltr'><strong>da-</strong></span> 
     </span>
    </p>
   </div>
   <div class='ocr_carea' id='block_1_89' title="bbox 1045 2118 1840 2156">
    <p class='ocr_par' dir='ltr' id='par_1_89' title="bbox 1045 2118 1840 2156">
     <span class='ocr_line' id='line_1_89' title="bbox 1045 2118 1840 2156; baseline 0.009 -12"><span class='ocrx_word' id='word_1_718' title='bbox 1045 2122 1086 2145; x_wconf 87' lang='lat' dir='ltr'><strong>ret</strong></span> <span class='ocrx_word' id='word_1_719' title='bbox 1100 2118 1190 2153; x_wconf 75' lang='lat' dir='ltr'><strong>viginti</strong></span> <span class='ocrx_word' id='word_1_720' title='bbox 1212 2118 1295 2145; x_wconf 85' lang='lat' dir='ltr'><strong>bbras</strong></span> <span class='ocrx_word' id='word_1_721' title='bbox 1308 2120 1376 2146; x_wconf 91' lang='lat' dir='ltr'><strong>auri.</strong></span> <span class='ocrx_word' id='word_1_722' title='bbox 1394 2119 1457 2147; x_wconf 78' lang='lat' dir='ltr'><strong>Erat</strong></span> <span class='ocrx_word' id='word_1_723' title='bbox 1471 2125 1559 2148; x_wconf 87' lang='lat' dir='ltr'><strong>autem</strong></span> <span class='ocrx_word' id='word_1_724' title='bbox 1574 2121 1609 2149; x_wconf 88' lang='lat' dir='ltr'><strong>de</strong></span> <span class='ocrx_word' id='word_1_725' title='bbox 1622 2121 1664 2148; x_wconf 83' lang='lat' dir='ltr'><strong>his</strong></span> <span class='ocrx_word' id='word_1_726' title='bbox 1680 2123 1728 2156; x_wconf 80' lang='lat' dir='ltr'><strong>qui</strong></span> <span class='ocrx_word' id='word_1_727' title='bbox 1741 2124 1840 2150; x_wconf 80' lang='lat' dir='ltr'><strong>dicun-</strong></span> 
     </span>
    </p>
   </div>
   <div class='ocr_carea' id='block_1_90' title="bbox 1044 2163 1839 2203">
    <p class='ocr_par' dir='ltr' id='par_1_90' title="bbox 1044 2163 1839 2203">
     <span class='ocr_line' id='line_1_90' title="bbox 1044 2163 1839 2203; baseline 0.009 -14"><span class='ocrx_word' id='word_1_728' title='bbox 1044 2167 1087 2189; x_wconf 87' lang='lat' dir='ltr'><strong>tur</strong></span> <span class='ocrx_word' id='word_1_729' title='bbox 1097 2163 1261 2191; x_wconf 86' lang='lat' dir='ltr'><strong>Gallodrotni</strong></span> <span class='ocrx_word' id='word_1_730' title='bbox 1271 2163 1340 2200; x_wconf 76' lang='grc'><strong>(74).</strong></span> <span class='ocrx_word' id='word_1_731' title='bbox 1350 2165 1529 2193; x_wconf 82' lang='lat' dir='ltr'><strong>Contemnens</strong></span> <span class='ocrx_word' id='word_1_732' title='bbox 1537 2173 1601 2200; x_wconf 64' lang='lat' dir='ltr'><strong>ergo</strong></span> <span class='ocrx_word' id='word_1_733' title='bbox 1611 2171 1736 2195; x_wconf 81' lang='lat' dir='ltr'><strong>sanctum</strong></span> <span class='ocrx_word' id='word_1_734' title='bbox 1748 2176 1839 2203; x_wconf 59' lang='lat' dir='ltr'><strong>que.</strong></span> 
     </span>
    </p>
   </div>
   <div class='ocr_carea' id='block_1_91' title="bbox 205 2205 1837 2246">
    <p class='ocr_par' dir='ltr' id='par_1_91' title="bbox 205 2205 1837 2246">
     <span class='ocr_line' id='line_1_91' title="bbox 205 2205 1837 2246; baseline 0.006 -14"><span class='ocrx_word' id='word_1_735' title='bbox 205 2205 250 2238; x_wconf 85' lang='lat' dir='ltr'><strong>qui</strong></span> <span class='ocrx_word' id='word_1_736' title='bbox 264 2213 280 2232; x_wconf 88' lang='lat' dir='ltr'><strong>a</strong></span> <span class='ocrx_word' id='word_1_737' title='bbox 290 2205 346 2232; x_wconf 88' lang='lat' dir='ltr'><strong>Deo</strong></span> <span class='ocrx_word' id='word_1_738' title='bbox 359 2206 504 2234; x_wconf 79' lang='lat' dir='ltr'><strong>honoratur</strong></span> <span class='ocrx_word' id='word_1_739' title='bbox 517 2207 677 2240; x_wconf 81' lang='lat' dir='ltr'><strong>inhenum,</strong></span> <span class='ocrx_word' id='word_1_740' title='bbox 693 2209 804 2243; x_wconf 82' lang='lat' dir='ltr'><strong>etquasi</strong></span> <span class='ocrx_word' id='word_1_741' title='bbox 815 2217 866 2237; x_wconf 88' lang='lat' dir='ltr'><strong>non</strong></span> <span class='ocrx_word' id='word_1_742' title='bbox 874 2210 915 2237; x_wconf 83' lang='lat' dir='ltr'><strong>sis</strong></span> <span class='ocrx_word' id='word_1_743' title='bbox 925 2210 993 2245; x_wconf 77' lang='lat' dir='ltr'><strong>ejus-</strong></span> <span class='ocrx_word' id='word_1_744' title='bbox 1005 2209 1033 2240; x_wconf 81' lang='grc' dir='ltr'><strong>ι)</strong></span> <span class='ocrx_word' id='word_1_745' title='bbox 1044 2209 1186 2237; x_wconf 83' lang='lat' dir='ltr'><strong>admodum</strong></span> <span class='ocrx_word' id='word_1_746' title='bbox 1201 2215 1228 2237; x_wconf 90' lang='lat' dir='ltr'><strong>et</strong></span> <span class='ocrx_word' id='word_1_747' title='bbox 1251 2210 1317 2238; x_wconf 86' lang='lat' dir='ltr'><strong>alios</strong></span> <span class='ocrx_word' id='word_1_748' title='bbox 1332 2211 1437 2244; x_wconf 84' lang='lat' dir='ltr'><strong>multos,</strong></span> <span class='ocrx_word' id='word_1_749' title='bbox 1459 2212 1564 2239; x_wconf 85' lang='lat' dir='ltr'><strong>dicebat</strong></span> <span class='ocrx_word' id='word_1_750' title='bbox 1578 2221 1584 2238; x_wconf 91' lang='lat'>:</span> <span class='ocrx_word' id='word_1_751' title='bbox 1597 2214 1663 2246; x_wconf 85' lang='lat' dir='ltr'><strong>Quia</strong></span> <span class='ocrx_word' id='word_1_752' title='bbox 1679 2213 1752 2242; x_wconf 85' lang='lat' dir='ltr'><strong>nihil</strong></span> <span class='ocrx_word' id='word_1_753' title='bbox 1770 2216 1837 2242; x_wconf 72' lang='lat' dir='ltr'><strong>mihi</strong></span> 
     </span>
    </p>
   </div>
   <div class='ocr_carea' id='block_1_92' title="bbox 205 2249 989 2288">
    <p class='ocr_par' dir='ltr' id='par_1_92' title="bbox 205 2249 989 2288">
     <span class='ocr_line' id='line_1_92' title="bbox 205 2249 989 2288; baseline 0.01 -13"><span class='ocrx_word' id='word_1_754' title='bbox 205 2249 266 2276; x_wconf 88' lang='lat' dir='ltr'><strong>dem</strong></span> <span class='ocrx_word' id='word_1_755' title='bbox 281 2254 391 2283; x_wconf 70' lang='lat' dir='ltr'><strong>naturai,</strong></span> <span class='ocrx_word' id='word_1_756' title='bbox 404 2258 455 2278; x_wconf 92' lang='lat' dir='ltr'><strong>non</strong></span> <span class='ocrx_word' id='word_1_757' title='bbox 467 2259 578 2284; x_wconf 83' lang='lat' dir='ltr'><strong>parcens</strong></span> <span class='ocrx_word' id='word_1_758' title='bbox 588 2252 669 2280; x_wconf 79' lang='lat' dir='ltr'><strong>feris?</strong></span> <span class='ocrx_word' id='word_1_759' title='bbox 680 2253 725 2279; x_wconf 88' lang='lat' dir='ltr'><strong>Dic</strong></span> <span class='ocrx_word' id='word_1_760' title='bbox 736 2273 743 2286; x_wconf 86' lang='lat'><strong>,</strong></span> <span class='ocrx_word' id='word_1_761' title='bbox 757 2253 884 2287; x_wconf 82' lang='lat' dir='ltr'><strong>obsecro,</strong></span> <span class='ocrx_word' id='word_1_762' title='bbox 895 2255 989 2288; x_wconf 84' lang='lat' dir='ltr'><strong>velles,</strong></span> 
     </span>
    </p>
   </div>
   <div class='ocr_carea' id='block_1_93' title="bbox 196 2295 989 2330">
    <p class='ocr_par' dir='ltr' id='par_1_93' title="bbox 196 2295 989 2330">
     <span class='ocr_line' id='line_1_93' title="bbox 196 2295 989 2330; baseline 0.009 -10"><span class='ocrx_word' id='word_1_763' title='bbox 196 2295 429 2329; x_wconf 83' lang='lat' dir='ltr'><strong>~quotiesculpam</strong></span> <span class='ocrx_word' id='word_1_764' title='bbox 445 2295 574 2330; x_wconf 77' lang='lat' dir='ltr'><strong>admittis,</strong></span> <span class='ocrx_word' id='word_1_765' title='bbox 591 2301 620 2324; x_wconf 91' lang='lat' dir='ltr'><strong>ut</strong></span> <span class='ocrx_word' id='word_1_766' title='bbox 630 2304 690 2325; x_wconf 78' lang='lat' dir='ltr'><strong>mox</strong></span> <span class='ocrx_word' id='word_1_767' title='bbox 704 2297 829 2325; x_wconf 86' lang='lat' dir='ltr'><strong>redderet</strong></span> <span class='ocrx_word' id='word_1_768' title='bbox 840 2299 888 2326; x_wconf 84' lang='lat' dir='ltr'><strong>tibi</strong></span> <span class='ocrx_word' id='word_1_769' title='bbox 904 2300 989 2328; x_wconf 70' lang='lat' dir='ltr'><strong>Deus?</strong></span> 
     </span>
    </p>
   </div>
   <div class='ocr_carea' id='block_1_94' title="bbox 196 2338 988 2376">
    <p class='ocr_par' dir='ltr' id='par_1_94' title="bbox 196 2338 988 2376">
     <span class='ocr_line' id='line_1_94' title="bbox 196 2338 988 2376; baseline 0.008 -10"><span class='ocrx_word' id='word_1_770' title='bbox 196 2339 386 2375; x_wconf 68' lang='lat' dir='ltr'><strong>Nequaquam.</strong></span> <span class='ocrx_word' id='word_1_771' title='bbox 403 2340 460 2374; x_wconf 87' lang='lat' dir='ltr'><strong>Dic,</strong></span> <span class='ocrx_word' id='word_1_772' title='bbox 486 2341 619 2375; x_wconf 85' lang='lat' dir='ltr'><strong>quomodo</strong></span> <span class='ocrx_word' id='word_1_773' title='bbox 640 2338 701 2369; x_wconf 66' lang='lat' dir='ltr'><strong>oras</strong></span> <span class='ocrx_word' id='word_1_774' title='bbox 724 2342 852 2376; x_wconf 82' lang='lat' dir='ltr'><strong>quotidie,</strong></span> <span class='ocrx_word' id='word_1_775' title='bbox 875 2344 988 2372; x_wconf 82' lang='lat' dir='ltr'><strong>dicens:</strong></span> 
     </span>
    </p>
   </div>
   <div class='ocr_carea' id='block_1_95' title="bbox 207 2385 990 2420">
    <p class='ocr_par' dir='ltr' id='par_1_95' title="bbox 207 2385 990 2420">
     <span class='ocr_line' id='line_1_95' title="bbox 207 2385 990 2420; baseline 0.009 -8"><span class='ocrx_word' id='word_1_776' title='bbox 207 2385 315 2413; x_wconf 77' lang='lat' dir='ltr'><strong>Dimitte</strong></span> <span class='ocrx_word' id='word_1_777' title='bbox 329 2386 405 2413; x_wconf 88' lang='lat' dir='ltr'><strong>nobis</strong></span> <span class='ocrx_word' id='word_1_778' title='bbox 419 2386 510 2414; x_wconf 87' lang='lat' dir='ltr'><strong>debita</strong></span> <span class='ocrx_word' id='word_1_779' title='bbox 525 2390 624 2419; x_wconf 84' lang='lat' dir='ltr'><strong>nostra,</strong></span> <span class='ocrx_word' id='word_1_780' title='bbox 638 2387 707 2414; x_wconf 89' lang='lat' dir='ltr'><strong>sicut</strong></span> <span class='ocrx_word' id='word_1_781' title='bbox 728 2393 755 2415; x_wconf 90' lang='lat' dir='ltr'><strong>et</strong></span> <span class='ocrx_word' id='word_1_782' title='bbox 766 2396 820 2416; x_wconf 71' lang='lat' dir='ltr'><strong>nos</strong></span> <span class='ocrx_word' id='word_1_783' title='bbox 833 2389 990 2420; x_wconf 87' lang='lat' dir='ltr'><strong>dimittimus</strong></span> 
     </span>
    </p>
   </div>
   <div class='ocr_carea' id='block_1_96' title="bbox 195 2432 988 2469">
    <p class='ocr_par' dir='ltr' id='par_1_96' title="bbox 195 2432 988 2469">
     <span class='ocr_line' id='line_1_96' title="bbox 195 2432 988 2469; baseline 0.005 -9"><span class='ocrx_word' id='word_1_784' title='bbox 195 2432 369 2460; x_wconf 68' lang='lat' dir='ltr'><strong>debitoribus</strong></span> <span class='ocrx_word' id='word_1_785' title='bbox 383 2433 482 2460; x_wconf 88' lang='lat' dir='ltr'><strong>nostris</strong></span> <span class='ocrx_word' id='word_1_786' title='bbox 496 2433 603 2469; x_wconf 69' lang='lat' dir='ltr'><strong>(Matth.</strong></span> <span class='ocrx_word' id='word_1_787' title='bbox 613 2433 670 2468; x_wconf 68' lang='lat' dir='ltr'><strong>vi)?</strong></span> <span class='ocrx_word' id='word_1_788' title='bbox 693 2433 740 2461; x_wconf 81' lang='lat' dir='ltr'><strong>liis</strong></span> <span class='ocrx_word' id='word_1_789' title='bbox 758 2438 784 2462; x_wconf 86' lang='lat' dir='ltr'><strong>et</strong></span> <span class='ocrx_word' id='word_1_790' title='bbox 797 2435 837 2462; x_wconf 79' lang='lat' dir='ltr'><strong>his</strong></span> <span class='ocrx_word' id='word_1_791' title='bbox 856 2435 988 2464; x_wconf 79' lang='lat' dir='ltr'><strong>similibus</strong></span> 
     </span>
    </p>
   </div>
   <div class='ocr_carea' id='block_1_97' title="bbox 203 2477 987 2509">
    <p class='ocr_par' dir='ltr' id='par_1_97' title="bbox 203 2477 987 2509">
     <span class='ocr_line' id='line_1_97' title="bbox 203 2477 987 2509; baseline 0.006 -5"><span class='ocrx_word' id='word_1_792' title='bbox 203 2478 292 2506; x_wconf 89' lang='lat' dir='ltr'><strong>verbis</strong></span> <span class='ocrx_word' id='word_1_793' title='bbox 318 2478 352 2505; x_wconf 88' lang='lat' dir='ltr'><strong>de</strong></span> <span class='ocrx_word' id='word_1_794' title='bbox 377 2477 512 2505; x_wconf 87' lang='lat' dir='ltr'><strong>habitante</strong></span> <span class='ocrx_word' id='word_1_795' title='bbox 526 2478 552 2505; x_wconf 91' lang='lat' dir='ltr'><strong>in</strong></span> <span class='ocrx_word' id='word_1_796' title='bbox 574 2485 604 2506; x_wconf 88' lang='lat' dir='ltr'><strong>se</strong></span> <span class='ocrx_word' id='word_1_797' title='bbox 628 2478 754 2506; x_wconf 78' lang='lat' dir='ltr'><strong>thesauro</strong></span> <span class='ocrx_word' id='word_1_798' title='bbox 779 2486 893 2508; x_wconf 87' lang='lat' dir='ltr'><strong>mouens</strong></span> <span class='ocrx_word' id='word_1_799' title='bbox 915 2481 987 2509; x_wconf 78' lang='lat' dir='ltr'><strong>hunc</strong></span> 
     </span>
    </p>
   </div>
   <div class='ocr_carea' id='block_1_98' title="bbox 207 2523 986 2559">
    <p class='ocr_par' dir='ltr' id='par_1_98' title="bbox 207 2523 986 2559">
     <span class='ocr_line' id='line_1_98' title="bbox 207 2523 986 2559; baseline 0.004 -9"><span class='ocrx_word' id='word_1_800' title='bbox 207 2523 338 2556; x_wconf 86' lang='lat' dir='ltr'><strong>absolvit;</strong></span> <span class='ocrx_word' id='word_1_801' title='bbox 354 2523 445 2550; x_wconf 82' lang='lat' dir='ltr'><strong>etnisi</strong></span> <span class='ocrx_word' id='word_1_802' title='bbox 468 2523 606 2550; x_wconf 81' lang='lat' dir='ltr'><strong>didicisset</strong></span> <span class='ocrx_word' id='word_1_803' title='bbox 619 2523 698 2551; x_wconf 88' lang='lat' dir='ltr'><strong>istum</strong></span> <span class='ocrx_word' id='word_1_804' title='bbox 714 2524 900 2558; x_wconf 73' lang='lat' dir='ltr'><strong>emendatum,</strong></span> <span class='ocrx_word' id='word_1_805' title='bbox 917 2533 986 2559; x_wconf 74' lang='lat' dir='ltr'><strong>pras-</strong></span> 
     </span>
    </p>
   </div>
   <div class='ocr_carea' id='block_1_99' title="bbox 203 2568 985 2607">
    <p class='ocr_par' dir='ltr' id='par_1_99' title="bbox 203 2568 985 2607">
     <span class='ocr_line' id='line_1_99' title="bbox 203 2568 985 2607; baseline 0.005 -12"><span class='ocrx_word' id='word_1_806' title='bbox 203 2568 344 2603; x_wconf 82' lang='lat' dir='ltr'><strong>parabatet</strong></span> <span class='ocrx_word' id='word_1_807' title='bbox 356 2569 501 2597; x_wconf 88' lang='lat' dir='ltr'><strong>instruebat</strong></span> <span class='ocrx_word' id='word_1_808' title='bbox 513 2577 617 2597; x_wconf 88' lang='lat' dir='ltr'><strong>servum</strong></span> <span class='ocrx_word' id='word_1_809' title='bbox 631 2570 759 2598; x_wconf 75' lang='lat' dir='ltr'><strong>afﬂictum</strong></span> <span class='ocrx_word' id='word_1_810' title='bbox 772 2590 780 2603; x_wconf 89' lang='lat'><strong>,</strong></span> <span class='ocrx_word' id='word_1_811' title='bbox 797 2575 826 2598; x_wconf 91' lang='lat' dir='ltr'><strong>ut</strong></span> <span class='ocrx_word' id='word_1_812' title='bbox 839 2571 926 2607; x_wconf 70' lang='lat' dir='ltr'><strong>fugam</strong></span> <span class='ocrx_word' id='word_1_813' title='bbox 942 2580 985 2599; x_wconf 82' lang='lat' dir='ltr'><strong>ar-</strong></span> 
     </span>
    </p>
   </div>
   <div class='ocr_carea' id='block_1_100' title="bbox 191 2615 986 2651">
    <p class='ocr_par' dir='ltr' id='par_1_100' title="bbox 191 2615 986 2651">
     <span class='ocr_line' id='line_1_100' title="bbox 191 2615 986 2651; baseline 0.003 -9"><span class='ocrx_word' id='word_1_814' title='bbox 191 2615 312 2649; x_wconf 61' lang='lat' dir='ltr'><strong>riperet.</strong></span> <span class='ocrx_word' id='word_1_815' title='bbox 328 2620 354 2643; x_wconf 90' lang='lat' dir='ltr'><strong>et</strong></span> <span class='ocrx_word' id='word_1_816' title='bbox 368 2615 546 2643; x_wconf 78' lang='lat' dir='ltr'><strong>venditionem</strong></span> <span class='ocrx_word' id='word_1_817' title='bbox 563 2620 682 2649; x_wconf 86' lang='lat' dir='ltr'><strong>peteret;</strong></span> <span class='ocrx_word' id='word_1_818' title='bbox 697 2620 725 2643; x_wconf 86' lang='lat' dir='ltr'><strong>et</strong></span> <span class='ocrx_word' id='word_1_819' title='bbox 746 2616 817 2644; x_wconf 84' lang='lat' dir='ltr'><strong>hunc</strong></span> <span class='ocrx_word' id='word_1_820' title='bbox 830 2624 986 2651; x_wconf 80' lang='lat' dir='ltr'><strong>comparans</strong></span> 
     </span>
    </p>
   </div>
   <div class='ocr_carea' id='block_1_101' title="bbox 192 2659 683 2695">
    <p class='ocr_par' dir='ltr' id='par_1_101' title="bbox 192 2659 683 2695">
     <span class='ocr_line' id='line_1_101' title="bbox 192 2659 683 2695; baseline 0.002 -9"><span class='ocrx_word' id='word_1_821' title='bbox 192 2659 298 2695; x_wconf 58' lang='lat' dir='ltr'><strong>justus,</strong></span> <span class='ocrx_word' id='word_1_822' title='bbox 308 2660 400 2687; x_wconf 80' lang='lat' dir='ltr'><strong>statim</strong></span> <span class='ocrx_word' id='word_1_823' title='bbox 417 2659 527 2687; x_wconf 85' lang='lat' dir='ltr'><strong>liberum</strong></span> <span class='ocrx_word' id='word_1_824' title='bbox 541 2661 683 2687; x_wconf 78' lang='lat' dir='ltr'><strong>statuebat.</strong></span> 
     </span>
    </p>
   </div>
   <div class='ocr_carea' id='block_1_102' title="bbox 238 2705 988 2742">
    <p class='ocr_par' dir='ltr' id='par_1_102' title="bbox 238 2705 988 2742">
     <span class='ocr_line' id='line_1_102' title="bbox 238 2705 988 2742; baseline 0.005 -10"><span class='ocrx_word' id='word_1_825' title='bbox 238 2705 303 2733; x_wconf 76' lang='lat' dir='ltr'><strong>Car.</strong></span> <span class='ocrx_word' id='word_1_826' title='bbox 319 2705 438 2733; x_wconf 82' lang='lat' dir='ltr'><strong>XXXIII.</strong></span> <span class='ocrx_word' id='word_1_827' title='bbox 450 2720 485 2726; x_wconf 88' lang='lat'><strong>-—</strong></span> <span class='ocrx_word' id='word_1_828' title='bbox 497 2706 615 2734; x_wconf 81' lang='lat' dir='ltr'><strong>Audiens</strong></span> <span class='ocrx_word' id='word_1_829' title='bbox 628 2707 771 2741; x_wconf 84' lang='lat' dir='ltr'><strong>aliquando</strong></span> <span class='ocrx_word' id='word_1_830' title='bbox 784 2707 922 2742; x_wconf 77' lang='lat' dir='ltr'><strong>cujusdam</strong></span> <span class='ocrx_word' id='word_1_831' title='bbox 936 2708 988 2736; x_wconf 87' lang='lat' dir='ltr'><strong>ele-</strong></span> 
     </span>
    </p>
   </div>
   <div class='ocr_carea' id='block_1_103' title="bbox 193 2751 987 2787">
    <p class='ocr_par' dir='ltr' id='par_1_103' title="bbox 193 2751 987 2787">
     <span class='ocr_line' id='line_1_103' title="bbox 193 2751 987 2787; baseline 0.006 -12"><span class='ocrx_word' id='word_1_832' title='bbox 193 2751 397 2784; x_wconf 65' lang='lat' dir='ltr'><strong>&#39;ctttosynatnris</strong></span> <span class='ocrx_word' id='word_1_833' title='bbox 410 2758 521 2785; x_wconf 88' lang='lat' dir='ltr'><strong>puerum</strong></span> <span class='ocrx_word' id='word_1_834' title='bbox 535 2751 686 2786; x_wconf 83' lang='lat' dir='ltr'><strong>orphanum</strong></span> <span class='ocrx_word' id='word_1_835' title='bbox 701 2752 856 2780; x_wconf 84' lang='lat' dir='ltr'><strong>derelictum</strong></span> <span class='ocrx_word' id='word_1_836' title='bbox 867 2773 875 2785; x_wconf 88' lang='lat'><strong>,</strong></span> <span class='ocrx_word' id='word_1_837' title='bbox 891 2760 987 2787; x_wconf 89' lang='lat' dir='ltr'><strong>paren-</strong></span> 
     </span>
    </p>
   </div>
   <div class='ocr_carea' id='block_1_104' title="bbox 194 2794 986 2834">
    <p class='ocr_par' dir='ltr' id='par_1_104' title="bbox 194 2794 986 2834">
     <span class='ocr_line' id='line_1_104' title="bbox 194 2794 986 2834; baseline 0.005 -11"><span class='ocrx_word' id='word_1_838' title='bbox 194 2794 272 2823; x_wconf 69' lang='grc' dir='ltr'><strong>ω».-</strong></span> <span class='ocrx_word' id='word_1_839' title='bbox 286 2795 342 2823; x_wconf 82' lang='lat' dir='ltr'><strong>suis</strong></span> <span class='ocrx_word' id='word_1_840' title='bbox 357 2796 541 2831; x_wconf 82' lang='lat' dir='ltr'><strong>morientibus,</strong></span> <span class='ocrx_word' id='word_1_841' title='bbox 555 2801 583 2826; x_wconf 86' lang='lat' dir='ltr'><strong>et</strong></span> <span class='ocrx_word' id='word_1_842' title='bbox 598 2798 625 2826; x_wconf 89' lang='lat' dir='ltr'><strong>in</strong></span> <span class='ocrx_word' id='word_1_843' title='bbox 647 2798 732 2826; x_wconf 86' lang='lat' dir='ltr'><strong>multa</strong></span> <span class='ocrx_word' id='word_1_844' title='bbox 747 2803 906 2834; x_wconf 81' lang='lat' dir='ltr'><strong>paupertate</strong></span> <span class='ocrx_word' id='word_1_845' title='bbox 919 2806 986 2827; x_wconf 81' lang='lat' dir='ltr'><strong>con-</strong></span> 
     </span>
    </p>
   </div>
   <div class='ocr_carea' id='block_1_105' title="bbox 1043 2254 1837 2291">
    <p class='ocr_par' dir='ltr' id='par_1_105' title="bbox 1043 2254 1837 2291">
     <span class='ocr_line' id='line_1_105' title="bbox 1043 2254 1837 2291; baseline 0.009 -11"><span class='ocrx_word' id='word_1_846' title='bbox 1043 2254 1126 2281; x_wconf 89' lang='lat' dir='ltr'><strong>dedit.</strong></span> <span class='ocrx_word' id='word_1_847' title='bbox 1147 2255 1316 2288; x_wconf 65' lang='lat' dir='ltr'><strong>Quasierunt</strong></span> <span class='ocrx_word' id='word_1_848' title='bbox 1329 2255 1418 2290; x_wconf 87' lang='lat' dir='ltr'><strong>itaque</strong></span> <span class='ocrx_word' id='word_1_849' title='bbox 1433 2256 1559 2284; x_wconf 66' lang='lat' dir='ltr'><strong>Ecclesia</strong></span> <span class='ocrx_word' id='word_1_850' title='bbox 1573 2263 1697 2291; x_wconf 68' lang='lat' dir='ltr'><strong>maiores</strong></span> <span class='ocrx_word' id='word_1_851' title='bbox 1712 2263 1744 2286; x_wconf 89' lang='lat' dir='ltr'><strong>et</strong></span> <span class='ocrx_word' id='word_1_852' title='bbox 1759 2261 1837 2287; x_wconf 83' lang='lat' dir='ltr'><strong>ordi-</strong></span> 
     </span>
    </p>
   </div>
   <div class='ocr_carea' id='block_1_106' title="bbox 1043 2299 1834 2338">
    <p class='ocr_par' dir='ltr' id='par_1_106' title="bbox 1043 2299 1834 2338">
     <span class='ocr_line' id='line_1_106' title="bbox 1043 2299 1834 2338; baseline 0.01 -13"><span class='ocrx_word' id='word_1_853' title='bbox 1043 2304 1151 2326; x_wconf 83' lang='lat' dir='ltr'><strong>natores</strong></span> <span class='ocrx_word' id='word_1_854' title='bbox 1165 2303 1194 2326; x_wconf 89' lang='lat' dir='ltr'><strong>ut</strong></span> <span class='ocrx_word' id='word_1_855' title='bbox 1207 2299 1233 2326; x_wconf 91' lang='lat' dir='ltr'><strong>in</strong></span> <span class='ocrx_word' id='word_1_856' title='bbox 1247 2305 1381 2327; x_wconf 74' lang='lat' dir='ltr'><strong>carcerein</strong></span> <span class='ocrx_word' id='word_1_857' title='bbox 1398 2300 1469 2329; x_wconf 85' lang='lat' dir='ltr'><strong>hunc</strong></span> <span class='ocrx_word' id='word_1_858' title='bbox 1483 2301 1636 2336; x_wconf 83' lang='lat' dir='ltr'><strong>mitterent,</strong></span> <span class='ocrx_word' id='word_1_859' title='bbox 1661 2307 1688 2331; x_wconf 86' lang='lat' dir='ltr'><strong>et</strong></span> <span class='ocrx_word' id='word_1_860' title='bbox 1703 2305 1834 2338; x_wconf 78' lang='lat' dir='ltr'><strong>publiea-</strong></span> 
     </span>
    </p>
   </div>
   <div class='ocr_carea' id='block_1_107' title="bbox 1044 2344 1837 2383">
    <p class='ocr_par' dir='ltr' id='par_1_107' title="bbox 1044 2344 1837 2383">
     <span class='ocr_line' id='line_1_107' title="bbox 1044 2344 1837 2383; baseline 0.01 -12"><span class='ocrx_word' id='word_1_861' title='bbox 1044 2349 1104 2371; x_wconf 83' lang='lat' dir='ltr'><strong>rent</strong></span> <span class='ocrx_word' id='word_1_862' title='bbox 1126 2344 1184 2379; x_wconf 72' lang='lat' dir='ltr'><strong>eius</strong></span> <span class='ocrx_word' id='word_1_863' title='bbox 1198 2345 1383 2373; x_wconf 77' lang='lat' dir='ltr'><strong>substantiam.</strong></span> <span class='ocrx_word' id='word_1_864' title='bbox 1400 2347 1435 2373; x_wconf 83' lang='lat' dir='ltr'><strong>At</strong></span> <span class='ocrx_word' id='word_1_865' title='bbox 1448 2347 1565 2375; x_wconf 82' lang='lat' dir='ltr'><strong>imitator</strong></span> <span class='ocrx_word' id='word_1_866' title='bbox 1579 2348 1705 2383; x_wconf 83' lang='lat' dir='ltr'><strong>dicentis,</strong></span> <span class='ocrx_word' id='word_1_867' title='bbox 1739 2351 1837 2379; x_wconf 76' lang='lat' dir='ltr'><strong>Estole</strong></span> 
     </span>
    </p>
   </div>
   <div class='ocr_carea' id='block_1_108' title="bbox 1045 2389 1837 2424">
    <p class='ocr_par' dir='ltr' id='par_1_108' title="bbox 1045 2389 1837 2424">
     <span class='ocr_line' id='line_1_108' title="bbox 1045 2389 1837 2424; baseline 0.013 -9"><span class='ocrx_word' id='word_1_868' title='bbox 1045 2389 1240 2423; x_wconf 82' lang='lat' dir='ltr'><strong>misericordes,</strong></span> <span class='ocrx_word' id='word_1_869' title='bbox 1268 2389 1337 2418; x_wconf 85' lang='lat' dir='ltr'><strong>sicut</strong></span> <span class='ocrx_word' id='word_1_870' title='bbox 1351 2396 1378 2419; x_wconf 88' lang='lat' dir='ltr'><strong>et</strong></span> <span class='ocrx_word' id='word_1_871' title='bbox 1399 2391 1478 2421; x_wconf 83' lang='lat' dir='ltr'><strong>Pater</strong></span> <span class='ocrx_word' id='word_1_872' title='bbox 1500 2398 1589 2421; x_wconf 86' lang='lat' dir='ltr'><strong>vester</strong></span> <span class='ocrx_word' id='word_1_873' title='bbox 1610 2394 1773 2423; x_wconf 77' lang='lat' dir='ltr'><strong>misericors</strong></span> <span class='ocrx_word' id='word_1_874' title='bbox 1795 2403 1837 2424; x_wconf 81' lang='lat' dir='ltr'><strong>est</strong></span> 
     </span>
    </p>
   </div>
   <div class='ocr_carea' id='block_1_109' title="bbox 1044 2433 1836 2475">
    <p class='ocr_par' dir='ltr' id='par_1_109' title="bbox 1044 2433 1836 2475">
     <span class='ocr_line' id='line_1_109' title="bbox 1044 2433 1836 2475; baseline 0.014 -16"><span class='ocrx_word' id='word_1_875' title='bbox 1044 2433 1132 2467; x_wconf 74' lang='lat' dir='ltr'><strong>(Luae</strong></span> <span class='ocrx_word' id='word_1_876' title='bbox 1143 2434 1191 2469; x_wconf 80' lang='lat' dir='ltr'><strong>vt),</strong></span> <span class='ocrx_word' id='word_1_877' title='bbox 1207 2434 1253 2469; x_wconf 93' lang='lat' dir='ltr'><strong>qui</strong></span> <span class='ocrx_word' id='word_1_878' title='bbox 1266 2435 1349 2463; x_wconf 88' lang='lat' dir='ltr'><strong>solem</strong></span> <span class='ocrx_word' id='word_1_879' title='bbox 1365 2443 1441 2464; x_wconf 87' lang='lat' dir='ltr'><strong>suum</strong></span> <span class='ocrx_word' id='word_1_880' title='bbox 1452 2438 1518 2465; x_wconf 90' lang='lat' dir='ltr'><strong>oriri</strong></span> <span class='ocrx_word' id='word_1_881' title='bbox 1531 2438 1594 2467; x_wconf 86' lang='lat' dir='ltr'><strong>facit</strong></span> <span class='ocrx_word' id='word_1_882' title='bbox 1606 2447 1689 2475; x_wconf 86' lang='lat' dir='ltr'><strong>super</strong></span> <span class='ocrx_word' id='word_1_883' title='bbox 1701 2441 1794 2470; x_wconf 83' lang='lat' dir='ltr'><strong>bonos</strong></span> <span class='ocrx_word' id='word_1_884' title='bbox 1809 2448 1836 2471; x_wconf 89' lang='lat' dir='ltr'><strong>et</strong></span> 
     </span>
    </p>
   </div>
   <div class='ocr_carea' id='block_1_110' title="bbox 1041 2480 1833 2524">
    <p class='ocr_par' dir='ltr' id='par_1_110' title="bbox 1041 2480 1833 2524">
     <span class='ocr_line' id='line_1_110' title="bbox 1041 2480 1833 2524; baseline 0.013 -18"><span class='ocrx_word' id='word_1_885' title='bbox 1041 2481 1136 2513; x_wconf 88' lang='lat' dir='ltr'><strong>malos,</strong></span> <span class='ocrx_word' id='word_1_886' title='bbox 1148 2485 1177 2508; x_wconf 91' lang='lat' dir='ltr'><strong>et</strong></span> <span class='ocrx_word' id='word_1_887' title='bbox 1190 2480 1256 2515; x_wconf 88' lang='lat' dir='ltr'><strong>pluit</strong></span> <span class='ocrx_word' id='word_1_888' title='bbox 1270 2488 1351 2516; x_wconf 86' lang='lat' dir='ltr'><strong>super</strong></span> <span class='ocrx_word' id='word_1_889' title='bbox 1361 2482 1446 2517; x_wconf 84' lang='lat' dir='ltr'><strong>justus</strong></span> <span class='ocrx_word' id='word_1_890' title='bbox 1460 2489 1488 2512; x_wconf 91' lang='lat' dir='ltr'><strong>et</strong></span> <span class='ocrx_word' id='word_1_891' title='bbox 1509 2484 1633 2520; x_wconf 78' lang='lat' dir='ltr'><strong>iniustos,</strong></span> <span class='ocrx_word' id='word_1_892' title='bbox 1658 2494 1833 2524; x_wconf 78' lang='lat' dir='ltr'><strong>nequaquam</strong></span> 
     </span>
    </p>
   </div>
   <div class='ocr_carea' id='block_1_111' title="bbox 1040 2526 1833 2565">
    <p class='ocr_par' dir='ltr' id='par_1_111' title="bbox 1040 2526 1833 2565">
     <span class='ocr_line' id='line_1_111' title="bbox 1040 2526 1833 2565; baseline 0.011 -12"><span class='ocrx_word' id='word_1_893' title='bbox 1040 2526 1092 2553; x_wconf 61' lang='lat' dir='ltr'><strong>illis</strong></span> <span class='ocrx_word' id='word_1_894' title='bbox 1106 2527 1251 2559; x_wconf 77' lang='lat' dir='ltr'><strong>consensit,</strong></span> <span class='ocrx_word' id='word_1_895' title='bbox 1268 2532 1297 2555; x_wconf 88' lang='lat' dir='ltr'><strong>ut</strong></span> <span class='ocrx_word' id='word_1_896' title='bbox 1307 2535 1367 2555; x_wconf 86' lang='lat' dir='ltr'><strong>eum</strong></span> <span class='ocrx_word' id='word_1_897' title='bbox 1380 2528 1539 2565; x_wconf 74' lang='lat' dir='ltr'><strong>afﬂigerent.</strong></span> <span class='ocrx_word' id='word_1_898' title='bbox 1557 2531 1604 2558; x_wconf 87' lang='lat' dir='ltr'><strong>His</strong></span> <span class='ocrx_word' id='word_1_899' title='bbox 1615 2537 1705 2560; x_wconf 86' lang='lat' dir='ltr'><strong>autem</strong></span> <span class='ocrx_word' id='word_1_900' title='bbox 1719 2536 1833 2562; x_wconf 81' lang='lat' dir='ltr'><strong>turbaa-</strong></span> 
     </span>
    </p>
   </div>
   <div class='ocr_carea' id='block_1_112' title="bbox 1037 2571 1833 2613">
    <p class='ocr_par' dir='ltr' id='par_1_112' title="bbox 1037 2571 1833 2613">
     <span class='ocr_line' id='line_1_112' title="bbox 1037 2571 1833 2613; baseline 0.011 -15"><span class='ocrx_word' id='word_1_901' title='bbox 1037 2571 1111 2599; x_wconf 82' lang='lat' dir='ltr'><strong>tibus</strong></span> <span class='ocrx_word' id='word_1_902' title='bbox 1122 2576 1215 2599; x_wconf 86' lang='lat' dir='ltr'><strong>contra</strong></span> <span class='ocrx_word' id='word_1_903' title='bbox 1229 2579 1301 2605; x_wconf 87' lang='lat' dir='ltr'><strong>eum.</strong></span> <span class='ocrx_word' id='word_1_904' title='bbox 1319 2577 1408 2608; x_wconf 86' lang='lat' dir='ltr'><strong>utpote</strong></span> <span class='ocrx_word' id='word_1_905' title='bbox 1420 2576 1464 2608; x_wconf 88' lang='lat' dir='ltr'><strong>qui</strong></span> <span class='ocrx_word' id='word_1_906' title='bbox 1480 2575 1638 2609; x_wconf 72' lang='lat' dir='ltr'><strong>patriarcha</strong></span> <span class='ocrx_word' id='word_1_907' title='bbox 1652 2576 1788 2613; x_wconf 82' lang='lat' dir='ltr'><strong>illuserat,</strong></span> <span class='ocrx_word' id='word_1_908' title='bbox 1806 2585 1833 2608; x_wconf 73' lang='grc' dir='ltr'><strong><em>α</em></strong></span> 
     </span>
    </p>
   </div>
   <div class='ocr_carea' id='block_1_113' title="bbox 1037 2617 1833 2658">
    <p class='ocr_par' dir='ltr' id='par_1_113' title="bbox 1037 2617 1833 2658">
     <span class='ocr_line' id='line_1_113' title="bbox 1037 2617 1833 2658; baseline 0.011 -15"><span class='ocrx_word' id='word_1_909' title='bbox 1037 2617 1188 2644; x_wconf 70' lang='lat' dir='ltr'><strong>dicentibus</strong></span> <span class='ocrx_word' id='word_1_910' title='bbox 1200 2617 1233 2644; x_wconf 85' lang='lat' dir='ltr'><strong>ad</strong></span> <span class='ocrx_word' id='word_1_911' title='bbox 1245 2618 1369 2646; x_wconf 88' lang='lat' dir='ltr'><strong>eumdem</strong></span> <span class='ocrx_word' id='word_1_912' title='bbox 1380 2624 1500 2647; x_wconf 86' lang='lat' dir='ltr'><strong>sanctum</strong></span> <span class='ocrx_word' id='word_1_913' title='bbox 1513 2629 1520 2646; x_wconf 89' lang='lat'>:</span> <span class='ocrx_word' id='word_1_914' title='bbox 1532 2621 1590 2648; x_wconf 81' lang='lat' dir='ltr'><strong>Non</strong></span> <span class='ocrx_word' id='word_1_915' title='bbox 1600 2622 1702 2656; x_wconf 85' lang='lat' dir='ltr'><strong>justum</strong></span> <span class='ocrx_word' id='word_1_916' title='bbox 1716 2629 1773 2658; x_wconf 84' lang='lat' dir='ltr'><strong>est,</strong></span> <span class='ocrx_word' id='word_1_917' title='bbox 1789 2626 1833 2652; x_wconf 81' lang='lat' dir='ltr'><strong>do-</strong></span> 
     </span>
    </p>
   </div>
   <div class='ocr_carea' id='block_1_114' title="bbox 1038 2663 1832 2699">
    <p class='ocr_par' dir='ltr' id='par_1_114' title="bbox 1038 2663 1832 2699">
     <span class='ocr_line' id='line_1_114' title="bbox 1038 2663 1832 2699; baseline 0.011 -10"><span class='ocrx_word' id='word_1_918' title='bbox 1038 2663 1122 2694; x_wconf 85' lang='lat' dir='ltr'><strong>mine,</strong></span> <span class='ocrx_word' id='word_1_919' title='bbox 1138 2667 1167 2689; x_wconf 91' lang='lat' dir='ltr'><strong>ut</strong></span> <span class='ocrx_word' id='word_1_920' title='bbox 1182 2663 1252 2697; x_wconf 84' lang='lat' dir='ltr'><strong>quod</strong></span> <span class='ocrx_word' id='word_1_921' title='bbox 1267 2670 1400 2699; x_wconf 87' lang='lat' dir='ltr'><strong>pauperes</strong></span> <span class='ocrx_word' id='word_1_922' title='bbox 1418 2666 1580 2699; x_wconf 86' lang='lat' dir='ltr'><strong>accipereut,</strong></span> <span class='ocrx_word' id='word_1_923' title='bbox 1601 2666 1645 2695; x_wconf 91' lang='lat' dir='ltr'><strong>hic</strong></span> <span class='ocrx_word' id='word_1_924' title='bbox 1672 2668 1832 2698; x_wconf 73' lang='lat' dir='ltr'><strong>luxuriosus</strong></span> 
     </span>
    </p>
   </div>
   <div class='ocr_carea' id='block_1_115' title="bbox 1039 2708 1829 2747">
    <p class='ocr_par' dir='ltr' id='par_1_115' title="bbox 1039 2708 1829 2747">
     <span class='ocr_line' id='line_1_115' title="bbox 1039 2708 1829 2747; baseline 0.013 -13"><span class='ocrx_word' id='word_1_925' title='bbox 1039 2708 1164 2743; x_wconf 76' lang='lat' dir='ltr'><strong>accipiat,</strong></span> <span class='ocrx_word' id='word_1_926' title='bbox 1189 2710 1329 2744; x_wconf 81' lang='lat' dir='ltr'><strong>respondit</strong></span> <span class='ocrx_word' id='word_1_927' title='bbox 1343 2715 1453 2738; x_wconf 81' lang='lat' dir='ltr'><strong>ecutitra</strong></span> <span class='ocrx_word' id='word_1_928' title='bbox 1469 2712 1514 2740; x_wconf 82' lang='lat' dir='ltr'><strong>ille</strong></span> <span class='ocrx_word' id='word_1_929' title='bbox 1524 2716 1568 2740; x_wconf 82' lang='lat' dir='ltr'><strong>ter</strong></span> <span class='ocrx_word' id='word_1_930' title='bbox 1583 2713 1687 2747; x_wconf 79' lang='lat' dir='ltr'><strong>beatos,</strong></span> <span class='ocrx_word' id='word_1_931' title='bbox 1713 2716 1829 2745; x_wconf 74' lang='lat' dir='ltr'><strong>dicens:</strong></span> 
     </span>
    </p>
   </div>
   <div class='ocr_carea' id='block_1_116' title="bbox 1039 2753 1831 2796">
    <p class='ocr_par' dir='ltr' id='par_1_116' title="bbox 1039 2753 1831 2796">
     <span class='ocr_line' id='line_1_116' title="bbox 1039 2753 1831 2796; baseline 0.013 -16"><span class='ocrx_word' id='word_1_932' title='bbox 1039 2753 1156 2787; x_wconf 80' lang='lat' dir='ltr'><strong>Credite,</strong></span> <span class='ocrx_word' id='word_1_933' title='bbox 1178 2754 1286 2789; x_wconf 80' lang='lat' dir='ltr'><strong>fratres,</strong></span> <span class='ocrx_word' id='word_1_934' title='bbox 1308 2757 1369 2790; x_wconf 83' lang='lat' dir='ltr'><strong>quia</strong></span> <span class='ocrx_word' id='word_1_935' title='bbox 1389 2757 1412 2784; x_wconf 89' lang='lat' dir='ltr'><strong>si</strong></span> <span class='ocrx_word' id='word_1_936' title='bbox 1427 2762 1502 2785; x_wconf 68' lang='lat' dir='ltr'><strong>extra</strong></span> <span class='ocrx_word' id='word_1_937' title='bbox 1516 2760 1677 2788; x_wconf 89' lang='lat' dir='ltr'><strong>voluntatem</strong></span> <span class='ocrx_word' id='word_1_938' title='bbox 1689 2762 1831 2796; x_wconf 66' lang='lat' dir='ltr'><strong>accipere-</strong></span> 
     </span>
    </p>
   </div>
   <div class='ocr_carea' id='block_1_117' title="bbox 1040 2799 1831 2841">
    <p class='ocr_par' dir='ltr' id='par_1_117' title="bbox 1040 2799 1831 2841">
     <span class='ocr_line' id='line_1_117' title="bbox 1040 2799 1831 2841; baseline 0.013 -14"><span class='ocrx_word' id='word_1_939' title='bbox 1040 2800 1076 2828; x_wconf 83' lang='lat' dir='ltr'><strong>tis</strong></span> <span class='ocrx_word' id='word_1_940' title='bbox 1090 2799 1188 2835; x_wconf 78' lang='lat' dir='ltr'><strong>aliquid</strong></span> <span class='ocrx_word' id='word_1_941' title='bbox 1200 2801 1234 2829; x_wconf 81' lang='lat' dir='ltr'><strong>ab</strong></span> <span class='ocrx_word' id='word_1_942' title='bbox 1247 2808 1290 2835; x_wconf 81' lang='lat' dir='ltr'><strong>ee,</strong></span> <span class='ocrx_word' id='word_1_943' title='bbox 1304 2801 1361 2831; x_wconf 86' lang='lat' dir='ltr'><strong>duo</strong></span> <span class='ocrx_word' id='word_1_944' title='bbox 1375 2804 1500 2832; x_wconf 81' lang='lat' dir='ltr'><strong>mandata</strong></span> <span class='ocrx_word' id='word_1_945' title='bbox 1519 2806 1785 2841; x_wconf 69' lang='lat' dir='ltr'><strong>transgmdenmini,</strong></span> <span class='ocrx_word' id='word_1_946' title='bbox 1800 2813 1831 2837; x_wconf 72' lang='lat' dir='ltr'><strong>ut</strong></span> 
     </span>
    </p>
   </div>
   <div class='ocr_carea' id='block_1_118' title="bbox 61 3068 1938 3188">
    <p class='ocr_par' dir='ltr' id='par_1_118' title="bbox 65 3068 1934 3188">
     <span class='ocr_line' id='line_1_118' title="bbox 65 3068 1934 3188; baseline 0 0"><span class='ocrx_word' id='word_1_947' title='bbox 65 3068 1934 3188; x_wconf 60' lang='grc'><strong>’-</strong></span> 
     </span>
    </p>
   </div>
  </div>
