1946 3194
143 129 211 157 “ﬁt

156 179 281 208 memoria
294 184 397 214 semper
417 177 547 205 retinebat
561 175 629 211 quod
643 179 735 202 sancto
761 174 873 207 Simoni,
890 173 934 208 qui
948 174 972 204 Δ

159 228 184 252 in
200 225 329 252 columnis
342 224 414 251 stetit
434 223 504 258 (85).
518 229 564 256 per
579 221 767 248 revelationem
783 220 880 248 factum
893 224 934 247 est

160 273 250 297 notum
267 277 274 294 :
289 268 354 301 Quia
370 267 409 304 (ut
422 267 468 302 ait)
494 271 606 294 exeunte
620 265 737 293 animae
752 272 874 299 corpore,
885 264 934 290 ob-

159 314 230 341 viant
244 313 267 340 ei
281 319 340 339 cum
354 312 503 339 ascenderit
515 319 531 338 a
546 316 615 338 terra
629 311 654 337 in
669 311 776 342 ccelum,
790 310 864 337 chori
880 309 935 336 d.e-

159 366 276 390 monum,
284 358 411 392 singuliin
420 357 526 391 proprio
534 356 636 384 ordine.
645 356 740 383 Obviat
750 355 773 383 ei
780 355 875 382 chorus
882 355 937 382 daa-

162 404 309 430 moulornm
322 402 464 436 superbiae,
481 402 620 436 investigat
633 409 706 434 eam,
715 401 737 428 si
752 401 847 428 habeat
855 406 937 434 opera

160 455 263 475 eorum.
270 447 364 475 Obviat
369 447 606 481 chorusspirituum
613 446 796 473 detractionis:
807 446 937 479 aspiciunt

160 494 183 521 si
198 493 301 528 quando
324 493 444 521 olilocuta
460 493 503 524 sit,
519 497 546 519 et
567 492 750 528 pmuitentiam
776 499 827 518 non
843 490 935 525 egerit.

162 539 275 567 Obviam
306 539 400 566 iterum
424 539 547 572 superius
573 538 707 565 daemones
731 536 935 563 fornicationis:

162 589 312 611 scrutantur
323 583 344 610 si
356 585 544 618 recognoscant
571 583 597 609 in
608 590 638 609 ea
654 582 803 615 voluptates
817 587 887 607 suas.
906 579 939 607 Et

161 628 265 663 quando
275 636 290 654 a
303 632 373 655 terra
386 635 469 661 usque
488 627 521 654 ad
533 626 629 654 omium
645 626 741 653 misera
765 625 851 652 anima
866 624 938 658 posi-

162 679 219 699 tura
234 672 361 700 rationem
378 671 537 705 pervenerit,
558 677 676 697 seorsum
691 670 724 696 ab
737 676 768 696 ea
792 668 876 696 sancti
890 675 938 695 an-

161 717 212 751 geli
224 716 339 750 stabunt,
356 720 383 744 et
406 724 456 744 non
483 715 644 750 adjuvabunt
667 721 725 741 eam
739 714 789 741 nisi
809 714 940 740 bonitates

162 769 225 789 sum;
242 761 305 788 Ilaec
328 761 497 790 considerans
522 761 564 787 hic
588 760 691 792 nobilis,
720 759 874 793 perterritus
893 765 940 792 pro

164 805 209 831 tali
225 805 288 831 hora
303 809 330 832 et
344 805 471 832 sollicitus
482 805 564 831 factus
578 808 629 836 est,
643 803 732 831 ferens
746 803 771 830 in
784 803 940 839 memoriam

162 854 187 876 ct
198 850 282 877 sancti
295 849 434 877 Hilarionis
444 849 576 884 eloquium
590 849 663 883 (Vita
678 847 920 882 Hilarionia,c.38)
932 856 941 881 ;

166 894 229 930 quia
239 902 298 921 eum
312 901 327 921 e
339 895 392 920 vita
406 901 560 928 egressurus
570 898 650 926 e~set,
662 892 812 920 formidavit
835 897 863 920 et
874 892 941 920 dixit

166 937 260 965 animae
270 945 325 965 suae
339 945 347 966 :
363 938 499 973 Octoginta
515 945 609 971 annos,
622 946 637 964 ο
649 937 758 965 humilis
781 938 880 970 anima,
896 937 942 964 ha-

166 982 212 1009 bes
228 983 347 1010 serviens
362 982 478 1015 Christo,
494 987 521 1010 et
536 982 610 1009 limes
620 983 708 1009 exire?
722 982 780 1012 Exi,
791 980 851 1016 quia
861 981 941 1008 mise-

166 1026 250 1053 ricors
266 1031 314 1053 est.
327 1027 359 1053 Et
370 1027 474 1054 dicebat
496 1027 544 1053 sibi
561 1026 707 1061 patriarcha
720 1035 726 1053 :
740 1026 767 1054 Si
780 1026 858 1060 islqui
870 1030 938 1053 octo-

165 1071 239 1102 ginta
251 1079 334 1099 annos
348 1072 458 1099 servivit
481 1072 596 1106 Christo,
610 1077 635 1100 et
659 1078 776 1100 mortuos
794 1071 943 1104 suscitavit,

166 1121 191 1142 ct
202 1116 277 1151 signa
293 1117 361 1147 fecit.
376 1117 463 1144 timuit
475 1117 671 1143 amaramillam
686 1116 787 1148 horam,
804 1115 867 1151 quid
895 1115 942 1142 ha-

168 1162 213 1187 hes
225 1166 263 1194 tu,
276 1161 381 1189 humilis
395 1162 522 1194 Joannes,
538 1161 627 1189 dicere
652 1166 698 1189 aut
719 1162 806 1189 Iacere
816 1183 823 1195 ,
839 1161 945 1196 quando

168 1205 332 1232 obviaverint
346 1206 371 1232 in
387 1206 480 1233 faciem
491 1210 562 1233 tuam
582 1198 705 1233 crudeles
720 1205 758 1233 illi
773 1210 799 1233 et
826 1206 945 1232 immiss

171 1252 286 1279 ricordes
295 1256 432 1279 exactores
443 1258 470 1280 et
481 1252 666 1287 inquisitores?
677 1252 716 1279 Ad
727 1256 839 1286 quantos
848 1252 946 1285 poteris

171 1296 299 1323 rationem
314 1297 435 1331 reddere,
444 1297 476 1324 ad
487 1305 532 1325 eos
543 1297 586 1332 qui
601 1297 744 1331 exquirunt
755 1297 786 1324 de
797 1296 946 1328 mendacio,

170 1341 202 1368 ad
215 1348 261 1368 eos
270 1341 313 1376 qui
321 1340 355 1368 de
366 1342 538 1373 detractione.
548 1343 579 1369 ad
590 1350 635 1369 cos
643 1342 686 1375 qui
698 1341 731 1369 de
740 1341 904 1374 crudelitate,
913 1342 945 1368 ad

170 1392 216 1413 eos
230 1386 273 1420 qui
289 1386 321 1413 de
335 1386 455 1419 avaritia,
471 1386 502 1414 ad
521 1394 567 1414 eos
578 1387 621 1421 qui
635 1387 668 1414 de
682 1387 807 1414 memoria
826 1386 899 1419 mali,
912 1386 945 1412 ad

168 1438 215 1458 eos
231 1431 275 1465 qui
302 1431 335 1459 de
349 1432 420 1465 odio,
436 1432 468 1459 ad
484 1440 530 1459 eos
548 1433 590 1467 qui
607 1432 746 1466 exquirunt
761 1432 794 1459 de
815 1431 947 1466 peijurio?

171 1475 202 1504 Et
232 1477 398 1504 dementatus
418 1477 521 1505 dicebat
546 1486 552 1503 :
574 1477 643 1504 Deus
659 1497 667 1510 ,
692 1481 720 1504 tu
750 1484 795 1504 eos
827 1477 944 1510 increta,

170 1527 229 1547 nam
261 1521 346 1548 omnis
365 1520 491 1549 fortitudo
520 1522 655 1548 hominum
684 1521 723 1548 eis
743 1521 867 1548 resistere
895 1514 982 1548 nonC

170 1566 247 1592 valet.
276 1565 332 1598 Tu,
364 1566 493 1600 Domine,
515 1567 548 1593 da
579 1567 655 1594 nobis
685 1567 808 1594 ductores
843 1572 949 1595 sanctos

169 1610 287 1644 angelos,
308 1611 352 1644 qui
378 1611 526 1639 custodiant
558 1617 583 1640 et
594 1612 741 1646 gubernem
770 1620 836 1646 nos;
866 1613 948 1640 multa

170 1656 239 1683 enim
272 1661 312 1682 est
340 1662 429 1683 eontra
462 1665 510 1685 nos
534 1666 625 1685 eorum
646 1659 757 1690 insania,
778 1659 875 1686 multus
895 1663 949 1686 tre-

172 1708 240 1733 mor,
254 1701 352 1728 multus
376 1702 464 1734 timur,
481 1703 591 1730 multum
608 1703 751 1737 periculum
777 1703 862 1738 pelagi
879 1704 948 1731 aeris

173 1745 263 1781 huius.
277 1746 304 1773 Si
315 1747 385 1774 eiiim
397 1747 430 1774 de
441 1748 546 1775 civitate
559 1756 585 1775 tn
602 1748 734 1776 civitatem
755 1756 836 1783 super
851 1753 947 1776 terram

171 1790 347 1824 ambulantes,
356 1792 528 1825 deprecamur
536 1800 581 1819 eos
593 1793 636 1828 qui
649 1793 725 1821 nobis
736 1794 860 1821 ductores
874 1799 948 1828 sunt,

171 1843 205 1864 ue
218 1837 245 1863 in
257 1836 401 1870 praecipitia
413 1837 541 1864 cedamus
554 1857 561 1869 ,
576 1842 621 1865 aut
635 1838 660 1864 in
683 1839 826 1873 agrestium
851 1839 949 1866 bestia-

171 1889 229 1909 rum
241 1882 311 1915 Ioca,
325 1887 370 1909 aut
387 1883 412 1909 in
428 1882 535 1910 flumina
551 1883 662 1916 infinita,
678 1889 724 1911 aut
739 1884 764 1911 in
778 1884 950 1918 inaccessibi-

163 1928 207 1955 les
229 1932 257 1954 ct
282 1927 372 1955 invios
388 1932 507 1960 montes,
529 1931 578 1954 aut
591 1935 620 1954 in
638 1931 777 1954 latronum
791 1934 890 1954 manus
905 1930 953 1953 aut

164 1974 192 2001 in
218 1981 343 2001 eremum
370 1973 679 2008 iucomprehensibilem
710 1976 757 2000 aut
782 1972 953 2007 inaquosam,

171 2020 199 2041 ct
212 2022 359 2048 pereamus.
371 2016 438 2048 Quot
451 2017 606 2043 ductoribus
620 2017 732 2045 fortibus
746 2022 773 2045 et
786 2018 883 2045 divinis
902 2025 949 2046 cu-

170 2060 288 2088 stodibus
314 2068 380 2094 opus
393 2062 528 2094 habemus,
545 2067 683 2097 pergentes
712 2063 788 2098 longa
803 2064 844 2091 via
859 2063 908 2092 hac
922 2069 949 2093 et

170 2110 280 2138 interna,
294 2107 428 2139 videlicet,
443 2115 502 2142 quae
513 2115 546 2135 ex
560 2115 672 2142 corpore
685 2113 726 2136 est
734 2110 863 2143 egressio,
875 2114 902 2137 et
915 2109 948 2136 ad

171 2150 267 2177 culum
294 2151 434 2179 ascensio?
450 2153 494 2179 Hae
507 2157 569 2180 sunt
587 2153 715 2187 sapientia
733 2155 816 2187 plentn
831 2154 900 2182 beati
915 2155 946 2181 ad

170 2202 199 2222 se
211 2200 237 2222 et
250 2195 283 2222 ad
301 2203 394 2223 omnes
417 2197 561 2230 doctrinae;
582 2198 623 2225 hie
638 2202 699 2225 sunt
711 2199 768 2232 ejus
790 2199 947 2233 quotidiana:
963 2188 987 2218 ί)

171 2248 242 2267 «ιιι-ιε
253 2245 332 2272 atque
348 2242 541 2272 meditationes.

205 2285 268 2313 Car.
289 2284 354 2313 XLI.
371 2299 407 2307 -—
419 2286 524 2314 Multam
540 2293 625 2314 utom
640 2293 667 2315 et
680 2289 713 2315 de
727 2294 816 2315 sancta
837 2289 951 2317 statione

170 2338 261 2359 curam
275 2331 388 2359 habebat
397 2354 405 2365 ,
416 2336 444 2359 et
456 2332 659 2360 sollicitudinem
673 2334 879 2361 demonstrabat.
893 2334 951 2362 Una

173 2376 244 2404 enim
258 2376 363 2404 dierum
377 2378 469 2405 volens
484 2377 581 2405 multos
591 2385 713 2406 resecare
723 2399 730 2411 ,
743 2383 770 2405 ut
782 2387 832 2406 non
844 2381 951 2413 egrede-

171 2427 263 2450 rentur
278 2428 339 2457 post
351 2422 507 2452 solutionem
527 2424 612 2451 sancti
632 2424 764 2457 Evangelii
779 2424 812 2451 de
825 2424 949 2456 ecclesia,

170 2471 199 2495 et
216 2468 311 2495 otiosis
330 2467 498 2496 sermonibus
518 2476 566 2503 pro
587 2469 708 2496 oratione
725 2473 864 2500 vacarent,
887 2469 948 2503 quid

170 2513 249 2541 fecit!
263 2512 379 2547 Reliquit
391 2520 469 2546 mox,
494 2518 632 2548 postquam
647 2514 743 2540 lectum
767 2518 808 2540 est
831 2518 949 2540 sanctum

170 2559 359 2593 Evangelium,
373 2559 534 2592 ecclesiam;
550 2563 577 2587 et
591 2560 647 2594 ipse
661 2560 741 2590 exiit,
758 2564 785 2586 et
803 2559 872 2585 sedit
891 2566 951 2586 cum

170 2605 257 2632 turba.
271 2604 397 2633 Omnibus
413 2613 476 2633 vero
487 2605 703 2639 obatupentibus,
715 2604 781 2631 dixit
792 2603 825 2630 ad
838 2611 884 2631 eos
894 2605 949 2637 jus-

171 2654 233 2675 tus:
253 2648 357 2683 Filioli,
372 2649 416 2677 ubi
431 2657 511 2683 oves,
534 2650 588 2677 illic
609 2653 637 2677 et
656 2654 755 2684 pastor.
778 2650 831 2676 Aut
854 2648 950 2676 intrate

172 2693 260 2727 intro,
275 2700 303 2722 et
317 2695 515 2731 ingrediemur;
531 2701 575 2723 aut
588 2700 694 2723 manete
708 2695 765 2727 hic,
782 2699 808 2722 et
829 2694 872 2721 hic
892 2700 950 2720 ma-

956 844 979 874 Β

172 2739 252 2767 ueho.
269 2740 324 2775 Ego
338 2745 444 2775 propter
462 2748 510 2769 vos
529 2741 663 2769 descendo
681 2742 707 2767 in
726 2743 844 2767 sanctam
865 2738 949 2766 eccle-

173 2784 255 2818 siam,
272 2792 332 2813 nam
353 2790 472 2820 poteram
490 2787 575 2815 facere
594 2786 714 2814 mihimet
734 2785 829 2814 niissas
849 2785 874 2812 in
894 2784 950 2819 epi-

672 119 810 150 LEONTII
832 118 1060 147 NEAI'OLITANI
1089 116 1242 145 EPISCOPI

1705 115 1718 141 I
1723 114 1775 143 65‘!

986 171 1087 206 scopio.
1108 170 1196 198 Semel
1211 173 1315 204 ergoet
1336 169 1376 197 bis
1397 169 1459 197 feeit
1482 169 1533 196 hoc
1551 168 1638 203 ipsum
1657 169 1769 196 schema

985 216 1028 244 ille
1162 214 1285 242 Erudivit
1295 218 1323 242 et
1341 215 1368 242 in
1387 214 1438 242 hoc
1455 214 1558 248 plebem
1569 214 1727 248 magniﬁce,
1741 218 1772 241 et

984 262 1154 294 emendavit;
1168 261 1296 288 timebant
1307 261 1377 289 enim
1385 281 1393 294 ,
1406 268 1440 289 ne
1454 261 1552 288 iterum
1562 260 1677 295 idipsum
1688 260 1770 288 ache-

985 316 1030 335 ma
1043 308 1142 335 faceret
1156 308 1196 334 eis
1210 307 1256 334 ille
1269 314 1376 341 semper
1388 307 1586 335 memorandus.

1020 353 1084 380 Car.
1106 352 1184 379 XLII.
1199 366 1235 374 —-
1249 352 1333 387 Loqui
1353 357 1440 380 autem
1463 352 1490 379 in
1515 359 1633 380 sacrario
1657 352 1771 380 omnino

987 404 1040 424 non
1067 397 1254 431 permittebat,
1275 397 1322 424 sed
1347 397 1374 424 in
1394 401 1539 432 conspectu
1558 397 1677 425 omnium
1698 396 1775 425 fora.

987 442 1108 471 mittebat
1119 450 1180 470 eum
1191 462 1201 475 ,
1213 443 1325 470 dicens:
1343 442 1373 470 Si
1388 442 1494 477 quidem
1513 447 1542 470 ut
1561 449 1653 471 orares
1672 443 1773 470 veniin

988 488 1039 515 huc
1047 507 1055 520 ,
1067 488 1093 515 in
1108 487 1158 515 hoc
1170 493 1286 515 mentem
1298 492 1369 515 team
1381 491 1408 514 et
1418 494 1450 514 os
1463 492 1535 515 tuum
1547 494 1643 516 vacare
1654 493 1773 521 exopta;

988 533 1011 560 si
1031 539 1096 559 vero
1115 536 1224 567 propter
1244 532 1424 564 locutionem,
1442 532 1570 566 scriptum
1587 536 1650 559 eat:
1671 532 1777 559 Domus

988 576 1035 604 Dei
1057 577 1153 607 domus
1171 577 1301 604 orationis
1320 577 1460 604 vocabitur
1480 576 1597 612 (lculi.
1611 584 1655 604 sat
1668 580 1701 612 );
1718 578 1777 605 noli

988 630 1053 657 ergo
1068 622 1157 651 facere
1171 629 1233 649 eam
1244 622 1396 655 speluncam
1412 621 1555 649 latronum.

1022 667 1088 693 Car.
1104 666 1194 693 XLIII.
1209 681 1244 686 —
1257 665 1313 693 Hoc
1332 671 1420 693 autem
1439 670 1496 694 erat
1516 666 1700 693 admirabilius
1713 674 1779 694 san-

989 711 1100 738 ctissimi
1115 711 1193 745 hujus
1206 708 1363 745 patriarcha
1371 732 1380 745 ,
1393 711 1518 746 quoniam
1530 718 1580 739 nec
1590 711 1781 739 monachicam

990 757 1069 783 vitam
1090 756 1208 788 ducens,
1224 763 1311 790 neque
1326 758 1352 784 in
1365 757 1437 784 clero
1456 760 1573 784 moratura
1592 757 1619 784 in
1636 757 1754 784 ecclesia
1766 776 1777 789 ,

990 801 1037 829 sed
1051 806 1079 829 et
1093 801 1199 829 feminae
1219 802 1336 836 legitime
1356 802 1456 829 dudum
1477 803 1635 837 conjunctus
1650 802 1728 838 (δῦ),
1744 804 1781 830 ita

994 847 1077 874 tenuit
1089 847 1206 881 vigorem
1218 847 1340 874 ecclesia:
1351 848 1385 874 ab
1397 848 1454 882 ipso
1467 848 1544 875 initio
1556 855 1609 882 quo
1624 848 1779 882 patriarcha

995 896 1167 919 consecratus
1183 896 1241 924 est,
1256 896 1284 920 et
1295 892 1322 919 in
1338 892 1417 920 talem
1436 893 1625 921 sublimitatem
1646 893 1789 923 exaltatu,

993 940 1034 964 est
1042 955 1050 968 ,
1065 940 1095 963 ut
1106 936 1204 964 multos
1217 937 1386 964 eremitarum
1398 943 1426 965 et
1437 938 1465 965 in
1476 942 1547 966 arcta
1559 939 1611 965 vita
1622 938 1781 973 degentium

992 987 1140 1016 superaret.

1028 1026 1093 1053 Car.
1110 1026 1200 1054 XLIV.
1216 1040 1250 1047 —
1266 1027 1362 1054 Volens
1375 1031 1463 1055 autem
1478 1035 1528 1055 nec
1541 1028 1620 1063 hujus
1634 1028 1698 1055 boni
1719 1035 1784 1056 esse

995 1070 1120 1104 ineapers
1130 1090 1137 1102 ,
1164 1070 1291 1098 videlicet
1311 1071 1472 1099 monachica
1485 1072 1547 1100 vita:
1561 1066 1784 1100 connumeratio-

995 1116 1053 1148 nis,
1077 1116 1166 1143 studet
1187 1123 1243 1143 rem
1268 1117 1368 1144 talem:
1395 1124 1557 1152 congregans
1582 1117 1651 1145 duos
1670 1118 1784 1145 ordines

995 1166 1146 1188 sanctorum
1160 1161 1349 1189 monachorum
1358 1182 1366 1194 ,
1380 1162 1471 1189 statuit
1485 1163 1511 1189 in
1523 1162 1563 1190 eis
1581 1169 1690 1190 omnem
1711 1163 1785 1190 utili-

995 1211 1075 1234 tatem
1090 1207 1166 1233 tribui
1181 1206 1215 1234 de
1229 1207 1299 1233 villis
1312 1207 1367 1234 suis
1382 1207 1409 1234 in
1430 1207 1537 1235 civitate
1549 1215 1596 1234 sua
1610 1216 1617 1234 :
1630 1212 1660 1235 et
1679 1207 1786 1235 faciens

996 1252 1035 1279 eis
1049 1252 1159 1279 cellulas
1179 1252 1205 1279 in
1221 1251 1324 1279 duobus
1336 1252 1460 1280 oratoriis
1474 1252 1594 1280 Domine
1607 1257 1709 1280 nostra:
1721 1260 1786 1280 saa-

996 1302 1046 1324 ctze
1071 1296 1118 1324 Dei
1141 1296 1293 1331 genitricis,
1315 1301 1342 1324 et
1359 1297 1443 1324 sancti
1464 1297 1588 1329 Joannis,
1607 1305 1668 1331 qua
1687 1297 1752 1332 ipse
1771 1305 1787 1325 a

996 1342 1173 1370 fundamentis
1195 1343 1387 1375 tediticaverat,
1403 1343 1494 1369 dicens
1514 1342 1708 1369 amantissimis
1730 1343 1787 1370 Deo

997 1387 1135 1414 monachis
1150 1387 1185 1414 ita
1199 1395 1205 1413 :
1220 1387 1275 1422 Ego
1288 1391 1348 1421 post
1363 1386 1445 1414 Deum
1460 1386 1599 1414 utilitatem
1613 1388 1787 1421 corporalem

996 1425 1113 1459 vestram
1132 1431 1296 1466 procumbo,
1318 1439 1365 1458 vos
1384 1436 1471 1458 autem
1491 1431 1636 1466 spiritualis
1658 1432 1787 1459 habetote

999 1483 1064 1503 mete
1084 1483 1175 1503 curam
1194 1475 1299 1503 salutis.
1322 1475 1478 1510 Vespertina
1498 1480 1525 1503 et
1545 1481 1673 1503 nocturna
1692 1477 1788 1511 vigilia

999 1519 1063 1547 mihi
1071 1518 1139 1554 apud
1149 1519 1230 1547 Deum
1241 1520 1400 1553 imputetur:
1415 1519 1542 1554 quidquid
1556 1527 1619 1547 vero
1632 1519 1659 1546 in
1673 1520 1785 1548 cellulis

1001 1566 1097 1593 vestris
1109 1565 1188 1593 officii
1203 1565 1328 1598 feceritis,
1343 1573 1391 1600 pro
1406 1565 1501 1593 vestris
1514 1566 1549 1593 sit
1562 1565 1701 1593 animabus.
1718 1566 1783 1593 Hoc

1001 1616 1090 1638 autem
1104 1611 1182 1644 fecit,
1197 1612 1289 1639 volens
1303 1611 1470 1639 sollicitiores
1490 1611 1598 1640 efficere
1615 1610 1662 1638 Dei
1677 1612 1786 1640 amicos

1000 1657 1157 1685 monachos.
1170 1657 1246 1685 Unde
1258 1662 1284 1684 et
1298 1657 1442 1691 permansit
1457 1656 1511 1684 Deo
1527 1657 1587 1684 talis
1599 1662 1671 1691 grata
1684 1658 1790 1685 consti-

1000 1703 1064 1729 tutio
1078 1702 1199 1729 ordinum
1213 1710 1220 1735 ;
1233 1706 1260 1729 et
1271 1702 1304 1729 ad
1317 1702 1514 1730 similitudinem
1526 1703 1680 1730 monasterii
1693 1710 1730 1730 ex
1747 1704 1792 1731 his

1000 1748 1096 1774 civitas
1115 1754 1182 1782 pene
1196 1747 1277 1780 vivit,
1302 1748 1329 1775 in
1341 1747 1454 1775 diversis
1469 1748 1534 1776 locis
1547 1748 1688 1783 pervigiles
1703 1749 1790 1786 hym-

1000 1792 1092 1820 nodias
1105 1792 1161 1820 Deo
1175 1792 1303 1820 referens.

1034 1837 1099 1865 Car.
1119 1837 1199 1865 XLV.
1215 1852 1249 1857 —
1263 1837 1297 1864 Et
1311 1837 1361 1865 hoc
1374 1837 1467 1865 beatus
1481 1838 1531 1865 iste
1543 1838 1580 1866 ita
1593 1846 1687 1866 omnes
1703 1839 1794 1867 doce.

1000 1882 1061 1916 bat,
1075 1887 1101 1909 et
1116 1882 1314 1910 contestabatur
1335 1882 1425 1910 dicens
1440 1891 1448 1910 :
1462 1882 1616 1910 Nullatenus
1636 1883 1791 1918 aliquando

1000 1930 1185 1957 haereticorum
1198 1929 1390 1956 communionis
1399 1949 1406 1961 ,
1421 1928 1474 1957 imo
1486 1929 1713 1964 coinquinationis
1726 1937 1794 1964 par-

999 1974 1160 2009 ticipemini,
1173 1974 1253 2001 etiam
1268 1974 1291 2002 si
1317 1974 1389 2001 omni
1403 1975 1455 2001 vita
1469 1979 1556 2002 vestra
1570 1981 1604 2003 ex
1621 1974 1715 2009 aliqua
1735 1976 1792 2002 im-

998 2020 1120 2055 pulsione
1145 2020 1187 2047 vel
1216 2020 1376 2047 necessitate
1402 2019 1612 2048 communionem
1639 2019 1791 2048 catholim

1001 2065 1131 2093 Ecclesia:
1153 2072 1205 2092 non
1228 2065 1408 2098 invenientes,
1432 2066 1490 2093 siue
1510 2066 1697 2094 communium
1724 2074 1791 2101 per-

1000 2112 1163 2140 manseritis.
1179 2110 1208 2138 Si
1224 2111 1313 2145 enim,
1327 2111 1384 2143 ait,
1402 2118 1511 2138 uxorem
1531 2111 1698 2145 corporalem
1722 2112 1794 2146 legi-

1002 2157 1064 2184 time
1076 2156 1254 2191 possidentes,
1267 2155 1293 2183 in
1308 2155 1414 2191 regione
1426 2156 1512 2189 aliqua
1525 2154 1664 2190 longinqua
1680 2155 1795 2190 absque

999 2202 1049 2229 ista
1063 2206 1182 2235 tempore
1195 2200 1278 2228 multo
1289 2204 1440 2232 morantes,
1453 2199 1602 2234 relinquere
1614 2200 1683 2226 hanc
1697 2204 1731 2226 et
1744 2200 1794 2227 alii

998 2247 1133 2281 copulari,
1152 2253 1167 2273 a
1187 2246 1241 2273 Dco
1257 2250 1284 2273 et
1298 2245 1401 2281 legibus
1415 2245 1594 2280 prohibemur,
1608 2244 1630 2271 si
1647 2252 1716 2271 vero
1738 2245 1797 2272 hoc

998 2292 1150 2327 egerimus,
1174 2290 1322 2325 punimur;
1341 2289 1473 2325 quomodo
1493 2294 1585 2323 putas,
1606 2288 1661 2315 Deo
1676 2295 1732 2323 per
1749 2296 1797 2316 re-

1001 2341 1068 2364 ctam
1091 2336 1168 2363 fidem
1188 2339 1216 2363 et
1232 2335 1388 2363 catholicam
1412 2335 1555 2362 Eeclesiam
1579 2334 1721 2368 conjuncti
1733 2355 1744 2368 ,
1763 2341 1798 2363 ut

1001 2382 1037 2409 ait
1053 2381 1212 2416 Apostolus:
1230 2381 1323 2415 Δρωνί
1338 2387 1386 2407 vos
1398 2381 1442 2407 uni
1456 2380 1513 2407 viro
1533 2379 1663 2415 virginem
1681 2385 1797 2408 castam

1001 2426 1128 2454 exhibere
1142 2424 1248 2452 Christo
1263 2425 1297 2461 (II
1307 2424 1366 2452 Cor.
1378 2425 1419 2460 ιι)
1429 2446 1437 2459 ,
1453 2425 1476 2451 si
1489 2424 1665 2451 orthodoxam
1678 2429 1709 2451 et
1727 2431 1797 2452 san-

1003 2476 1054 2498 tam
1070 2470 1147 2497 fidem
1166 2469 1379 2497 adulteraveritis
1400 2477 1447 2504 per
1468 2469 1681 2496 communionem
1698 2468 1801 2497 hare-

1002 2516 1124 2548 ticorum,
1138 2522 1191 2541 uou
1205 2514 1232 2541 in
1247 2515 1334 2541 futuro
1348 2514 1446 2541 saeculo
1461 2514 1595 2545 tormenti,
1608 2514 1679 2548 quod
1688 2521 1798 2549 exspe-

1002 2563 1056 2586 ctat
1079 2559 1235 2591 haereticos,
1254 2560 1354 2586 erimus
1374 2559 1434 2586 facti
1448 2559 1608 2593 participes?
1622 2558 1799 2588 Communia

1003 2605 1074 2633 enim
1085 2627 1092 2639 ,
1106 2605 1158 2637 ait,
1174 2605 1233 2632 ideo
1248 2604 1355 2638 dicitur,
1374 2612 1405 2632 eo
1420 2604 1488 2639 quod
1502 2611 1670 2631 communem
1686 2603 1797 2639 faciat,

1002 2655 1028 2678 et
1051 2650 1138 2677 firmet
1159 2649 1399 2677 communicantcm
1424 2649 1518 2683 quibus
1537 2649 1732 2676 communicat.
1756 2650 1800 2679 Ne

1003 2696 1091 2730 igitur,
1107 2702 1213 2729 qureso,
1234 2695 1286 2727 ait,
1304 2703 1321 2722 υ
1341 2694 1405 2728 ﬁlii,
1425 2694 1575 2729 hujusmodi
1595 2695 1728 2723 oratoriis
1750 2705 1801 2732 ap-

1003 2740 1114 2775 plicetis.

1039 2785 1103 2812 CAP.
1124 2783 1215 2811 XLVI.
1237 2799 1270 2805 —
1290 2783 1356 2812 Cum
1376 2785 1497 2813 omnibus
1516 2785 1593 2813 bonis
1612 2785 1668 2813 suis
1687 2791 1717 2814 et
1744 2787 1798 2815 hoc

43 2895 1937 3148 l____.
