3892 6388
313 243 318 248 ,
392 182 532 240 1655
1454 176 1732 240 LEONTII
1772 175 2236 233 NEAPOLITANI
2280 175 2586 233 EPISCOPI
3514 175 3671 230 1656

396 298 663 366 Cyprum,
713 295 766 347 in
814 292 1078 347 civitatem
1125 304 1300 346 suam.
1348 287 1502 344 Unde
1547 290 1827 366 occasione
1871 302 1963 341 ac-
1989 287 2375 353 A'glorillcaho
2403 286 2459 356 (I
2486 287 2610 357 Reg.
2644 287 2722 356 ιι).
2771 287 2908 346 Vere
2953 288 3096 344 enim
3136 289 3418 360 magniﬁce
3445 290 3666 360 gloriﬁ-

399 365 552 455 cepta
577 428 592 452 ,
629 384 878 455 pra-fatus
909 383 1087 436 Niceta
1119 380 1371 448 patricius
1399 379 1534 432 dixit
1567 365 1638 431 ad
1681 387 1922 432 sanctum
1949 395 1964 428 :
2071 380 2210 433 cavit
2237 389 2477 434 sanctum
2507 379 2670 449 hunc,
2700 381 2788 451 qui
2829 381 2883 435 in
2914 381 3024 436 suis
3052 395 3263 450 semper
3296 381 3454 436 bonis
3483 383 3666 452 glori-

397 476 664 535 Olisecro,
697 474 742 528 si
785 471 959 526 inveni
1001 468 1225 540 gratiam
1273 478 1395 522 ante
1435 479 1514 530 te,
1561 481 1629 522 ne
1667 465 1967 536 dedignaris
2070 467 2254 524 ﬁcatus
2289 479 2373 524 est
2411 470 2687 524 Dominus.
2722 469 2835 525 Non
2887 471 3030 525 enim
3073 470 3253 525 ferens
3290 471 3489 524 nobilis
3533 471 3662 532 hic,

401 566 610 636 fatigari
661 577 828 632 usque
875 560 941 614 ad
1008 559 1206 632 regiam
1273 558 1569 622 civitatem,
1610 566 1663 612 et
1700 556 1834 610 bene
1881 571 1966 612 ac—
2067 560 2345 629 temporali
2368 560 2473 614 vita
2499 573 2592 614 sua
2620 561 2998 629 conquiescere
3018 569 3202 615 sancta
3225 568 3279 615 et
3299 562 3461 630 digna
3491 562 3663 615 laude

400 667 584 724 ceptas
612 667 797 721 preces
842 659 958 705 tuas
999 649 1199 704 donare
1242 648 1497 717 piissimis
1537 648 1964 716 imperatoribus.
2067 650 2227 715 bona,
2253 650 2377 718 quid
2407 650 2554 719 egit?
2597 649 2962 714 Xenodocbia,
3007 651 3429 718 gerontocomia,
3487 661 3664 720 atque

397 741 490 800 lile
573 757 706 798 vero
777 745 962 800 multa:
1033 741 1160 800 ﬁdei
1231 739 1336 797 viri
1423 739 1796 804 cOnsentiens,
1839 737 1967 794 obe-
2069 737 2831 794 monasteriaal‘undamentis
2858 739 3155 805 aedificans,
3184 750 3240 795 et
3268 740 3476 794 choros
3519 755 3660 793 san-

405 835 559 890 dicns
590 834 654 888 ad
684 835 787 888 hoc
818 832 986 888 lactus
1016 843 1097 887 est
1135 833 1245 886 Deo
1283 840 1332 886 et
1373 831 1628 886 voluntati
1665 832 1813 898 ejus,
1850 839 1904 884 et
1936 843 1966 882 a
2067 838 2270 883 ctorum
2323 830 2704 884 monachorum
2765 837 3038 894 statuens,
3092 830 3469 884 incessabilem
3509 845 3663 883 vera

398 941 458 980 se
490 926 670 978 datum
697 926 952 978 honorem
978 933 1227 992 quantum
1252 931 1366 976 erat
1390 921 1527 976 circa
1555 921 1764 975 beatum
1789 930 1970 974 osteo-
2061 918 2279 988 jnstitiae
2307 919 2618 973 memoriam
2649 916 2904 985 possidet,
2936 932 3029 987 per
3051 933 3112 973 ea
3152 933 3272 989 qua:
3301 919 3663 974 celebrantur

399 1016 526 1072 dere
557 1018 787 1072 volente.
824 1016 1061 1086 Fatigata
1091 1014 1255 1085 igitur
1281 1014 1399 1068 navi
1442 1011 1806 1081 multipliciter
1843 1028 1874 1065 a
1915 1012 1964 1066 vi
2069 1009 2121 1062 in
2145 1008 2223 1062 eis
2252 1007 2387 1062 bona
2408 1022 2592 1077 opera.
2623 1007 2772 1076 Quod
2804 1008 2945 1063 enim
2971 1008 3038 1062 de
3069 1008 3150 1063 his
3177 1009 3266 1079 qui
3289 1010 3431 1062 mala
3461 1019 3664 1076 agunt,

404 1116 683 1161 ventorum
707 1149 722 1174 ,
758 1107 810 1161 in
841 1121 942 1178 qua
973 1116 1186 1159 sanctus
1213 1119 1331 1159 cum
1375 1105 1596 1172 patricio
1635 1112 1782 1169 erat,
1820 1112 1874 1158 et
1913 1102 1964 1156 in
2066 1107 2119 1152 et
2141 1111 2478 1152 successores
2505 1097 2837 1167 propriorum
2874 1096 3132 1152 malorum
3176 1108 3298 1167 post
3328 1107 3567 1152 mortem
3605 1098 3664 1153 in

407 1197 728 1263 profundum
760 1195 1017 1250 mittenda
1044 1235 1058 1258 ,
1090 1193 1234 1248 videt
1273 1208 1415 1265 sa‘pe
1443 1201 1768 1249 memoratus
1794 1193 1968 1262 patri-
2075 1189 2179 1241 vita
2213 1185 2313 1242 hac
2339 1187 2666 1256 relinquunt,
2697 1188 2771 1240 ait
2815 1184 3042 1241 Domino
3088 1187 3271 1256 plenus
3306 1187 3613 1256 Apost-dus
3647 1205 3663 1242 :

407 1287 552 1350 eius,
584 1296 636 1340 et
663 1286 948 1354 optimates
976 1283 1066 1354 qui
1109 1299 1228 1338 cum
1259 1299 1324 1338 eo
1351 1293 1502 1338 erant
1522 1325 1538 1351 ,
1569 1298 1673 1338 una
1702 1292 1882 1346 nocte,
1914 1282 1944 1335 it

2135 1277 2330 1329 ioniam
2351 1275 2698 1344 quorumdam
2752 1287 2971 1345 peccata
3029 1277 3310 1330 manifesta
3337 1287 3490 1340 sunt,
3518 1293 3664 1347 pra-

402 1393 508 1451 qua
537 1386 826 1446 tempestas
862 1376 995 1450 facta
1025 1384 1138 1440 est,
1171 1375 1519 1442 patriarcham
1560 1374 1718 1430 modo
1754 1373 1964 1444 quidem
2067 1369 2305 1424 cedentia
2334 1369 2399 1422 ad
2416 1368 2704 1437 judicium;
2737 1367 2991 1436 quosdam
3021 1379 3196 1422 autem
3221 1379 3276 1424 et
3305 1371 3666 1439 subsequun-

399 1487 518 1524 cum
565 1468 882 1538 pauperibus
935 1481 1033 1537 per
1077 1467 1252 1520 navim
1297 1464 1490 1533 ubique
1536 1464 1966 1518 circumcurren-
2068 1469 2175 1515 tur.
2194 1461 2304 1516 Hoc
2321 1470 2536 1516 econtra
2558 1457 2672 1530 (95)
2694 1458 2760 1514 de
2781 1460 3048 1514 boebeato
3068 1461 3350 1516 dicendum
3367 1462 3666 1530 est:Quo-

400 1567 535 1625 tem,
571 1558 730 1612 modo
758 1565 932 1613 autem
960 1559 1147 1611 iterum
1183 1571 1302 1610 cum
1345 1556 1424 1610 eis
1453 1570 1639 1608 manus
1682 1553 1735 1607 in
1773 1553 1964 1608 coelum
2068 1551 2210 1604 niam
2233 1551 2808 1621 quorumdamjustitim
2824 1553 3118 1607 manifestae
3139 1563 3262 1606 sunt
3281 1554 3664 1622 prmeedentes

400 1648 777 1703 cxtendentem
799 1686 815 1712 ,
846 1653 900 1700 et
938 1646 1005 1700 ab
1045 1646 1165 1699 alto‘
1193 1643 1508 1714 adjutorium
1549 1643 1958 1699 abstrahentem.
1995 1645 2038 1704 Β
2067 1639 2117 1693 in
2163 1655 2383 1709 regnum
2430 1641 2684 1696 cmlorum
2714 1639 2768 1713 (Ι
2790 1642 2950 1707 Tim.,
2981 1643 3055 1712 v),
3079 1643 3341 1713 quosdam
3389 1654 3580 1698 autem
3612 1654 3662 1700 et

400 1737 637 1804 Cumque
667 1737 720 1790 in
748 1735 993 1789 Rhodum
1025 1734 1138 1804 (90)
1183 1735 1550 1803 pervenissent
1584 1733 1964 1800 ascendentes,
2068 1731 2477 1801 subsequuntur,
2502 1734 2568 1788 de
2589 1734 2776 1802 quibus
2801 1750 2936 1789 unus
2961 1745 3015 1789 et
3043 1735 3142 1790 iste
3162 1737 3399 1792 exstitit.
3433 1737 3504 1789 Et
3522 1752 3659 1808 quo-

403 1825 546 1879 videt
570 1824 974 1894 expergefactus
1004 1835 1032 1874 a
1070 1823 1178 1876 Deo
1208 1831 1426 1878 vocatus
1457 1821 1542 1876 hic
1568 1821 1849 1893 quemdam
1878 1837 1969 1877 eu-
2068 1824 2207 1882 niam
2241 1838 2342 1878 non
2371 1823 2570 1890 fabula,
2595 1839 2767 1895 neque
2794 1825 2859 1879 ad
2886 1826 3110 1895 gratiam
3139 1835 3240 1892 est,
3273 1827 3422 1895 quod
3457 1829 3661 1882 dictum

407 1916 637 1969 nuchum
667 1924 1032 1969 coruscantem
1061 1912 1261 1979 forma,
1291 1921 1343 1968 et
1382 1927 1600 1968 aureum
1626 1922 1893 1983 sceptrum
1916 1913 1966 1966 in
2065 1923 2295 1981 constat,
2353 1917 2715 1970 testimonium
2770 1917 2923 1970 nobis
2972 1916 3245 1985 perhiheat
3298 1918 3467 1987 plane
3517 1920 3662 1988 quod

408 2005 590 2059 dextra
616 2012 905 2068 tenentem,
927 2004 1263 2058 assistentem
1282 2004 1379 2057 sibi
1404 2012 1456 2057 et
1481 2003 1741 2058 dicentem
1770 2021 1781 2055 :
1811 2001 1964 2069 Veni,
2066 2019 2188 2059 mox
2221 2005 2274 2059 in
2309 2005 2542 2074 pretiosa
2596 2006 2713 2074 ejus
2740 2005 3059 2061 dormitione
3086 2013 3298 2076 gestum
3330 2017 3419 2060 est
3474 2007 3664 2076 prodi-

405 2094 532 2162 jube
561 2095 705 2166 (9i),
732 2095 846 2149 Rex
879 2093 1209 2164 regnantium
1238 2093 1428 2163 quaerit
1458 2102 1530 2149 te.
1557 2093 1690 2147 Nihil
1714 2108 1840 2163 ergo
1863 2102 1973 2148 sta-
2065 2093 2233 2165 gium.
2267 2094 2530 2150 Tradente
2559 2095 2700 2150 enim
2737 2110 2803 2150 eo
2835 2105 2890 2151 et
2927 2097 3336 2151 commendante
3377 2098 3664 2166 propriam

403 2188 497 2239 tim
531 2185 831 2255 negligens,
861 2171 1083 2238 advocat
1123 2182 1397 2252 patricium
1440 2184 1672 2238 Niretam
1695 2225 1710 2249 ,
1753 2193 1808 2239 et
1841 2185 1968 2240 dicit
2067 2186 2300 2238 animam
2324 2185 2375 2239 in
2399 2199 2557 2240 manu
2579 2184 2811 2251 Domini,
2836 2193 2895 2239 ut
2918 2185 2991 2240 ait
3016 2184 3205 2241 alicubi
3231 2199 3387 2240 sacra
3422 2187 3664 2242 Littera:

401 2276 452 2331 ei
480 2289 603 2330 cum
635 2275 817 2329 multis
847 2273 1133 2344 lacrymis:
1165 2272 1242 2328 Tu
1271 2274 1481 2343 quidem
1503 2318 1517 2339 ,
1559 2290 1592 2328 ο
1622 2275 1872 2342 domine,
1901 2275 1965 2330 ad
2065 2273 2334 2330 lustr-runt
2379 2274 2570 2329 animae
2609 2274 2673 2330 'in
2706 2290 2866 2330 manu
2911 2275 3004 2331 Dei
3061 2284 3187 2330 sunt
3226 2275 3391 2347 (Sap.
3452 2278 3568 2347 In),
3613 2288 3668 2334 et

399 2374 672 2420 terrenum
721 2365 1093 2433 imperatorem
1125 2377 1210 2418 me
1237 2363 1436 2417 vocasti
1461 2381 1475 2430 ;
1507 2363 1601 2418 sed
1627 2365 1960 2433 praeveniens
2069 2365 2204 2419 hanc
2231 2365 2282 2421 ei
2313 2373 2369 2418 ut
2392 2365 2712 2420 sacrificium
2741 2365 3066 2421 immolatum
3099 2365 3379 2433 oti‘erente,
3415 2383 3549 2422 cum
3579 2385 3665 2423 re-

401 2453 669 2518 cmlestis,
699 2462 822 2506 ante
854 2453 1069 2507 vocavit
1099 2453 1444 2521 exiguitatem
1475 2468 1665 2509 meam.
1700 2454 1765 2508 Et
1791 2455 1968 2509 retulit
2071 2454 2410 2510 condendum
2442 2466 2585 2510 esset
2609 2455 2921 2512 honorabile
2948 2457 3062 2525 ejus
3083 2471 3281 2524 corpus
3331 2458 3665 2530 honoriﬁce,

400 2545 449 2599 ei
489 2544 748 2610 eunuchi,
794 2545 898 2598 imo
937 2544 1109 2613 angeli
1153 2544 1451 2609 visionem,
1495 2560 1615 2616 qua:
1653 2554 1970 2615 apparuerat
2067 2557 2264 2600 etcum
2289 2562 2525 2616 congruo
2554 2547 2920 2604 sacerdotibus
2952 2549 3054 2603 ritu
3103 2549 3156 2604 in
3202 2551 3442 2619 quodam
3475 2565 3666 2606 orato-

402 2635 528 2692 sihi.
573 2635 958 2707 Gavisusergo
1002 2647 1056 2691 et
1083 2639 1246 2692 tristis
1279 2639 1448 2692 factus
1477 2640 1614 2694 idem
1648 2641 1968 2710 gloriosissi-
2067 2636 2152 2691 rio
2189 2637 2358 2690 sancti
2412 2638 2788 2693 miraculorum
2843 2639 3058 2695 factoris
3102 2639 3376 2710 Tychonis
3399 2642 3552 2710 (94),
3603 2643 3666 2697 tu

406 2743 528 2784 mus
559 2731 656 2794 vir,
688 2727 946 2798 impedire
977 2737 1215 2783 sanctum
1249 2744 1352 2783 non
1387 2731 1574 2799 potuit.
1618 2731 1844 2788 Abunde
1875 2735 1970 2804 igi-
2065 2725 2330 2795 quoddam
2359 2727 2463 2781 me
2496 2727 2702 2796 Signum
2729 2727 3044 2797 gloriosum.

402 2829 488 2874 tur
528 2821 727 2876 sanctis
768 2821 881 2889 ejus
924 2821 1153 2890 repletus
1193 2821 1557 2889 orationibus,
1597 2832 1652 2878 et
1687 2823 1967 2893 imperato-
2136 2816 2264 2870 CAP.
2303 2814 2366 2869 L.
2408 2846 2477 2856 —
2512 2816 2764 2872 Jacebant
2792 2818 2842 2872 in
2861 2818 3093 2887 quodam
3119 2819 3347 2885 tumulo,
3372 2822 3470 2877 ubi
3495 2832 3548 2877 et
3562 2823 3663 2892 ju—

403 2911 552 2964 rihus
581 2912 675 2965 has
704 2909 952 2965 deferens
977 2955 991 2980 ,
1026 2925 1146 2964 cum
1177 2913 1342 2967 multo
1370 2911 1574 2969 honore
1606 2914 1781 2970 redire
1822 2915 1871 2972 ei
1913 2917 1966 2971 in
2068 2916 2181 2962 ειυε
2211 2907 2296 2961 hic
2323 2909 2657 2978 reponendus
2686 2919 2819 2975 erat.
2849 2909 3073 2965 duorum
3122 2913 3392 2980 quondam
3426 2915 3662 2981 episco-

399 2999 628 3070 Cyprum
649 2995 830 3068 jussit.
1991 2999 2037 3060 C
2071 3011 2282 3066 porum,
2309 2999 2397 3069 qui
2437 3008 2560 3054 ante
2601 2999 2946 3065 dormierant,
2993 3009 3177 3054 sancta
3224 3003 3495 3056 veraciter
3521 3018 3659 3056 cor-

470 3090 597 3142 Car.
637 3087 819 3141 XLIX.
864 3118 932 3127 —
973 3087 1292 3143 Adveniente
1331 3103 1458 3158 ergo
1487 3103 1552 3144 eo
1597 3089 1650 3147 in
1696 3090 1964 3162 propriam
2069 3105 2199 3160 pora
2229 3100 2574 3147 sanctorum:
2602 3106 2719 3161 quae
2747 3099 2801 3146 et
2843 3093 2898 3148 in
2929 3100 3116 3148 natura
3146 3092 3366 3148 exanimi
3405 3094 3649 3149 interim

403 3183 687 3243 civitatem,
719 3197 837 3250 qua:
866 3181 1182 3236 Amathunta
1207 3181 1321 3254 (9‘2)
1351 3183 1656 3250 vocabatur,
1683 3193 1964 3242 testamen.
2066 3181 2332 3251 degentia,
2366 3190 2615 3251 tanquam
2668 3181 2714 3238 si
2761 3185 2876 3238 viva
2924 3198 3111 3248 revera
3152 3191 3344 3246 essent,
3371 3184 3655 3252 aequalem

403 3287 512 3328 tum
542 3273 808 3344 proprium
851 3271 1084 3328 scribere
1124 3273 1230 3328 cito
1259 3272 1514 3328 ministris
1543 3276 1652 3328 suis
1694 3277 1965 3344 praeepit.
2065 3280 2250 3326 sancto
2275 3271 2532 3326 honorem
2566 3272 2882 3328 tribuerunt.
2915 3269 3048 3326 Cum
3095 3272 3235 3327 enim
3265 3273 3401 3328 beati
3445 3289 3663 3344 corpus

403 3364 666 3420 Velociter
692 3378 816 3419 vero
844 3373 896 3418 ct
927 3363 1038 3418 sine
1077 3364 1327 3418 dilatione
1358 3363 1594 3419 chartam
1625 3372 1678 3419 et
1707 3364 1966 3420 calamum
2067 3362 2206 3418 inter
2231 3363 2364 3418 duos
2384 3362 2500 3418 illos
2519 3363 2943 3432 componendum
2967 3371 3131 3428 esset,
3155 3364 3487 3419 honorantes
3514 3381 3668 3419 smn-

403 3455 866 3524 pracsenlantihus,
913 3455 1165 3524 praecepit
1209 3468 1417 3509 sacrum
1461 3453 1586 3506 illud
1632 3469 1692 3508 os
1731 3452 1968 3508 scribere
2071 3472 2214 3511 mum
2249 3464 2516 3523 pastorem
2559 3466 2822 3525 pastores,
2869 3464 2924 3512 et
2949 3457 3166 3510 multam
3213 3455 3341 3526 ejus
3392 3455 3664 3512 fiduciam

402 3548 519 3601 sic':
557 3565 577 3598 ι
613 3545 842 3600 Joannes
869 3560 1074 3610 servus,
1116 3553 1330 3614 propter
1357 3557 1473 3598 eam
1505 3558 1632 3597 vero
1672 3557 1793 3612 quae
1848 3557 1972 3612 sup-
2068 3548 2206 3616 apud
2240 3549 2403 3602 Deum
2428 3557 2762 3614 rever-entes,
2791 3549 3025 3604 simulet
3062 3549 3346 3613 mir-ames,
3387 3549 3496 3605 Dei
3538 3552 3670 3622 δυ..

403 3637 570 3706 posita
593 3644 675 3690 cst
694 3635 821 3690 mihi
852 3635 1132 3690 sacerdotii
1155 3634 1484 3706 dignitatem,
1511 3632 1603 3688 Dei
1625 3634 1788 3702 gratia
1812 3631 1964 3687 liber.
2069 3640 2218 3694 sione
2237 3650 2484 3710 tanquam
2505 3638 2610 3692 vivi
2623 3652 2845 3708 corpora
2864 3653 2958 3693 sua
2971 3639 3440 3710 separantes(95),
3469 3641 3527 3696 in
3545 3657 3669 3697 ne-
3695 3657 3704 3664 λ

403 3726 616 3781 Gratias
642 3739 760 3794 ago,
796 3725 952 3793 Dens,
979 3725 1095 3789 tibi,
1125 3722 1370 3792 quoniam
1401 3721 1668 3777 exandisti
1699 3722 1967 3776 miseriam
2071 3728 2158 3782 dio
2187 3740 2396 3782 sacrum
2443 3725 2586 3781 hunc
2625 3736 2998 3796 susceperunt,
3047 3727 3303 3784 honorem
3352 3739 3411 3783 et
3464 3731 3571 3797 ipsi
3615 3733 3670 3787 ei

405 3833 599 3881 meam,
654 3825 923 3884 rogantem
981 3815 1271 3869 bonitatem
1328 3823 1496 3880 tuam,
1544 3827 1610 3868 ne
1641 3813 1970 3869 inveniretur
2071 3820 2428 3894 praeceptione
2453 3817 2548 3873 Dei
2569 3819 2708 3874 sicut
2737 3833 2766 3872 a
2809 3819 2920 3874 Deo
2949 3819 3209 3873 honorato
3236 3819 3569 3886 oﬂerentes,
3615 3833 3674 3878 et

404 3907 652 3964 morienti
683 3907 810 3962 mihi
867 3908 965 3960 nisi
998 3923 1130 3960 unus
1185 3906 1462 3961 tremissis.
1495 3903 1799 3961 lnveniente
1827 3906 1968 3959 enim
2071 3909 2315 3964 omnibus
2352 3911 2528 3963 statim
2557 3908 2900 3965 ostendentes
2949 3925 3066 3976 qua:
3105 3924 3137 3964 a
3190 3909 3300 3964 Deo
3349 3911 3405 3966 ei
3457 3911 3672 3967 donata

405 4012 492 4052 me
541 3998 593 4051 in
646 3996 944 4052 honorabili
997 3996 1266 4065 episcopio
1317 3995 1668 4052 sanctissimae
1717 3995 1970 4051 Ecclesia:
2071 4011 2152 4056 est
2177 4002 2400 4070 gloriam
2427 4010 2585 4071 atque
2623 4001 3024 4057 sublimitatem.
3052 4000 3205 4068 Quod
3248 4002 3568 4058 maximum
3615 4015 3672 4059 et

405 4087 892 4142 Alexandrinorum
925 4095 1125 4155 magnae
1156 4086 1403 4152 civitatis,
1434 4101 1590 4156 quam
1640 4101 1734 4156 per
1785 4085 1971 4140 indul-
2073 4092 2514 4163 gloriosissimum
2544 4091 2877 4159 miraculum,
2907 4106 3011 4146 non
3042 4095 3196 4156 unus,
3227 4106 3404 4160 neque
3437 4093 3675 4160 decem,

405 4177 636 4244 gentiam
671 4177 762 4231 Dei
793 4175 1024 4247 suscepi,
1055 4176 1265 4248 quando
1295 4175 1348 4231 in
1377 4191 1438 4231 ea
1469 4185 1809 4230 consecratus
1851 4189 1968 4230 sum
2073 4198 2247 4252 neque
2285 4191 2498 4238 centum
2538 4182 2808 4249 viderunt,
2833 4181 2926 4236 sed
2952 4183 3124 4236 omnis
3163 4182 3316 4238 turba
3363 4198 3500 4252 qua
3529 4198 3675 4240 co.-

403 4269 706 4338 episcOpus,
738 4267 947 4323 circiter
975 4269 1240 4338 octoginta
1268 4269 1570 4323 centenaria
1600 4268 1738 4336 auri,
1767 4276 1822 4322 et
1851 4282 1968 4336 quae
2074 4274 2220 4330 venit
2245 4273 2314 4328 ad
2344 4273 2625 4341 pretiosam
2650 4272 2767 4340 ejus
2797 4272 3141 4340 sepultura.

404 4360 732 4414 intraverunt
780 4360 906 4413 mihi
961 4358 1028 4412 ab
1056 4357 1240 4411 amicis
1265 4357 1484 4423 Christi,
1526 4372 1657 4427 pene
1687 4372 1962 4410 numerum
1994 4341 2042 4402 Ῑ)
2139 4359 2267 4415 Car.
2319 4351 2407 4410 LI.
2438 4358 2687 4414 -Aliud
2745 4366 2930 4414 autem
2985 4360 3104 4432 ejus
3176 4361 3494 4432 gloriosius,
3512 4367 3674 4433 quod

407 4451 635 4504 hominis
667 4452 1077 4515 transcendunt;
1109 4452 1159 4503 in
1186 4453 1411 4520 seipsam
1438 4460 1665 4505 mentem
1688 4437 1976 4518 cofligens,
2071 4449 2282 4518 quidem
2313 4448 2486 4502 adhuc
2507 4451 2688 4504 vivens
2718 4449 2772 4506 in
2793 4464 2952 4504 carne
2980 4449 3136 4516 cmpit
3169 4453 3498 4506 miraculum
3522 4495 3539 4520 ,
3567 4458 3676 4510 sed

404 4548 462 4594 et
487 4553 815 4608 cognoscens
855 4540 965 4592 haec
992 4541 1167 4592 omnia
1191 4540 1537 4594 dominatoris
1563 4541 1796 4593 omnium
1825 4554 1964 4602 esse,
2073 4547 2350 4609 postquam
2383 4539 2628 4607 migravit
2655 4539 2720 4593 ad
2747 4540 2932 4607 Deum,
2958 4541 3262 4608 complevit,
3287 4557 3480 4597 sermo
3510 4561 3667 4600 con-

405 4632 648 4686 festinavi
679 4646 738 4686 ea
771 4647 888 4700 quae
920 4631 1008 4685 Dei
1052 4639 1202 4684 erant
1233 4631 1338 4684 Deo
1369 4630 1516 4684 dare.
1567 4629 1715 4683 Unde
1743 4635 1797 4684 et
1827 4628 1966 4696 quod
2073 4643 2367 4684 memorare
2393 4629 2634 4684 tentahit.
2658 4630 2843 4686 Mulier
2883 4630 3120 4699 quaedam
3149 4631 3217 4684 de
3257 4646 3320 4685 ea
3366 4649 3501 4700 qua
3531 4649 3678 4690 san.

407 4727 663 4779 remansit
688 4724 814 4777 mihi
843 4723 944 4778 hoc
973 4723 1232 4791 tremisse,
1269 4721 1359 4775 Dei
1389 4729 1444 4774 et
1474 4721 1572 4773 hoc
1603 4720 1860 4788 existens,
1880 4721 1966 4788 jn-
2053 4731 2213 4773 ’ctum
2244 4720 2461 4790 protulit
2503 4720 2717 4774 civitate
2765 4719 3020 4784 existens,
3069 4735 3187 4775 eum
3229 4721 3485 4777 audiSset
3537 4740 3674 4780 eum

408 4817 506 4870 beo
536 4814 652 4868 dari
679 4814 761 4867 his
790 4817 877 4882 qui
909 4823 1031 4869 sunt
1063 4813 1174 4867 Dei.
1212 4829 1230 4862 ι
1260 4813 1303 4866 Ο
1329 4812 1558 4880 gloriosa
1597 4811 1719 4864 res!
1750 4822 1783 4864 ο
1811 4810 1969 4863 devo-
2073 4813 2284 4866 venisse
2314 4825 2344 4864 a
2373 4811 2559 4865 Rhodo
2592 4809 2730 4880 (96),
2779 4820 2834 4864 et
2868 4811 3110 4880 angelum
3150 4812 3198 4866 ei
3251 4813 3458 4868 ibidem
3495 4831 3674 4885 appa-

406 4908 604 4961 tionem
633 4907 797 4960 sancti
831 4909 844 4959 ε
878 4907 989 4960 Non
1022 4901 1265 4967 attendit,
1321 4902 1457 4955 sicut
1478 4898 1778 4966 debuisset,
1824 4900 1967 4965 suis;
2075 4902 2263 4964 ruisse,
2317 4909 2372 4956 et
2422 4899 2749 4956 vocationem
2781 4904 2845 4955 ad
2895 4915 3226 4957 communem
3259 4903 3561 4961 Dominum
3619 4912 3674 4966 ei

413 4997 553 5068 quod
586 4997 784 5051 faciunt
811 4997 959 5050 multi
990 4994 1078 5064 qui
1114 4994 1166 5048 in
1196 4992 1392 5048 divitiis
1417 5000 1559 5058 sunt,
1590 4993 1678 5061 qui
1710 4990 1802 5045 Dei
1831 4989 1969 5044 dona
2075 4991 2436 5056 denuntiasse,
2474 5005 2760 5060 peccamen
2809 4993 3179 5061 gravissimum
3211 4995 3261 5047 iu
3291 5008 3355 5048 se
3383 5010 3680 5068 recogno-

407 5099 498 5143 aut
528 5102 591 5141 ex
623 5087 878 5156 injustitia
916 5084 1169 5151 collecta,
1203 5091 1449 5150 tanquam
1489 5082 1720 5150 prepria,
1761 5088 1814 5133 et
1858 5089 1971 5131 tan-
2077 5095 2250 5146 scens,
2278 5082 2419 5152 quod
2464 5095 2563 5136 nec
2585 5081 2794 5138 auditus
2839 5083 3110 5138 hominum
3140 5098 3293 5152 posse
3333 5085 3552 5141 intrare
3578 5085 3675 5141 af-

406 5194 564 5250 quam
594 5178 638 5233 si
666 5193 725 5232 ea
754 5191 931 5231 secum
963 5174 1098 5230 ferre
1128 5181 1364 5244 possunt,
1383 5171 1758 5238 thesaurizant,
1781 5178 1834 5223 et
1863 5181 1969 5221 non
2078 5173 2343 5241 ﬁrmabat,
2385 5173 2542 5228 ﬁdem
2583 5173 2938 5242 inambiguam
2985 5188 3230 5240 sumens,
3278 5175 3346 5228 ad
3391 5188 3670 5234 unctum

411 5271 555 5340 larg‘e
575 5269 757 5340 egenis
783 5268 1048 5336 prmbent;
1078 5265 1170 5320 sed
1200 5265 1285 5319 illa
1315 5262 1584 5335 quaerebat
1617 5275 1734 5330 qua:
1760 5273 1970 5326 semper
2076 5265 2272 5320 cursim
2296 5264 2571 5333 pervenit;
2596 5271 2650 5318 et
2671 5264 2833 5332 pedes
2853 5262 2967 5332 ejus
2992 5263 3488 5332 comprehendens,
3531 5278 3670 5322 eum

413 5372 648 5428 manent,
669 5375 718 5418 et
741 5361 1021 5429 aliquando
1043 5375 1146 5414 non
1169 5359 1494 5414 minuuntur.
1516 5357 1666 5412 Unde
1688 5359 1803 5410 sine
1823 5369 1972 5408 men-
2077 5352 2325 5422 lacrymis
2353 5352 2532 5406 multis
2561 5352 2843 5416 clamabat,
2872 5362 2924 5405 et
2953 5353 3136 5406 dicens
3167 5364 3378 5407 secreto
3405 5366 3618 5408 sancto
3640 5369 3668 5414 ι

409 5453 563 5507 dacio
591 5454 1092 5522 repromissionihus
1120 5467 1221 5508 non
1254 5460 1333 5508 est
1360 5451 1649 5515 fraudatus,
1679 5464 1794 5518 quae
1825 5461 1968 5502 asse-
2079 5447 2378 5510 Peccatum,
2410 5459 2442 5499 ο
2470 5453 2548 5498 ter
2577 5443 2754 5512 beate,
2777 5443 2947 5498 habeo
2970 5445 3186 5511 misera,
3213 5444 3357 5514 quod
3384 5445 3458 5499 ad
3491 5461 3666 5502 aura

417 5550 616 5610 verant,
649 5557 712 5598 ex
735 5558 958 5613 persona
982 5543 1094 5612 Dei,
1125 5543 1372 5614 quoniam
1403 5541 1488 5613 qui
1519 5539 1812 5612 gleriﬁcant
1860 5553 1971 5606 me,
2079 5535 2348 5592 hominum
2403 5533 2581 5589 venire
2634 5549 2740 5602 non
2793 5541 2987 5602 potest,
3037 5543 3089 5588 et
3115 5534 3225 5589 scio
3264 5532 3438 5604 quod,
3470 5535 3521 5590 si
3556 5536 3665 5604 vis,

95 5689 3192 6278 ὶ--ῂ

479 6189 586 6210 ⁵“
619 6206 630 6209 "
671 6203 834 6209 ""“'
991 6203 1004 6206 ’
3207 6185 3826 6246 _
