1946 3194
207 143 277 178 1683

721 150 877 182 LEONTII
899 150 1152 184 NEAPOLITAN!
1175 153 1342 185 EPISCOP]

1780 148 1850 182 168i.

204 207 331 235 corpora,
345 205 372 228 et
388 202 558 231 vestimentis
582 203 709 232 mollibus
731 206 835 239 induta,
853 213 879 234 et
895 207 977 242 juven

1047 208 1161 244 σώματα
1177 210 1277 241 ἁπαλὰ,
1299 210 1345 236 καὶ
1360 208 1480 244 ἱματίοις
1496 208 1629 243 μαλακοῖς
1648 206 1847 243 ᾕμῳιεσμέναι

205 250 291 273 tutem
309 246 335 273 in
356 247 461 274 deliciis
475 250 634 284 enutritam,
655 256 683 278 et
704 253 778 279 omni
795 253 955 281 relaxationi
970 258 997 280 et

203 289 357 325 deceptioui
367 291 525 320 obnoxiam.
543 293 620 321 Unde
640 296 750 331 sapiens
765 298 888 325 medicus
900 303 927 325 et
940 306 996 325 ma-

202 336 287 370 gister
303 336 395 364 divina
409 338 532 371 notione,
546 348 606 374 qua:
623 342 648 368 ei
661 342 759 374 inerat,
771 348 804 370 .et
815 344 993 378 experientia,

201 381 261 408 illos
271 383 404 417 exemplis
417 384 572 418 hujusmodi
586 392 613 413 et
623 388 734 415 monitis
752 390 881 422 munitos,
895 390 993 418 iterum

200 426 296 453 ambos
308 428 453 462 compellat
468 438 474 455 :
494 430 534 456 An
555 432 652 466 capitis
665 434 745 460 vestri
770 442 874 462 comam
888 437 994 463 tonderi

201 471 292 504 vultis,
309 481 340 500 ac
361 473 387 500 in
406 475 475 502 laico
494 476 549 511 (Μ)
567 477 673 510 habitu,
690 487 745 513 quo
757 480 844 507 induti
859 482 926 509 estis
943 482 993 509 ho-

201 517 256 550 die,
271 518 470 555 aliquantisper
487 524 684 556 perseverare?
697 524 779 558 Quasi
797 534 852 553 uno
865 528 990 557 consilio,

200 571 250 591 seu
262 566 354 600 potius
368 575 424 594 uno
439 568 541 602 Spiritu
558 575 653 597 sancto
665 571 728 603 acti,
740 572 820 599 ambo
833 573 993 601 acciderunt

198 610 233 636 ad
247 610 330 644 pedes
349 611 511 647 hegumeni,
541 620 668 649 rogantes
695 616 795 650 ipsum,
823 623 853 645 ut
881 627 942 646 mox
965 625 993 647 et

199 655 259 682 sine
280 658 525 691 procrastinationc
549 668 597 687 eos
624 662 757 689 tonderet.
785 662 818 689 Et
847 664 913 692 dixit
942 664 991 700 Sy-

199 709 295 734 mcon.
317 703 368 730 nisi
393 703 445 731 hoc
471 705 570 733 faceret
598 706 682 734 multa
711 716 773 735 eum
802 709 988 743 festinatione,

197 748 289 775 statim
305 749 378 783 ipsos
392 750 561 778 discessuros
577 752 610 779 ad
622 753 695 780 aliud
707 756 911 782 monasterium.
922 757 989 784 Nam

196 793 310 830 simplex
337 801 396 824 erat
414 802 442 824 et
466 797 617 831 innocuus;
637 799 757 827 Joannes
774 806 865 829 autem
887 804 990 838 majore

196 841 340 875 sapientia,
360 847 387 869 et
402 850 493 870 rerum
510 844 606 871 notitia
631 846 788 879 praestabat.
809 847 865 875 Nec
885 857 961 877 mora
980 858 987 877 :

196 890 307 914 sanctus
326 886 409 913 Nicon
424 896 645 923 unumquemque
661 898 755 918 eorum
781 899 905 920 seorsum
924 902 986 928 pre-

195 932 302 966 hendit,
317 934 468 968 periculum
485 935 579 962 volens
595 935 695 968 facere,
720 945 800 972 quam
817 938 919 966 fervida
941 948 986 967 re-

195 986 267 1010 rum,
292 986 308 1006 e
329 981 441 1007 materia
463 986 664 1014 coneretarum,
689 984 846 1011 secessione
868 985 923 1019 (15)
952 986 985 1012 ad

193 1024 280 1052 Deum
306 1026 479 1054 accederent.
499 1028 532 1055 Et
548 1028 671 1062 quaedam
695 1029 746 1064 ipsi
766 1029 845 1062 dixit.
869 1035 985 1058 conatus

192 1078 296 1099 moram
325 1072 447 1107 injicere,
471 1081 506 1100 tte
530 1074 574 1101 illa
589 1074 632 1102 die
656 1075 824 1107 tonderetur,
845 1077 891 1104 sed
911 1078 985 1105 nullo

192 1126 283 1153 opera:
295 1119 395 1152 fructu,
412 1128 500 1155 neque
514 1121 645 1149 alterutro
664 1130 760 1149 eorum
781 1125 983 1152 consentiente.

192 1164 244 1192 lvit
258 1165 347 1200 itaque
362 1166 395 1193 ad
408 1167 535 1199 alterum,
554 1172 581 1194 et
592 1168 659 1195 dixit
676 1177 682 1195 :
701 1168 772 1196 Ecce
792 1171 914 1204 persuasi
927 1170 984 1198 frao

192 1209 227 1237 tri
243 1215 289 1238 tuo
301 1216 330 1239 ttt
344 1211 438 1243 laicus.
454 1213 542 1247 qualis
553 1217 604 1247 est,
619 1220 729 1242 maneat
748 1216 782 1242 ad
796 1224 880 1243 unum
898 1225 984 1252 usque

191 1263 306 1284 annum.
335 1257 431 1285 Statim
461 1259 552 1294 itaque
577 1261 615 1288 illi
642 1262 782 1296 respondit
807 1263 841 1295 is,
864 1264 907 1290 cui
931 1264 983 1292 hoc

191 1303 297 1330 dixerat
313 1311 319 1329 :
338 1303 365 1330 Si
382 1304 438 1331 vult
455 1305 498 1332 ille
518 1313 639 1339 manere,
654 1313 781 1340 maneat;
798 1316 870 1339 vere,
891 1309 981 1342 Pater,

190 1348 243 1377 hoc
256 1357 306 1385 ego
320 1358 374 1377 non
391 1351 522 1377 sustineo.
538 1352 626 1386 Atque
639 1353 691 1380 hoc
702 1353 769 1380 dixit
784 1354 834 1388 ipsi
850 1355 982 1389 Symeon,

189 1396 300 1429 quando
326 1403 449 1423 seorsum
477 1405 539 1424 cum
570 1405 603 1424 eo
625 1398 733 1425 locutus
759 1398 835 1426 fuit:
862 1400 980 1433 Festina,

188 1440 281 1474 Pater,
297 1450 345 1476 per
360 1443 504 1470 Dominum
523 1443 606 1479 [oro].
630 1445 730 1471 etenim
754 1445 867 1472 multum
890 1446 982 1473 tremit

189 1494 281 1513 meum
296 1494 343 1514 cor
355 1491 469 1521 propter
489 1488 623 1514 JOannem
645 1489 768 1521 fratrem,
785 1491 831 1521 ne,
852 1490 981 1524 quoniam

188 1531 223 1558 ab
240 1539 314 1559 anno
333 1540 445 1559 uxorem
469 1533 547 1559 duxit
565 1533 734 1567 prmdivitem
764 1539 791 1561 et
821 1534 979 1566 formosam.
995 1551 1016 1579 C

188 1584 284 1604 rursus
298 1578 419 1612 rapiatur
434 1578 518 1612 ipsius
530 1578 677 1612 desiderio,
692 1584 717 1606 et
732 1580 766 1607 ab
783 1588 875 1608 amore
889 1581 981 1609 divino

188 1623 309 1650 deﬁciat.

224 1712 267 1740 12.
289 1712 409 1741 Joannes
426 1714 524 1741 iterum
537 1715 651 1743 seorsim
675 1716 759 1744 multa
775 1725 837 1744 cum
851 1725 932 1752 prece
952 1722 980 1745 et

187 1759 314 1795 lacrymis
327 1760 433 1795 (utpote
443 1761 488 1795 qui
515 1769 547 1788 ca
570 1762 655 1789 multo
674 1762 796 1790 vivacius
813 1771 868 1798 prae
891 1764 979 1791 oeulis

187 1806 314 1839 habebat.
334 1814 414 1841 quam
426 1806 511 1834 frater
526 1807 657 1842 Symeon)
674 1808 764 1835 eidem
780 1809 837 1835 viro
850 1813 979 1844 spectatae

185 1851 294 1878 virtutis
310 1851 376 1878 illud
388 1851 455 1879 dixit
472 1860 479 1878 :
499 1851 538 1879 Ne
549 1853 687 1887 permitte,
713 1852 803 1884 Pater.
820 1858 849 1880 ut
865 1853 977 1881 fratrem

185 1905 277 1924 meum
300 1897 423 1924 amittam
447 1903 559 1932 propter
583 1903 618 1925 te.
643 1898 750 1925 Etenim
776 1900 833 1926 sola
858 1900 909 1934 ipsi
936 1906 978 1928 est

184 1948 283 1975 mater,
300 1943 347 1970 sed
368 1948 421 1970 tam
440 1944 562 1978 impense
575 1945 704 1972 amabant
728 1945 799 1972 inter
819 1953 858 1977 se,
875 1951 905 1973 ut
922 1954 977 1973 non

182 1994 278 2023 posset
292 1989 360 2016 duas
380 1990 461 2017 horas
477 1990 536 2017 sine
551 1990 609 2024 ipsa
635 1991 785 2026 transigere
799 1999 806 2024 ;
828 1991 876 2019 sed
891 1999 977 2026 usque

185 2034 266 2062 hodie
281 2035 433 2062 dortnirent
454 2035 545 2066 simul,
563 2040 589 2062 et
610 2041 696 2063 mater
711 2037 779 2071 ejus,
796 2041 823 2063 et
845 2037 919 2071 ipse;
932 2045 978 2064 ne-

183 2087 237 2114 que
254 2084 337 2107 noctu
356 2080 476 2115 separari
494 2086 615 2115 possent.
642 2081 670 2108 ld
695 2082 766 2116 quod
791 2082 907 2109 maxime
933 2090 976 2109 me

183 2126 240 2153 mit
251 2131 279 2153 et
294 2127 395 2159 exedit,
422 2127 510 2154 donec
525 2127 612 2162 ipsum
630 2132 738 2154 tonsum
750 2128 855 2161 videro,
872 2133 901 2156 et
915 2132 976 2155 tan-

183 2172 244 2198 dem
258 2172 292 2199 de
306 2180 338 2199 eo
351 2180 406 2199 non
421 2173 537 2207 amplius
552 2173 681 2200 laborem.
700 2173 793 2200 Audiit
807 2174 847 2200 vir
861 2182 975 2209 magnus

1048 256 1095 281 καὶ
1108 256 1222 290 νεότητα
1248 256 1303 282 ἀπὸ
1330 255 1468 290 τρυῳηλοῦ
1498 255 1557 290 βίου
1580 253 1847 288 ἀνατεθραμμένην,

1048 300 1095 326 καὶ
1114 301 1142 326 ἐν
1157 300 1247 327 ἀνέσει
1261 301 1335 337 πάσῃ
1351 301 1398 326 καὶ
1416 300 1508 336 ἀπάτῃ
1524 298 1746 333 συνειθισμένην.
1762 298 1848 323 ὈΘΞν

1047 347 1061 372 ὁ
1073 346 1154 381 σοφὸς
1168 347 1258 382 ἰατρὸς
1276 347 1323 373 καὶ
1333 346 1490 375 διδάσκαλος
1510 347 1543 380 τῇ
1565 345 1663 379 ἐνούσῃ
1684 344 1763 377 αὐτῷ
1787 344 1847 377 Θείᾳ

1046 393 1145 424 γνώσει
1158 392 1205 417 καὶ
1216 391 1310 427 πείρᾳ,
1325 391 1436 423 τούτους
1452 392 1508 422 τοῖς
1523 390 1655 420 τοιούτοις
1670 388 1846 422 07726211751:-

1048 445 1089 463 σιν
1099 437 1146 464 καὶ
1161 437 1391 472 παραγγέλμασιν
1406 436 1532 467 ὁπλίσας,
1546 435 1621 468 λέγει
1643 435 1727 460 πάλιν
1751 435 1847 467 ἀμφο-

1029 482 1135 516 ¹τὲροις
1147 491 1154 498 ”
1172 482 1303 509 Βούλεσθε
1319 483 1369 518 τὴν
1380 482 1472 517 κόμην
1482 479 1531 516 τῆς
1544 481 1665 515 κεφαλῆς
1679 480 1763 514 ὑμῶν
1779 480 1847 505 ἁπο-

1045 528 1200 561 κείρασηαι,
1222 528 1238 562 ἢ
1260 528 1329 558 τέως
1354 528 1453 562 μικρὸν
1479 528 1575 562 χρόνον
1604 525 1782 561 ἐνδιατρῖψαι
1810 526 1846 559 τῷ

1043 573 1211 607 ἐπικειμένῳ
1226 573 1288 607 ὑμῖν
1302 574 1423 607 σήμερον
1438 572 1485 598 τοῦ
1499 572 1594 599 λαῐκοῦ
1611 572 1737 606 σχήματι
1750 580 1758 600 ;
1776 571 1845 596 Ὠσ-

1044 627 1095 653 περ
1110 618 1137 644 δὲ
1148 619 1179 644 ἐκ
1200 619 1264 652 μιᾶς
1279 618 1413 653 σκέψεως,
1430 618 1530 652 μᾶλλον
1543 617 1570 644 δὲ
1584 617 1613 649 ἑξ
1633 618 1693 648 ἑνὸς
1711 617 1845 651 Πνεῦμα-

1041 672 1087 694 το;
1102 664 1191 697 ἁγίου,
1217 663 1317 691 ἔπεσαν
1342 663 1493 699 ἀμφότεροι
1517 664 1569 689 ὑπὸ
1596 664 1660 694 τοὺς
1678 662 1772 693 rvi-61;
1798 662 1842 688 τοῦ

1042 709 1206 744 ἡγουμένου,
1224 709 1363 740 αἰτοῦντες
1374 709 1465 740 αὑτὸν,
1485 709 1585 740 εὐθέως
1606 710 1655 735 καὶ
1682 708 1844 742 ἁνυπερθέ-

1040 764 1094 787 τως
1106 755 1253 789 κουρεῦσαι
1269 756 1367 786 αὐτούς
1379 764 1385 770 ·
1399 756 1446 782 καὶ
1463 755 1556 788 ἔλεγεν
1575 756 1589 780 ὁ
1610 753 1741 789 Συμεὼν,
1759 755 1805 780 ὁτι
1823 755 1844 779 εἱ

1042 800 1079 836 μὴ
1096 800 1175 827 τοῦτο
1199 802 1305 836 ποιήσει
1329 801 1373 827 διὰ
1397 801 1495 827 πολλοῦ
1517 800 1565 826 τοῦ
1587 800 1702 834 τάχους,
1738 800 1842 830 cibit»;

1039 846 1208 880 ἀπέρχεσθαι
1224 846 1324 877 αὖτοὺς
1342 847 1381 876 εἰς
1398 846 1490 881 ἕτερον
1508 847 1712 880 μοναστήριον·
1736 846 1839 873 ἄκακος

1040 891 1093 926 γὰρ
1108 892 1155 917 καὶ
1172 891 1310 926 ἀπόνηρος
1332 892 1471 926 ὑπῆρχεν-
1486 892 1500 917 ὁ
1519 891 1547 917 δὲ
1566 891 1699 924 Ἰωάννης
1718 889 1837 924 ﬁge-3t:-

1041 946 1096 973 ρος,
1125 938 1172 964 καὶ
1197 937 1298 971 γνῶσιν
1318 937 1427 963 πλείονα
1455 936 1776 971 κεκτημένος.”Εὶα6ε-ι
1792 935 1834 961 ειν

1039 984 1141 1015 εὐοέως
1156 984 1205 1011 ἕνα
1215 985 1329 1011 ἕκαστον
1342 985 1432 1011 αὐτῶν
1444 984 1505 1010 κατ’
1520 983 1587 1009 ἰδίαν
1602 984 1617 1008 ὁ
1637 983 1717 1013 ὅσιος
1736 983 1837 1012 Νίκων,

1037 1030 1196 1065 δοκιμάσειν
1206 1030 1367 1065 βουλόμενος
1378 1029 1541 1065 ἀμφοτέρων
1549 1029 1597 1063 τὴν
1612 1029 1726 1063 θερμὴν
1737 1029 1838 1054 ἀποτα-

1037 1076 1099 1111 γὴν,
1115 1076 1166 1111 τὴν
1180 1076 1248 1111 πρὸς
1262 1076 1309 1102 τὸν
1327 1076 1404 1106 Θεὸν,
1417 1076 1466 1102 καὶ
1479 1074 1573 1108 ἔλεγεν
1587 1075 1665 1109 αὐτῷ
1680 1083 1759 1105 τινα,
1774 1075 1838 1099 ἁνι-

1036 1122 1148 1148 κόπτειν
1158 1122 1239 1148 αὑτὸν
1253 1121 1436 1157 πειρώμενος,
1458 1120 1506 1146 τοῦ
1527 1120 1565 1155 μὴ
1581 1120 1708 1154 καρῆναι
1725 1120 1755 1145 ἐν
1772 1120 1837 1153 αὑτῇ

1035 1170 1068 1202 τῇ
1087 1168 1190 1203 ἡμέρᾳ.
1217 1167 1270 1194 οὐδ’
1281 1167 1350 1199 ὅλως
1364 1167 1393 1193 δὲ
1408 1167 1438 1193 τὸ
1453 1166 1562 1193 σύνολον
1572 1175 1579 1181 ”
1595 1166 1657 1192 οὐδὲ
1677 1166 1780 1201 ἑτέρου
1794 1168 1837 1192 σὺ·

1034 1212 1089 1238 τῶν
1105 1212 1280 1247 συνθεμένου.
1297 1212 1417 1247 Ἥρχετο
1427 1211 1496 1247 πρὸς
1509 1211 1554 1237 τὸν
1569 1211 1666 1246 ἕτερον
1676 1231 1684 1243 ,
1704 1213 1754 1237 καὶ
1783 1213 1837 1238 Els-

1035 1267 1082 1292 γεν
1096 1258 1171 1293 αὐτῷ
1182 1266 1189 1273 ·
1210 1257 1277 1284 Ὶδοὺ
1291 1258 1337 1284 τὸν
1348 1257 1462 1291 ἀδελφόν
1480 1265 1526 1283 σου
1541 1256 1639 1282 ἔπεισα
1657 1258 1756 1290 μεῖναι
1769 1259 1837 1288 τέως

1034 1304 1080 1329 ἕνα
1099 1302 1234 1333 ἐνιαυτὸν,
1254 1303 1292 1334 ὡς
1309 1302 1383 1329 ἔστιν
1397 1302 1500 1334 λαῖκός.
1513 1302 1624 1333 Εὐθέως
1642 1302 1693 1328 οὖν
1715 1303 1836 1337 ἀπεκρί-

1034 1357 1098 1375 νατο
1114 1348 1198 1384 αὐτῷ,
1213 1349 1279 1383 πρὸς
1293 1348 1321 1374 ὃν
1338 1348 1418 1375 τοῦτο
1432 1349 1523 1381 ἔλεγεν
1536 1356 1542 1362 ·
1563 1348 1630 1374 Ἐὰν
1641 1348 1719 1374 θέλει
1732 1349 1836 1380 ἐκεῖνος

1035 1395 1135 1429 μεῖναι,
1158 1394 1248 1429 μείνῃ,
1279 1394 1375 1425 ὅντως,
1404 1394 1505 1429 Πάτερ,
1526 1394 1582 1427 ἐγὼ
1608 1394 1661 1420 οὐκ
1683 1395 1834 1428 ἀνέχομαι.

1033 1440 1090 1466 Καὶ
1102 1440 1181 1466 τοῦτο
1192 1440 1220 1466 δὲ
1236 1438 1313 1466 εἶπεν
1324 1440 1399 1475 αὐτῷ
1418 1441 1432 1466 ὁ
1449 1438 1575 1474 Συμεὼν,
1605 1440 1652 1465 ὅτε
1681 1440 1744 1465 κατ’
1762 1439 1834 1464 ἰδίαν

1033 1485 1163 1520 ἐλάλησεν
1178 1485 1273 1520 αὐτῷ’
1302 1485 1434 1517 Σπεῦσον,
1457 1485 1561 1519 Πάτερ,
1584 1485 1630 1510 διὰ
1644 1485 1693 1511 τὸν
1714 1485 1831 1519 Κύριον·

1033 1530 1146 1565 καὶγὰρ
1164 1529 1232 1556 πολύ
1252 1538 1303 1565 μου
1318 1530 1417 1565 τρέμει
1437 1531 1453 1565 ἡ
1473 1530 1573 1565 καρδία
1593 1530 1640 1556 διὰ
1652 1531 1697 1556 τὸν
1712 1530 1833 1564 ἀδελφὸν

1040 1576 1177 1611 Ἰωάννην,
1193 1577 1234 1603 ὅτι
1254 1576 1301 1603 ἀπ’
1321 1577 1398 1608 ἔτους
1413 1576 1528 1612 ὲςεύχοη
1547 1577 1655 1611 γυναικὶ
1682 1577 1752 1602 πάνυ
1776 1576 1828 1601 εὐ-

1033 1623 1109 1658 πόρῳ
1127 1623 1174 1649 καὶ
1190 1623 1290 1658 ὡραίᾳ,
1310 1623 1346 1658 μὴ
1364 1623 1445 1649 πάλιν
1460 1624 1474 1650 ὁ
1490 1624 1559 1659 προς
1576 1625 1660 1657 αὐτὴν
1674 1622 1757 1653 113%;
1773 1623 1826 1657 ἁρ-

1031 1669 1216 1702 πάσειαὺτδν,
1233 1670 1281 1696 καὶ
1298 1669 1419 1704 ἐκλείψει
1437 1670 1469 1695 ἐκ
1478 1669 1526 1695 τοῦ
1542 1670 1611 1704 πρὸς
1626 1669 1694 1695 Θεὸν
1711 1668 1812 1694 πέδου.

1069 1715 1112 1749 ιβ’.
1127 1715 1212 1742 Πάλιν
1234 1715 1262 1742 δὲ
1290 1716 1304 1742 ὁ
1331 1715 1459 1751 Ἰωάννης
1484 1715 1563 1741 τοῦτο
1574 1715 1652 1747 ,κατὰ
1677 1714 1767 1749 μόνας
1791 1715 1833 1750 τῷ

1030 1762 1104 1796 αὐτῷ
1117 1762 1236 1797 ἐναρέτῳ
1251 1761 1327 1797 ἀνδρὶ
1340 1759 1417 1788 εἶπεν
1443 1761 1514 1796 μετὰ
1532 1761 1636 1795 πολλῆς
1652 1761 1766 1792 ἕκεσὲας
1785 1762 1833 1787 ru".

1029 1808 1153 1843 δακρύων
1165 1816 1172 1823 ο
1185 1808 1231 1834 καὶ
1252 1807 1305 1842 γὰρ
1323 1807 1457 1840 ἐκέκτητο
1474 1807 1545 1833 αὐτὰ
1567 1807 1621 1841 πρὸ
1642 1806 1700 1832 τῶν
1724 1806 1833 1840 ὀφθαλ-

1031 1853 1089 1889 μῶν
1112 1852 1194 1879 αὐτοῦ
1224 1852 1345 1887 φυσικῶς
1362 1853 1446 1879 πλείω
1475 1851 1522 1878 τοῦ
1546 1851 1664 1886 ἀδελφοῦ
1693 1852 1832 1886 Συμεών·

1030 1899 1121 1934 Πάτερ
1141 1899 1180 1934 μὴ
1203 1898 1330 1925 ἀπολέσω
1350 1898 1396 1925 τὸν
1412 1898 1525 1932 ἀδελφόν
1560 1906 1612 1932 μου
1638 1897 1683 1923 διὰ
1706 1898 1759 1923 σοῦ
1787 1899 1833 1923 καὶ

1028 1945 1083 1981 γὰρ
1098 1945 1207 1980 μητέρα
1221 1944 1341 1979 κέκτητο
1357 1944 1448 1979 μόνον,
1465 1945 1512 1970 καὶ
1529 1943 1654 1974 τοιοῦτος
1676 1941 1714 1978 ἦν
1730 1945 1745 1969 ὁ
1764 1945 1834 1969 ἐκα-

1027 1992 1106 2026 τέρου
1121 1990 1213 2023 πόθος,
1233 1990 1303 2017 ὥστε
1325 1990 1362 2025 μὴ
1389 1990 1520 2016 δύνασθαι
1532 1989 1614 2016 αὐτὸν
1637 1990 1759 2023 ποιῆσαι
1786 1990 1834 2016 διο

1027 2036 1101 2071 ὥρας
1126 2034 1225 2067 ἔξωθεν
1250 2035 1346 2070 αὐτῆς,
1364 2035 1422 2062 ἀλλ’
1446 2035 1498 2066 ἕως
1518 2036 1640 2069 σήμερον
1671 2036 1834 2069 ἐκοιμῶντο

1027 2082 1191 2117 ἀμφότεροι,
1205 2081 1222 2116 ἦ
1233 2089 1262 2107 τε
1279 2082 1370 2117 μήτηρ
1379 2081 1461 2108 αὑτοῦ
1475 2081 1522 2107 καὶ
1533 2080 1625 2111 αὐτὸς.
1639 2081 1713 2115 μήτε
1728 2081 1834 2112 νυκτὸς

1026 2128 1192 2163 χωρίζεσθαι
1209 2128 1371 2162 δυνάμενοι·
1385 2128 1455 2162 ὅπερ
1472 2127 1592 2162 μάλιστα
1608 2126 1684 2152 καίει
1696 2128 1748 2153 καὶ
1760 2127 1832 2162 τρώ-

1027 2183 1070 2208 γει
1089 2183 1122 2209 με
1135 2175 1215 2210 ἄχρις
1230 2174 1263 2200 ἂν
1278 2174 1459 2208 κουρευθέντα
1474 2172 1555 2199 αὑτὸν
1570 2172 1629 2204 ἴδω,
1644 2173 1696 2198 καὶ
1712 2172 1831 2203 τελείως

183 2218 296 2245 alterius
315 2218 348 2244 de
365 2218 451 2244 altero
470 2226 575 2250 curam,
594 2223 619 2245 et
641 2223 731 2245 certus
746 2219 818 2253 quod
836 2227 891 2246 non
908 2228 975 2247 con-

1036 2220 1246 2255 ὶπομεριμνήσω
1260 2220 1326 2254 περὶ
1338 2218 1431 2247 αὐτοῦ.
1445 2219 1501 2252 Τῆς
1515 2218 1581 2252 παρ’
1595 2217 1772 2253 ἀμφοτέρων
1785 2217 1833 2245 οὖν

182 2263 278 2290 fundat
294 2263 375 2295 Deus,
388 2271 476 2297 neque
491 2264 624 2298 despiciat
638 2272 695 2296 eos,
708 2265 753 2299 qui
768 2272 799 2291 ex
818 2270 874 2292 toto
893 2266 976 2293 corde

181 2313 210 2336 et
222 2309 273 2336 tide
288 2317 340 2336 non
357 2309 498 2345 h'rsitante
514 2309 547 2336 ad
561 2310 648 2344 ipsum
666 2310 838 2345 confugiunt,
856 2310 975 2339 adducto

183 2355 287 2388 forfice,
304 2360 331 2382 et
345 2363 389 2387 eo,
410 2363 464 2390 quo
484 2364 532 2391 par
549 2360 600 2388 est,
616 2356 723 2388 ordine,
743 2356 821 2383 altari
836 2357 974 2392 superim-

181 2401 282 2437 posito,
303 2400 364 2428 illos
375 2402 492 2428 totondit
504 2401 570 2436 (I6),
587 2406 614 2427 et
628 2401 717 2427 exutis
729 2408 823 2428 eorum
841 2402 973 2434 vestibus,

181 2446 271 2474 induit
284 2454 332 2473 eos
358 2447 418 2473 aliis
440 2446 472 2473 ad
492 2446 759 2473 eommiserationem
781 2447 902 2482 quidem,
927 2449 973 2475 sed

181 2492 262 2519 simul
285 2493 318 2520 ad
343 2492 552 2520 sanctimoniam
575 2493 797 2520 accommodatis.
818 2493 973 2528 Compatie-

1029 2264 1099 2299 ὑπὲρ
1114 2264 1164 2299 τῆς
1179 2264 1218 2295 είς
1232 2264 1366 2299 ἀλλήλους
1380 2262 1521 2298 φροντίδος
1535 2262 1652 2297 ἤκουσεν
1675 2263 1692 2287 ὁ
1718 2263 1831 2296 μέγας,

1029 2312 1075 2338 κσ.)⁴
1090 2310 1320 2346 πληροφορηθεὶς,
1346 2310 1384 2342 ὡς
1400 2309 1430 2336 οὐ
1447 2308 1624 2343 καταισχύνει
1640 2308 1654 2333 ὁ
1666 2308 1751 2340 Θεὸς,
1768 2309 1832 2335 om

1028 2357 1201 2392 παραὸλέπει
1230 2357 1294 2388 τοὺς
1317 2356 1456 2390 ὁλοψὺχως
1486 2355 1533 2381 καὶ
1552 2354 1729 2385 ἁδιστᾶικτως
1751 2355 1832 2389 αὐτῷ

1028 2402 1267 2438 προσδραμόντας,
1279 2401 1392 2435 ἀγαγὼν
1406 2401 1437 2427 τὸ
1451 2400 1572 2435 ψαλίδιον
1584 2420 1591 2431 ,
1613 2400 1661 2426 καὶ
1684 2401 1762 2435 μετᾶ
1782 2403 1831 2437 τῆς

1028 2446 1223 2483 προσηκούσης
1236 2447 1349 2479 τάξεως,
1365 2446 1495 2477 τεθεικὼς
1509 2447 1555 2472 ἐπὶ
1568 2445 1614 2471 τοῦ
1628 2446 1710 2479 ἁγίου
1730 2446 1833 2473 ουσια-

1027 2493 1151 2528 στηρίου,
1169 2492 1333 2528 ὲκούρευσεν
1352 2492 1462 2524 αὐτοὺς.
1482 2492 1528 2518 καὶ
1543 2491 1659 2521 ἐκδύσεις
1678 2492 1831 2526 tinxit-ct

941 2550 1056 2577 NOTAE.

219 2596 274 2632 (14)
290 2595 388 2623 Laicus
402 2599 456 2628 est,
481 2596 526 2631 qui
546 2595 609 2624 vitae
634 2596 806 2623 institutione
832 2604 846 2623 a
871 2597 973 2631 populo

181 2640 236 2659 non
249 2636 291 2658 est
311 2632 457 2664 discretus,
471 2631 548 2667 quasi
564 2632 699 2665 popularis
720 2639 768 2658 sett
790 2632 936 2664 surcularis,
957 2640 972 2658 a

180 2667 255 2697 λαὸς,
274 2667 399 2700 populus.

217 2701 273 2763 ἳιὸ)
293 2702 414 2729 Observa
435 2702 508 2730 circa
534 2710 629 2730 vocem
655 2702 791 2737 ἀποταγή.
809 2709 843 2729 ex
869 2702 972 2729 lsidoro

231 2735 317 2762 usiota
347 2737 394 2763 lib.
419 2746 437 2763 ι.
462 2738 543 2763 eoist.
571 2738 582 2763 1
611 2737 645 2763 ad
668 2736 757 2763 Nilum
778 2737 943 2763 monachum
964 2746 970 2763 :

170 2735 317 2772 'l‘elitsiota
347 2737 394 2764 lib.
419 2746 437 2768 ι.
462 2738 543 2772 epist.
571 2738 582 2764 l
611 2737 645 2765 ad
668 2736 757 2764 Nilum
775 2735 943 2764 monachum
964 2746 970 2765 :

184 2782 193 2797 ι
216 2770 309 2807 Sancti
323 2771 383 2807 viri,
398 2770 555 2800 monasticae
576 2773 754 2807 philosophia:
779 2772 916 2807 principes
944 2777 972 2799 et

181 2805 363 2841 antesignani.
386 2814 417 2833 ex
442 2805 583 2834 aerumnis
593 2812 620 2835 et
640 2805 848 2838 certaminibus,
869 2805 973 2841 quibus

183 2840 319 2877 perfuncti
347 2845 419 2871 sunt.
445 2843 575 2869 vocabula
602 2850 711 2877 quoque
739 2843 819 2869 rebus
842 2840 971 2877 congrua,

183 2876 312 2904 monendi
338 2876 423 2903 nostri
448 2881 528 2910 atque
555 2877 696 2904 erudiendi
725 2885 805 2905 causa
833 2876 970 2911 impdsuc-

1027 2603 1091 2624 runt
1108 2607 1113 2625 :
1129 2606 1190 2626 eum
1206 2598 1348 2632 ἀποταγὴν
1362 2596 1545 2624 secessionem
1562 2604 1577 2623 a
1593 2596 1690 2628 rebus,
1711 2606 1748 2624 ex
1772 2607 1831 2625 ma-

1027 2633 1093 2660 teria
1124 2634 1261 2661 concretis
1278 2653 1286 2665 ,
1314 2637 1341 2660 et
1365 2633 1505 2667 ὑποταγὴν
1544 2632 1767 2667 propensionem
1796 2635 1828 2661 ad

1025 2668 1206 2695 obediendum
1222 2672 1425 2702 nuncuparunt.
1447 2677 1455 2692 ι

1061 2704 1115 2738 (16)
1135 2703 1218 2731 Breve
1243 2708 1286 2730 est
1305 2701 1370 2729 illud
1393 2703 1514 2730 auctoris
1541 2702 1577 2728 De
1595 2701 1668 2728 Eccl.
1686 2703 1827 2730 ἡξει-ανεξδ.

1025 2746 1085 2773 cap.
1100 2739 1135 2765 ὅτ
1157 2749 1166 2764 ‹
1184 2738 1320 2778 ἣκει-(105
1339 2738 1505 2778 monachum
1525 2737 1722 2778 sigq9_crueis_
1732 2740 1824 2778 ερῃςί.

1025 2772 1123 2809 gnans,
1140 2774 1237 2801 tondet
1247 2772 1281 2809 in
1294 2772 1406 2800 nomine
1420 2772 1519 2809 Patris.
1532 2778 1558 2799 et
1574 2772 1644 2809 Filii,
1659 2777 1689 2799 et
1705 2773 1824 2808 Spiritus

1025 2807 1123 2842 sancti,
1147 2808 1332 2843 detractisque
1358 2808 1545 2839 vestimentis,
1572 2807 1647 2842 nigra
1680 2814 1763 2836 reste
1787 2810 1825 2835 in-

1025 2844 1095 2873 duit.
1118 2853 1126 2869 ι

13 2923 244 3194 Ξ
1932 2939 1933 3006 χ
