1946 3194
347 70 360 85 ι

183 118 251 151 1687
298 115 303 120 ’

181 173 242 203 ille;
265 180 346 200 nemo
372 173 444 200 enim
473 172 500 202 in
528 176 585 199 toto
611 174 777 200 monasterio
815 178 856 200 est
879 174 970 204 homo,
989 183 1008 209 Α

181 225 261 252 quem
279 226 333 244 non
350 223 458 245 anteeat
476 218 590 245 honore.
614 217 683 245 Dicit
703 218 744 245 eis
765 219 850 246 abbas
865 230 870 246 :
892 219 970 252 Quali

182 263 306 290 honore?
321 261 399 290 Tunc
416 262 544 290 dixerunt
558 272 564 289 :
582 262 634 290 Per
649 271 722 294 eum,
745 263 834 296 Pater,
854 264 901 298 qui
923 272 974 291 nos

181 310 308 345 dignatur
323 309 375 335 hoc
391 308 485 335 habitu
502 312 529 335 ct
545 309 657 338 honore.
677 309 748 336 beati
762 317 856 336 sumus
868 314 894 336 et
911 317 972 339 nos,

183 355 204 381 si
221 361 236 380 a
253 353 298 380 tali
318 353 515 380 monachorum
544 352 728 385 multitudine,
755 361 849 380 cereos
864 357 974 388 gestan-

184 400 261 430 tium,
287 398 420 424 fuerimus
443 398 545 433 stipati,
571 402 598 424 ct
620 398 698 425 talem
721 405 862 429 coronam.
883 398 974 432 splen-

182 444 244 470 dide
261 444 408 474 lucentem,
425 443 622 478 gestaverimus
643 443 671 470 in
692 448 786 470 nostro
804 443 905 478 capite.
920 442 974 469 Pu-

184 489 276 516 tabant
293 489 366 516 enim
381 489 564 524 hcgumenum
584 490 665 516 ctiant
678 489 776 516 vidisse
791 496 834 521 ea,
846 496 906 523 qua:
922 488 973 523 ipsi

184 538 395 567 conspexerant.
410 533 467 560 Hoc
481 534 599 567 cognito,
615 541 670 560 non
689 534 759 561 dixit
774 534 841 568 ipsis
855 541 884 561 se
904 533 974 560 nihil

183 579 294 611 vidisse,
308 579 354 606 sed
370 579 465 609 tacuit,
481 583 509 606 et
521 579 722 614 simplicitatem
741 587 866 614 magnam
880 587 911 606 ac
923 587 974 614 pu-

187 624 295 651 ritatem
306 624 456 659 obstupuit,
470 624 643 658 potissimum
659 624 813 658 Symconis.

222 712 265 741 M.
278 712 334 741 lloc
345 718 435 740 autem
453 712 646 748 gratiosissime
657 712 698 740 eis
709 712 776 740 dixit
794 713 835 741 vir
845 721 972 749 magnus:

185 759 234 786 Die
249 760 368 786 crastina
386 767 434 786 vos
455 767 563 794 quoque
586 765 681 786 sancto
702 759 796 786 habitu
817 759 973 791 induemus,

185 805 325 839 aspirante
350 804 468 839 Spiritus
495 805 581 832 sancti
614 805 709 840 gratia.
738 805 797 838 Quo
824 810 973 840 assumpto.

186 854 267 884 prout
285 849 428 876 affirmavit
457 849 648 876 sanctissimus
670 849 814 881 diaconus,
842 849 976 876 innocuus
991 847 1012 873 Β

186 895 303 929 Symeon
319 894 496 924 asseveravit.
511 899 619 921 mutuos
635 902 664 922 se
682 894 784 922 vidisse
802 895 894 922 vultus
910 899 977 921 tem-

187 947 252 974 pore
267 939 367 971 noctis,
386 940 457 966 sicut
474 940 501 966 in
522 940 577 972 die,
595 943 623 966 et
644 940 746 966 similes
766 940 815 971 illi,
841 939 887 974 qui
914 944 976 966 ante

179 990 365 1020 apparuerat,
391 986 505 1012 alterum
528 986 556 1012 in
581 985 694 1013 alterius
722 986 811 1020 capite
836 992 974 1012 coronam.

188 1031 275 1060 Tanto
294 1037 394 1065 autem,
408 1032 508 1063 aiebat,
525 1037 618 1059 nostra
634 1039 711 1059 mens
726 1032 821 1058 atl‘ecta
836 1035 894 1057 erat
911 1038 976 1065 gau—

188 1077 243 1106 dio,
260 1082 288 1104 nt
303 1085 354 1104 nec
364 1077 455 1104 cibum
472 1085 522 1104 nec
534 1082 627 1112 potum
645 1082 754 1113 gustare
768 1077 875 1104 liberet.
889 1076 976 1103 Exac-

189 1122 223 1150 tis
234 1122 325 1157 itaque
335 1123 369 1149 ab
379 1128 519 1157 assumpto
533 1126 627 1150 sancto
642 1123 736 1150 habitu
751 1123 856 1150 duobus
868 1122 975 1153 diebus,

187 1168 407 1203 contemplantur
434 1168 520 1199 illum,
539 1168 585 1203 qui
609 1173 671 1195 ante
695 1173 799 1203 septem
831 1168 890 1195 dies
913 1175 975 1194 eum

187 1219 381 1248 assumpserat,
406 1222 485 1248 quem
499 1214 580 1241 etiam
599 1220 759 1241 coronatum
776 1218 804 1242 et
819 1214 976 1241 comitatum

187 1265 387 1295 conspexerant
408 1261 524 1295 (ferebat
547 1261 592 1288 hic
608 1261 720 1288 mantile
738 1265 766 1287 et
783 1260 975 1293 ministrabat;

187 1306 235 1333 sed
255 1314 310 1333 non
331 1305 448 1340 amplius
465 1306 595 1340 deinceps
611 1314 738 1334 coronam
765 1306 845 1340 capiti
866 1305 978 1340 imposi-

189 1355 256 1383 tam,
271 1359 321 1378 ncc
333 1358 441 1378 rursum
456 1352 606 1378 monachos
626 1359 688 1378 cum
712 1351 799 1378 cereis
814 1351 977 1378 comitantes

191 1395 332 1428 habebat),
350 1398 378 1422 et
392 1395 482 1422 mirati
498 1399 571 1422 sunt.
591 1395 714 1430 Dicitque
726 1395 841 1431 Symeon
858 1395 974 1422 Joanni:

180 1441 285 1479 'Crede,
304 1441 398 1472 frater,
417 1441 525 1468 tametsi
546 1441 627 1468 etiam
642 1448 691 1468 nos
703 1446 807 1475 septem
822 1441 905 1468 hosce
919 1441 977 1468 dies

187 1486 402 1521 impleverimus,
416 1494 472 1513 non
493 1487 584 1513 adhuc
597 1487 760 1521 elegantiam
784 1487 856 1513 illam
874 1491 902 1513 et
916 1494 977 1521 gra-

181 1531 253 1569 _tiam
271 1538 366 1558 sumus
386 1531 514 1558 habituri.
540 1531 571 1557 Et
592 1531 658 1558 dicit
677 1530 796 1557 Joannes
813 1539 819 1557 :
844 1531 914 1563 Quid
938 1530 978 1557 vis

188 1580 221 1603 ut
235 1576 291 1607 fiat,
311 1575 412 1602 frater?
426 1575 474 1602 Cui
489 1575 532 1601 ille
549 1574 647 1602 iterum
661 1583 667 1601 :
689 1575 716 1602 Si
733 1583 776 1602 me
790 1575 878 1606 audis,
894 1579 922 1602 ut
936 1582 981 1602 res

189 1621 334 1648 saeculares
346 1628 413 1655 quas
427 1620 600 1655 reliquimus,
617 1625 645 1648 et
659 1621 750 1648 valere
762 1621 904 1656 jussimus,
918 1628 980 1656 per-

190 1666 259 1694 fecte
270 1670 325 1693 toto
338 1666 422 1693 animi
436 1666 500 1694 nisu
515 1667 605 1694 valere
622 1667 778 1701 iubeamus.
793 1667 880 1694 Aliam
902 1675 981 1694 nam-

189 1720 242 1746 que
255 1712 336 1739 vitam
356 1717 384 1740 et
404 1720 447 1739 res
463 1720 548 1740 novas
564 1713 736 1748 contemplor
753 1714 780 1740 in
799 1714 851 1741 hoc
872 1713 976 1741 habitu.

189 1757 229 1785 Ex
258 1766 313 1792 quo
334 1758 408 1785 enim
434 1758 530 1785 eodem
553 1766 603 1785 nos
624 1758 712 1786 induit
735 1759 783 1786 Dei
801 1767 906 1791 Servus,
930 1759 979 1786 ila-

190 1808 269 1839 grant
280 1811 339 1831 mea
353 1804 513 1838 praecordia,
529 1804 623 1831 nescio
636 1805 719 1837 unde,
741 1810 769 1832 et
782 1805 878 1840 quatrit
889 1805 980 1833 anima

190 1856 251 1875 mea
279 1856 335 1876 non
365 1849 458 1876 videre
483 1857 658 1884 quemquam,
682 1858 772 1884 neque
794 1851 904 1885 alloqui,
929 1859 980 1878 nec

191 1894 294 1921 audire.
322 1894 393 1922 Dicit
419 1895 444 1921 ei
467 1894 614 1922 Joannes:
641 1895 674 1922 Et
697 1896 762 1930 quid
786 1897 979 1930 comedemus,

153 1938 156 1941 ’
191 1938 295 1965 frater?
317 1938 366 1965 Cui
383 1939 522 1974 Symeon:
548 1939 589 1965 An
616 1939 774 1972 comedunt,
801 1940 846 1975 qui
871 1949 981 1974 pascen-

191 1988 229 2011 tes
252 1984 306 2019 (18)
324 1990 465 2018 vocantur,
480 1985 514 2012 de
536 1985 636 2019 quibus
659 1985 717 2012 heri
740 1986 868 2013 dominus
895 1986 979 2013 Nicon

191 2036 345 2056 sermonem
363 2037 471 2064 quoque
488 2030 522 2057 ad
538 2037 588 2056 nos
604 2030 719 2057 habuit?
733 2030 799 2057 Nam
813 2032 902 2058 forsan
922 2032 979 2066 ipse

191 2073 273 2100 etiam
288 2074 393 2107 volens,
417 2079 446 2101 ut
466 2082 517 2102 nos
541 2075 698 2110 huiusmodi
723 2076 806 2103 vitam
830 2077 979 2111 amplecta—

190 2125 262 2151 mur,
278 2120 404 2153 exposuit
421 2120 499 2147 nobis
514 2128 595 2155 quam
616 2121 678 2148 vitae
697 2121 830 2148 rationem
855 2126 977 2155 teneant,

991 1516 1012 1544 C

694 120 848 150 LEONTII
870 120 1122 150 NEAPOLITANI
1142 118 1307 150 EPISCOPI

1752 118 1765 148 1
1771 119 1829 148 688

1024 174 1138 204 ἐκεῖνον,
1154 174 1195 199 ὃτι
1219 174 1259 204 εἰς
1272 173 1302 198 τὸ
1319 172 1502 207 μοναστήριόν
1530 180 1576 198 σου
1589 171 1650 198 ὅλον
1671 171 1830 206 ἄνθρωπος

1024 220 1052 244 ἐν
1064 220 1095 253 τῇ
1111 218 1223 254 τοιαύτῃ
1234 219 1300 252 τιμῇ
1319 218 1369 243 οὐκ
1386 217 1470 247 ἐστιν,
1493 217 1530 247 da;
1543 218 1656 248 ἐκεῖνος.
1674 217 1763 250 Λέγει
1774 217 1829 243 αὐ-

1023 264 1078 293 τοῖς
1090 263 1103 288 6
1117 262 1217 293 άὸϐᾶς·
1236 262 1304 297 Ποία
1315 263 1381 296 τιμῇ
1393 271 1399 293 ;
1412 262 1479 287 Τότε
1493 259 1580 287 εἷπον·
1596 261 1643 287 Μὰ
1652 261 1700 286 τὸν
1709 261 1831 293 ἀξιοῦν-

1023 317 1055 334 τα
1068 309 1151 342 ἡμᾶς,
1168 308 1268 342 Πάτερ,
1284 308 1331 333 τοῦ
1347 308 1487 342 σχήματος
1500 307 1582 333 αὑτοῦ
1593 308 1640 333 καὶ
1651 307 1703 340 τῆς
1720 308 1827 340 τιμῆς,

1026 353 1159 387 μακάριοί
1173 354 1257 386 ἐσμεν
1279 352 1327 378 καὶ
1344 352 1434 386 ἡμεῖς,
1448 353 1496 378 ἐὰν
1520 352 1572 378 ὑπὸ
1589 352 1723 378 τοσούτου
1752 352 1827 387 πλή-

1024 397 1087 428 θους
1103 396 1228 431 μοναχῶν
1248 396 1316 430 μετὰ
1333 397 1437 431 κηρίων
1456 396 1650 431 ὁψικευόμεθα,
1670 397 1718 422 καὶ
1736 397 1831 422 τοιοῦ-

1024 451 1068 468 τον
1096 443 1228 476 στέφανον
1245 441 1371 476 λαμπρὸν
1386 442 1529 476 λάμποντα
1543 442 1589 467 ἐπὶ
1603 442 1653 475 τῆς
1677 442 1829 476 ἡμετέρας

1025 487 1147 521 κεφαλῆς
1162 487 1326 522 φορέσομεν.
1339 486 1482 521 Ἐνόμιζον
1502 486 1556 521 γὰρ
1571 487 1620 513 καὶ
1632 488 1681 513 τὸν
1699 487 1829 522 ἡγούμε-

1024 541 1069 559 νον
1089 532 1197 566 βλέπειν
1210 532 1244 558 τὰ
1259 532 1304 558 ὑπ’
1316 532 1407 558 αὐτῶν
1417 531 1555 567 ὁρώμενα.
1567 532 1616 557 Διὰ
1629 531 1713 557 τοῦτο
1728 533 1829 564 γνοὺς.

1024 579 1084 605 οὐδὲ
1099 576 1174 605 εἶπεν
1191 579 1294 609 αὐτοῖς,
1312 579 1353 605 ὃτι
1372 578 1454 609 αὐτὸς
1466 578 1542 604 οὐδὲν
1557 576 1636 609 εἶδεν,
1660 578 1723 604 ἀλλ’
1746 578 1829 604 ἐπιὼ-

1025 632 1122 658 πησεν,
1136 624 1184 650 καὶ
1201 624 1362 658 κατεπλάγη
1378 623 1429 658 τὴν
1451 623 1551 658 πολλὴν
1562 624 1758 658 άκεραιὸττλτα
1781 625 1830 649 καὶ

1026 670 1209 704 καθαρότητα,
1227 669 1345 704 μάλιστα
1358 669 1386 695 δὲ
1401 669 1446 696 τοῦ
1464 668 1588 704 Συμεών.

1061 715 1101 741 ιδ’.
1118 715 1204 741 Τοῦτο
1216 714 1244 741 δὲ
1257 716 1445 750 χαριεστάτως
1459 714 1552 748 ἔλεγεν
1573 714 1668 746 αὐτοῖς
1691 717 1706 743 ὁ
1726 715 1828 749 μέγας,

1025 760 1066 786 ὅτι
1081 759 1181 795 Αὔριον
1198 760 1327 795 ὲνδύομεν
1342 761 1390 786 καὶ
1417 760 1488 794 ὑμᾶς
1504 760 1547 786 διὰ
1571 760 1623 794 τῆς
1640 760 1763 794 χάριτος
1781 761 1828 786 τοῦ

1025 806 1103 839 ἁγίου
1131 806 1298 840 Πνεύματος.
1326 805 1403 832 Μετὰ
1422 803 1470 832 οὖν
1498 805 1529 831 τὸ
1546 805 1641 831 λαϐεῖν
1669 806 1778 836 αὐτοὺς
1799 807 1827 832 τὸ

1026 851 1103 884 ἅγιον
1116 851 1219 885 σχῆμα,
1240 851 1278 882 ὡς
1290 851 1475 877 διεῦεὸαιοῦτο
1489 852 1503 877 6
1516 850 1674 882 ὁσιώτατος
1687 851 1823 883 διάκονος,

1027 896 1206 931 διισχυρίζετο
1231 897 1245 923 ὁ
1266 896 1382 931 ἀψευδὴς
1407 897 1530 932 Συμεὼν,
1550 898 1590 923 ὅτι
1614 898 1657 923 Τὰ

1027 943 1149 978 ἀλλήλων
1166 942 1337 977 ὲθεωροῦμεν
1363 944 1396 977 τῇ
1426 943 1505 969 νυκτὶ
1532 943 1569 974 ὡς
1598 944 1627 969 ὲν
1646 944 1760 977 ἡμέρα,
1780 945 1825 970 καὶ

1026 986 1128 1020 ὁμοίως
1143 985 1189 1011 τοῦ
1205 986 1338 1021 πρότερον
1353 986 1398 1012 ὑπ’
1409 986 1501 1012 αὐτῶν
1513 986 1676 1018 θεαθέντος,
1694 990 1826 1022 πέτρινον

1027 1030 1073 1056 ἐπὶ
1089 1031 1137 1064 τῆς
1153 1031 1200 1056 τοῦ
1221 1031 1316 1063 ἑτέρου
1332 1030 1453 1065 κεφαλῆς
1470 1032 1484 1057 6
1509 1031 1613 1066 ἔτερος.
1642 1033 1692 1058 Ἐν
1714 1034 1826 1067 τοιαύτῃ

1026 1076 1054 1103 δὲ
1071 1078 1145 1112 χαρᾷ
1159 1075 1202 1112 ἦν,
1221 1077 1309 1111 φημὶ,
1327 1078 1343 1112 ἡ
1359 1077 1432 1112 ψυχὴ
1457 1078 1545 1112 ἡμῶν,
1561 1078 1632 1104 ὥστε
1651 1079 1725 1113 μηδὲ
1743 1079 1827 1105 θὲὶειν

1027 1121 1100 1155 ἡμᾶς
1125 1121 1245 1156 εὐχερῶς
1272 1123 1375 1156 τροφῆς
1405 1121 1635 1156 μεταλαμϐάνειν,
1659 1122 1677 1157 ἦ
1710 1123 1823 1154 πόσεως.

1026 1167 1105 1193 Μετὰ
1120 1165 1166 1193 οὖν
1193 1166 1240 1193 δύο
1259 1167 1364 1202 ἡμέρας
1391 1166 1438 1193 τοῦ
1460 1166 1555 1193 λαϐεῖν
1573 1167 1677 1198 αὐτοὺς
1701 1170 1735 1194 τὸ
1751 1168 1827 1201 ἅγιον

1027 1211 1140 1247 ἔνδυμα,
1156 1212 1306 1247 θεωροῦσιν
1322 1212 1367 1238 τὸν
1380 1212 1433 1246 πρὸ
1450 1212 1521 1239 ἑπτὰ
1544 1213 1661 1247 ἡμερῶν
1683 1214 1769 1239 τοῦτο
1782 1214 1827 1240 ‘u-

1027 1257 1121 1288 ϐόντα,
1139 1258 1181 1288 εὶς
1210 1257 1240 1284 ὃν
1264 1258 1309 1284 τὺν
1335 1258 1467 1292 στέφανον
1492 1259 1540 1284 καὶ
1561 1259 1627 1289 τοὺς
1641 1259 1828 1292 aptanda-xta;

1026 1302 1185 1334 ἐθεάσαντο,
1204 1302 1252 1328 καὶ
1269 1301 1362 1336 ἐφόρει
1381 1302 1563 1336 σακκομὰχιν,
1589 1303 1637 1328 καὶ
1664 1303 1827 1329 Eminet:-

1027 1349 1129 1380 κονίαν,
1147 1348 1196 1375 καὶ
1207 1349 1302 1375 λοιπον
1316 1349 1367 1375 οὐκ
1382 1347 1422 1374 ἔτι
1437 1347 1499 1374 οὔτε
1517 1348 1563 1374 τὸν
1588 1349 1729 1383 στέφανον
1753 1351 1828 1384 αὖτῷ

1028 1394 1228 1428 περικείμενον,
1237 1393 1299 1420 οὔτε
1311 1393 1390 1420 πάλιν
1401 1393 1463 1424 τοὺς
1477 1394 1546 1428 μετὰ
1560 1394 1666 1428 κηρίων
1676 1394 1826 1429 ὀψικεύον-

1027 1447 1076 1470 τας
1106 1439 1240 1473 μοναχοὺς
1268 1438 1412 1473 ἐκέκτητο,
1430 1439 1477 1465 καὶ
1493 1438 1666 1473 ἐθαύμασαν.
1682 1440 1736 1465 Καὶ
1751 1441 1827 1473 λέγει

1027 1485 1041 1510 6
1058 1484 1170 1519 Συμεὼν
1187 1484 1225 1519 τῷ
1239 1485 1367 1520 Ἰωάννῃ·
1387 1485 1546 1516 Πίστευσον,
1565 1485 1678 1519 ἀδελφέ,
1703 1487 1753 1512 ἑὶν
1773 1488 1823 1512 καὶ

1030 1530 1111 1565 ἡμεῖς
1129 1530 1318 1565 πληρώσωμεν
1334 1530 1383 1561 τὰς
1395 1530 1480 1561 αὑτὰς
1493 1530 1603 1566 ἡμέρας
1618 1532 1693 1562 ἑπτά,
1708 1533 1763 1557 οὐκ
1780 1533 1826 1558 ἔτι

1030 1575 1128 1609 ἕξομεν
1149 1575 1199 1609 τὴν
1215 1575 1384 1607 εὐπρέπειαν
1399 1575 1503 1609 ταύτην
1520 1577 1569 1602 καὶ
1593 1576 1639 1611 τὴν
1650 1577 1741 1610 χάριν.
1761 1577 1822 1602 Καὶ

1030 1619 1105 1653 λέγει
1123 1621 1136 1645 6
1148 1619 1285 1654 Ἰωάννης·
1299 1620 1354 1645 Καὶ
1367 1619 1392 1646 τί
1406 1619 1495 1651 θέλεις
1510 1620 1555 1646 ἴνα
1566 1621 1689 1655 γένηται,
1702 1621 1806 1655 ἁδελφέ
1817 1630 1827 1653 ;

1030 1665 1112 1698 Λέγει
1130 1664 1203 1699 αὑτῴ
1223 1664 1305 1691 πάλιν
1318 1672 1324 1678 ·
1345 1665 1408 1691 Ἐὰν
1431 1665 1554 1701 ἀκούσῃς
1582 1675 1646 1700 μου,
1658 1667 1704 1693 ἵνα
1726 1667 1828 1703 ὥσπερ

1035 1710 1269 1745 ὲγκατελείψαμεν
1294 1710 1342 1736 καὶ
1364 1710 1561 1746 ἅπεταξάμεθα
1590 1712 1644 1737 τῶν
1669 1713 1827 1747 κωμικῶν.

1030 1755 1229 1790 ἀποταξώμεθα
1242 1755 1354 1787 τελείως
1370 1756 1423 1782 ἀπὸ
1438 1757 1529 1791 πάσης
1545 1757 1640 1792 πνοῆς.
1655 1758 1760 1784 ’Λλλον
1775 1759 1828 1792 γὰρ

1032 1800 1088 1836 βίον
1105 1801 1152 1827 καὶ
1169 1801 1233 1834 ξένα
1246 1802 1397 1837 πράγματα
1414 1801 1509 1837 θεωρῶ
1521 1803 1550 1828 ὲν
1564 1803 1602 1837 τῷ
1620 1805 1746 1838 σχήματι
1768 1805 1828 1830 τού-

1030 1856 1078 1882 τῳ.
1094 1840 1152 1881 Ἀφ’
1166 1844 1197 1882 ἧς
1215 1848 1268 1882 γὰρ
1294 1848 1359 1873 αὐτὸ
1377 1849 1391 1874 ὁ
1404 1847 1497 1880 δοῦλος
1521 1849 1570 1875 τοῦ
1600 1849 1670 1875 Θεοῦ
1700 1850 1829 1876 ὲνὲδυςεν

1030 1894 1115 1928 ἡμᾶς,
1132 1893 1257 1919 καίονται
1269 1893 1304 1919 τὰ
1319 1893 1420 1920 ἕσωθέν
1437 1902 1499 1929 μου,
1514 1895 1564 1920 οὐκ
1587 1893 1647 1921 οἴδα
1664 1895 1765 1925 πέθεν.
1784 1897 1829 1922 καὶ

1030 1939 1108 1971 ζητεῖ
1124 1938 1224 1973 ἡψυχὴ
1247 1947 1298 1973 μου
1311 1939 1349 1973 μὴ
1365 1938 1504 1973 θεωρῆσαῖ
1520 1947 1591 1970 τινα,
1609 1940 1683 1974 μήτε
1694 1940 1828 1975 λαὶῆται,

1030 1984 1178 2019 ῆὰκοῦσαί
1198 1992 1279 2015 τινος.
1308 1984 1388 2018 Λέγει
1411 1984 1485 2019 αὐτῷ
1512 1986 1526 2011 6
1549 1985 1679 2019 Ἰωάννης
1693 1995 1700 2000 ·
1723 1987 1783 2012 Καὶ
1804 1986 1829 2012 τί

1029 2029 1184 2064 τρώγομεν,
1200 2029 1318 2063 ἀδελφέ;
1335 2030 1415 2063 Λέγει
1430 2029 1504 2064 αὑτῷ
1519 2030 1631 2065 Συμεών
1645 2040 1651 2045 -
1673 2031 1709 2056 Εἰ
1718 2040 1747 2057 τι
1761 2031 1830 2066 τρώ-

1030 2082 1124 2107 γουσιν
1141 2075 1166 2100 οξ
1179 2074 1325 2106 ἀκούοντες
1337 2075 1459 2106 βοσκοὶ,
1473 2076 1538 2110 περὶ
1548 2072 1585 2101 ὧν
1601 2077 1648 2102 καὶ
1667 2077 1734 2112 χθὲς
1751 2076 1829 2103 εἶπεν

1030 2121 1095 2154 ἡμῖν
1109 2120 1123 2145 6
1139 2119 1231 2155 κύριος
1253 2119 1363 2151 Νίκωνς
1385 2121 1461 2156 Τάχα
1483 2122 1536 2155 γὰρ
1561 2122 1608 2147 καὶ
1624 2122 1710 2153 αὐτὸς
1729 2123 1828 2154 θέὶων,

190 2166 327 2199 quomodo
358 2166 495 2193 dormiant
510 2167 576 2202 (19),
597 2172 625 2194 et
652 2167 783 2202 quidquid
796 2167 830 2194 ad
843 2168 903 2194 illos
919 2176 976 2202 pcr-

1031 2165 1075 2192 ἴνα
1086 2165 1207 2192 τοιοῦτον
1224 2165 1281 2200 βίον
1294 2166 1442 2202 διάξωμεν,
1453 2166 1603 2202 διηγήσατο
1622 2169 1694 2202 ἡμῖν
1711 2168 1743 2194 τὸ
1772 2169 1829 2200 πῶς

192 2210 270 2236 tinet.
285 2210 388 2237 Deinde
400 2211 465 2238 dicit
476 2211 596 2239 Joannes
609 2221 615 2239 :
631 2212 664 2239 Et
677 2212 830 2246 quomodo?
841 2212 909 2245 Quia
928 2221 976 2240 ne-

191 2261 244 2287 que
260 2259 380 2287 cantum,
398 2263 486 2290 neque
496 2264 590 2283 eorum
608 2256 762 2283 institutum
776 2257 911 2284 novimus.

228 2341 272 2370 15.
291 2341 368 2369 Tunc
384 2341 453 2369 Dcus
470 2343 575 2377 aperuit
596 2350 640 2370 cor
656 2342 762 2370 abbatis
783 2342 838 2377 (‘20)
866 2342 978 2378 Symeo-

1031 2211 1125 2243 ζῶσιν,
1141 2211 1189 2237 καὶ
1209 2211 1267 2242 πῶς
1285 2212 1447 2247 κοιμῶνται,
1477 2213 1523 2238 καὶ
1539 2212 1627 2239 πάντα
1643 2212 1679 2239 τὰ
1702 2214 1767 2239 κατ’
1782 2215 1830 2240 αὖ·

1030 2255 1103 2287 τούς.
1131 2255 1196 2283 Εἶτά
1219 2265 1301 2292 φησιν
1318 2258 1332 2284 6
1349 2258 1474 2293 Ἰωάννης
1486 2267 1493 2273 ³
1509 2259 1563 2284 Καὶ
1578 2258 1654 2290 πῶςς
1674 2260 1741 2286 Ὀτι
1768 2260 1830 2287 οὔτε

1030 2301 1124 2336 ψάλαι,
1140 2302 1202 2329 οὔτε
1216 2303 1265 2338 τὴν
1282 2304 1449 2330 κατάστασιν
1461 2304 1666 2340 παρελάῦομεν.

1068 2346 1108 2374 ιε’.
1124 2347 1191 2374 Τότε
1207 2347 1324 2383 ἀνέῳξεν
1341 2350 1354 2375 6
1368 2349 1433 2380 Θεὸς
1461 2351 1509 2384 τὴν
1533 2350 1647 2384 καρδίαν
1674 2350 1726 2377 τοῦ
1757 2352 1830 2378 ἅῡὸἇ

949 2422 1062 2451 NOTAE.

227 2465 283 2505 (i8)
293 2465 331 2493 Ita
344 2468 469 2505 appellati
482 2469 606 2505 monachi
620 2470 730 2504 quidam
743 2470 890 2499 Palaestina:
899 2470 977 2505 βοτα-

191 2501 314 2540 νοςξάγοι,
328 2501 392 2540 quia
408 2507 477 2540 teste
488 2503 602 2539 Evagrio
617 2501 665 2532 lib.
675 2513 681 2532 ι
693 2505 764 2532 Eccl.
777 2506 843 2532 Hist.
857 2501 914 2540 οηρ.
926 2506 975 2533 21ε

195 2546 205 2562 ι
223 2536 305 2564 Cibos
328 2536 620 2575 quidcnrhominihus
640 2541 756 2568 usitatos
783 2536 975 2575 aspernantur,

193 2576 292 2598 terram
308 2577 407 2610 autem
438 2573 631 2608 depascuntur,
659 2576 730 2602 unde
757 2580 784 2602 et
804 2573 977 2610 pabulatores

191 2607 599 2645 cognominautisunt{_tantum
620 2615 773 2644 carpentes,
792 2607 924 2645 quantum
944 2611 977 2637 ad

191 2642 274 2681 vitam
304 2642 415 2681 subicit;
433 2652 442 2668 ι
474 2642 553 2681 S_i_ve,
583 2642 675 2678 prout'
695 2646 776 2672 tradit
802 2642 978 2672 'Sozomenus

191 2675 239 2703 lib.
258 2684 296 2707 γι,
313 2678 417 2711 rap.53
433 2686 438 2704 :
452 2688 468 2715 fc
490 2675 590 2714 Neque'
602 2680 739 2707 domicilia
762 2681 873 2712 habent,
891 2688 979 2715 neque

191 2718 301 2771 partem.
323 2720 413 2746 neque
434 2714 577 2741 obsonium
595 2715 751 2747 comedunt,
774 2723 863 2749 neque
885 2714 979 2742 vinum

212 2745 298 2771 ibunt.
315 2746 342 2771 In
359 2749 496 2771 nitentibus
512 2755 603 2771 nulnm
616 2750 744 2771 .lpnnntm
771 2757 880 2771 comnpr
896 2750 978 2771 hmnm

212 2745 298 2784 ibunt.
315 2746 342 2772 In
359 2745 496 2775 montibus
512 2755 603 2777 autem
616 2745 754 2784 degentes,
771 2745 880 2784 semper
896 2750 979 2777 Deum

191 2779 346 2820 celebrant,
381 2783 505 2820 precibus
533 2788 567 2820 eti
585 2779 693 2820 hymnis
721 2779 870 2811 secundum
897 2785 978 2812 ritum

193 2812 318 2841 Ecclesiae
330 2812 464 2844 vacantes.
474 2817 587 2850 Quando
596 2812 661 2847 vero
676 2820 800 2847 vescendi
814 2824 920 2855 tempus
933 2821 978 2847 ad-

1030 2471 1115 2502 venit.
1131 2471 1316 2506 pabulantium
1332 2472 1358 2499 in
1373 2473 1607 2510 morem,quilibct
1623 2473 1694 2501 falce
1705 2482 1828 2510 arrepta,

1030 2514 1087 2543 per_
1094 2513 1214 2543 montem
1231 2512 1369 2542 vagantes,
1392 2508 1483 2535 herbis
1497 2512 1655 2543 pascuntur.
1670 2518 1679 2534 ι

1065 2541 1120 2578 (I9)
1139 2542 1176 2568 lla
1198 2541 1364 2577 ecgraphum
1390 2541 1536 2575 nostrum;
1561 2551 1616 2569 non
1639 2545 1800 2578 κομῶνται,
1815 2554 1828 2572 a

1031 2577 1137 2610 κομάω,
1149 2578 1222 2613 quod
1238 2582 1280 2604 est
1296 2586 1397 2604 comam
1411 2579 1507 2609 nutrio,
1526 2578 1606 2605 sicuti
1622 2577 1765 2613 expressit
1784 2581 1830 2608 In-

1032 2615 1137 2644 terpres
1153 2612 1224 2646 apud
1240 2612 1361 2639 Surium.

1067 2646 1123 2680 (‘20)
1139 2647 1229 2673 Abbas
1249 2655 1304 2686 non
1321 2652 1425 2686 tantum
1443 2648 1615 2686 ltegunnemtm
1629 2669 1635 2678 .
1655 2657 1706 2686 seu
1729 2652 1829 2686 μνη-[ε-

1035 2686 1101 2707 ctum
1119 2683 1271 2718 "tenuaterit'
1290 2683 1458 2717 designabat,
1473 2684 1521 2710 sed
1539 2684 1574 2710 ita
1586 2683 1829 2718 compellabantur

1036 2717 1267 2752 titonachipassim
1277 2724 1383 2748 omnes,
1397 2720 1548 2752 praesertim
1565 2717 1826 2747 senio’venerandi.

1035 2750 1061 2776 ld
1077 2750 1147 2784 quod
1164 2752 1247 2778 semel
1261 2752 1304 2779 hic
1325 2750 1458 2779 indicasse
1474 2753 1509 2779 sit
1522 2753 1589 2780 satis
1605 2753 1632 2780 in
1648 2758 1827 2783 antecessum

1033 2785 1112 2812 etiam
1126 2794 1174 2820 pro
1193 2786 1258 2814 locis
1272 2787 1460 2821 sequentibus.
