1946 3194
226 123 287 158 1691

730 125 884 156 LEONTII
903 122 1156 156 NEAPOLITANI
1176 120 1343 152 EPISCOI’I

1792 115 1868 149 169i

224 182 314 215 nobis,
332 185 393 216 post
408 179 545 208 Christum
556 200 563 212 ,
585 185 662 215 pater
675 186 702 209 et
717 186 804 210 mater
816 191 854 210 es.
874 183 914 209 Tu
927 181 1013 209 domi-

1069 179 1124 205 αντὶ
1141 179 1250 205 πάντων
1265 177 1320 203 τῶν
1339 175 1479 211 προγόνων
1500 174 1579 209 ἡμῶν
1604 173 1653 199 καὶ
1682 171 1812 206 γονέων,
1833 171 1866 197 εὖ

224 235 286 260 nus,
305 231 334 253 tu
357 226 515 258 instructor,
532 230 561 252 tu
582 227 772 259 manuduetor,
787 233 815 255 tu
834 229 882 254 via:
903 229 966 260 dux,
981 231 1009 254 et

223 273 274 299 alia
288 279 466 307 quatcunque,
478 272 579 306 quibus
591 272 742 301 referendis
757 274 847 309 lingua
864 282 917 301 non
936 275 1010 301 sulti-

224 318 271 345 cit.
287 317 339 345 Per
362 322 388 344 te
407 318 632 352 pretiosissimam
658 319 830 354 margaritam
854 319 942 354 adepti
963 328 1010 347 su-

225 371 296 394 mus.
323 368 350 390 et
375 371 438 390 vere
467 364 638 398 baptismatis
660 364 799 396 virtutem,
823 365 901 399 cujus
923 366 1010 393 sancti

225 410 305 436 nobis
318 410 463 444 praenuntii
479 409 573 437 Patres
587 410 672 441 fuere,
686 411 789 446 experti
807 419 911 438 sumus.
928 411 1011 438 Novi-

225 463 287 482 mus
301 463 364 482 vere
386 460 559 490 peccatorum
573 460 729 482 nostrorum
750 456 965 483 combustioncm
978 465 1011 484 ex

226 499 298 534 igne,
313 500 359 534 qui
374 500 454 526 corda
468 505 561 527 nostra
581 500 734 532 comburit;
748 501 791 527 cui
810 501 949 528 tolerando
960 501 1011 527 illl-

225 551 305 578 pares
321 551 426 575 sumus,
437 544 505 571 adeo
520 544 671 578 praecordia
684 549 777 571 nostra
790 544 952 572 inﬂammat.

263 629 307 656 l7.
325 630 522 657 Beatitudinem
537 635 626 663 tuam,
648 640 664 659 ο
677 632 767 664 Pater,
784 632 968 664 obsecramus,
984 638 1013 659 ut

227 674 350 709 impense
365 683 415 710 pro
429 676 508 703 nobis
523 684 595 708 ores,
611 681 637 704 et
651 685 745 704 servos
760 682 821 704 tuos
836 678 911 704 abire
927 678 1011 710 sinas,

227 723 256 745 ut
274 719 381 746 sincere
396 724 422 746 et
437 720 515 747 enixe
532 720 585 747 Deo
608 720 770 753 serviamus,
792 722 835 747 cui
848 729 897 748 nos
919 729 1014 748 conse-

228 764 374 792 cravimus.
390 765 455 792 Sine
470 770 495 792 te
509 766 627 798 exorari,
644 771 674 793 ut
695 774 831 801 nunquam
846 767 1014 794 obliviscaris

229 811 366 838 inutilium
391 812 509 839 filiorum
534 818 653 845 tuorum,
672 821 705 840 eo
728 819 860 849 tempore,
884 822 938 849 quo
955 823 1014 842 ma-

228 865 281 884 nus
299 862 358 884 tuas
372 858 542 885 venerabiles
553 858 688 886 extendis.
698 858 764 890 lmo,
778 860 841 891 imo,
857 860 897 886 vir
909 866 1012 893 sancte,
1031 849 1051 875 Β

229 902 289 929 sine
309 907 334 929 te
351 903 456 929 exorari
470 903 503 929 ab
518 903 678 938 alienigenis
695 913 701 931 :
718 905 842 932 orbitatis
862 913 955 932 eorum
970 914 1015 932 re-

229 947 385 975 miniscere.
408 949 511 975 Deinde
532 957 620 983 genua
645 950 730 977 sancti
746 951 864 978 hominis
887 952 1013 986 amplexi,

231 1000 337 1019 rursum
362 994 513 1021 dicebant:
535 994 625 1027 Pater,
651 1000 712 1022 esto
740 1004 844 1023 memor
872 997 1015 1024 humilium

230 1043 338 1065 tuarum
353 1039 455 1069 ovium.
470 1048 536 1074 quas
553 1039 662 1068 Christo
680 1041 836 1069 holocausta
860 1043 1014 1071 immolasti.

230 1084 383 1111 Recordare
410 1082 583 1112 externarum
612 1086 786 1120 plantarum,
812 1096 880 1122 quas
902 1089 1017 1123 pulchro

230 1130 348 1164 paradisi
372 1131 451 1158 horto
477 1131 597 1159 inserere
626 1132 763 1159 studuisti.
793 1133 832 1160 Ne
857 1135 1018 1162 obliviscere

230 1177 418 1210 operariorum
433 1177 571 1210 inertium,
587 1186 656 1212 quos
666 1179 811 1206 undecima
826 1180 936 1207 circiter
951 1180 1017 1207 hora

231 1222 260 1248 in
285 1219 363 1249 vinea
392 1222 493 1250 Christi
522 1224 649 1251 mercede
677 1225 844 1252 conduxisti.
870 1226 1018 1253 Mirabatur

231 1272 321 1294 autem
352 1273 379 1294 et
407 1269 617 1303 obstupescebat
644 1278 755 1305 praeses,
777 1272 886 1305 quando
910 1272 1019 1299 videbat

229 1318 290 1342 eos,
305 1311 350 1345 qui
362 1317 424 1339 ante
441 1313 554 1340 biduum
577 1314 687 1342 fuerant
702 1316 793 1343 idiotac
808 1324 839 1343 ac
857 1318 948 1348 rudes,
965 1323 1017 1344 tam

231 1356 321 1383 subito
334 1357 452 1385 evasisse
469 1358 615 1392 sapientes,
641 1367 673 1386 ex
700 1368 732 1387 eo
763 1362 835 1395 quod
856 1364 1019 1397 assumpsis-

231 1405 293 1428 sent
310 1402 431 1429 divinum
449 1403 581 1430 habitum.
598 1404 666 1431 Dum
685 1413 749 1440 ergo
762 1411 876 1441 uterque
896 1408 960 1435 satis
973 1408 1019 1434 diu

230 1446 359 1477 ﬂevisset.
373 1455 443 1482 genu
457 1449 594 1476 inclinavit
608 1454 719 1478 sanctus
735 1450 831 1484 Nicon,
847 1457 874 1479 et
889 1453 1020 1481 collocato

1059 224 1146 259 ὴμῶν,
1157 223 1227 258 μετὰ
1238 221 1464 257 Χριστὸν,τιατὴρ
1477 221 1524 247 καὶ
1542 220 1646 255 pair:qu
1655 219 1693 245 Σὺ
1702 219 1866 252 Δεσπότης,

1060 271 1092 296 σὺ
1110 268 1308 305 συγκροτητὴς,
1330 268 1361 294 σὺ
1373 266 1554 302 χειραγωγδς.
1572 266 1603 291 σὺ
1614 265 1725 299 ωηγὶς,
1745 264 1798 290 καὶ
1814 265 1867 290 ὅτι

1059 315 1172 349 γλῶσσα
1191 314 1281 340 εἰπεῖν
1291 313 1342 339 οὐκ
1359 312 1443 346 ἰσχύει
1471 311 1520 337 Διὰ
1537 310 1582 336 σοῦ
1602 309 1648 335 τὸν
1668 309 1867 342 πολυτίμητον

1062 359 1238 395 μαργαρίτην
1257 358 1444 393 ἐκτησάμεθα,
1462 356 1600 391 ἐμάθομεν
1615 354 1729 389 ἀληθῶς
1750 354 1802 387 τὴν
1817 353 1864 379 εὖ·

1061 414 1142 440 ναμιν
1153 405 1198 431 τοῦ
1215 405 1411 439 βαπτίσματος,
1431 399 1515 437 οὗπερ
1530 403 1595 436 ἡμῖν
1609 402 1633 427 οί
1647 402 1721 427 ὅσιοι
1739 401 1864 434 Πατέρες

1062 451 1219 485 προέλεγον.
1235 450 1380 483 Ἐγνωμεν
1391 449 1474 479 ὅντως
1486 447 1535 482 τὴν
1546 447 1600 473 τῶν
1611 445 1763 480 ἡμετέρων
1773 447 1866 479 ἀμαρ-

1061 496 1126 522 τιῶν
1137 495 1306 522 κατάκαυσιν
1322 495 1353 520 ὲκ
1368 493 1415 519 τοῦ
1427 492 1616 528 περικαίοντος
1627 491 1710 525 ἡμῶν
1724 491 1779 521 τὰς
1794 498 1865 524 καρ-

1061 541 1120 572 δίας
1136 541 1234 576 πυρὸς,
1250 541 1319 575 ὅπερ
1340 540 1387 566 καὶ
1399 539 1437 574 μὴ
1456 539 1602 572 φέροντες,
1620 537 1712 567 οὕτως
1729 538 1766 562 τὰ
1786 537 1864 570 ἡμῶν

1063 586 1137 616 ἐντὸς
1154 585 1337 620 περιφλέγων.

1099 630 1141 662 ιζ’.
1161 630 1295 665 Λίτοῡμεν
1320 630 1401 665 εὐχὴν
1426 629 1537 663 ποιῆσαι
1555 628 1676 659 ἐκτενῶς
1703 627 1759 661 τὴν
1775 636 1864 661 μακα-

1065 676 1177 711 ριότητά
1189 685 1246 707 σου,
1264 676 1365 710 Πάτερ,
1381 676 1426 702 καὶ
1438 676 1573 702 ἀπολῦσαι
1586 676 1650 706 τοὺς
1668 676 1738 706 σοὺς
1755 676 1865 705 δθῦὶους

1065 722 1105 751 εἰς
1120 721 1151 746 τὸ
1164 720 1283 755 γνησίως
1295 721 1343 746 καὶ
1361 721 1501 754 ὁλοψύχως
1523 720 1671 746 δουλεῦσαι
1698 717 1723 753 ᾧ
1748 721 1863 753 rte-.399.

1066 774 1153 800 σαμεν
1168 767 1281 797 ἑαυτοὺς
1297 766 1367 801 Θεῷ,
1382 765 1594 799 δυσωπούμενος
1615 764 1761 799 μηδέποτε
1782 765 1863 798 λήθην

1066 811 1177 846 ποιῆσαι
1201 811 1318 846 ἀχρείων
1347 819 1395 836 σου
1424 811 1536 842 παίδων,
1560 811 1588 836 ὲν
1606 811 1703 845 καιρῷ
1727 812 1861 840 ἐκτάσεως

1065 856 1164 890 χειρῶν
1181 864 1228 881 σου
1241 855 1349 889 τιμίων.
1362 854 1426 886 Ναὶ,
1442 855 1496 885 ναὶ,
1510 855 1733 889 δυσωπούμενος
1748 855 1800 881 ὑπὸ
1814 856 1861 880 τέξν

1066 901 1159 934 ξένων,
1177 901 1247 931 ὂσιε,
1259 901 1354 935 μνείαν
1365 900 1442 926 ποιοῦ
1455 901 1504 935 τῆς
1518 900 1610 926 αὐτῶν
1626 901 1793 935 ὀρφανείας.
1808 901 1860 926 Καὶ

1067 946 1256 980 ἐπιλαϐόμενοι
1273 946 1327 971 τῶν
1342 946 1461 979 γονάτων
1484 946 1530 971 τοῦ
1546 946 1634 976 ὁσίου,
1650 947 1740 972 πάλιν
1758 946 1860 979 ἕλετο-ι·

1066 990 1221 1025 Μνήσθητι,
1239 991 1341 1025 Πάτερ,
1355 991 1409 1017 τῶν
1424 991 1479 1017 σῶν
1494 991 1633 1018 ταπεινῶν
1648 992 1817 1025 προϐάτων,
1832 989 1865 1018 ὧν

1067 1038 1257 1069 ὁλοκαύτωσας
1318 1038 1437 1073 Χριστῷ.
1451 1039 1510 1071 λίνη
1516 1038 1649 1071 μόνευσον
1661 1038 1756 1070 ξένων
1768 1038 1864 1070 φυτῶν.

1067 1083 1085 1110 ἃ
1096 1084 1125 1109 ὲν
1136 1083 1175 1117 τῷ
1185 1083 1259 1118 καλῷ
1272 1085 1352 1119 κήπῳ
1364 1084 1411 1110 τοῦ
1426 1083 1593 1119 παραδείσου
1611 1084 1757 1117 φυτεῦσαι
1773 1085 1865 1110 ἐσπει-

1069 1139 1128 1161 σας.
1146 1130 1191 1165 Μὴ
1219 1130 1336 1166 ἐπιλάϐῃ
1361 1130 1485 1165 ὀκνηρῶν
1507 1130 1644 1165 ἐργατῶν,
1667 1130 1721 1162 οὓς
1741 1132 1809 1165 περὶ
1822 1131 1867 1165 τὴν

1068 1175 1212 1210 ἑνδεκάτην
1229 1176 1269 1207 εἰς
1283 1176 1328 1202 τὸν
1340 1175 1490 1210 ἀμπελῶνα
1504 1175 1542 1210 τῷ
1558 1176 1675 1211 Χριστῷ
1693 1177 1866 1211 ἐμίςῠωεας.

1074 1219 1244 1254 Ἐθαύμαζεν
1260 1220 1289 1246 δὲ
1303 1221 1350 1246 καὶ
1375 1220 1556 1255 ἐξεπλήττετο
1578 1221 1592 1246 6
1617 1221 1741 1255 ποιμὴν,
1761 1221 1867 1255 Θεωςκέσν

1068 1265 1130 1295 τοὺς
1146 1264 1198 1299 πρὸ
1212 1264 1258 1291 δύο
1273 1265 1383 1300 ἡμερῶν
1396 1264 1514 1296 ἰδιώτας,
1531 1265 1619 1296 οὕτως
1632 1266 1777 1300 ἐξαίφνης
1795 1275 1867 1300 90;:-

1070 1310 1182 1341 σθέντας
1195 1310 1239 1336 διὰ
1258 1311 1308 1345 τῆς
1324 1311 1469 1346 περιϐολῆς
1482 1311 1529 1338 τοῦ
1545 1312 1620 1337 θείου
1640 1313 1804 1346 σχήματος.
1830 1314 1868 1343 Ὡς

1069 1354 1205 1382 ἔκλαυσαν
1222 1354 1269 1383 οὖν
1287 1356 1437 1392 ἀμφότεροι
1463 1359 1509 1383 ἐπὶ
1533 1358 1631 1392 ἱκανὴν
1647 1358 1741 1393 ὥραν,
1778 1359 1869 1389 κλίνας

1069 1401 1133 1434 γόνυ
1149 1401 1163 1426 6
1175 1401 1246 1433 ὅσιος
1263 1401 1365 1432 Νίκων,
1389 1403 1436 1429 καὶ
1453 1403 1556 1437 στήσας
1570 1403 1687 1437 Συμεὼν
1712 1405 1746 1429 ἐκ
1759 1404 1869 1435 δεξιῶν,

1069 1448 1116 1473 καὶ
1128 1447 1256 1481 Ἰωάννην
1271 1448 1300 1480 ἐξ
1315 1447 1465 1482 εὐωνύμων
1479 1448 1579 1482 ἀνέστη
1592 1468 1597 1478 .
1616 1449 1664 1474 καὶ
1678 1449 1809 1479 ἐκτείνας
1821 1450 1871 1479 τὰς

230 1491 365 1526 Symenne
397 1501 411 1519 a
426 1494 528 1521 dextris
549 1499 576 1521 et
592 1495 698 1523 Joanne
713 1504 727 1523 ιι
741 1498 870 1530 sinistris,
887 1500 1016 1530 surrexit.

1070 1495 1165 1528 χεῖρας
1178 1494 1217 1524 εἰς
1228 1493 1273 1519 τὴν
1284 1492 1408 1527 οὐρανὸν,
1426 1491 1513 1519 εἶπεν⁸
1536 1493 1566 1519 Ὀ
1580 1494 1648 1525 Θεὸς
1667 1495 1681 1519 6
1694 1494 1807 1525 δίκαιος
1824 1496 1872 1520 καὶ

230 1540 258 1562 et
272 1537 407 1569 prolensis
423 1537 449 1563 in
469 1539 567 1565 cwlum
593 1540 728 1572 manibus,
752 1541 819 1568 dixit
837 1552 843 1569 ε
861 1543 931 1570 Deus
946 1544 1019 1578 juste

229 1584 257 1605 et
281 1579 433 1612 laudabilis,
457 1580 528 1607 Deus
551 1590 647 1617 magno
667 1589 693 1610 et
709 1584 795 1616 fortis,
823 1585 902 1619 Deus,
923 1587 968 1621 qui
990 1595 1019 1614 es

229 1629 292 1651 ante
308 1625 417 1657 saecula,
431 1627 527 1653 exaudi
543 1627 630 1654 virum
646 1634 816 1663 peccatorem
829 1631 854 1658 in
871 1632 920 1659 hac
934 1633 999 1660 hora
1011 1628 1025 1659 τ’

229 1673 327 1699 exaudi
340 1681 394 1706 me,
409 1673 490 1705 Deus,
506 1675 601 1701 exaudi
615 1683 658 1702 me
676 1676 701 1703 in
715 1676 883 1705 fortitudine.
900 1678 1019 1705 Estoim-

229 1727 344 1752 memor,
361 1725 482 1754 tempore
499 1720 560 1753 hoc,
573 1729 627 1755 quo
643 1730 738 1756 preces
752 1722 846 1755 fundo,
858 1725 1018 1757 praevarica-

230 1766 333 1792 tionum
349 1773 364 1792 a
378 1774 436 1792 mea
451 1757 556 1793 vilitate
583 1775 670 1802 usque
683 1772 710 1794 et
724 1776 808 1802 usque
826 1770 1017 1803 profecturum.

230 1810 335 1837 Exaudi
356 1819 412 1844 me,
426 1811 550 1842 Domine,
573 1813 671 1839 exaudi
691 1821 735 1840 me
756 1813 782 1840 in
805 1814 866 1849 igne
877 1816 1017 1847 orationis,

228 1856 299 1883 sicut
325 1857 388 1883 olim
415 1861 490 1883 tuum
524 1858 705 1892 prophetam;
731 1863 757 1886 et
778 1860 837 1894 ejus
862 1860 1017 1888 interventu

229 1900 358 1928 combure
378 1908 452 1928 meas
467 1901 637 1937 iniquitates,
658 1908 685 1930 et
701 1909 811 1938 peccata
832 1913 961 1940 cxpurga.
980 1907 1019 1933 lta

229 1946 286 1977 ﬁat,
303 1953 319 1972 o
335 1945 405 1973 Deus
418 1951 572 1974 sanctarum
592 1948 741 1976 virtutuml
760 1950 796 1976 ila
816 1950 871 1981 ﬁat,
889 1958 905 1976 ο
929 1959 1018 1978 rerum

228 1990 449 2026 incorporearum
466 1994 592 2020 ercatorl
613 1994 650 2021 ita
663 1994 727 2022 llatl
745 1995 790 2030 qui
806 1996 914 2023 dixisti:
932 1998 1019 2025 Petite

229 2041 258 2063 et
267 2037 416 2071 accipietis.
430 2036 468 2065 Ne
488 2039 647 2067 abominare
661 2048 714 2073 me,
737 2041 783 2075 qui
799 2049 859 2068 sum
877 2041 954 2069 labiis
969 2044 1019 2069 im-

229 2082 315 2117 puris.
332 2083 399 2110 etin
427 2085 546 2119 peccatis
572 2085 671 2113 haereo.
695 2085 799 2113 Exaudi
823 2095 877 2120 me,
893 2089 938 2123 qui
955 2097 1019 2123 pro-

229 2128 329 2155 misisti
356 2133 383 2156 te
397 2130 588 2158 exauditurnm
607 2139 664 2163 eos,
678 2132 723 2166 qui
741 2132 869 2160 invocant
883 2138 907 2160 te
923 2133 950 2160 in
975 2142 1020 2161 ve-

230 2172 329 2202 ritate:
351 2173 436 2209 dirige
460 2183 569 2208 gressus
593 2184 734 2203 servorum
750 2181 869 2209 tuorum,
890 2182 917 2205 et
937 2179 1019 2212 pedes

229 2224 324 2243 eorum
345 2218 372 2244 in
394 2220 463 2245 viam
483 2220 567 2253 pacis.
589 2220 751 2256 Compatore
766 2221 893 2249 innocuis
914 2223 1017 2257 pueris,

230 2261 257 2287 in
277 2265 391 2289 externa
404 2267 474 2290 terra
489 2264 695 2298 exsistentibus,
708 2266 753 2300 qni
774 2266 865 2293 dixisti
880 2275 886 2293 :
903 2277 911 2292 ι
926 2268 1025 2305 Estote_

231 2306 371 2341 simplices
387 2307 599 2337 sicutcolumba:
616 2311 647 2336 ".
669 2320 677 2336 ι
695 2311 815 2339 Clamavi
829 2312 861 2339 ad
879 2317 905 2339 te
921 2313 947 2339 in
962 2318 1018 2340 toto

205 2366 207 2368 ι
231 2353 313 2380 corde
336 2361 415 2386 meo;
433 2353 514 2386 Deus,
530 2354 612 2387 Deus,
634 2357 733 2383 exaudi
752 2365 804 2390 me,
822 2365 884 2392 spes
897 2359 1017 2386 omnium

232 2398 326 2425 finium
347 2404 436 2432 teme,
459 2404 487 2427 et
505 2408 611 2434 e0rum,
627 2402 671 2436 qui
691 2408 754 2430 sunt
774 2404 868 2438 procul
895 2405 922 2430 in
947 2409 1018 2432 terra

231 2443 319 2472 aliena
330 2445 373 2471 ¹⁶”.

268 2490 310 2517 l8.
333 2490 442 2526 lncrepa
466 2492 577 2527 spiritus
603 2501 699 2522 omnes
729 2495 885 2523 immundos
906 2505 921 2523 a
949 2497 1019 2525 faeie

232 2544 379 2571 puerorum
392 2542 500 2565 tuorum
521 2547 527 2565 :
546 2540 722 2574 apprehende
734 2549 809 2569 arma
823 2547 850 2569 et
861 2548 979 2576 scutum,
994 2548 1021 2571 et

232 2591 346 2619 exsurge
364 2584 390 2610 in
406 2584 571 2619 adjutorium
585 2594 679 2613 eorum
693 2595 700 2613 :
718 2588 828 2615 effunde
846 2589 976 2616 frameam
992 2594 1019 2617 et

232 2626 364 2654 conclude
377 2627 507 2656 adversus
521 2636 579 2661 eos,
594 2630 640 2664 qui
656 2636 858 2666 persequuntur
872 2632 947 2659 illos:
964 2633 1018 2665 die.

233 2678 250 2697 ο
272 2671 394 2705 Domine,
415 2673 514 2701 anima:
531 2682 645 2701 eorum:
663 2676 742 2704 Salus
753 2683 798 2704 tua
813 2685 862 2713 ego
879 2685 949 2705 sum.
967 2678 1019 2706 lle-

234 2715 311 2743 cedat
327 2725 341 2743 a
362 2722 453 2746 mente
473 2727 567 2746 eorum
583 2720 695 2754 spiritus
717 2722 829 2754 timoris,
850 2723 959 2756 acedizr,
974 2732 1020 2751 su-

273 2804 294 2819 “
307 2804 403 2832 Matth.
423 2814 448 2838 ς,
469 2807 508 2833 16.
550 2809 580 2824 ¹⁸⁸
599 2809 668 2837 l‘sal.
689 2818 759 2842 Lx‘n‘,
777 2811 802 2837 ϋ.

1070 1539 1186 1571 αἷνετδς,
1202 1540 1215 1565 6
1230 1538 1295 1569 Θεὸς
1313 1539 1326 1564 6
1341 1538 1425 1573 μέγας
1443 1539 1489 1564 καὶ
1510 1538 1630 1573 ίσχυρδς,
1644 1540 1657 1564 ὁ
1674 1539 1744 1570 Θεὸς
1762 1541 1778 1565 ὁ
1796 1548 1871 1573 προ-

1070 1585 1197 1616 αιὼνιος,
1228 1584 1387 1610 εἰσάκουσον
1414 1584 1581 1618 ἁμαρτωλοῠ
1613 1584 1702 1618 ἁνδρδς
1731 1586 1768 1618 τῇ
1803 1585 1870 1619 (ng

1069 1631 1168 1665 ταύτῃ.
1184 1629 1351 1657 Ἐπὰκουσάν
1382 1638 1444 1663 μου,
1458 1630 1472 1655 6
1488 1629 1565 1661 Θεδξ,
1581 1629 1735 1656 ἐπάκουσον
1761 1639 1818 1664 μου
1843 1633 1873 1657 εν

1071 1676 1155 1711 ίσχύῖ.
1170 1676 1215 1711 Μὴ
1234 1675 1430 1711 μνημόνευσον,
1449 1676 1478 1700 ὲν
1495 1675 1582 1710 ταύτῃ
1599 1684 1650 1709 μου
1668 1677 1703 1710 τῇ
1715 1679 1873 1709 προσευχῇ,

1069 1722 1123 1748 τῶν
1139 1722 1183 1748 ἀεὶ
1200 1722 1246 1748 καλ⁴
1260 1722 1299 1752 εἰς
1315 1721 1358 1747 ἀεὶ.
1377 1721 1525 1756 παρακοῶν
1547 1721 1597 1754 τῆς
1621 1721 1695 1755 ἐμῆς
1719 1721 1875 1752 eimastth-

1070 1775 1148 1798 σεως.
1169 1766 1339 1793 Ἐπάκουσόν
1365 1774 1428 1801 μου,
1454 1766 1554 1799 Κύριε,
1585 1766 1753 1792 ἐπάκουσόν
1781 1776 1836 1801 μου
1852 1769 1875 1792 ἐν

1070 1812 1137 1847 πυρὶ
1152 1812 1318 1847 προσευχῆς,
1332 1811 1369 1843 ὥς
1384 1820 1449 1837 ποτε
1462 1811 1509 1837 τοῦ
1526 1810 1573 1837 σοῦ
1589 1812 1755 1846 προφήτου,
1777 1813 1827 1838 καὶ
1838 1813 1876 1838 διὰ

1069 1858 1122 1883 τῶν
1138 1857 1220 1884 αὑτοῦ
1238 1857 1402 1891 πρεσϐειῶν,
1418 1857 1466 1888 τὰς
1483 1857 1600 1889 ἀνομίας
1617 1866 1670 1891 μου
1685 1859 1876 1891 κατάφλεξον,

1070 1903 1180 1935 καὶτὰς
1207 1903 1343 1937 ἁμαρτίας
1370 1911 1419 1937 μου
1439 1903 1598 1937 καθάρισον.
1616 1903 1685 1934 Ναὶ,
1701 1904 1716 1929 ὁ
1732 1904 1809 1935 Θεξς
1828 1905 1878 1930 τᾶν

1069 1948 1154 1983 ἁγίων
1165 1949 1305 1983 δυνάμεων
1314 1956 1321 1963 ⁶
1337 1949 1382 1975 ναὶ
1394 1950 1407 1975 6
1420 1948 1475 1974 τῶν
1490 1948 1648 1982 ἀσωμάτων
1664 1951 1794 1983 ποιητής
1804 1959 1811 1965 ·
1829 1952 1879 1980 ναι

1069 1995 1083 2020 6
1100 1993 1185 2020 εἰπών
1198 2001 1205 2009 ’
1221 1994 1338 2023 Αἰτεῖτε,
1353 1993 1399 2019 καὶ
1414 1992 1532 2027 λήψεσθε
1543 2002 1549 2007 ·
1569 1994 1606 2027 μή
1631 2001 1667 2027 με
1693 1993 1820 2029 βδελιῐξη
1838 1995 1881 2021 τὶν

1069 2038 1213 2074 ἀκάθαρτα
1230 2039 1305 2074 χείλη
1323 2038 1566 2073 περιϐεϐλημένον,
1585 2039 1633 2064 καὶ
1659 2039 1691 2064 ἐν
1719 2040 1881 2074 ἁμαρτέαις

1071 2084 1260 2118 συνεχόμενον.
1293 2083 1466 2110 Ἐπὰκουσέν
1495 2092 1562 2118 μου,
1589 2084 1603 2109 6
1628 2084 1884 2119 éuaﬁazidpzss;

1071 2131 1216 2157 ἐπακούειν
1246 2130 1299 2156 τῶν
1327 2130 1356 2156 ὲν
1372 2129 1486 2165 ἀληθείᾳ
1505 2129 1741 2164 ἐπικαλουμένων
1771 2140 1816 2162 σε,
1837 2133 1884 2157 ιιι

1035 2168 1057 2194 D
1071 2174 1278 2201 κατεύθυνοντὰ
1293 2174 1452 2209 διαδήματα
1468 2173 1521 2199 τῶν
1538 2173 1642 2200 δούλων
1660 2182 1728 2207 σου,
1747 2177 1801 2201 καὶ
1820 2177 1883 2206 τοὶς

1072 2220 1153 2251 πόδας
1168 2220 1259 2246 αὐτῶν
1273 2220 1312 2250 είς
1324 2219 1382 2245 ὁδὸν
1395 2220 1518 2254 εἰρήνης.
1543 2220 1737 2255 Συμπάθῃσον
1761 2222 1885 2253 ἁκὰκοις

1071 2266 1166 2292 παισὶν
1177 2265 1223 2291 ἐπὶ
1239 2264 1317 2300 ξένης
1328 2263 1414 2295 οὖσιν,
1436 2266 1450 2290 6
1466 2264 1551 2290 εἰπών
1562 2273 1569 2279 ·
1587 2274 1595 2290 ι
1611 2265 1731 2291 Γίνεσθε
1752 2267 1885 2302 aurigam:

1071 2310 1107 2341 ὡς
1119 2311 1146 2336 at
1166 2309 1341 2344 περιστεραί.
1361 2318 1370 2334 ι
1397 2308 1553 2344 Ἐχέκραξά
1579 2317 1621 2335 σοι
1637 2310 1668 2335 ἐν
1695 2310 1750 2345 ὅλῃ
1782 2312 1887 2346 καρδέα

1073 2364 1135 2391 μου.
1159 2355 1188 2381 '0
1201 2354 1277 2386 Θεὸς,
1290 2356 1303 2381 6
1323 2354 1401 2386 Θεὸς,
1418 2354 1570 2380 ἐπάκουσον
1590 2363 1653 2389 μου,
1670 2355 1688 2389 ἡ
1703 2355 1797 2387 ἐλπὶς
1815 2358 1888 2383 πᾶς,-

1067 2410 1120 2430 των
1133 2401 1187 2427 τῶν
1205 2400 1329 2436 περάτων
1348 2400 1399 2435 τῆς
1424 2400 1486 2434 γῆς,
1506 2400 1553 2426 καὶ
1570 2400 1624 2426 τῶν
1647 2401 1699 2427 ἐπὶ
1721 2401 1813 2437 ξένης
1833 2412 1887 2436 με-

1068 2448 1147 2483 κράν.

1104 2491 1149 2528 ιη’.
1169 2492 1347 2528 Ἐπιτίμησον
1360 2493 1444 2519 πᾶσιν
1459 2493 1515 2523 τοῖς
1525 2491 1698 2526 ἀκαθάρτοις
1715 2493 1889 2527 πνεῦμασιν

1070 2538 1124 2565 ἀπὸ
1138 2537 1287 2574 προσώπου
1313 2538 1368 2564 τῶν
1394 2539 1500 2565 παίδων
1518 2546 1576 2564 σου.

1073 2588 1119 2613 καὶ
1132 2586 1241 2622 θυρεοῦ.
1267 2586 1314 2613 καὶ
1328 2585 1460 2620 ἀνάστηθι
1480 2586 1520 2617 εἰς
1535 2584 1584 2620 τὴν
1607 2583 1747 2619 βοήθειαν
1778 2586 1889 2612 αὐτῶν.

1076 2635 1189 2669 Ἐκχεον
1208 2633 1346 2669 ῥομφαίαν
1371 2633 1418 2668 καὶ
1441 2631 1601 2665 σύγκλεισον
1630 2629 1806 2663 ἐξεναντίας
1835 2632 1890 2658 τῶν

1074 2679 1297 2706 καταδιωκόντων
1310 2677 1418 2709 αὐτούς.
1440 2677 1517 2709 Εἰπὲ,
1534 2674 1555 2702 ὦ
1572 2675 1672 2709 Κύριε,
1690 2677 1728 2711 τῇ
1743 2677 1828 2712 ψυχῇ
1841 2678 1891 2703 ιιι

1074 2725 1144 2751 τῶν·
1162 2724 1288 2759 Σωτηρία
1305 2723 1353 2750 σού
1368 2725 1426 2759 ειμι
1446 2723 1510 2757 ἐγὼ.
1533 2722 1817 2757 ’Υπανσχωρησάτω
1834 2724 1892 2750 ἀπὸ

1605 2536 1768 2564 Ἐπιλαϐοὖ
1797 2540 1888 2565 ὂπὶςῖ
