1946 3194
205 62 274 94 1703

730 58 885 87 LEONTII
909 55 1164 86 NEAPOLITANI
1184 53 1352 84 EPISCOPI

1766 47 1845 80 ΠΜ

202 118 387 147 innocentiam
415 121 442 143 et
466 115 673 150 integritatem:
697 115 831 141 sentiebat
854 114 927 141 enint
952 121 990 141 se.

1054 110 1157 146 Συμεὼν
1170 113 1201 137 ἐκ
1220 111 1269 144 τῆς
1286 108 1440 144 προσηύξεης
1461 106 1536 141 αὐτῷ
1550 105 1668 136 iuxta;
1684 103 1734 130 καὶ
1753 104 1841 130 καθι-

204 173 251 199 per
268 165 395 191 virtutem
412 161 529 196 Spiritus
547 160 636 187 sancti
656 160 707 186 sibi
733 159 923 190 itthabitantis,
941 166 992 185 nec

204 211 300 236 timere
315 208 448 237 dolorem,
461 213 512 232 nec
526 205 620 239 frigus,
634 212 684 231 nec
699 204 807 235 famem,
824 207 1001 240 necat-stum,

204 254 250 282 sed
265 254 350 287 ipsam
369 256 472 278 natura:
484 250 610 276 humana:
633 248 819 275 conditionem
836 254 920 281 prope
934 254 994 273 esse

204 304 443 335 prartergressum.

238 385 283 411 '27.
302 384 369 411 Dicit
390 382 488 410 Joanni
511 391 519 409 :
542 382 612 414 Quid
634 381 793 416 proficimus
806 380 993 414 imposterunt,

206 429 299 461 frater,
318 430 346 455 itt
359 429 410 455 ltac
426 426 574 454 solitudine
591 424 815 453 commorantes?
838 422 994 454 Enimvero,

205 476 227 502 si
241 484 283 502 tne
300 475 387 506 audis,
403 481 493 508 surge,
510 471 693 503 discedamus,
710 470 777 496 alios
797 469 879 496 etiam
895 468 991 495 redda-

206 529 266 547 mus
285 521 382 547 salvos.
406 519 454 546 llic
481 519 564 550 enim,
585 521 764 552 praeterquam
789 514 877 546 nobis,
901 521 997 547 prosu—

207 573 267 592 mllS
292 565 406 596 nemini,
430 570 457 591 et.
477 572 492 590 a
508 564 582 590 ttttllo
605 562 756 589 mercedem
780 560 939 594 accipimus.
964 558 997 586 Et

207 615 354 648 incipiebat
365 613 388 639 ei
402 613 493 639 dicere
507 611 637 639 nonnulla
656 609 810 644 huiusmodi
822 617 836 636 e
852 608 937 634 sacris
947 615 996 642 pa-

208 660 298 695 ginis:
317 668 325 684 ι
344 659 429 685 Nemo
447 658 519 692 quod
543 665 622 684 suum
647 660 688 683 est
717 659 829 689 quaerat,
856 654 903 681 sed
924 653 995 688 quod

214 704 329 739 proximi
343 704 375 730 ¹⁰.
395 712 404 728 ›
424 703 458 730 Et
475 703 573 729 iterum
590 710 596 727 :
613 711 622 727 ι
638 701 771 729 Omnibus
794 700 884 727 omnia
910 699 998 726 factus

208 757 279 781 sum,
299 754 326 776 ut
351 756 446 776 omnes
471 748 605 775 salvarem
636 748 671 774 '°.
690 756 699 772 t
720 746 753 773 Et
774 754 806 773 ex
827 745 972 780 Evangelio
989 755 995 771 :

212 804 220 820 ι
241 795 285 822 Sic
299 795 387 822 luceat
400 795 445 821 lux
457 798 547 821 vestra
560 800 652 820 coram
664 792 830 824 hominibus,
844 795 874 818 ttt
888 791 998 817 videant

208 849 290 875 opera
305 845 394 870 vestra
423 840 505 870 bona,
524 843 550 866 et
563 838 717 873 gloriﬁcent
734 838 840 864 Patrem
864 842 996 869 vestrum,

209 885 255 920 qui
274 885 301 911 in
316 885 390 911 cmlis
416 888 457 911 est
475 884 496 899 "
510 903 518 915 ,
547 892 555 908 t
576 888 657 917 atque
682 883 732 909 alia
758 883 880 918 quaedam
904 883 998 910 istius-

209 930 293 957 modi.
312 930 345 956 Ει
359 929 527 963 respondens
551 929 677 956 dontintts
699 928 827 961 Joannes,
841 929 907 956 dicit
922 928 972 963 ipsi
989 936 995 954 :

209 976 289 1008 Puto,
305 975 399 1007 frater,
412 975 527 1002 Satanas
542 974 625 1008 quieti
643 979 743 1001 nostra:
756 974 863 1006 invidit,
880 979 906 1001 et
928 974 998 1001 ltanc

210 1021 258 1048 tibi
274 1021 466 1055 cogitationem
485 1020 588 1054 injecit.
605 1020 675 1052 Quin
696 1024 721 1047 tn
747 1020 837 1055 potius
857 1027 948 1051 mane,
972 1023 1000 1046 et

210 1074 321 1094 cursum
337 1071 471 1097 nostrum,
488 1073 542 1100 quo
558 1066 645 1092 vocati
661 1074 755 1092 sutttus
769 1073 784 1092 a
805 1065 871 1097 Deo,
887 1065 1001 1100 intplea-
1029 1070 1032 1074 λ

212 1119 272 1139 mus
284 1112 311 1138 in
326 1112 376 1139 hac
392 1119 494 1138 eremo.
509 1111 578 1138 Tum
600 1111 717 1146 Symeon
731 1120 737 1138 :
758 1110 855 1142 Crede,
871 1118 921 1145 ego
944 1118 999 1137 non

211 1165 320 1190 maneo,
337 1159 384 1184 sed
399 1157 510 1184 discedo
526 1157 553 1184 in
571 1157 670 1184 virtttte
686 1156 797 1188 Christi,
814 1156 946 1183 mundum
959 1156 1000 1183 lu--

211 1203 440 1230 dificaturus.Cui
454 1211 560 1231 rursum
573 1203 657 1230 frater
668 1203 726 1238 ejus
740 1212 745 1229 :
762 1202 811 1236 Ne,
822 1203 892 1230 bone
906 1202 998 1235 frater,

212 1256 260 1275 oro
276 1254 302 1276 te
317 1253 429 1283 propter
446 1249 601 1283 Dominum,
616 1257 649 1276 ne
664 1257 707 1276 me
722 1249 852 1276 humilem
871 1249 999 1282 deseras;

212 1301 301 1328 neque
316 1294 388 1320 enim
401 1302 433 1321 eo
444 1294 552 1321 virtutis
570 1295 692 1329 perveni,
706 1299 737 1321 ut
752 1295 853 1329 possim
870 1295 1000 1322 mundum

212 1337 361 1364 ludificare.
382 1337 435 1364 Sed
458 1342 568 1372 propter
587 1345 661 1369 eum,
682 1338 727 1372 qui
745 1345 794 1365 ttos
819 1338 918 1372 junxit,
946 1339 1000 1365 noli

212 1382 332 1417 disjungi
349 1390 364 1409 a
378 1387 423 1410 tuo
441 1382 534 1409 fratre.
561 1381 650 1415 Nosti,
667 1380 739 1417 quod
761 1387 822 1417 post
848 1383 931 1410 Deum
946 1392 1001 1411 non

1045 158 1167 193 ρότητος.
1185 156 1331 191 ᾘσθάνετο
1361 154 1415 187 γὰρ
1438 152 1533 178 ἑαυτὸν
1548 152 1593 177 διὰ
1609 151 1660 185 τῆς
1678 148 1849 184 ὲνοικούσης

1045 204 1073 228 ὲν
1087 202 1162 235 αὐτῷ
1188 200 1234 226 τοῦ
1248 200 1326 232 ἁγίου
1339 198 1497 231 Πειεύματος
1516 196 1668 230 δυνάμεως,
1697 196 1768 229 μήτε
1789 194 1848 220 πά-

1045 249 1090 280 Οος
1105 247 1282 281 φοϐούμενον,
1300 246 1367 280 μήτε
1383 243 1478 278 ψύχος,
1494 243 1510 277 ἢ
1537 243 1641 273 πεῖναν,
1658 241 1676 276 ἦ
1696 240 1849 271 καύσωνα,

1046 293 1112 319 ἀλλὰ
1125 292 1216 327 σχεδὸν
1232 291 1303 326 ὑπὲρ
1329 289 1363 316 τὰ
1383 289 1469 324 μέτρα
1483 288 1531 322 τῆς
1545 287 1653 321 φύσεως
1667 286 1718 321 τῆς
1734 285 1849 319 ἀνθρω-

1046 341 1126 374 πίνης
1136 339 1293 373 γενόμενον.

1081 385 1132 417 κζ’.
1149 384 1230 418 Λέγει
1266 382 1304 417 τῷ
1327 381 1454 417 Ἰωάννῃο
1470 380 1503 406 Τί
1525 379 1711 414 ὠφελούμεθα
1734 379 1849 409 λοιπὸν,

1047 430 1157 465 ἀδελφὲ,
1182 431 1210 456 ὲν
1242 430 1274 464 τῇ
1302 428 1397 463 ἐρήμῳ
1429 426 1517 462 ταύτῃ
1535 425 1743 460 διατρίϐοντες;
1772 424 1850 449 Ἀλλ’

1047 476 1095 501 ἐὰν
1118 474 1238 509 ἀκούσῃς
1271 481 1332 507 μου,
1360 471 1475 502 ἀνάστα,
1498 469 1663 504 ἀπέλθωμεν
1677 489 1684 499 ,
1708 467 1852 502 σώσωμεν

1048 522 1093 547 καὶ
1110 521 1216 550 ἄλλους.
1237 515 1300 544 Ὧδε
1311 517 1365 552 γὰρ
1377 517 1401 542 εἰ
1421 516 1458 551 μὴ
1475 515 1588 546 ἑαυτοὺς
1615 514 1729 548 μόνους,
1749 513 1852 547 ἕτερόν

1047 575 1107 592 τινα
1124 566 1175 592 οὐκ
1186 564 1355 599 ὠφελοῦμεν,
1370 563 1418 588 καὶ
1433 561 1528 596 μισθὸν
1544 560 1705 595 παρὰτινος
1721 559 1775 584 οὐκ
1789 558 1853 592 ἑχο-

1049 620 1109 647 μεν.
1122 611 1177 637 Καὶ
1191 609 1291 645 ἦρξατο
1304 609 1393 642 λέγειν
1404 606 1490 641 αὐτῷ,
1501 606 1548 631 καὶ
1558 607 1591 631 ἐκ
1605 605 1656 639 τῆς
1669 604 1755 637 ἁγίας
1772 604 1850 638 Γρα-

1049 657 1101 692 φῆς
1121 665 1182 683 τινα
1209 655 1338 682 τοιαῦτα·
1368 652 1494 688 «Μηδεὶς
1525 651 1556 677 τὸ
1582 651 1683 677 ἑαυτοῦ
1714 649 1851 685 ζητείτω,

1049 702 1116 728 ἀλλὰ
1137 701 1168 727 τὸ
1191 700 1238 727 τοῦ
1272 699 1396 735 πλησίου.
1416 708 1425 724 t
1444 698 1499 724 Καὶ
1517 697 1616 723 πάλιν*
1644 706 1653 721 ι
1670 696 1739 727 Τοῖς
1764 697 1850 722 πᾶσιν

1050 749 1139 775 πάντα
1170 747 1280 781 γέγονα,
1303 745 1347 771 ἵνα
1365 744 1473 774 πάντως
1499 742 1576 773 τινὰς
1598 741 1693 768 σώσω.
1716 751 1728 767 ι
1745 742 1803 767 Καὶ
1819 742 1849 767 ἐι

1048 794 1095 821 τοῦ
1123 792 1306 827 Εὑαγγελίου·
1326 800 1334 817 ι
1359 791 1422 816 Ὅτι
1443 789 1530 820 οὕτως
1555 787 1697 823 λαμψάτω
1724 788 1759 813 τὸ
1793 788 1847 821 ex};

1051 840 1127 875 ὑμῶν
1143 837 1296 873 ἔμπροσθεν
1317 836 1371 863 τῶν
1385 835 1545 870 ἀνθρώπων,
1561 835 1637 865 ὅπως
1659 833 1757 859 ἴδωσιν
1772 833 1843 867 ὑμῶν

1049 885 1083 912 τὰ
1097 884 1166 911 καλὰ
1177 884 1245 919 ἔργα
1262 883 1308 909 καὶ
1319 882 1467 914 δοξάσωσιν
1492 880 1536 906 τὸν
1562 879 1678 914 Πατέρα
1694 879 1782 913 ὑμῶν,
1796 879 1838 905 τὸν

1050 931 1078 957 ἑν
1090 932 1151 965 τοῖς
1164 930 1298 965 οὐρανοῖς·
1315 938 1324 954 t
1339 929 1386 953 καὶ
1400 927 1468 954 ἄλλα
1481 927 1541 953 τινὰ
1557 925 1686 953 τοιαῦτα.
1706 926 1761 951 Καὶ
1774 926 1834 952 ἁπο-

1050 964 1154 1011 κριθεὶς
1169 976 1182 1001 6
1198 964 1304 1010 Κύριος
1325 973 1462 1008 Ἰωάννης,
1493 972 1568 1005 λέγει
1596 971 1694 1005 αὐτῷ·
1720 971 1842 1006 Nuptan,

1050 1021 1158 1055 ἀδελφὲ,
1173 1021 1187 1046 6
1203 1020 1326 1050 Σατανᾶς
1338 1018 1487 1053 ἐφθόνησεν
1500 1017 1548 1052 τὴν
1561 1017 1680 1052 ἡσυχίαν
1696 1016 1793 1050 ἡμῶν,
1803 1017 1845 1042 καὶ

1051 1066 1184 1093 ὐπέὸαλέν
1200 1074 1241 1091 σοι
1254 1065 1300 1091 τὸν
1318 1063 1448 1098 λογισμὸν
1468 1062 1575 1089 τοῦτον.
1591 1062 1767 1088 Τουναντὶον
1786 1061 1844 1088 11'6-

1051 1120 1118 1143 ισον,
1128 1112 1174 1137 καὶ
1186 1112 1231 1136 τὸν
1244 1110 1344 1145 δρόμον
1359 1109 1447 1144 ήμῶν,
1461 1109 1529 1134 ὅπου
1550 1107 1716 1142 ἐκλήοημεν
1737 1107 1789 1133 ὑπὸ
1802 1107 1842 1133 τοῖν

1051 1157 1128 1189 Θεοῦ,
1145 1158 1185 1188 εἰς
1213 1156 1261 1191 τὴν
1290 1156 1392 1191 ἔρημον
1408 1154 1509 1189 ταύτην
1539 1154 1755 1189 πληρώσωμεν.
1772 1154 1845 1186 Λέγει

1052 1203 1125 1238 αὐτῷ
1139 1203 1153 1229 6
1171 1202 1298 1237 Συμεών·
1319 1202 1477 1233 Πίστευσον,
1503 1199 1558 1234 ἐγὼ
1581 1200 1612 1226 οὐ
1642 1200 1736 1233 μένω,

1051 1251 1084 1284 τῇ
1100 1249 1213 1283 δυνάμει
1224 1248 1270 1275 τοῦ
1284 1246 1403 1282 Χριστοῦ
1412 1245 1676 1281 ὑπάγω,ὲμπαίζων
1692 1245 1736 1280 τῷ
1748 1245 1843 1279 κόσμῳ.

1052 1296 1133 1328 Λέγει
1155 1294 1228 1328 αὐτῷ
1257 1293 1337 1319 πάλιν
1367 1293 1381 1319 6
1399 1292 1511 1326 ἀδελφὸς
1541 1291 1648 1318 αὒτυῦ·
1677 1291 1741 1326 Μὴ,
1757 1291 1845 1324 ﬂii-,2:

1053 1342 1129 1372 καλὲ,
1142 1340 1295 1375 παρακαλῶ
1311 1349 1341 1366 σε
1357 1340 1401 1366 διὰ
1416 1339 1460 1365 τὸν
1474 1339 1587 1374 Κύριον,
1601 1339 1640 1373 μὴ
1654 1338 1746 1373 ééq;
1760 1347 1795 1372 με
1808 1339 1846 1363 τὴν

1052 1387 1189 1413 ταπεινόν.
1202 1386 1284 1412 Οὔπω
1300 1386 1353 1420 γὰρ
1370 1385 1425 1418 ἐγὼ
1441 1386 1480 1416 εἰς
1493 1384 1574 1411 τοῦτο
1589 1384 1621 1410 τὸ
1643 1384 1750 1419 μὲτρσν
1770 1384 1851 1418 ἐφθα-

215 1428 329 1455 habeam
346 1428 440 1458 ulluut,
454 1432 552 1462 praeter
567 1433 603 1460 te,
620 1428 704 1455 frater
716 1429 770 1461 mi;
785 1429 831 1456 sed
847 1430 1000 1457 renuntiavi

1055 1442 1099 1464 σα,
1118 1433 1161 1459 ἵνα
1175 1432 1281 1466 δυνηθῶ
1297 1431 1430 1466 ἐμπαῖξαι
1445 1431 1484 1466 τῷ
1501 1431 1608 1465 κόσμῳ.
1626 1431 1711 1456 Ἀλλὰ
1723 1430 1758 1456 δι’
1769 1430 1849 1456 αὑτὸν

213 1474 351 1505 omnibus,
368 1478 396 1500 ut
415 1473 462 1500 tibi
481 1474 646 1500 adhaererem
661 1482 667 1500 :
684 1479 711 1501 et
722 1482 794 1502 nunc
809 1479 837 1501 tu
853 1475 894 1502 vis
909 1475 937 1502 in
953 1476 1004 1503 hac

213 1518 362 1545 solitudine
376 1522 504 1551 tanquam
517 1518 544 1544 itt
558 1518 652 1552 pelago
662 1526 704 1545 tne
715 1519 858 1553 linquere?
869 1519 1005 1547 Memento

214 1562 296 1596 hujus
311 1561 375 1593 diei,
393 1570 446 1596 qua
466 1567 567 1589 sortem
586 1562 713 1590 duximus
737 1567 764 1590 et
779 1564 934 1592 audivimus
954 1565 1004 1592 ab-

214 1607 305 1634 batem
325 1606 470 1640 Niconem;
487 1608 559 1642 quod
571 1608 731 1635 convenerit
745 1608 817 1636 inter
832 1617 893 1642 nos,
910 1615 1005 1637 mutuo

214 1659 269 1679 non
297 1652 427 1687 separari.
458 1653 595 1680 Memento
625 1654 756 1682 terribilis
783 1655 867 1686 horze,
895 1657 1005 1690 quando

214 1703 338 1724 sanctum
363 1697 485 1724 habitum
507 1697 594 1725 induti
622 1706 729 1731 sumus,
754 1704 783 1727 et
810 1707 919 1728 eramus
940 1701 1004 1732 duo,

214 1743 286 1769 sicut
304 1742 395 1769 anima
414 1750 478 1775 una,
499 1744 567 1770 adeo
591 1749 621 1771 ut
643 1752 738 1772 ontttcs
759 1745 933 1773 dilectionem
957 1755 1007 1774 tto-

215 1792 299 1816 stram
341 1793 470 1823 tanquam
503 1797 561 1816 rem
586 1797 684 1817 novam
713 1790 887 1818 mirarentur.
916 1791 1005 1820 Nolito

214 1833 337 1862 oblivisci
355 1841 498 1861 sermones
517 1836 607 1870 magni
622 1836 706 1867 senis.
727 1836 828 1870 quibus
846 1845 897 1865 nos
912 1838 1006 1866 admo-

214 1880 274 1906 nuit
290 1887 322 1906 ea
342 1884 432 1912 nocte,
450 1888 503 1915 qua
524 1881 624 1915 egressi
648 1889 754 1909 sumus.
772 1881 820 1914 Ne,
847 1891 949 1918 quatso,
971 1892 1006 1912 ne

214 1924 286 1952 forte
310 1931 437 1959 peream,
463 1929 492 1952 et
515 1925 635 1960 requirat
663 1926 734 1954 Deus
766 1928 885 1955 animant
915 1937 1005 1957 nteant

214 1968 264 1997 abs
283 1973 323 1998 te.

251 2118 295 2145 28.
313 2118 362 2145 Cui
381 2119 480 2145 iterum
496 2119 635 2154 SymeotH
657 2121 751 2156 Cogita
775 2129 818 2149 me
846 2130 908 2150 esse
931 2131 1004 2151 mor-

216 2168 309 2196 tuum;
336 2171 427 2191 nontte
459 2165 585 2197 haberes,
610 2166 681 2193 uttde
705 2167 744 2193 tui
765 2175 859 2195 curant
886 2177 1006 2204 gereres.

216 2209 324 2235 tametsi
337 2209 411 2236 solus
426 2210 521 2236 esses?
541 2210 639 2243 Crede,
660 2211 682 2238 si
703 2212 807 2245 venias,
827 2219 902 2241 recte
924 2214 1006 2242 facies

215 2257 243 2280 et
257 2253 342 2285 belle;
367 2254 495 2288 quoniam
521 2263 571 2290 ego
595 2264 649 2284 non
675 2265 782 2284 maneo.
801 2257 850 2285 Ubi
869 2259 935 2285 vidit
953 2259 1007 2287 fra-

216 2303 257 2326 ter
269 2299 389 2326 Joattnes
410 2308 472 2326 eum
494 2301 651 2335 persistere,
670 2304 797 2338 cognovit
816 2305 889 2338 quod
912 2305 1007 2332 divino

215 2345 346 2372 instinctu
372 2346 423 2373 ltoc
445 2346 557 2373 faceret.
578 2346 650 2374 Niltil
673 2349 774 2384 quippe
797 2357 845 2377 eos
873 2351 1005 2385 potuisset

215 2398 342 2426 separare
359 2393 411 2419 nisi
428 2393 484 2419 sola
496 2401 579 2426 tnors,
591 2398 618 2421 et
633 2393 748 2422 fortasse
762 2403 796 2422 tte
811 2396 869 2430 ipsa
879 2396 1003 2431 quidem.

215 2436 282 2464 Nam
297 2437 396 2471 smpitts
411 2438 463 2465 hoc
478 2439 559 2465 etiam
576 2439 660 2466 Deum
677 2445 850 2475 rogaveram,
864 2446 892 2468 ut
909 2442 1004 2469 ambos

214 2483 296 2527 simul
307 2490 321 2510 e
338 2483 392 2510 vita
409 2491 533 2515 vocaret,
553 2490 581 2512 et
605 2485 754 2512 credebant
771 2487 958 2514 exaudiendos
974 2495 1003 2514 se

213 2528 299 2557 fuisse
320 2538 335 2556 a
366 2531 479 2559 Domino
503 2532 530 2558 in
561 2532 611 2559 hac
641 2540 684 2565 re,
708 2533 789 2560 sicuti
809 2534 836 2560 in
864 2535 1002 2562 omnibus.

214 2575 285 2603 Dicit
300 2576 390 2611 itaque
406 2577 429 2604 ei
445 2576 602 2613 [Joannes]:
620 2578 737 2611 Videsis,
755 2579 882 2615 Symeon,
898 2588 932 2607 tte
947 2580 1004 2607 dia-

214 2621 293 2648 boltts
305 2621 419 2649 fortasse
436 2623 482 2649 tibi
508 2623 572 2650 velit
590 2628 694 2651 struere
709 2624 831 2652 insidias.
852 2624 1004 2660 Respondit

214 2665 260 2693 ille
276 2675 282 2693 :
299 2666 338 2693 Tu
356 2668 436 2695 modo
455 2676 488 2695 ne
505 2669 557 2696 mei
573 2669 734 2697 obliviscere
750 2671 776 2696 itt
795 2671 849 2697 tuis
862 2672 1000 2705 precibus,

251 2753 272 2769 "
288 2752 297 2780 l
312 2754 374 2781 Cor.
394 2763 419 2788 κ,
433 2756 478 2783 Et.

1055 1478 1100 1504 τᾶν
1115 1478 1247 1510 ζεύξαντα
1264 1477 1337 1511 ἡμᾶς
1370 1479 1407 1512 μὴ
1437 1477 1553 1512 θελήσῃς
1574 1475 1787 1511 ἀποζευχθῆναι
1804 1475 1850 1502 τοῦ

1056 1524 1102 1549 σοῦ
1115 1523 1240 1557 ἀδελφοῦ.
1257 1523 1293 1549 Σὺ
1305 1520 1390 1554 οἶδας,
1408 1523 1449 1549 ὅτι
1468 1523 1538 1557 μετὰ
1561 1522 1627 1548 Θεὸν
1654 1522 1755 1548 οὐδένα
1781 1522 1850 1556 ἔχω,

1056 1572 1080 1595 εἰ
1095 1569 1132 1604 μὴ
1146 1570 1186 1600 σὲ,
1210 1569 1307 1602 ἀδελφέ
1335 1577 1398 1603 μου,
1411 1568 1478 1594 ἀλλὰ
1495 1568 1599 1599 πάντας
1613 1567 1777 1602 ὴρνησὰμην
1799 1567 1849 1593 καὶ

1057 1614 1277 1650 προςεκολλήθην
1302 1622 1362 1640 σοι·
1382 1614 1429 1641 καὶ
1449 1613 1511 1648 ἄρτι
1537 1615 1569 1640 σὺ
1595 1614 1693 1644 θέλεις,
1707 1613 1808 1648 ὥσπερ
1821 1613 1852 1638 ἐν

1057 1661 1186 1694 πελάγει,
1204 1661 1284 1687 ἐᾶσαί
1305 1670 1337 1696 με
1354 1662 1393 1692 εἰς
1408 1661 1456 1695 τὴν
1474 1660 1576 1695 ἔρημον
1593 1660 1714 1694 ταύτην;
1735 1660 1856 1693 Mamuri-

1057 1716 1150 1733 νευσον
1162 1707 1211 1740 τῆς
1225 1708 1330 1742 ἡμέρας
1348 1707 1466 1741 ἐκείνης,
1482 1707 1534 1733 ὅτε
1550 1706 1700 1741 ἐλάχομεν,
1718 1706 1772 1732 καὶ
1790 1714 1858 1732 χατ-

1057 1752 1198 1787 ηρχόμεοιι
1214 1753 1259 1778 ἐπὶ
1270 1752 1314 1779 τὸν
1344 1752 1422 1787 κῦριν
1443 1752 1565 1783 Νίκωνα.
1594 1752 1635 1778 ὅτι
1670 1752 1858 1786 συνεθέμεθα,

1059 1799 1096 1834 μὴ
1113 1797 1279 1833 χωρίζεσθαι
1290 1799 1338 1824 ἀπ’
1366 1797 1497 1833 ἀλλήλων.
1516 1797 1724 1832 Μνημόνευσον
1744 1798 1801 1832 τῆς
1816 1806 1858 1831 φθ-

1058 1844 1141 1878 είρίς
1169 1843 1254 1878 ὥρας,
1270 1842 1314 1868 ὅτε
1344 1842 1375 1868 τὸ
1388 1842 1465 1875 ἅγιον
1482 1841 1579 1876 σχῆμα
1603 1840 1800 1876 ὲνεδύθημεν,
1817 1841 1859 1867 καὶ

1057 1888 1127 1925 ἦμεν
1138 1890 1163 1916 οἱ
1179 1889 1225 1916 δύο
1249 1889 1343 1924 ὥσπερ
1364 1889 1412 1924 μία
1431 1889 1514 1924 ψυχὴ,
1530 1888 1602 1915 ὥστε
1626 1888 1742 1920 πάντας
1762 1888 1862 1921 ξενίζε-

1059 1935 1120 1961 σθαι
1136 1934 1182 1961 ὲπὶ
1196 1935 1229 1969 τῇ
1257 1934 1353 1970 ἀγάπῃ
1374 1934 1465 1970 ἡμῶν.
1480 1934 1525 1969 Μὴ
1542 1934 1663 1969 ἐπιλειοῃ
1680 1934 1741 1960 τῶν
1774 1935 1862 1968 λόγων

1057 1979 1105 2006 τοῦ
1125 1980 1244 2015 μεγάλου
1269 1980 1413 2015 γέροντος,
1446 1976 1483 2006 ὧν
1512 1980 1584 2014 ἡμᾶς
1607 1980 1803 2015 ἐνουθέτησεν
1831 1982 1861 2015 τῇ

1059 2018 1153 2059 νυκτὶξ
1202 2026 1360 2061 ἐξήλθομεν.
1383 2027 1441 2062 Μὴ.
1459 2026 1625 2062 παρακαλῶ,
1651 2027 1693 2061 μή
1715 2035 1783 2057 πως
1810 2027 1863 2053 ἀπ-

1059 2074 1163 2109 όλωμαι
1181 2074 1228 2101 καὶ
1238 2074 1397 2109 ἐκζητήσῃὸ
1411 2073 1476 2104 Θεὸς
1489 2073 1537 2107 τὴν
1548 2072 1637 2107 ψυχήν
1652 2081 1707 2106 μου
1726 2073 1786 2099 ἀπὸ
1805 2073 1862 2098 cru-3.

1092 2123 1147 2155 κη’.
1161 2120 1243 2154 Λέγει
1253 2119 1327 2154 αὐτῷ
1340 2119 1420 2145 πάλιν
1434 2120 1448 2145 ὁ
1463 2119 1573 2154 Συμεών
1589 2126 1600 2134 '
1627 2119 1773 2153 Νὸμισον,
1806 2121 1861 2146 ὰπ-

1057 2166 1162 2199 έθανον,
1185 2166 1235 2192 οὐκ
1250 2163 1321 2200 εῐχες
1336 2166 1476 2200 φροντίσαι
1489 2165 1586 2192 ἑαυτοῦ
1602 2166 1678 2192 κατὰ
1694 2167 1790 2200 μόνας
1806 2167 1862 2197 «In;

1056 2212 1216 2244 Πίστευσον,
1229 2211 1253 2237 εἰ
1273 2211 1323 2245 μὲν
1337 2211 1416 2246 ἔρχῃ,
1434 2208 1464 2237 εὖ
1480 2211 1528 2237 καὶ
1544 2210 1646 2242 καλῶς,
1675 2211 1745 2238 ἐπεὶ
1762 2212 1821 2245 ἐγὼ
1833 2212 1862 2237 o5

1058 2257 1193 2292 pévw._'0;
1219 2254 1265 2283 οὖν
1291 2256 1345 2283 ῐδεν
1374 2256 1456 2283 αὺτὸν
1477 2257 1492 2282 ὁ
1508 2256 1621 2290 ἀδελφὸς
1642 2256 1786 2292 Ἰωάννης
1804 2259 1863 2284 ἐπι-

1059 2303 1191 2338 μένοντα,
1218 2302 1288 2336 ἐγνω
1317 2302 1357 2328 ὅτι
1383 2303 1415 2329 ὲκ
1438 2301 1505 2328 Θεοῦ
1526 2302 1750 2338 ὲπληροφορήθη
1783 2304 1865 2331 τοῦτο

1058 2348 1168 2383 πρᾶξαι.
1192 2349 1268 2375 Ἐπεὶ
1294 2349 1343 2375 οὐκ
1371 2348 1502 2384 ἐχώριζεν
1515 2348 1626 2380 αὐτοὺς,
1640 2349 1666 2375 εἰ
1682 2350 1722 2385 μὴ
1738 2351 1756 2376 ὁ
1781 2351 1866 2378 θάνα-

1057 2394 1223 2429 τος,τάχαδὲ
1235 2394 1295 2421 οὐδὲ
1309 2394 1400 2426 αὐτός.
1414 2394 1470 2422 Καὶ
1482 2392 1615 2429 γὰρῆσαν
1631 2396 1683 2421 καὶ
1697 2395 1790 2422 τοῦτο
1802 2397 1865 2423 πολ-

1056 2441 1136 2472 λάκις
1157 2440 1399 2476 παρακαλέσαντες
1421 2441 1465 2467 τὸν
1496 2440 1572 2473 Θεὸν,
1606 2441 1650 2467 ἴνα
1670 2442 1747 2476 (ιμοῦ
1775 2451 1864 2478 προε-

1056 2487 1172 2521 λάϐηται
1185 2487 1249 2518 τοὺς
1262 2486 1318 2518 δύο,
1333 2495 1379 2513 και
1402 2486 1544 2513 ἐπίστευον
1564 2487 1606 2513 ὅτι
1626 2488 1798 2515 sicam-ise:
1817 2491 1865 2515 αὑ-

1057 2532 1111 2559 τῶν
1125 2533 1139 2558 ὁ
1159 2531 1262 2568 Κύριος
1287 2533 1338 2558 καὶ.
1355 2533 1385 2558 ὲν
1403 2527 1499 2567 τούτῳ,
1519 2533 1556 2564 ὡς
1580 2533 1609 2559 ὲν
1630 2534 1756 2562 ἅπασιν.
1780 2536 1863 2569 Atyn

1058 2577 1105 2605 οὖν
1120 2578 1205 2613 αὐτῷ·
1219 2577 1316 2610 Βλέπε,
1330 2577 1452 2613 Συμεὼν,
1466 2579 1503 2613 μή
1519 2587 1578 2610 πως
1589 2580 1602 2605 6
1615 2578 1750 2611 διάδηλος
1765 2582 1862 2614 χλευά-

1058 2632 1102 2650 σαι
1120 2633 1149 2650 σε
1165 2624 1239 2659 θέλῃ.
1255 2625 1285 2650 Ὀ
1309 2624 1338 2650 δὲ
1361 2622 1437 2651 εἶπεν
1463 2624 1551 2660 αὐτῷ·
1568 2625 1604 2652 Σὺ
1626 2625 1713 2660 μόνον
1736 2627 1780 2662 μὴ
1801 2628 1860 2652 ἐπι-

1056 2672 1126 2707 non
1137 2680 1186 2707 μου
1201 2672 1230 2699 ὲν
1244 2673 1277 2707 τῇ
1287 2672 1352 2708 εὐχῇ
1370 2681 1429 2705 σου,
1445 2672 1539 2708 ὥσπερ
1553 2672 1614 2699 οὐδὲ
1629 2672 1688 2708 ἐγὼ
1705 2673 1771 2706 σοῦ,
1788 2675 1836 2701 γαὶ
1847 2675 1861 2700 ι

532 2758 555 2772 ¹⁰
571 2757 581 2784 Ι
598 2757 659 2785 Cor.
685 2766 722 2792 ιχ,
737 2759 782 2786 22.
820 2760 840 2774 ²¹
858 2759 952 2787 Matth.
968 2768 994 2793 γ,
1013 2760 1055 2788 Ιϐ,

11 2908 199 3169 3.
