1946 3194
340 69 354 85 ι

178 118 245 151 1687
292 114 297 120 ’
688 120 843 150 LEONTII
864 120 1116 150 NEAPOLITANI
1136 118 1301 150 EPISCOPI

1752 117 1764 148 1
1771 118 1829 148 6‘33

175 173 236 203 ille;
259 180 340 200 nemo
366 173 439 200 enim
468 172 494 201 in
523 176 579 199 toto
605 174 771 200 monasterio
809 178 850 200 est
873 174 964 203 homo,

1025 175 1132 204 :xeivov,
1149 173 1189 199 ὅτι
1213 174 1253 204 εἰς
1266 174 1296 198 τὸ
1313 172 1496 207 μοναστήριόν
1524 180 1570 198 σου
1583 171 1644 198 ὅλον
1666 171 1827 206 ἅνθρωπος

175 225 255 251 quem
272 226 327 244 non
344 223 452 244 anteeat
471 217 585 245 honore.
608 217 677 245 Dicit
697 218 738 245 eis
760 219 844 246 abbas
860 230 864 246 :
885 219 964 251 Quali

176 263 300 290 honore?
315 262 393 289 Tunc
410 262 538 290 dixerunt
552 272 558 289 :
577 262 628 290 Per
643 271 716 294 eum.
739 263 828 296 Pater,
849 264 895 298 qui
917 272 968 291 nos

176 310 303 344 dignatur
317 308 370 335 hoc
385 308 479 335 habitu
496 312 523 335 et
540 309 651 338 honore.
672 309 742 336 beati
756 317 850 336 smnus
862 314 888 336 et
905 317 966 340 nos,

177 354 199 380 si
215 361 230 380 a
247 353 293 379 tali
312 353 509 379 monachorum
538 351 723 385 multitudine,
749 360 843 380 cereos
858 358 968 388 gestau-

178 399 255 430 tium,
281 397 415 424 fuerimus
437 398 539 432 stipati,
565 402 592 424 et
614 398 693 424 talem
716 405 856 429 coronam,
877 397 968 432 splen-

176 443 238 470 dide
256 443 403 474 lucentem,
419 443 617 478 gestaverimus
638 443 665 469 in
687 448 780 470 nostro
798 444 899 478 capite.
914 442 968 469 Pu-

179 489 270 516 tabant
287 489 360 515 enim
375 489 558 523 hcgumenum
578 489 659 515 etiam
672 489 770 516 vidisse
785 496 829 521 ea,
840 496 900 523 qum
917 488 967 522 ipsi

178 538 390 567 conspexerant.
404 533 461 560 Hoc
475 534 594 567 cognito,
609 541 664 560 non
684 533 753 560 dixit
769 533 835 568 ipsis
849 541 878 561 se
899 533 968 560 nihil

178 578 289 611 vidisse,
302 579 349 606 sed
365 578 459 610 tacuit,
476 583 503 606 et
515 579 716 613 simplicitatem
736 587 861 614 magnam
874 586 906 606 ae
917 587 968 613 pu-

182 623 290 650 ritatem
301 624 450 658 obstupuit,
464 624 637 658 potissimum
653 624 807 657 Symeonis.

217 712 259 741 H.
273 712 328 740 Hoc
340 718 429 740 autem
447 712 641 748 gratiosissime
652 712 692 740 eis
704 712 770 740 dixit
788 713 829 740 vir
839 721 966 748 magnus:

180 759 228 786 Die
243 759 363 786 crastina
380 767 429 786 vos
449 767 557 793 quoque
580 764 675 786 sancto
697 759 791 786 habitu
811 759 967 791 induemus,

180 805 319 838 aspirante
344 804 462 839 Spiritus
489 805 575 832 sancti
608 805 703 840 gratia.
732 804 792 837 Quo
818 810 968 839 assumpto.

1018 220 1046 244 ὲν
1058 220 1089 253 τῇ
1106 218 1217 254 τοιαύτῃ
1229 219 1294 252 τιμῇ
1314 218 1362 243 οὐκ
1380 217 1465 247 ἔστιν,
1487 217 1524 248 ὡς
1537 218 1651 248 ἐκεῖνος.
1669 217 1759 250 Λέγει
1770 217 1826 243 αὺ-

1017 264 1072 293 τοῖς
1084 263 1098 288 δ
1111 262 1212 293 ἀὸὗᾶς·
1230 262 1298 297 Ποία
1310 263 1375 296 τιμῇ
1387 271 1394 293 ;
1407 262 1473 288 Τότε
1487 259 1574 287 εἶπον·
1590 262 1638 288 Μὰ
1646 262 1695 287 τὸν
1705 261 1828 294 ἀξιοῦν-

1017 317 1049 334 τα
1062 308 1145 342 ἡμᾶς,
1162 308 1263 342 Πάτερ,
1279 308 1325 333 τοῦ
1341 308 1481 342 σχήματος
1494 307 1576 333 αὐτοῦ
1588 308 1634 333 καὶ
1646 307 1698 341 τῆς
1714 309 1822 340 τιμῆς.

1020 353 1153 387 μακάριοί
1167 353 1252 386 ἐσμεν
1274 352 1321 378 καὶ
1338 352 1428 387 ἡμεῖς,
1442 353 1490 378 ἐὰν
1513 352 1566 378 ὑπὸ
1584 352 1716 378 τοσούτου
1745 353 1822 386 πλή-

1019 397 1081 428 θους
1097 396 1222 431 μοναχῶν
1242 397 1311 430 μετὰ
1327 396 1431 431 κηρίων
1450 397 1644 431 ὀψικευὸμεθα,
1663 397 1711 422 καὶ
1729 397 1826 422 τοιαῦ-

1017 451 1063 468 τον
1090 443 1222 475 στέφανον
1239 441 1365 477 λαμπρὸν
1381 442 1523 476 λάμποντα
1537 442 1584 467 ἐπὶ
1598 442 1646 475 τῆς
1671 442 1823 476 ἡμετέρας

1019 487 1141 521 κεφαλῆς
1156 487 1320 522 φορέσομεν.
1334 486 1476 521 Ἐνόμιζον
1496 486 1550 521 γὰρ
1566 487 1614 513 καὶ
1626 488 1674 513 τὸν
1692 488 1823 522 ἡγούμε-

1019 541 1063 559 νον
1083 532 1191 566 βλέπειν
1204 532 1238 558 τὰ
1253 532 1298 558 ὑπ’
1310 532 1401 558 αὐτῶν
1410 531 1548 567 ὁρώμενα.
1562 532 1610 557 Δια
1623 531 1706 557 τοῦτο
1720 533 1824 565 γνοὺς.

1018 579 1078 605 οὐδὲ
1093 576 1168 605 εἶπεν
1185 579 1289 610 αὐτοῖς.
1307 579 1347 605 ὅτι
1366 578 1447 609 αὐτὸς
1460 578 1536 604 οὐδὲν
1551 576 1630 609 εἶδεν,
1652 578 1715 604 ἀλλ’
1738 578 1824 604 ἐσιώ-

1019 632 1117 658 πησεν,
1131 624 1178 650 καὶ
1195 624 1357 658 κατεπλάγη
1372 623 1423 658 τὴν
1445 623 1545 658 πολλὴν
1556 624 1750 658 ἁκεραιὸτητα
1773 625 1826 650 καὶ

1020 670 1203 704 καθαρότητα,
1221 669 1340 704 μάλιστα
1352 669 1380 695 δὲ
1395 669 1441 695 τοῦ
1459 668 1582 704 Συμεών.

1056 714 1096 741 ιδ’.
1113 714 1198 740 Τοῦτο
1210 714 1239 740 δὲ,
1251 715 1439 750 χαριεστάτως
1453 714 1547 748 ἔλεγεν
1567 714 1661 746 αὐτοῖς
1683 718 1699 742 ὁ
1717 715 1824 749 μέγας,

1019 760 1060 786 ὅτι
1075 759 1175 795 Αὔριον
1193 760 1321 794 ὲνδύομεν
1336 760 1384 786 καὶ
1410 760 1482 794 ὑμᾶς
1498 760 1541 786 διὰ
1565 760 1616 793 τῆς
1634 760 1755 794 χάριτος
1774 761 1824 786 τοῦ

1019 806 1097 839 ἁγίου
1125 805 1291 840 [Ινεύματος.
1320 805 1397 832 Μετὰ
1416 803 1464 831 οὖν
1492 805 1523 831 τὸ
1540 805 1635 831 λαϐεῖν
1661 806 1772 836 αὐτοὺς
1792 806 1824 831 τὸ

180 854 261 884 prout
279 849 422 875 allirmavit
451 849 642 876 sanctissimus
665 849 808 881 diaconus,
836 849 970 876 innocuus

1025 851 1097 884 ἵιγιον
1110 851 1213 885 σχῆμα,
1235 851 1273 882 ὡς
1285 850 1469 877 διεὸεϐαιοῦτο
1483 852 1496 877 ὁ
1510 850 1665 882 ὁσιώτατος
1679 851 1820 884 διάκονος,

180 895 297 929 Symeon
313 894 490 924 asseveravit.
505 898 614 921 mutuos
629 902 659 921 se
676 894 778 922 vidisse
796 895 888 921 vultus
904 899 971 921 tem-

181 946 247 974 pore
261 939 360 971 noctis,
380 939 451 966 sicut
469 939 496 966 in
516 939 571 972 die,
589 942 617 966 et
638 940 741 966 similes
760 939 809 971 illi,
835 939 881 973 qui
908 943 970 965 ante

173 990 359 1020 apparuerat,
385 986 499 1012 alterum
522 986 550 1012 in
576 985 688 1012 alterius
716 985 805 1019 capite
830 992 968 1012 coronam.

182 1031 269 1059 Tanto
288 1036 389 1064 autem,
402 1032 502 1063 aiebat,
519 1037 612 1059 nostra
628 1039 705 1059 mens
720 1031 815 1058 aﬂ'ecta
831 1035 888 1057 erat
905 1038 970 1065 gau-

182 1076 237 1106 dio,
254 1081 282 1104 ut
297 1084 348 1104 nec
359 1077 449 1104 cibum
466 1085 516 1104 nec
528 1081 621 1111 polum
639 1081 748 1112 gustare
762 1077 869 1104 liberet.
884 1076 970 1102 Exac-

184 1122 217 1149 tis
228 1122 319 1157 itaque
329 1123 363 1149 ab
374 1128 513 1157 assumpto
527 1127 621 1150 saneto
636 1123 730 1150 habitu
745 1123 850 1150 duobus
863 1122 969 1153 diebus,

182 1168 401 1202 contemplantur
429 1168 514 1199 illum,
533 1168 579 1202 qui
603 1173 665 1195 ante
689 1173 793 1202 septem
825 1168 884 1195 dies
907 1175 969 1194 eum

181 1218 375 1248 assumpserat,
400 1221 479 1248 quem
493 1214 574 1240 etiam
593 1220 753 1240 coronatum
770 1218 798 1241 et
813 1214 970 1241 comitatum

182 1265 381 1294 conspexerant
402 1261 518 1295 (ferebat
541 1261 586 1287 hic
602 1261 715 1287 mantile
733 1265 760 1288 et
777 1260 969 1292 ministrabat;

181 1306 230 1333 sed
249 1314 304 1333 non
325 1305 442 1340 amplius
459 1306 589 1340 deinceps
605 1314 732 1333 coronam
759 1306 839 1340 capiti
860 1305 971 1340 imposi-

183 1354 250 1383 tam,
265 1358 315 1378 ncc
327 1358 435 1377 rursum
450 1351 601 1378 monachos
620 1359 682 1377 eum
706 1351 793 1378 cereis
809 1351 971 1378 comitantes

185 1394 326 1428 habebat),
345 1398 372 1422 et
386 1395 476 1422 mirati
492 1399 565 1422 sunt.
585 1395 708 1430 Dicitque
720 1395 835 1430 Symeon
852 1394 968 1422 Joanni:

174 1440 279 1478 'Crede,
298 1440 392 1472 frater,
410 1440 519 1468 tametsi
540 1440 621 1468 etiam
635 1449 685 1468 nos
697 1446 801 1475 septem
816 1441 899 1468 hosce
913 1440 971 1468 dies

181 1485 396 1520 impleverimus,
410 1494 466 1513 non
487 1486 577 1513 adhuc
591 1487 754 1521 elegantiam
778 1486 850 1513 illam
868 1491 896 1512 et
910 1493 971 1520 gra-

175 1530 248 1568 _tiam
264 1538 360 1557 sumus
379 1530 508 1558 habituri.
534 1531 565 1557 Et
586 1530 652 1558 dicit
671 1530 790 1557 Joannes
807 1539 813 1557 :
838 1530 908 1562 Quid
932 1529 972 1557 vis

182 1579 215 1602 ut
229 1575 285 1606 ﬁat,
305 1575 406 1601 frater?
420 1575 468 1601 Cui
483 1574 526 1601 ille
543 1574 640 1601 iterum
655 1583 661 1601 :
683 1574 711 1601 Si
726 1583 770 1602 me
784 1574 872 1606 audis,
888 1579 916 1601 ut
930 1582 975 1602 res

183 1620 328 1648 szeculares
340 1628 407 1655 quas
421 1620 594 1655 reliquimus,
611 1625 639 1648 et
653 1621 745 1648 valere
756 1621 898 1656 jussimus,
911 1628 974 1656 per-

184 1666 253 1693 fecte
264 1670 319 1692 toto
332 1666 416 1693 animi
430 1666 493 1693 nisu
509 1667 599 1693 valere
616 1667 772 1701 iubeamus.
787 1667 874 1694 Aliam
895 1675 975 1694 nam-

183 1720 236 1746 que
248 1712 330 1739 vitam
350 1717 377 1739 et
398 1720 441 1739 res
457 1720 542 1739 novas
558 1713 730 1748 contemplor
747 1713 774 1740 in
793 1714 845 1741 hoc
866 1713 970 1741 habitu.

183 1757 223 1785 Ex
252 1765 307 1792 quo
329 1758 402 1784 enim
428 1758 524 1785 eodem
547 1766 597 1785 nos
618 1758 706 1786 induit
729 1758 777 1786 Dei
795 1767 900 1790 servus,
924 1758 973 1786 ﬂa—

184 1808 263 1838 grant
275 1811 333 1830 mea
347 1804 507 1838 praecordia,
523 1804 617 1831 nescio
630 1805 713 1836 unde,
735 1810 762 1832 et
775 1805 872 1840 qumrit
883 1805 974 1833 anima

184 1856 245 1875 mea
273 1856 329 1875 non
359 1849 452 1876 videre
477 1857 651 1884 quemquam,
675 1858 766 1884 neque
788 1851 898 1885 alloqui,
923 1859 974 1878 nec

185 1894 288 1921 audire.
316 1894 387 1921 Dicit
414 1895 438 1921 ei
461 1894 608 1922 Joannes:
635 1894 668 1922 Et
691 1896 755 1930 quid
780 1897 973 1930 comedemus,

147 1937 150 1940 ”
185 1938 289 1965 frater?
311 1938 360 1965 Cui
377 1938 515 1974 Symeon:
542 1939 583 1965 An
610 1939 767 1972 comedunt,
795 1940 840 1974 qui
865 1949 975 1973 pascen-

185 1988 224 2011 te:
246 1983 300 2018 (l8)
318 1989 459 2018 vocantur,
474 1985 508 2012 de
530 1984 630 2019 quibus
653 1984 710 2011 heri
734 1985 862 2013 dominus
888 1985 973 2013 Nicon

185 2036 339 2056 sermonem
357 2037 465 2064 quoque
483 2030 515 2057 ad
532 2037 582 2056 nos
598 2029 713 2057 habuit?
727 2030 793 2057 Nam
807 2031 896 2058 forsan
915 2032 973 2066 ipse

185 2073 267 2100 etiam
282 2073 387 2106 volens,
411 2079 440 2101 ut
460 2082 511 2102 nos
535 2075 692 2110 hujusmodi
717 2075 800 2102 vitam
823 2076 972 2111 amplecta-

184 2125 256 2150 mur,
272 2119 398 2153 exposuit
415 2120 493 2146 nobis
508 2128 589 2155 quam
610 2120 672 2147 vitae
691 2120 824 2147 rationem
849 2126 971 2155 teneant,

185 2165 321 2198 quomodo
352 2165 489 2193 dormiant
504 2166 569 2202 (l9),
591 2171 619 2194 et
646 2166 777 2201 quidquid
790 2167 823 2194 ad
837 2167 897 2194 illos
913 2176 974 2202 per-

186 2209 264 2236 tinet.
279 2210 382 2237 Deinde
394 2211 459 2238 dicit
470 2211 590 2238 Joannes
603 2221 609 2238 :
625 2211 658 2239 Et
670 2212 823 2246 quomodo?
835 2211 903 2245 Quia
922 2221 970 2240 nc-

185 2260 238 2288 que
254 2258 375 2287 cantum,
392 2263 480 2289 neque
490 2263 585 2283 eorum
602 2256 755 2283 institutum
770 2257 905 2284 novimus.

222 2341 265 2369 15.
286 2340 363 2369 Tunc
378 2341 448 2369 Deus
464 2342 569 2377 aperuit
590 2350 633 2369 cor
650 2342 755 2369 abbatis
777 2342 831 2377 (‘20)
860 2342 972 2378 Symeo-

1021 896 1200 931 διισχυρίζετο
1225 897 1239 923 ὁ
1260 896 1376 931 ἀψευδὴς
1401 897 1524 932 Συμεὼν,
1544 897 1584 923 ὅτι
1607 898 1649 923 Τὰ

1021 942 1143 978 ἀλλήλων
1160 942 1331 977 ὲθεωροῦμεν
1357 944 1390 977 τῇ
1420 943 1499 969 νυκτὶ
1526 943 1563 974 ὡς
1591 944 1620 969 ὲν
1639 944 1753 978 ἡμέρᾳ,
1775 945 1822 970 καὶ

1020 985 1122 1019 ὁμοίως
1137 985 1183 1012 τοῦ
1199 986 1332 1020 πρότερον
1347 986 1392 1012 ὑπ’
1404 986 1495 1012 αὐτῶν
1507 986 1668 1018 θεαθέντος,
1685 990 1823 1022 στέφανον

1021 1030 1067 1055 ἐπὶ
1083 1031 1131 1064 τῆς
1147 1030 1194 1056 τοῦ
1215 1030 1310 1063 ἐτέρου
1326 1030 1447 1065 κεφαλῆς
1464 1032 1478 1057 ὁ
1503 1031 1606 1066 ἕτερος.
1636 1033 1684 1058 Ἐν
1706 1033 1823 1067 τοιαύτῃ

1020 1076 1048 1102 δὲ
1065 1078 1139 1112 χαρᾲ
1153 1075 1197 1112 ἦν,
1216 1077 1303 1111 φημὶ,
1321 1078 1337 1111 ἠ
1353 1077 1426 1112 ψυχὴ
1452 1078 1538 1112 ἡμῶν,
1555 1078 1626 1104 ὥστε
1644 1079 1718 1113 μηδὲ
1735 1079 1825 1105 θέλειν

1021 1121 1094 1155 ἡμᾶς
1119 1121 1239 1156 εὐχερῶς
1267 1123 1370 1156 τροφῆς
1400 1121 1628 1156 μεταλαμϐάνειν
1652 1123 1669 1157 ἢ
1702 1123 1820 1154 πόπεως.

1021 1166 1099 1193 Μετὰ
1114 1164 1160 1192 οὖν
1187 1166 1234 1192 δύο
1254 1167 1358 1202 ἡμέρας
1385 1166 1432 1193 τοῦ
1454 1166 1548 1193 λαϐεῖν
1567 1167 1669 1198 αὐτοὺς
1694 1169 1728 1193 τὺ
1745 1169 1825 1201 ἄτιον

1021 1211 1134 1247 ἔνδυμα,
1150 1211 1301 1247 θεωροῦσιν
1316 1212 1361 1238 τὸν
1374 1212 1428 1246 πρὸ
1444 1212 1515 1238 ἑπτὰ
1538 1213 1654 1247 ἡμερῶν
1675 1214 1763 1240 τοῦτο
1777 1214 1824 1240 λα-

1021 1257 1115 1289 εόντα,
1133 1258 1175 1288 εἰς
1204 1257 1234 1283 ὃν
1258 1257 1303 1284 τὸν
1329 1258 1460 1292 στέφανον
1486 1258 1534 1283 καὶ
1555 1259 1620 1289 τοὺς
1635 1258 1826 1292 ﬁas-5071:;

1021 1302 1179 1334 ἐθεάσαντο,
1199 1302 1247 1328 καὶ
1263 1301 1356 1336 ἐφόρει
1375 1302 1556 1336 σακκομάχιν,
1583 1303 1630 1328 καὶ
1656 1303 1751 1328 ἐποίει
1764 1304 1825 1329 δια-

1021 1348 1123 1380 κονίαν,
1141 1348 1190 1375 καὶ
1202 1348 1296 1375 λοιπὸν
1310 1349 1361 1375 οὐκ
1376 1347 1416 1374 ἔτι
1431 1347 1492 1374 οὔτε
1511 1349 1556 1374 τὸν
1582 1349 1723 1383 στὲςιανον
1746 1350 1825 1384 αὐτῷ

1022 1394 1222 1428 περικείμενον,
1231 1393 1293 1420 οὔτε
1305 1393 1385 1420 πάλιν
1395 1393 1457 1424 τοὺς
1470 1394 1540 1428 μετὰ
1553 1394 1659 1428 κηρίων
1668 1394 1822 1428 ὀψικεύον-

1021 1447 1070 1470 τας
1100 1439 1233 1473 μοναχοὺς
1261 1438 1406 1473 ἐκέκτητο,
1424 1439 1471 1465 καὶ
1487 1438 1659 1473 ἐθαύμασαν.
1674 1440 1731 1466 Καὶ
1744 1441 1823 1473 λέγει

1021 1485 1035 1510 ὁ
1052 1484 1164 1519 Συμεὼν
1181 1484 1219 1519 τῷ
1233 1484 1361 1520 Ἰωάννῃ·
1381 1485 1540 1516 Πίστευσον,
1558 1485 1671 1518 ἀδελφὲ,
1697 1487 1747 1512 ὲὶν
1767 1488 1818 1512 καὶ

1024 1530 1105 1564 ἡμεῖς
1123 1529 1312 1565 πληρώσωμεν
1328 1530 1377 1561 τὰς
1389 1530 1475 1561 αὑτὰς
1487 1530 1596 1566 ἡμέρας
1612 1532 1687 1561 ἑπτὰ,
1703 1533 1757 1557 οὒκ
1774 1533 1821 1558 ἔτι

1024 1575 1122 1609 ἕξομεν
1143 1575 1193 1609 τὴν
1209 1575 1378 1607 εὐπρέπειαν
1393 1575 1496 1609 ταύτην
1514 1576 1562 1602 καὶ
1586 1576 1634 1610 τὴν
1646 1576 1736 1610 χάριν.
1756 1577 1817 1602 Καὶ

1024 1619 1099 1652 λέγει
1117 1620 1130 1645 ὁ
1142 1619 1279 1654 Ἰωάννης·
1293 1620 1348 1646 Καὶ
1361 1619 1386 1646 τί
1400 1619 1488 1651 θέλεις
1503 1620 1549 1647 ἵνα
1559 1621 1683 1655 γένηταιτ
1696 1622 1821 1655 ἁδελιῖιὲς

1024 1665 1106 1698 Λέγει
1123 1664 1197 1699 αὑτῷ
1217 1664 1299 1691 πάλιν
1312 1672 1318 1678 ·
1339 1665 1402 1691 Ἐὰν
1425 1665 1547 1700 ἀκούσῃς
1576 1675 1639 1701 μου,
1653 1667 1698 1692 ἶνα
1721 1667 1823 1703 ὧσπερ

1029 1710 1263 1745 ὲγκατελείψαμεν
1288 1710 1336 1735 καὶ
1358 1710 1554 1746 ἁπεταξὰμεθα
1583 1712 1638 1737 τῶν
1663 1713 1822 1747 κοσμικῶν.

1024 1755 1223 1790 ἁποταξώμεθα
1236 1755 1348 1787 τελείως
1364 1756 1417 1782 ἀπὸ
1431 1757 1522 1792 πάσης
1538 1757 1634 1791 πνοῆς.
1650 1758 1753 1784 ’Λλλον
1768 1759 1823 1792 γὰρ

1025 1800 1082 1836 βίον
1098 1801 1146 1827 καὶ
1163 1801 1227 1834 ξένα
1240 1802 1391 1836 πράγματα
1408 1802 1503 1837 θεωρῶ
1514 1803 1544 1828 ὲν
1557 1802 1596 1837 τῷ
1611 1804 1740 1838 σχήματι
1761 1805 1824 1831 τοῦ·

1024 1856 1072 1882 τῳ.
1088 1840 1146 1881 Ἃφ³
1160 1844 1191 1882 ἧς
1209 1848 1262 1881 γὰρ
1288 1847 1353 1873 αὐτό
1370 1849 1384 1874 ὁ
1398 1847 1491 1879 δοῦλος
1515 1849 1562 1875 τοῦ
1594 1849 1663 1875 Θεοῦ
1693 1850 1825 1877 ἐνέδυσεν

1024 1894 1109 1928 ἡμᾶς,
1126 1893 1251 1919 καίονται
1264 1893 1298 1919 τὰ
1313 1893 1413 1920 ἔσωθεν
1430 1902 1492 1928 μου,
1508 1894 1557 1920 οὐκ
1581 1893 1640 1920 οἶδα
1658 1895 1759 1926 πκὶθεν,
1779 1897 1825 1923 καί

1024 1939 1102 1972 ζητεῖ
1119 1938 1218 1973 ἡψυχὴ
1241 1947 1292 1973 μου
1305 1938 1343 1973 μὴ
1358 1938 1497 1974 οεωρῆσαῖ
1514 1947 1585 1970 τινα,
1603 1940 1675 1974 μήτε
1687 1940 1763 1976 λαὶῆ
1770 1950 1826 1971 παι.

1024 1983 1172 2019 ῆάκοῦσαί
1192 1992 1273 2015 τινος.
1302 1984 1382 2018 Λέγει
1405 1984 1478 2018 αὐτῷ
1505 1986 1519 2010 ὁ
1543 1985 1693 2020 Ἰωάννης·
1720 1987 1779 2012 Καὶ
1802 1986 1828 2012 τί

1024 2028 1178 2064 τρώγομεν,
1194 2029 1312 2063 ἁδελφέ;
1328 2029 1409 2063 Λέγει
1423 2029 1498 2064 αὐτῷ
1512 2030 1623 2064 Συμεών
1638 2039 1645 2045 ·
1667 2031 1704 2056 Εἰ
1714 2041 1743 2058 τι
1756 2032 1832 2066 τρώ-

1024 2082 1118 2107 γουσιν
1135 2075 1159 2100 οἱ
1173 2074 1319 2106 ἀκούοντες
1330 2074 1452 2106 βοσκοὶ.
1467 2076 1531 2110 περὶ
1542 2072 1578 2101 ὧν
1594 2076 1642 2102 καὶ
1660 2077 1732 2111 χϐὲς
1748 2076 1831 2104 εἶπεν

1024 2120 1089 2154 ἡμῖν
1103 2120 1117 2145 ὀ
1132 2119 1225 2154 κύριος
1247 2119 1356 2151 Νίκωνς
1378 2120 1454 2155 Τάχα
1476 2122 1530 2155 γὰρ
1555 2123 1601 2147 καὶ
1616 2122 1705 2153 αὐτὸς
1727 2123 1831 2155 θέλων,

1025 2165 1069 2192 ἵνα.
1080 2165 1201 2191 τοιοῦτον
1218 2165 1274 2200 βίον
1288 2165 1435 2202 διάξωμεν,
1447 2166 1596 2202 διηγήσατο
1615 2168 1687 2201 ἡμῖν
1706 2168 1741 2194 τὸ
1769 2170 1832 2201 πῶς

1025 2210 1118 2242 ζῶσιν,
1135 2211 1183 2237 καὶ
1202 2212 1261 2242 πῶς
1278 2211 1441 2247 κοιμῶνται,
1470 2212 1516 2238 καὶ
1533 2212 1620 2239 πάντα
1637 2212 1673 2238 τὰ.
1695 2214 1764 2240 κατ’
1780 2216 1833 2241 αὖ·

1024 2255 1097 2287 τούς.
1125 2254 1190 2282 Εἷτά
1213 2265 1295 2291 φησιν
1312 2258 1325 2284 ὁ
1342 2257 1467 2293 Ἰωάννης
1479 2266 1485 2273 ·
1502 2258 1557 2284 Καὶ
1572 2258 1649 2290 πῶςς
1668 2260 1739 2286 Ὀτι
1766 2261 1834 2288 οὔτε

1024 2301 1118 2335 ψᾶλαι,
1134 2301 1196 2328 οὔτε
1210 2302 1259 2337 τὴν
1276 2303 1442 2330 κατάστασιν
1456 2304 1661 2340 παρελάϐομεν.

1061 2346 1102 2374 ιε’.
1118 2347 1185 2373 Τότε
1201 2347 1318 2383 ἀνέῳξεν
1334 2349 1347 2375 ὁ
1361 2348 1427 2380 Θεὸς
1454 2350 1503 2384 τὴν
1527 2349 1640 2384 καρδίαν
1668 2351 1722 2377 τοῦ
1755 2353 1833 2379 ἁεὸἇ

943 2423 1055 2451 NOTAE.

221 2464 325 2505 (1.8)1ιιι
338 2467 463 2505 appellati
476 2468 600 2505 monachi
613 2470 723 2504 quidam
736 2470 883 2500 Palaestina:
893 2470 970 2505 βοτα-

185 2501 307 2541 νοτριὲγοι,
321 2501 386 2541 quia
402 2507 471 2541 teste
482 2503 596 2541 Evagrio
611 2501 658 2532 lib.
669 2514 675 2532 ι
687 2505 758 2532 Eccl.
771 2505 837 2532 Hist.
850 2501 908 2540 εαρ.
920 2506 951 2532 21
962 2515 968 2533 :

189 2545 199 2561 ι
217 2536 299 2563 Cibos
322 2536 613 2574 quidemihominibus
634 2540 749 2567 usitatos
776 2536 969 2574 aspernantur,

187 2575 286 2597 terram
302 2577 401 2609 autem
431 2573 625 2607 depascuntur,
652 2575 724 2601 unde
750 2579 777 2602 et
797 2573 971 2609 pabulatores

185 2606 592 2644 cpgnominamti_sunt;;tantum
614 2614 767 2643 carpentes,
786 2606 917 2644 quantum
938 2611 970 2637 ad

185 2641 267 2679 vitam
298 2641 435 2679 διιίῐίίιξιίι
468 2642 546 2679 Sive,
577 2641 669 2678 ιιι-θυι
688 2645 770 2672 tradit
795 2641 971 2672 'Sozomenus

185 2675 233 2702 lib.
252 2683 289 2707 γι,
306 2678 410 2711 (τῳ.ὅῦ
426 2685 431 2703 :
446 2687 461 2715 >4
484 2675 584 2715 Neque.
595 2679 732 2706 domicilia
756 2680 867 2712 habent,
885 2688 973 2715 neque

184 2717 294 2771 panem,
317 2720 406 2746 neque
427 2713 571 2740 obsonium
588 2714 744 2747 comedunt,
768 2722 857 2749 neque
878 2713 973 2742 vinum

206 2745 291 2771 ibunt.
308 2746 336 2771 lu
353 2749 490 2771 montibus
505 2754 596 2771 autem
610 2749 747 2771 donantes,
765 2757 873 2771 cpmnnr
889 2750 972 2771 “mnu

206 2745 291 2784 ibunt.
308 2746 336 2772 lu
353 2745 490 2784 montibus
505 2754 596 2776 autem
610 2745 748 2784 degentes,
765 2745 873 2783 semper
889 2750 972 2777 Deum

185 2780 340 2819 celebrant,
374 2783 499 2819 precibus
527 2788 555 2810 et
579 2780 686 2819 hymnis
715 2780 864 2811 secundum
891 2785 971 2811 ritum

186 2813 311 2841 Ecclesiae
323 2813 457 2843 vacantes.
467 2817 580 2849 Quando
590 2813 655 2846 vero
669 2820 794 2846 vescendi
807 2824 913 2855 tempus
926 2821 971 2847 ad-

1024 2471 1108 2502 venit,
1124 2471 1309 2505 pabulantium
1325 2472 1352 2499 in
1366 2481 1479 2511 m_ore_m,
1489 2473 1601 2508 quilibet
1616 2472 1687 2501 falce
1697 2482 1831 2511 arrepta,

1024 2512 1207 2543 per_tn0tltem
1224 2512 1363 2542 vagantes,
1385 2508 1477 2535 herbis
1491 2512 1649 2543 pascuntur.
1664 2518 1673 2534 ι

1059 2541 1114 2575 (l9)
1133 2542 1170 2568 Ita
1191 2541 1357 2577 eegraphum
1384 2541 1529 2575 nostrum;
1554 2551 1609 2569 non
1631 2544 1798 2577 κομῶνται,
1815 2555 1829 2573 a

1024 2577 1130 2610 κομάω,
1142 2577 1216 2613 quod
1231 2582 1273 2613 est
1289 2585 1391 2604 comunt
1404 2578 1500 2609 muria.
1520 2578 1599 2605 sicuti
1615 2581 1762 2613 expressit
1780 2582 1832 2608 ln-

1025 2615 1130 2644 terpres
1146 2612 1217 2645 apud
1234 2612 1354 2638 Surium.

1061 2645 1116 2680 (20)
1133 2646 1223 2687 Abbas
1242 2654 1298 2687 non
1315 2651 1419 2687 tantum
1436 2648 1608 2687 [regnaverith
1621 2668 1628 2678 ,
1647 2656 1698 2687 seu
1721 2653 1830 2687 prefe-

1028 2685 1094 2707 ctum
1112 2682 1264 2717 ntqnasterii
1284 2682 1452 2716 designabat,
1467 2683 1514 2709 sed
1531 2683 1567 2709 ita
1579 2682 1830 2717 compellabaniur

1029 2716 1260 2751 monachipassim
1270 2724 1376 2747 onmes,
1390 2720 1542 2751 praesertim
1558 2718 1635 2744 senio
1643 2716 1826 2748 venerandi.

1029 2750 1055 2776 Id
1071 2750 1141 2784 quod
1158 2751 1240 2777 semel
1254 2751 1298 2778 hic
1318 2750 1452 2778 indicasse
1467 2752 1502 2779 sit
1515 2753 1582 2780 satis
1597 2753 1625 2779 in
1640 2758 1827 2783 antecessum

1026 2785 1106 2812 etiam
1119 2793 1168 2819 pro
1186 2785 1252 2813 locis
1265 2787 1454 2820 sequentibus.

115 3082 1943 3175 1r—
