3892 6388
471 240 597 311 1691
1480 246 1789 310 LEONTII
1825 240 2298 309 NEAPOLITAN
2305 242 2332 302 Ι
2372 234 2707 300 EPISCOPI
3596 226 3735 297 ιθῆ

467 358 649 424 nobis,
684 364 807 428 post
836 353 1111 411 Christum
1131 394 1147 420 ,
1188 365 1345 427 pater
1369 367 1424 414 et
1453 368 1629 416 mater
1650 377 1730 417 es.
1767 361 1848 415 Tu
1873 359 2048 415 domi-

2159 353 2269 406 άντὶ
2302 352 2521 407 πάντων
2551 350 2661 402 τῶν
2697 346 2978 419 προγόνων
3018 344 3053 415 ἦ
3062 343 3178 414 μῶν
3229 341 3354 450 καὶ.
3374 340 3643 450 γονέων..
3676 341 3733 393 ob

466 465 593 515 nus,
630 456 689 502 tu
734 447 1051 511 instructor,
1084 455 1143 501 tu
1182 449 1564 515 manuductor,
1594 461 1651 506 tu
1688 453 1785 507 via:
1825 453 1952 516 dux,
1982 459 2038 507 et

2159 463 2169 515 ι
2178 444 2313 515 μῶν,
2333 442 2474 514 μετὰ
2494 440 2751 512 Χριστὸν,
2766 437 2947 511 πατὴρ
2973 437 3068 543 καίι
3101 437 3313 543 μήτηρ
3330 435 3406 543 Σίἷ
3421 435 3736 543 Δεσπςὶτςῑε.

466 541 569 595 alia
595 553 953 609 quacunque,
977 538 1178 608 quibus
1201 540 1504 598 referendis
1533 544 1715 614 lingua
1746 560 1856 599 non
1892 544 2040 599 sufﬁ-

2159 537 2205 590 ῐὺ
2240 532 2636 606 συγκροτητὴς,
2677 532 2742 586 σὺ
2766 528 3127 631 χειραγωγδς,
3159 528 3225 628 σὺ
3247 527 3469 631 δδηγδς,
3507 525 3623 631 καὶ
3648 527 3737 578 ὅσα

468 631 564 686 cit.
594 628 698 686 Per
744 639 797 684 te
835 630 1285 700 pretiosissimam
1336 635 1680 704 margaritam
1726 635 1905 705 adepti
1944 652 2041 691 su-

2159 626 2363 696 τλῶσσα
2401 626 2582 678 είπεϊν
2602 623 2703 675 οὐκ
2736 620 2928 690 ίσχύει.
2960 618 3061 670 Διὰ
3092 615 3186 669 σοῦ
3222 614 3317 668 τὸν
3354 614 3738 721 πολυτίμητον

469 720 637 783 mus.‘
665 730 723 776 et
770 737 897 777 vere
953 722 1296 792 baptismatis
1341 725 1620 789 virtutem,
1666 704 2041 795 cujusisancti

2159 714 2496 786 ιαργαρίτην
2533 708 3221 821 ἐκτησάμεθα,τὲμάοομεν
3250 705 3478 775 άληθῶς

469 814 630 869 nobis
655 815 947 885 praenuntii
978 814 1168 870 Patres
1192 816 1364 879 fuere,
1392 818 1600 887 experti
1634 833 1842 873 sumus.
1876 817 2042 873 Novi-

2159 824 2302 877 ναμιν
2323 806 2416 859 τοῦ
2448 805 2841 876 βαπτίσματος,
2880 796 3051 871 οὗπερ
3078 801 3212 869 ἡμῖν
3237 800 3290 850 oi
3314 799 3463 887 ὅσιοι
3497 796 3735 865 Πατέρες

469 921 594 959 mus
621 920 749 961 vere
791 916 1139 976 peccatorum
1166 915 1478 961 nostrorum
1519 908 1950 963 combustionein
1976 925 2041 964 ex

2159 898 2458 967 τροέλεγον.
2489 896 2779 963 Ἐγνωμεν
2800 893 2968 955 ὅντως
2990 890 3095 988 τὴν
3111 890 3219 942 τῶν
3242 886 3552 988 ἡμετέρων
3572 888 3737 954 ἁμαρ-

471 994 617 1065 igne,
646 995 740 1064 qui
767 995 930 1049 corda
956 1004 1144 1050 nostra
1181 995 1488 1061 comburit;
1516 996 1603 1051 cui
1638 996 1918 1052 tolerando
1938 998 2043 1051 im-

2159 988 2272 1040 ιιῶν
2292 986 2632 1040 κατάκαυσιν
2662 986 2727 1037 ἐκ
2754 983 2851 1053 τοῦ
2872 979 3253 1052 περικαίοντος
3274 977 3444 1047 ἡμῶν
3468 977 3586 1038 τὰς
3615 993 3738 1043 καρ-

470 1096 632 1152 pares
661 1098 873 1147 sumus,
894 1084 1031 1138 adeo
1060 1084 1362 1153 praecordia
1387 1093 1575 1139 nostra
1599 1083 1924 1140 inﬂammat.

545 1251 634 1307 l7.
669 1254 1064 1311 Beatitudinem
1094 1267 1272 1323 tuam,
1315 1274 1348 1314 ο
1373 1259 1555 1326 Pater,
1587 1260 1957 1325 obsecramus,
1987 1270 2047 1316 ut

473 1343 721 1415 impense
751 1361 851 1416 pro
878 1347 1035 1402 nobis
1065 1364 1210 1414 ores,
1240 1358 1294 1404 et
1321 1365 1510 1405 servos
1538 1359 1662 1405 tuos
1691 1352 1841 1405 abire
1874 1352 2043 1416 sinas,

474 1441 533 1487 ut
567 1433 782 1488 sincere
811 1443 865 1488 et
893 1436 1052 1490 enixe
1081 1435 1190 1490 Deo
1236 1437 1560 1502 serviamus,
1601 1440 1689 1492 cui
1715 1453 1813 1493 nos
1855 1454 2049 1493 conse-

475 1523 769 1579 cravimus.
800 1525 929 1580 Sine
959 1535 1011 1581 te
1038 1528 1274 1593 exorari,
1307 1537 1367 1582 ut
1409 1544 1681 1607 nunquam
1710 1530 2048 1585 obliviscaris

2141 1078 2259 1141 δίας
2291 1077 2488 1149 πυρὸς,
2518 1078 2658 1148 ὅπερ
2697 1076 2794 1129 καὶ
2816 1074 2892 1144 μὴ
2930 1074 3187 1142 φέροντες
3207 1111 3224 1136 ,
3259 1068 3447 1131 οὕτως
3479 1070 3559 1120 τὰ
3599 1068 3736 1136 ἡμῶν

2145 1166 2295 1230 ὲντδς
2327 1167 2694 1237 περιφλέγων.

2217 1256 2302 1322 ιζ’.
2340 1258 2609 1326 Δίτοῦμεν
2657 1256 2822 1327 εὐχὴν
2870 1254 3093 1323 ποιῆσαι
3126 1252 3373 1317 ,ἐκτενῶς
3426 1250 3541 1319 τὴν
3573 1268 3736 1319 μακα-

2148 1347 2375 1420 ριότητά
2396 1366 2511 1411 σου,
2545 1349 2749 1418 Πάτερ,
2780 1349 2872 1401 καὶ
2895 1348 3165 1402 ἀπολῦσαι
3188 1349 3319 1408 τοὺς
3354 1348 3499 1408 σοὺς
3531 1347 3739 1408 δοὺὶους

2147 1439 2228 1499 εἰς
2260 1437 2321 1490 τὸ
2347 1437 2585 1507 γνησίως
2608 1439 2705 1492 καὶ
2739 1437 3020 1507 ὀλοψύχως
3064 1437 3361 1489 δουλεῦσαι
3416 1430 3467 1503 ᾧ
3515 1438 3733 1504 ἀφιερξό-

2151 1544 2325 1597 σαμεν
2354 1529 2581 1591 ἑαυτοὺς
2611 1527 2752 1598 Θεῷ,
2782 1527 3206 1596 δυσωπούμενος
3247 1525 3544 1596 μηδέποτε
3586 1525 3734 1594 λήθην

477 1618 753 1673 inutilium
801 1620 1038 1674 filiorum
1087 1630 1326 1686 tuorum,
1363 1636 1430 1677 eo
1476 1632 1740 1694 tempore,
1787 1640 1896 1694 quo
1929 1640 2048 1680 ma-

2159 1618 2375 1687 ποιῆσαι
2420 1618 2654 1688 ἀχρείων
2713 1634 2808 1670 σου
2864 1619 3091 1680 παίδων,
3137 1619 3195 1669 ὲν
3229 1618 3427 1688 καιρῷ
3472 1618 3732 1678 ἐκτάσεως

475 1725 582 1764 nus
617 1719 735 1764 tuas
765 1711 1104 1765 venerabiles
1125 1712 1396 1768 extendis.
1415 1712 1548 1777 lmo,
1574 1714 1702 1779 imo,
1731 1716 1814 1769 vir
1836 1727 2044 1782 sancte,

2159 1707 2348 1777 χειρῶν
2381 1722 2475 1758 σου
2499 1706 2717 1775 τιμίων.
2742 1704 2870 1769 Ναὶ,
2901 1707 3011 1767 ναὶ,
3038 1706 3487 1776 δυσωπούμενος
3514 1707 3621 1759 ὑπὸ
3645 1708 3730 1758 τῶν

477 1799 598 1855 sine
637 1808 689 1854 te
722 1800 931 1854 exorari
959 1800 1026 1854 ab
1056 1801 1376 1873 alienigenis
1409 1820 1422 1858 :
1455 1804 1703 1860 orbitatis
1741 1821 1929 1861 eorum
1958 1822 2050 1861 re-

478 1890 790 1946 miniscere.
833 1892 1043 1963 Deinde
1083 1908 1260 1962 genua
1308 1895 1481 1950 sancti
1511 1896 1748 1952 hominis
1793 1899 2046 1969 amplexi,

479 1995 695 2034 rursum
743 1981 1046 2038 dicebant:
1088 1982 1270 2049 Pater,
1321 1993 1443 2040 esto
1498 2002 1707 2042 memor
1762 1990 2048 2045 humilium

480 2080 696 2125 tuarum
726 2072 930 2134 ovium,
958 2090 1092 2143 quas
1125 2073 1344 2132 Christo
1380 2077 1692 2134 holocausta
1736 2080 2048 2137 immolasti.

480 2162 786 2219 Recordare
839 2160 1186 2221 externarum
1242 2167 1591 2237 plantarum,
1643 2187 1779 2241 quas
1820 2174 2053 2242 pulchro

479 2255 717 2324 paradisi
764 2257 922 2311 horto
971 2258 1215 2313 inserere
1269 2260 1546 2315 studuisti.
1603 2261 1683 2317 Ne
1731 2264 2054 2321 obliviscere

480 2348 855 2416 operariorum
883 2349 1162 2416 inertium,
1192 2366 1332 2420 quos
1351 2353 1641 2408 undecima
1670 2354 1892 2410 circiter
1921 2357 2053 2411 hora

480 2438 539 2491 in
588 2431 746 2494 vinea
803 2440 1005 2495 Christi
1062 2443 1317 2499 mercede
1372 2446 1707 2500 eonduxisti.
1757 2446 2055 2502 Mirabatur

479 2538 661 2583 autem
723 2539 779 2584 et
833 2532 1254 2602 obstupescebat
1306 2552 1530 2605 praeses,
1571 2538 1790 2606 quando
1838 2539 2056 2594 videbat

477 2630 598 2679 eos,
629 2617 719 2685 qui
742 2627 868 2673 ante
901 2620 1128 2674 biduum
1173 2623 1393 2679 fuerant
1423 2627 1605 2682 idiota:
1633 2644 1697 2683 ac
1732 2631 1914 2693 rudes.
1948 2641 2053 2686 tam

480 2707 661 2761 subito
685 2709 925 2765 evasisse
956 2710 1249 2780 sapientes,
1301 2728 1367 2768 ex
1418 2730 1484 2770 eo
1543 2719 1688 2787 quod
1730 2723 2057 2790 assumpsis-

480 2805 604 2851 sent
638 2798 881 2853 divinum
915 2800 1181 2856 habitum.
1214 2802 1351 2857 Dum
1389 2820 1517 2875 ergo
1542 2817 1771 2879 uterque
1809 2811 1940 2866 satis
1963 2812 2056 2865 diu

478 2885 738 2950 flevisset,
764 2904 906 2959 genu
933 2892 1208 2946 inclinavit
1234 2903 1458 2950 sanctus
1489 2895 1681 2964 Nicon,
1712 2908 1767 2955 et
1796 2901 2059 2959 collocato

2151 1798 2338 1863 ξένων,
2373 1798 2514 1860 ὃσιε,
2535 1796 2728 1866 μνείαν
2748 1797 2903 1849 ποιοῦ
2928 1798 3027 1866 τῆς
3053 1796 3239 1849 αὐτῶν
3269 1797 3609 1867 ὀρφανείας.
3632 1798 3729 1850 Καὶ

2152 1887 2532 1956 ἐπιλαϐόμενοι
2564 1888 2673 1940 τῶν
2701 1888 2941 1955 γονάτων
2983 1888 3078 1941 τοῦ
3108 1888 3286 1951 ὁσίου,
3316 1889 3499 1941 πάλιν
3534 1889 3726 1956 ἔλεγον·

2151 1976 2462 2046 Μνήσθητι,
2495 1978 2701 2048 Πάτερ,
2728 1978 2837 2031 τῶν
2866 1978 2979 2031 σῶν
3004 1978 3285 2032 ταπεινῶν
3312 1981 3648 2047 προϐάτων,
3673 1974 3735 2032 ὧν

2151 2071 2532 2135 ὁλοκαύτωσας
2549 2073 2628 2144 τῷ
2652 2073 2892 2143 Χριστῷ.
2918 2074 3039 2140 Μνη
3048 2072 3318 2140 μόνευσον
3340 2072 3529 2137 ξένων
3552 2072 3731 2139 φυτῶν,

2152 2160 2188 2216 a
2210 2163 2269 2215 ὲν
2289 2161 2371 2231 τῷ
2388 2162 2537 2233 καλῷ
2562 2165 2724 2234 κήπῳ
2746 2163 2841 2216 τοῦ
2870 2163 3205 2234 παραδείσου
3238 2164 3532 2232 φυτεῦσαι
3560 2166 3733 2217 Ema-

2156 2272 2275 2319 σας.
2311 2256 2402 2327 Μὴ
2455 2255 2690 2329 ἐπιλάϐῃ
2741 2256 2989 2327 ὀκνηρῶν
3032 2257 3307 2327 ἐργατῶν,
3352 2257 3462 2321 οὓς
3498 2259 3630 2328 περὶ
3654 2259 3735 2327 τὴν

2154 2347 2444 2417 ἑνδεκάτην
2476 2348 2557 2410 είς
2583 2347 2676 2400 τὸν
2698 2346 2999 2417 ἀμπελῶνα
3027 2346 3104 2417 τῷ
3132 2349 3369 2419 Χριστῷ
3404 2349 3733 2419 Epidicus;

2166 2434 2508 2506 Ἑθαύμαζεν
2539 2435 2597 2488 δι
2624 2437 2718 2489 καὶ
2768 2436 3132 2506 ἐξεπλήττετο
3172 2438 3203 2489 6
3251 2439 3501 2508 ποιμὴν,
3536 2439 3735 2508 θεωρῶν

2153 2525 2280 2586 τοὺς
2309 2524 2416 2596 πρὸ
2442 2524 2535 2578 δύο
2563 2525 2785 2595 ἡμερῶν
2810 2524 3047 2590 ἰδιώτας,
3079 2525 3257 2590 οὕτως
3280 2528 3570 2597 ἐξαίφνης
3600 2546 3733 2596 seq:-

2157 2615 2383 2679 σθέντας
2408 2616 2497 2669 διά
2535 2618 2637 2687 τῆς
2666 2618 2957 2689 περιϐολῆς
2982 2619 3077 2672 τοῦ
3108 2618 3260 2672 θείου
3297 2622 3620 2690 σχήματος.
3664 2624 3736 2683 Ὡς

2156 2705 2429 2761 ἔκλαυσαν
2463 2703 2557 2762 οὗν
2592 2707 2892 2781 ἀμφότεροι
2944 2712 3036 2763 ἐπὶ
3084 2711 3281 2781 ἱκανὴν
3313 2711 3500 2783 ὥραν,
3567 2714 3737 2774 κλίνας

2155 2798 2286 2865 γόνυ
2316 2798 2345 2849 6
2368 2798 2513 2862 ὅσιος
2543 2799 2749 2861 Νίκων,
2796 2800 2891 2853 καὶ
2924 2802 3131 2870 στήσας
3157 2801 3397 2871 Συμεὼν
3445 2806 3511 2855 ἐκ
3535 2804 3736 2867 δεξιῶν.

2156 2891 2251 2943 καὶ
2274 2889 2531 2960 Ἰωάννην
2559 2891 2618 2957 ἐξ
2648 2890 2949 2961 εὐωνύμων
2976 2891 3178 2961 ἀνέστη
3201 2932 3215 2953 ,
3250 2894 3350 2945 καὶ
3376 2894 3631 2955 ἐκτείνας
3650 2896 3742 2955 τὰς

478 2975 749 3047 Symeone
812 2996 843 3034 a
870 2982 1075 3036 dextris
1115 2993 1171 3037 et
1201 2985 1415 3041 Joanne
1443 3003 1473 3042 α
1500 2990 1759 3056 sinistris,
1792 2996 2050 3057 surrexit.

2159 2986 2347 3054 χεῖρας
2373 2984 2453 3045 είς
2474 2981 2565 3035 τὸν
2587 2981 2836 3051 οὐρανὸν,
2869 2977 3044 3036 εἶπεν·
3089 2983 3152 3035 '0
3177 2982 3316 3046 Θεδς
3354 2986 3385 3036 6
3408 2984 3626 3047 δὶκαιος
3654 2988 3745 3037 καὶ

478 3076 534 3120 et
562 3068 833 3135 protensis
864 3069 917 3121 in
956 3071 1154 3125 coelum
1203 3075 1475 3139 manibus,
1522 3078 1657 3133 dixit
1692 3098 1704 3133 :
1740 3080 1880 3137 Deus
1910 3084 2053 3153 juste

2159 3074 2390 3138 αίνετδς,
2421 3076 2450 3127 6
2477 3072 2609 3136 Θεὸς
2643 3074 2672 3125 6
2700 3072 2870 3142 μέγας
2903 3073 2997 3125 κα)⁸
3037 3072 3283 3142 ἰσχυρὸς,
3308 3076 3337 3125 6
3370 3074 3508 3136 Θεὸς
3542 3077 3573 3127 6
3604 3092 3743 3143 προ-

476 3161 533 3206 et
579 3152 886 3219 laudabilis,
931 3154 1075 3210 Deus
1119 3174 1313 3230 magne
1351 3172 1406 3216 et
1436 3163 1609 3228 fortis,
1664 3166 1823 3234 Deus,
1863 3152 1955 3239 qui
1997 3185 2053 3225 es

2159 3165 2413 3228 αιώνιος,
2473 3164 2793 3218 εἰσάκουσον
2844 3164 3179 3234 ἁμαρτωλοῦ
3247 3165 3429 3233 ἀνδρὸς
3483 3169 3557 3235 τῇ
3619 3165 3745 3236 ὥρᾳ

475 3252 603 3296 ante
633 3244 853 3309 sarcula,
880 3248 1073 3302 exaudi
1103 3248 1279 3304 virum
1309 3264 1650 3321 peceatorem
1675 3258 1726 3312 in
1758 3260 1859 3315 hac
1885 3262 2016 3316 liora
2039 3249 2071 3314 :-

476 3340 673 3394 exaudi
697 3355 807 3408 me,
836 3341 999 3406 Deus,
1030 3345 1221 3399 exaudi
1248 3361 1335 3401 me
1370 3348 1422 3401 in
1448 3348 1785 3406 fortitudine.
1818 3352 2057 3406 Estoim-

475 3450 707 3499 memor,
739 3443 984 3505 tempore
1016 3436 1138 3511 hoc,
1165 3452 1273 3506 quo
1302 3454 1495 3507 preces
1522 3439 1710 3505 fundo,
1734 3445 2055 3511 praevarica-

477 3526 685 3579 tionum
717 3541 747 3579 a
773 3541 891 3581 mea
922 3508 1131 3582 vilitate
1184 3544 1357 3599 usque
1382 3538 1438 3584 et
1465 3547 1633 3601 usque
1669 3508 2051 3601 profecturum.

478 3615 689 3670 Exaudi
730 3632 842 3683 me,
870 3617 1119 3681 Domine,
1162 3620 1359 3674 exaudi
1399 3636 1489 3675 me
1529 3620 1582 3675 in
1626 3622 1750 3693 igne
1771 3626 2052 3689 orationis,

474 3705 617 3760 sicut
666 3707 794 3761 olim
847 3716 1000 3761 tuum
1065 3711 1429 3779 prophetam;
1479 3721 1532 3767 et
1573 3714 1693 3783 ejus
1741 3715 2053 3772 interventu

473 3795 733 3850 combure
773 3811 923 3851 meas
951 3797 1291 3869 iniquitates,
1333 3810 1389 3857 et
1419 3812 1641 3872 peccata
1681 3820 1940 3876 expurga.
1976 3808 2056 3861 lta

474 3885 589 3949 fiat,
622 3901 655 3940 ο
687 3885 829 3941 Deus
852 3895 1163 3943 sanctarum
1201 3890 1500 3947 virtutum!
1535 3893 1610 3948 ita
1649 3894 1759 3958 ﬁat,
1796 3911 1829 3949 ο
1874 3912 2054 3952 rerum

474 3975 918 4047 incorporearum
949 3982 1202 4036 creator!
1243 3982 1317 4036 ita
1342 3982 1472 4039 fiat!
1506 3985 1598 4055 qui
1628 3987 1846 4042 dixisti:
1881 3990 2056 4045 Petite

475 4075 533 4121 et
549 4068 850 4138 accipietis.
877 4066 955 4125 Ne
993 4072 1311 4128 abominare
1339 4089 1446 4140 me,
1490 4076 1584 4145 qui
1615 4091 1736 4131 sum
1769 4077 1926 4133 labiis
1954 4081 2057 4134 im-

475 4158 649 4227 puris,
680 4160 815 4214 etin
870 4163 1110 4232 peccatis
1160 4164 1360 4221 haereo.
1408 4166 1615 4222 Exaudi
1662 4184 1772 4236 me,
1802 4171 1894 4240 qui
1927 4187 2055 4241 pro-

475 4248 675 4303 misisti
730 4258 783 4306 te
812 4254 1193 4310 exauditurum
1229 4272 1345 4321 eos,
1372 4258 1463 4328 qui
1498 4258 1757 4315 invocant
1781 4270 1833 4317 te
1860 4261 1917 4316 in
1967 4278 2058 4317 ve-

2156 3256 2354 3327 ταύτῃ.
2385 3255 2721 3310 Ἐπάκουσόν
2781 3272 2908 3324 μου,
2933 3256 2963 3307 6
2994 3254 3148 3321 Θεδς,
3179 3255 3494 3309 ὲπάκουσδν
3541 3276 3649 3326 μου
3692 3262 3746 3311 ἐν

2160 3348 2328 3418 ἰσχύϊ.
2358 3348 2449 3419 Μὴ
2485 3347 2878 3417 μνημόνευσον,
2917 3348 2975 3399 ὲν
3007 3346 3181 3416 ταύτῃ
3217 3363 3322 3415 μου
3355 3351 3427 3417 τῇ
3449 3354 3743 3416 προσευχῇ,

2155 3440 2265 3493 τῶν
2295 3439 2384 3493 ἀεὶ
2418 3440 2511 3493 καὶ
2538 3441 2617 3501 εἰς
2647 3439 2735 3492 ἀεὶ
2770 3437 3068 3509 παρακοῶν
3112 3438 3214 3506 τῆς
3259 3438 3411 3508 ἐμῆς
3458 3439 3744 3502 ἐξουθενὼ-

2159 3546 2315 3593 σεως.
2355 3528 2697 3582 Ἐπάκουσόν
2747 3544 2874 3599 μου,
2926 3528 3125 3597 Κύριε,
3187 3528 3524 3582 ὲπάκουσόν
3575 3548 3675 3600 μου
3698 3533 3744 3581 ἐν

2158 3621 2292 3690 πυρὶ
2321 3620 2655 3691 προσευχῆς,
2682 3617 2757 3682 ὣς
2785 3635 2918 3672 ποτε
2941 3618 3036 3672 τοῦ
3068 3616 3166 3671 σοῦ
3196 3620 3528 3689 προφήτου,
3566 3623 3658 3673 καὶ
3674 3621 3744 3672 διὰ

2154 3710 2263 3763 τῶν
2292 3710 2457 3764 αὑτοῦ
2493 3709 2823 3780 πρεσϐειῶν,
2852 3711 2951 3774 τὰς
2983 3711 3219 3776 ἀνομίας
3252 3728 3363 3779 μου
3390 3714 3743 3781 κατάλεὶεξιπ,

2156 3802 2251 3855 καὶ
2277 3802 2377 3866 τὰς
2432 3801 2705 3872 ἁμαρτίας
2756 3819 2856 3872 μου
2893 3801 3214 3872 καθάρισον.
3248 3802 3391 3865 Ναὶ,
3421 3805 3452 3856 6
3482 3804 3627 3867 Θεὸς
3658 3806 3748 3857 τίεν

2155 3892 2327 3962 ἁγίων
2347 3892 2629 3963 δυνάμεων
2646 3909 2659 3922 ·
2692 3894 2782 3947 ναὶ
2804 3895 2833 3946 6
2856 3892 2968 3945 τῶν
2997 3893 3318 3961 ἀσωμάτων
3347 3899 3631 3965 ποιητής·
3659 3899 3747 3957 ναὶ,

2155 3984 2185 4036 6
2217 3982 2388 4036 εἰπών
2413 3998 2428 4014 ο
2460 3983 2693 4044 Δίτεῖτε,
2723 3982 2817 4035 καὶ
2845 3981 3082 4051 λήψεσθε
3102 3999 3117 4010 ·
3154 3983 3230 4052 μή
3280 3999 3356 4052 με
3404 3983 3647 4055 56:15.53;
3673 3986 3752 4038 τὸν

2156 4072 2444 4144 ἀκάθαρτα
2477 4074 2629 4144 χείλη
2663 4072 3150 4143 περιϐεϐλημένον,
3187 4074 3284 4125 καὶ
3338 4075 3405 4125 ἐν
3458 4077 3749 4145 ἁμαρτίαις

2160 4163 2538 4233 συνεχόμενον.
2604 4162 2948 4216 Ἐπάκουσὸν
3005 4180 3142 4233 μου,
3195 4165 3225 4216 6
3272 4164 3755 4235 ἑπαγγεὺάμενος

2157 4256 2450 4310 ἐπακούειν
2509 4255 2616 4308 τῶν
2670 4256 2730 4307 ὲν
2759 4254 2989 4327 ἀληθείᾳ
3026 4254 3503 4326 ἐπικαλουμένων
3557 4276 3638 4321 σε,
3671 4260 3753 4309 ni

477 4337 676 4399 ritate:
719 4340 891 4413 dirige
936 4359 1155 4412 gressus
1201 4362 1485 4402 servorum
1517 4357 1757 4414 tuorum,
1797 4358 1852 4405 et
1891 4352 2053 4420 pedes

2159 4342 2488 4398 κατεύθυνον
2507 4344 2574 4397 τὰ
2603 4343 2920 4414 διαδήματα
2951 4342 3059 4396 τῶν
3092 4343 3302 4397 δούλων
3339 4360 3477 4412 σου,
3512 4350 3614 4400 καὶ
3644 4348 3750 4409 τοὶς
3832 4338 3839 4353 ¹

476 4440 666 4480 eorum
706 4429 764 4483 in
804 4433 945 4484 viam
982 4434 1151 4502 pacis.
1194 4433 1519 4506 Compatere
1549 4436 1803 4493 innocuis
1846 4441 2051 4509 pueris,

476 4515 533 4573 in
570 4525 801 4572 externa
826 4529 967 4575 terra
994 4523 1407 4591 exsistentibus,
1432 4526 1524 4595 qui
1564 4526 1746 4582 dixisti
1775 4543 1789 4580 :
1821 4548 1840 4580 ι
1867 4529 2068 4607 Εδιοιε,

478 4606 760 4677 simplices
790 4609 1216 4669 sicutcolumbte
1247 4617 1312 4667 ¹⁶.
1352 4634 1372 4667 ι
1406 4616 1648 4673 Clamavi
1674 4618 1740 4673 ad
1774 4628 1827 4674 te
1858 4620 1912 4674 in
1939 4629 2053 4676 toto

425 4726 431 4733 -
478 4699 644 4754 corde
688 4715 846 4768 meo;
881 4701 1044 4768 Deus,
1077 4703 1240 4769 Deus,
1285 4708 1483 4762 exaudi
1519 4725 1626 4776 me,
1659 4724 1784 4779 spes
1809 4711 2051 4767 omnium

479 4791 669 4846 finium
710 4802 889 4859 terras,
934 4803 990 4848 et
1026 4810 1240 4863 eorum,
1269 4798 1361 4868 qui
1398 4809 1525 4855 sunt
1564 4803 1753 4873 procul
1807 4803 1861 4856 in
1909 4812 2052 4858 terra

478 4880 655 4939 aliena
677 4884 762 4938 ιε’.

550 4974 637 5029 18.
680 4973 902 5045 lncrepa
947 4977 1171 5048 spiritus
1221 4996 1415 5040 omnes
1474 4984 1785 5041 iunnundos
1827 5003 1859 5042 a
1914 4988 2055 5045 faeie

478 5083 775 5136 puerorum
800 5077 1017 5124 tuorum
1057 5087 1071 5124 :
1107 5074 1460 5143 apprehende
1483 5092 1634 5132 arma
1661 5088 1717 5134 et
1737 5089 1975 5146 scutum,
2003 5091 2057 5136 et

478 5175 709 5232 exsurge
742 5161 796 5215 in
827 5161 1160 5232 adjutorium
1186 5182 1375 5221 eorum
1401 5184 1416 5220 :
1451 5170 1672 5225 effunde
1706 5171 1969 5227 frameam
1999 5182 2055 5229 et

479 5246 745 5302 eonclude
770 5249 1031 5305 adversus
1057 5266 1173 5316 eos,
1204 5253 1296 5322 qui
1326 5265 1731 5326 persequuntur
1757 5258 1909 5313 illos:
1943 5260 2053 5325 dic,

481 5351 516 5389 ο
558 5335 804 5406 Domine,
844 5340 1043 5396 animm
1077 5357 1307 5397 eorum:
1342 5345 1499 5401 Salus
1522 5358 1612 5401 tua
1640 5363 1739 5419 ego
1772 5364 1914 5405 sum.
1948 5351 2054 5406 lle-

483 5424 639 5481 cedat
670 5442 698 5481 a
739 5438 922 5486 mente
961 5447 1150 5487 eorum
1182 5434 1406 5502 spiritus
1449 5436 1675 5502 timoris,
1715 5440 1933 5507 acedim,
1963 5458 2055 5497 su-

561 5600 605 5631 "
630 5598 822 5657 Slattli.
860 5622 911 5671 x,
952 5608 1033 5663 16.
1115 5611 1176 5644 ¹⁶⁶
1214 5611 1352 5667 Psal.
1392 5629 1533 5679 LXIV,
1568 5615 1619 5669 6.

132 6012 2828 6300 ι--η

2159 4435 2325 4498 πόδας
2352 4435 2535 4487 αὐτῶν
2563 4435 2642 4497 είς
2664 4433 2782 4487 ὁδὸν
2806 4435 3052 4504 εἰρήνης.
3101 4436 3494 4507 Συμπάθησον
3538 4440 3754 4499 ἀκάκας

2158 4527 2349 4580 παισὶν
2370 4524 2464 4578 ἐπὶ
2495 4523 2653 4597 ξένης
2672 4520 2846 4587 οὖσιν,
2888 4526 2916 4577 6
2949 4523 3155 4577 εἰπών’
3190 4544 3210 4577 ι
3238 4526 3485 4581 Γίνεσθε
3522 4530 3753 4602 ἀκέραεα

2157 4613 2231 4678 ὡς
2254 4615 2310 4667 αί
2349 4613 2700 4684 περιστεραί.
2738 4631 2757 4663 ι
2811 4612 3123 4684 Ἐκέκραξά
3173 4630 3260 4667 σοι
3291 4615 3359 4667 ἐν
3408 4617 3519 4688 ὅλῃ
3576 4618 3754 4687 καρδίᾳ

2162 4722 2287 4776 μου.
2334 4704 2393 4757 '0
2418 4703 2572 4767 Θεὸς.
2596 4706 2625 4757 ὁ
2663 4703 2818 4768 Θεὸς,
2853 4703 3157 4757 ἐπάκουσόν
3194 4721 3329 4773 μου,
3361 4707 3398 4777 ἡ
3424 4707 3606 4771 ἐλπὶς
3634 4710 3753 4761 τάς.

2151 4815 2258 4855 των
2283 4796 2391 4850 τῶν
2426 4795 2675 4868 περάτων
2713 4795 2814 4865 τῆς
2864 4794 2989 4864 γῆς,
3027 4795 3123 4849 καὶ
3156 4796 3266 4849 τῶν
3312 4798 3419 4850 ἐπὶ
3463 4799 3635 4871 ξένης
3664 4816 3753 4868 μι-
3830 4856 3839 4867 Ι

2152 4890 2311 4961 κράν.

2225 4976 2315 5051 ιη’.
2353 4979 2712 5051 Ἐπιτίμησον
2736 4981 2906 5034 πᾶσιν
2934 4982 3046 5043 τοῖς
3067 4977 3415 5049 ἀκαθάρτοις
3448 4981 3751 5049 maestum
3830 5002 3839 5011 -

2155 5071 2264 5126 ἀπὺ
2290 5069 2590 5143 προσώπου
2642 5071 2752 5125 τῶν
2804 5072 3016 5126 παίδων
3053 5087 3170 5124 σου.
3226 5068 3553 5125 Ἐπιλαϐοὖ
3605 5074 3748 5126 6:15:

2161 5169 2254 5222 καὶ
2281 5167 2499 5239 θυρεοῦ,
2549 5168 2647 5221 καὶ
2671 5167 2937 5237 ἀνάστηθι
2975 5168 3057 5230 είς
3085 5164 3185 5236 τὴν
3231 5163 3514 5235 βοήθειαν
3571 5166 3748 5220 αὐτὲι-

2167 5264 2395 5333 Ἐκχεον
2432 5260 2709 5333 ῥομφαίαν
2758 5261 2853 5335 καὶ
2898 5257 3220 5327 σύγκλεισον
3275 5254 3623 5321 ἐξεναντίας
3669 5256 3748 5310 τὲ

2162 5352 2611 5407 καταδιωκόντων
2635 5350 2853 5414 αὐτούς.
2897 5349 3051 5414 Εἰπὲ,
3083 5342 3128 5401 ὦ
3161 5346 3365 5415 Κύριε,
3398 5351 3475 5420 τῇ
3502 5349 3660 5419 ψυχῇ
3681 5348 3751 5400 :5-

2163 5444 2306 5499 τῶνα
2340 5443 2593 5514 Σωτηρία
2626 5442 2722 5497 σού
2752 5444 2868 5514 είμι
2908 5441 3037 5510 ἐγὼ.
3081 5440 3643 5512 ’Υπαναχωρησάτω
3670 5442 3749 5495 ἀεὶ
