3892 6388
341 3721 344 3724 .
433 3665 679 3724 oblivisci
715 3680 1001 3722 sermones
1039 3670 1220 3739 magni
1247 3671 1417 3733 senis,
1457 3671 1661 3741 quibus
1696 3689 1798 3729 nos
1828 3675 2017 3731 admo-

416 123 555 188 1703
1466 115 1778 174 LEONTII
1823 110 2012 171 NEAP

2123 110 2334 169 lTANI
2371 105 2709 167 EPISCOPI
3538 94 3697 160 ιῑῡι

410 235 781 294 innocentiam
835 242 892 287 et
938 228 1353 301 integritatem:
1400 228 1669 283 sentiebat
1713 228 1862 282 enim
1908 240 1988 284 se.

2116 219 2321 293 Ξυμεὼν
2346 224 2409 275 ἐκ
2445 221 2546 288 τῆς
2577 214 2886 288 προσούσης
2927 212 3079 283 αύτῷ
3106 210 3344 272 ἀκακίας
3374 207 3478 263 καὶ
3512 208 3691 260 uba-

413 345 509 399 per
540 328 797 382 virtutem
829 321 1064 392 Spiritus
1099 319 1279 374 sancti
1317 319 1421 373 sibi
1471 318 1854 381 inhabitantis,
1889 332 1990 370 nec

2116 315 2340 383 26:13:04.
2376 311 2667 382 ᾙσθάνετο
2726 307 2836 375 γὰρ
2881 304 3073 357 ἑαυτὸν
3102 302 3193 355 διὰ
3224 302 3327 371 τῆς
3361 302 3704 401 ἐνοικούσης

414 392 606 473 timere
636 415 903 474 dolorem,
927 426 1031 464 nec
1058 408 1247 479 frigus,
1273 423 1374 462 nec
1403 407 1621 472 famem,
1653 412 2008 481 nec;a:stum,_

2116 424 2153 456 ,ν
2181 403 2330 471 αύτῷ
2381 400 2476 453 τοῦ
2502 398 2658 464 ἁγίου
2683 395 2999 464 [Ινεύματος
3036 392 3343 461 δυνάμεως,
3397 392 3542 460 μήτε
3583 392 3703 441 πᾶς

413 507 506 563 sed
535 507 707 575 ipsam
743 511 952 555 natura:
972 484 1227 551 humana:
1271 494 1645 551 conditionem
1677 506 1847 562 prope
1873 479 2007 546 esse?

2116 502 2187 559 lor;
2216 493 2571 563 φοϐούμενον,
2604 490 2741 560 μήτε
2771 486 2961 556 ψύχος,
2993 485 3027 555 ἢ
3079 487 3288 575 πεῖναν,
3321 482 3358 552 ἦ
3378 479 3705 575 ⁸ιιαύσιυειιιίι,

413 605 893 669 prwtergressum.

2116 585 2231 638 ι).λά
2255 583 2439 654 σχεδὸν
2469 582 2613 652 ὑπὲρ
2664 578 2732 632 τὰ
2771 577 2944 648 μέτρα
2969 576 3068 645 τῆς
3094 573 3311 643 φύσεως
3339 572 3444 642 τῆς
3475 570 3706 640 ἀνθρω-

2097 676 2259 750 πίνης
2278 677 2594 747 γενόμενον.

2167 769 2271 833 κζ’.
2302 767 2465 835 Λέγει
2536 763 2616 834 τῷ
2659 763 2914 834 Ἰωάννῃ·
2944 760 3011 813 Τί
3056 758 3429 828 ὠφελούμεθα
3474 757 3702 818 λοιπον,

2099 860 2320 929 ἀδελφέ,
2369 860 2428 912 ἐν
2489 859 2554 927 τῇ
2609 855 2801 926 ἐρήμῳ
2864 851 3041 925 ταύτῃ
3075 850 3495 920 διατρίϐο·ιτες;
3550 847 3703 900 Ἀλλ’

2098 951 2197 1003 ἐὰν
2242 947 2482 1017 ἀκούσῃς
2546 961 2671 1015 μου,
2727 941 2957 1005 ἀνάστα,
3001 936 3334 1008 ἀπέλθωμεν
3360 977 3376 1001 ,
3421 935 3709 1005 σώσωμεν

2100 1042 2192 1095 καὶ
2225 1041 2438 1101 ἄλλους.
2478 1029 2607 1088 Ὧδε
2627 1034 2737 1104 γὰρ
2760 1034 2808 1085 εί
2846 1031 2923 1103 μὴ
2955 1030 3183 1093 ἑαυτοὺς
3236 1027 3469 1098 μόνους,
3507 1025 3709 1096 ἕτερόν

420 1145 541 1184 mus
590 1129 818 1193 nemini,
865 1138 920 1182 et
959 1143 990 1181 a
1020 1127 1171 1180 nullo
1215 1119 1884 1197 mercedem_accipimus.
1932 1116 2000 1172 Et

2116 1150 2221 1185 :tva.
2252 1130 2355 1183 ούκ
2377 1126 2716 1197 ὠφελοῢμεν,
2746 1124 2842 1178 καὶ
2871 1121 3063 1193 μισθὸν
3094 1119 3418 1191 παράτινος
3450 1117 3559 1170 οὐκ
3586 1116 3711 1186 ἐχο-

421 1228 715 1296 incipichat
735 1226 783 1279 ei
811 1224 993 1279 dicere
1018 1222 1280 1277 nonnulla
1316 1216 1626 1289 huiusmodi
1648 1232 1678 1271 e
1710 1215 1881 1269 sacris
1900 1229 1999 1284 pa-

2116 1238 2224 1291 ιεν.
2248 1222 2359 1275 Καὶ
2387 1218 2589 1290 ἧρξατο
2613 1218 2792 1285 λέγειν
2813 1212 2987 1284 αὐτῷ,
3007 1212 3103 1264 καὶ
3123 1214 3188 1263 ἐκ
3216 1211 3321 1279 τῆς
3346 1208 3523 1276 ἁγίας
3553 1207 3708 1278 Γρα-

421 1318 602 1389 ginis:
638 1335 656 1368 ι
692 1316 864 1370 Nemo
898 1314 1043 1384 quod
1091 1328 1250 1367 suum
1300 1320 1381 1366 est
1440 1316 1665 1379 quzerat,
1717 1307 1813 1363 sed
1854 1306 1997 1376 quod

2116 1314 2208 1385 ρῆς
2246 1329 2370 1366 τινα
2423 1309 2682 1364 τοιαῦτα·
2741 1326 2760 1358 ι
2787 1304 2996 1376 Μηδεὶς
3056 1302 3119 1355 τὸ
3158 1300 3376 1389 ἐαυτοῦ
3438 1297 3706 1369 ζητείτω,

433 1406 666 1477 proximi
692 1407 757 1459 ".
796 1423 814 1456 ι
854 1405 923 1459 Ει
956 1406 1152 1458 iterum
1185 1419 1198 1455 :
1231 1420 1249 1453 ι
1283 1401 1548 1457 Omnibus
1592 1398 1774 1454 omnia
1825 1396 2001 1453 factus

2116 1403 2238 1457 ἱλλὰ
2278 1402 2341 1455 τὸ
2386 1400 2481 1455 τοῦ
2549 1398 2799 1470 πλησίου.
2837 1416 2856 1449 ι
2894 1395 3005 1449 Καὶ
3038 1394 3238 1447 πάλινο
3294 1413 3316 1444 ι
3348 1392 3490 1455 Τοῖς
3538 1393 3707 1445 πᾶσιν

421 1513 563 1561 sum,
602 1506 659 1552 ut
708 1511 898 1552 omnes
948 1495 1216 1550 salvarem
1276 1495 1347 1547 '°.
1385 1511 1403 1544 ι
1445 1491 1512 1547 Et
1553 1507 1618 1546 ex
1660 1489 1995 1561 Evangelio:

2116 1497 2284 1550 πάντα
2344 1493 2566 1563 γέγονα,
2612 1490 2701 1543 ἵνα
2734 1487 2953 1549 πάντως
3004 1483 3159 1548 τινὰς
3202 1483 3396 1536 σώσω.
3442 1501 3467 1535 ι
3499 1483 3616 1534 Καὶ
3644 1484 3703 1535 ἐκ

428 1607 447 1640 ι
487 1588 576 1644 Sic
602 1589 780 1642 luceat
804 1587 896 1641 lux
920 1594 1100 1642 vestra
1125 1600 1309 1640 coram
1332 1583 1666 1648 hominibus,
1693 1590 1754 1636 ut
1781 1581 2002 1635 videant

2116 1586 2196 1643 τοῦ
2251 1554 2617 1654 Εὐαγγέλίου·
2656 1600 2675 1634 ι
2724 1581 2850 1634 Ὀτι
2890 1578 3066 1642 οὕτως
3114 1575 3403 1647 λαμψάτω
3456 1576 3529 1627 τὸ
3594 1575 3700 1643 φῶς

422 1696 587 1750 opera
615 1688 794 1739 vestra
851 1678 1016 1739 bona,
1054 1686 1107 1731 et
1131 1675 1440 1746 glorificent
1473 1675 1686 1729 Patrem
1733 1682 1997 1739 vestrum,

2116 1679 2259 1749 ὑμῶν
2290 1674 2599 1748 ἔμπροσθεν
2640 1672 2749 1727 τῶν
2774 1670 3096 1742 ἀνθρώπων,
3126 1670 3282 1730 ὅπως
3325 1667 3527 1719 ἴδωσιν
3554 1666 3692 1737 ύμῦν

423 1768 516 1839 qui
552 1768 606 1821 in
636 1767 786 1822 cmlis
838 1774 921 1821 est
956 1766 998 1797 "
1026 1805 1042 1830 ,
1098 1782 1117 1817 ι
1156 1773 1320 1834 atque
1368 1765 1471 1819 alia
1522 1766 1765 1835 quaedam
1814 1765 2002 1820 istius-

2116 1770 2171 1824 ιὰ
2199 1768 2337 1823 καλὰ
2359 1767 2496 1838 ἔργα
2528 1766 2623 1819 καλ⁸
2643 1762 2940 1827 δοξάσωσιν
2989 1760 3078 1814 τὸν
3127 1759 3366 1830 Πατέρα
3397 1758 3578 1828 ὑμῶν,
3602 1759 3684 1811 τὸν

423 1858 592 1913 modi.
627 1858 695 1912 Et
723 1856 1059 1927 respondens
1107 1856 1359 1911 dominus
1402 1854 1660 1921 Joannes,
1688 1857 1821 1912 dicit
1850 1856 1950 1926 ipsi
1982 1871 1995 1908 :

2116 1863 2162 1914 ὲν
2178 1863 2307 1937 ,τοῖς
2332 1859 2602 1930 οὐρανοῖς·
2635 1875 2653 1908 ›
2683 1858 2777 1908 καὶ
2805 1853 2943 1909 ἄλλα
2966 1853 3088 1907 τινὰ
3118 1851 3383 1917 τοιαῦτα.
3421 1852 3540 1904 Καὶ
3561 1853 3678 1904 ἀτο-

423 1950 585 2015 Ρυιο,
613 1949 804 2013 frater,
829 1947 1061 2003 Satanas
1089 1947 1256 2016 quieti
1290 1957 1491 2002 nostrae
1516 1948 1731 2011 invidit,
1765 1957 1819 2001 et
1860 1948 2002 2002 hanc

2116 1952 2314 2023 κριθεὶς
2342 1953 2370 2004 6
2408 1951 2613 2021 Κύριος
2654 1947 2929 2017 Ἰωάννης,
2990 1944 3141 2012 λέγει
3196 1943 3398 2012 αύτῷο
3451 1943 3691 2013 Νομίζω,

425 2040 522 2095 tibi
552 2040 937 2111 cogitationem
975 2038 1182 2109 injecit.
1215 2038 1357 2104 Quin
1396 2049 1449 2093 tu
1497 2039 1680 2109 potius
1720 2054 1902 2102 mane,
1948 2046 2005 2093 et

2116 2042 2322 2110 Ξιδελφὲ,
2351 2042 2380 2093 6
2411 2039 2659 2101 Σατανᾶς
2681 2036 2979 2107 ἐφθόνησεν
3005 2034 3101 2105 τὴν
3126 2034 3371 2105 ἡσυχίαν
3401 2031 3597 2103 ἡμῶν,
3614 2034 3697 2084 καὶ

425 2146 647 2188 cursum
679 2140 948 2195 nostrum,
982 2145 1090 2200 quo
1121 2130 1295 2185 vocati
1327 2145 1517 2184 sumus
1543 2146 1574 2183 a
1613 2129 1747 2194 Deo,
1779 2130 2007 2200 implea-

2116 2130 2374 2187 ύπέόαλέν
2404 2147 2488 2183 σοι
2512 2129 2607 2182 τὸν
2641 2127 2902 2197 λογισμὸν
2941 2124 3154 2179 τοῦτον.
3187 2124 3545 2177 Τουναντξον
3580 2122 3696 2176 κάθ-

427 2238 550 2277 mus
572 2222 627 2276 in
657 2222 759 2277 hac
788 2236 994 2276 eremo.
1023 2221 1161 2275 Tum
1205 2220 1441 2292 Symeon
1467 2239 1480 2275 :
1520 2218 1715 2285 Crede,
1747 2235 1848 2290 ego
1892 2236 2003 2274 non

2116 2239 2241 2287 ισον,
2260 2223 2353 2276 καὶ
2377 2223 2468 2274 τὸν
2494 2219 2693 2291 δρόμον
2721 2217 2900 2289 ἡμῶν,
2925 2217 3063 2270 ὅπου
3104 2214 3442 2285 ἐκλήθημεν
3482 2215 3591 2267 ὑπὸ
3613 2213 3693 2267 τοῦ

426 2329 645 2380 maneo,
677 2317 774 2368 sed
802 2312 1026 2368 discedo
1056 2313 1111 2367 in
1146 2312 1345 2368 virtute
1376 2310 1599 2375 Christi,
1632 2311 1897 2366 mundum
1923 2311 2006 2366 lu-

2116 2315 2262 2378 θεοῦ,
2294 2315 2376 2377 είς
2430 2311 2528 2383 τὴν
2584 2311 2790 2383 ἔρημον
2820 2307 3024 2377 ταύτην
3083 2307 3520 2378 πληρὼσωμεν.
3552 2308 3695 2372 Λέγει

427 2405 885 2461 diﬁeaturus.Cui
911 2421 1126 2460 rursum
1151 2404 1320 2460 frater
1340 2404 1458 2476 ejus
1484 2423 1496 2458 :
1528 2402 1628 2472 Ne,
1647 2404 1790 2459 bone
1817 2404 2003 2471 frater,

2116 2405 2255 2476 αὐτῷ
2282 2407 2311 2458 6
2347 2403 2602 2475 Συμεών·
2642 2403 2959 2467 Πίστευσον,
3010 2398 3121 2469 ἐγὼ
3166 2399 3230 2452 ού
3290 2399 3480 2467 μένω,
3517 2398 3691 2451 ἁλλ’ὲν

2107 2501 2174 2569 τῇ
2204 2497 2431 2567 δυνάμει
2453 2497 2545 2549 τοῦ
2573 2492 2811 2566 Χριστοῦ
2829 2489 3361 2562 ύπάγω,ἐμπαίζων
3388 2491 3481 2561 τῷ
3501 2490 3696 2561 κόσμῳ.

2109 2590 2272 2657 Λέγει
2314 2586 2463 2656 αύτῷ
2519 2585 2680 2639 πάλιν
2738 2586 2766 2638 6
2801 2584 3028 2653 ἀδελφὸς
3086 2581 3257 2636 αὐτοῦ
3287 2598 3304 2613 ο
3360 2582 3490 2653 Μὴ,
3520 2582 3697 2650 ἁδελᾲ

2111 2682 2263 2744 καλὲ,
2287 2680 2595 2750 παρακαλῶ
2627 2697 2686 2733 σε
2718 2678 2807 2732 διὰ
2835 2677 2925 2731 τὸν
2951 2677 3179 2749 Κύριον,
3206 2677 3286 2747 μὴ
3313 2676 3500 2747 ἐάσῃς
3526 2694 3597 2747 με
3623 2678 3699 2728 τὴν

2109 2773 2384 2827 ταπεινόν.
2409 2772 2574 2825 Οὔπω
2604 2772 2711 2841 γὰρ
2743 2769 2855 2837 ἐγὼ
2885 2771 2964 2832 είς
2990 2769 3152 2823 τοῦτο
3183 2768 3247 2821 τδ
3292 2769 3507 2840 μέτρον
3546 2767 3706 2837 Eaba-

434 2854 663 2909 habeam
696 2855 885 2917 ullum.
911 2862 1110 2924 praeter
1137 2864 1211 2921 te,
1244 2854 1413 2910 frater
1436 2857 1546 2922 mi;
1574 2857 1668 2912 sed
1699 2859 2005 2914 renuntiavi

2116 2883 2204 2928 σα,
2239 2865 2327 2918 ἵνα
2353 2864 2568 2934 δυνηθῶ
2598 2862 2863 2932 ἐμπαῖξαι
2892 2861 2972 2932 τῷ
3006 2862 3221 2932 κόσμῳ.
3257 2862 3432 2914 Ἀλλὰ
3454 2860 3525 2914 δι’
3544 2861 3705 2914 αὑτὸν

431 2946 707 3010 omnibus,
740 2953 797 2998 ut
834 2945 929 2999 tibi
965 2946 1296 3000 adhaererem
1327 2963 1340 2998 :
1371 2956 1428 3001 et
1449 2963 1594 3004 nunc
1623 2956 1680 3003 tu
1712 2949 1795 3003 vis
1822 2949 1879 3004 in
1910 2951 2012 3005 hac

2116 2956 2206 3009 τὸν
2235 2954 2500 3019 ζεύξαντα
2532 2953 2679 3023 ἡμᾶς,
2744 2957 2818 3024 μὴ
2878 2954 3111 3025 θελήσῃς
3153 2950 3581 3024 ἀποζευχθῆναι
3614 2951 3706 3005 τοῦ

431 3034 728 3088 solitudine
755 3042 1013 3102 tanquam
1038 3034 1092 3087 in
1120 3034 1308 3103 pelago
1328 3051 1414 3090 me
1435 3036 1722 3106 linquere?
1742 3038 2012 3094 Memento

2117 3047 2210 3099 σοῦ
2234 3046 2484 3114 ἀδελφοῦ.
2518 3046 2591 3099 Σὺ
2614 3040 2784 3108 οἶδας,
2820 3046 2904 3098 ὅτι
2940 3045 3081 3115 μετὰ
3124 3044 3262 3098 Θεὸν
3319 3045 3518 3098 οὐδένα
3567 3044 3705 3114 ἔχω,

433 3121 597 3191 hujus
625 3121 756 3185 diei,
790 3137 897 3191 qua
936 3131 1140 3177 sortem
1177 3122 1432 3179 duximus
1478 3133 1535 3180 et
1562 3126 1874 3183 audivimus
1913 3129 2012 3183 ah-

2116 3142 2164 3190 εἰ
2195 3137 2270 3208 μὴ
2297 3138 2377 3201 σὲ,
2424 3137 2620 3204 ἀδελφέ
2675 3153 2800 3207 μου,
2826 3135 2961 3189 ἀλλὰ
2993 3136 3206 3198 πάντας
3233 3133 3563 3207 ὴρνησάμην
3603 3135 3704 3186 καὶ

432 3211 616 3267 batem
655 3210 944 3279 Niconem;
977 3213 1123 3284 quod
1146 3216 1467 3271 convenerit
1495 3215 1639 3272 inter
1668 3233 1792 3282 nos,
1824 3229 2012 3274 mutuo

2118 3227 2559 3299 προσεκολλήθην
2608 3245 2690 3281 σοι
2715 3244 2729 3258 ο
2766 3228 2862 3282 καὶ
2902 3226 3026 3297 ἄρτι
3076 3228 3141 3281 σὺ
3196 3227 3395 3290 θέλεις,
3421 3225 3623 3296 ῶσπερ
3646 3227 3709 3277 ἐν

432 3317 543 3356 non
598 3302 860 3373 separari.
920 3303 1195 3360 Memento
1254 3307 1517 3364 terribilis
1569 3308 1741 3372 horae,
1793 3312 2012 3380 quando

2118 3320 2378 3389 πελάγει,
2411 3322 2573 3375 ἐᾶσαί
2615 3338 2680 3392 με
2712 3322 2791 3384 είς
2819 3320 2918 3391 τὴν
2950 3320 3159 3392 ἔρημον
3189 3320 3438 3390 ταύτηνς
3478 3320 3717 3388 Μνημό-

433 3403 682 3447 sanctum
731 3391 975 3448 habitum
1018 3394 1194 3450 induti
1248 3410 1463 3462 sumus,
1513 3406 1570 3453 et
1624 3414 1843 3455 eramus
1884 3401 2013 3464 duo,

433 3484 578 3538 sicut
612 3483 795 3537 anima
833 3498 961 3551 una,
1003 3486 1139 3540 adeo
1187 3495 1247 3541 ut
1289 3502 1481 3544 omnes
1523 3489 1871 3545 dilectionem
1918 3507 2019 3547 no-

432 3584 603 3631 stram
685 3584 945 3645 tanquam
1010 3592 1126 3633 rem
1175 3594 1373 3634 novam
1429 3579 1778 3637 mirarentur.
1837 3580 2016 3640 Nolito

482 769 573 823 ‘27.
608 766 745 822 Dicit
784 763 983 819 Joanni
1028 781 1043 817 :
1090 762 1231 829 Quid
1274 761 1593 832 proficimus
1617 759 1992 827 imposterum,

418 857 605 922 frater,
642 858 698 911 in
724 857 826 910 hac
857 851 1154 908 solitudine
1187 847 1637 905 commorantes?
1681 844 1995 908 Enimvero,

416 952 461 1004 si
487 966 573 1004 me
605 948 780 1012 audis,
810 961 992 1016 surge,
1026 942 1392 1005 discedamus,
1426 939 1560 993 alios
1600 937 1764 993 etiam
1797 936 1988 990 redda-

417 1055 539 1094 mus
575 1040 771 1093 salvos.
817 1037 914 1092 llic
968 1036 1135 1099 enim,
1175 1041 1536 1104 praeterquam
1582 1027 1761 1092 nobis,
1807 1041 2000 1095 prosu—

429 2511 526 2551 oro
558 2506 610 2551 te
639 2504 864 2566 propter
895 2496 1207 2565 Dominum,
1232 2513 1303 2551 ne
1332 2513 1419 2552 me
1448 2496 1710 2552 humilem
1746 2496 2005 2565 deseras;

428 2600 608 2655 neque
637 2586 783 2640 enim
805 2602 871 2641 eo
894 2587 1109 2642 virtutis
1144 2588 1389 2656 perveni,
1417 2597 1480 2642 ut
1508 2588 1712 2657 possim
1743 2589 2006 2643 mundum

428 2671 728 2727 ludificare.
768 2673 875 2727 Sed
921 2683 1141 2743 propter
1178 2689 1327 2737 eum,
1369 2674 1460 2743 qui
1495 2688 1594 2729 nos
1642 2675 1843 2744 junxit,
1896 2676 2006 2730 noli

429 2762 670 2834 disjungi
702 2778 734 2818 a
760 2773 852 2819 tuo
885 2762 1073 2818 fratre.
1126 2761 1306 2829 Nosti,
1338 2759 1483 2833 quod
1527 2773 1650 2835 post
1700 2765 1867 2820 Deum
1896 2784 2007 2822 non

2118 3430 2305 3467 νευσον
2328 3414 2427 3481 τῆς
2454 3415 2665 3485 ἡμέρας
2700 3413 2937 3483 ἐκείνης,
2966 3413 3073 3465 ’ὅτε
3103 3411 3407 3482 ἐλάχομεν,
3444 3414 3551 3465 καὶ
3584 3429 3722 3464 κατ-

2118 3503 2402 3575 ηρχὸμεθα
2431 3505 2523 3557 ἐπὶ
2543 3504 2634 3558 τὸν
2691 3503 2848 3575 κῦριν
2889 3502 3134 3567 Νίκωνα,
3192 3503 3277 3556 ὅτι
3346 3504 3720 3575 συνεθέμεθα,

2123 3597 2197 3667 μὴ
2230 3594 2679 3667 Χωρίξεσθαιὰπ’
2736 3594 2998 3666 ἀλλήλων.
3037 3594 3456 3664 Μνημόνευσον
3496 3595 3607 3666 τῆς
3632 3612 3720 3664 φθ.

2120 3687 2288 3757 ϐερᾶς
2342 3684 2512 3756 ὥρας,
2545 3684 2633 3737 ὅτε
2692 3684 2755 3737 τὸ
2779 3682 2933 3750 ἅγιον
2968 3681 3163 3753 σχῆμα
3211 3680 3606 3753 ἐνεδύθημεν,
3636 3684 3721 3735 καὶ

433 3758 553 3811 nuit
585 3772 648 3813 ea
688 3767 869 3823 nocte,
903 3774 1011 3829 qua
1051 3760 1253 3830 egressi
1299 3776 1513 3818 sumus.
1547 3761 1646 3829 Ne,
1699 3780 1903 3835 quaeso,
1945 3783 2012 3824 ne

2117 3775 2260 3851 ἦμεν
2279 3779 2331 3833 οἱ
2362 3778 2455 3832 δύο
2501 3776 2691 3849 ῶσπερ
2731 3777 2829 3848 μία
2866 3777 3034 3848 ψυχὴ,
3066 3775 3209 3830 ὥστε
3255 3777 3492 3842 πάντας
3530 3777 3725 3843 ξενίζε-

433 3846 578 3903 forte
623 3861 877 3917 peream,
930 3856 988 3904 et
1033 3849 1275 3919 requirat
1330 3850 1472 3907 Deus
1535 3854 1775 3911 animam
1833 3873 2012 3913 meam

2122 3846 2246 3922 σόαι
2275 3868 2370 3921 ἐπὶ
2396 3870 2463 3939 τῇ
2518 3846 2711 3940 ἀγάπῃ
2734 3846 3056 3940 -ἠμῶνξΜὴ
3088 3868 3334 3939 ἐπιλάϐῃ
3365 3867 3492 3922 τῶν
3554 3871 3727 3938 λόγων

433 3935 534 3993 abs
571 3945 650 3995 te.
2118 3958 2215 4012 τοῦ
2255 3935 2493 4030 μεγάλου
2543 3935 2830 4031 γέροντος,
2895 3952 2989 4014 ὧν.
3028 3935 3175 4030 ἡμᾶς
3219 3935 3725 4031 ἐνουθέτησεννή

2121 4034 2312 4119 νυκτὶ,
2344 4046 2378 4125 ἦ
2407 4051 2725 4123 ἐξήλθομεν.
2770 4052 2886 4124 Μὴ,
2921 4052 3255 4124 παρακαλῶ,
3309 4054 3392 4123 μή
3440 4071 3575 4116 πως
3625 4054 3728 4107 ἀπ’

2121 4147 2330 4219 όλωμαι
2366 4147 2461 4201 καὶ
2481 4146 2799 4218 ἐκζητήσῃό
2824 4145 2957 4208 Θεὸς
2981 4145 3080 4215 τὴν
3100 4144 3281 4214 ψυχήν
3310 4162 3423 4214 μου
3462 4145 3580 4199 ἀπὸ
3612 4146 3725 4198 σοῦ.

504 4234 594 4290 28.
629 4234 728 4289 Cui
766 4235 966 4290 iterum
996 4235 1275 4308 Symeon—z
1318 4240 1506 4311 Cogita
1554 4257 1642 4297 me
1695 4259 1821 4301 esse
1865 4261 2012 4301 mor-

2188 4213 2299 4310 κη’.
2326 4238 2492 4308 Λέγει
2510 4213 2846 4309 αὐτῷνπᾶλιν
2872 4240 2900 4291 6
2928 4213 3151 4308 Συμεών
3178 4213 3207 4270 7-7
3258 4213 3556 4308 Νόμισον,
3617 4242 3725 4294 ἀπ-

434 4334 623 4391 tuum;
674 4341 859 4380 nonne
921 4327 1174 4394 haberes,
1224 4330 1367 4385 unde
1415 4332 1493 4386 tui
1534 4348 1722 4391 curam
1775 4352 2012 4407 gereres.

2118 4331 2328 4398 έθανον,
2373 4331 2475 4384 οὐκ
2502 4326 2646 4401 rixa;
2676 4331 2958 4401 φροντίσαι
2982 4330 3177 4385 ἑαυτοῦ
3209 4330 3363 4384 κατὰ
3393 4335 3588 4402 μόνας
3616 4333 3726 4397 ῶιις

435 4416 652 4468 tametsi
678 4417 828 4471 solus
855 4418 1046 4472 esses?
1085 4419 1283 4486 Crede,
1324 4421 1368 4475 si
1409 4423 1619 4489 venias,
1658 4436 1808 4481 recte
1850 4427 2012 4483 facies

2116 4423 2437 4488 Πίστευσον,
2461 4422 2511 4474 εἰ
2549 4420 2651 4491 μὲν
2678 4420 2837 4492 ἔρχῃ,
2872 4415 2932 4474 εὖ
2963 4421 3059 4474 καὶ
3092 4420 3300 4485 καλῶς,
3355 4423 3500 4476 ἐπὶ
3528 4424 3647 4492 ἐγὼ
3667 4425 3727 4475 οὐ

434 4514 491 4559 et
518 4504 689 4568 belle;
738 4507 995 4575 quoniam
1046 4525 1148 4580 ego
1192 4527 1303 4566 non
1352 4528 1569 4568 maneo.
1606 4513 1705 4569 Ubi
1742 4517 1874 4573 vidit
1909 4517 2012 4572 fra-

2119 4512 2391 4585 μένωζος
2442 4507 2534 4566 οὖν
2585 4511 2694 4565 ἴδεν
2751 4511 2916 4566 αὑτὸν
2957 4513 2988 4564 6
3019 4510 3247 4580 ἀδελφὸς
3289 4512 3579 4586 Ἰωάννης
3610 4518 3728 4568 ἐπι-

433 4604 519 4651 ter
540 4596 782 4652 Joannes
824 4614 949 4653 eum
992 4601 1307 4669 persistere,
1344 4606 1599 4675 cognovit
1636 4608 1784 4676 quod
1828 4609 2012 4665 divino

2120 4605 2350 4676 μένοντα
2371 4645 2386 4669 ,
2439 4603 2582 4672 έγνω
2636 4604 2718 4657 ὅτι
2769 4606 2834 4658 ἐκ
2878 4602 3014 4657 Θεοῦ
3054 4602 3509 4678 ἐπληροφορήθη
3571 4608 3733 4661 τοῦτο

434 4688 696 4743 instinctu
746 4690 851 4744 hoc
894 4690 1119 4746 faceret.
1160 4691 1306 4747 Nihil
1350 4696 1554 4767 quippe
1598 4713 1694 4753 eos
1749 4700 2012 4769 potuisset

2120 4695 2340 4767 πρᾶξαι.
2387 4696 2539 4750 Ἐπεὶ
2591 4697 2691 4749 οὐκ
2745 4695 3007 4767 ἐχώριζεν
3032 4695 3255 4761 αὐτοὺς,
3284 4699 3341 4750 εἰ
3369 4700 3456 4772 μὴ
3485 4701 3519 4753 6
3565 4702 3735 4756 θάνε-

434 4793 688 4850 separare
720 4783 826 4837 nisi
858 4783 972 4837 sola
994 4800 1162 4852 mors,
1185 4795 1241 4840 et
1268 4786 1501 4843 fortasse
1528 4804 1598 4844 ne
1625 4790 1742 4861 ipsa
1761 4792 2009 4861 quidem.

432 4870 568 4926 Nam
599 4873 795 4942 saepius
825 4874 931 4928 hoc
959 4875 1121 4930 etiam
1154 4876 1324 4932 Deum
1358 4890 1704 4950 rogaverant.
1732 4889 1789 4935 ut
1821 4883 2013 4937 ambos

433 4963 647 5018 simule
679 4964 787 5019 vita
820 4979 1069 5030 voearet,
1110 4978 1166 5023 et
1214 4970 1512 5025 credebant
1545 4972 1920 5028 exaudiendos
1951 4989 2011 5028 se

430 5038 601 5111 fuisse
643 5073 675 5111 a
734 5059 961 5116 Domino
1009 5062 1064 5115 in
1124 5063 1228 5117 hac
1286 5078 1373 5129 re,
1419 5064 1581 5120 sicuti
1622 5066 1676 5119 in
1731 5067 2007 5135 omnibus.

431 5147 575 5203 Dicit
603 5149 785 5220 itaque
816 5152 863 5205 ei
893 5150 1208 5225 [Joannes]:
1242 5153 1478 5220 Videsis,
1513 5156 1769 5227 Symeon,
1799 5173 1869 5212 ne
1896 5159 2013 5213 dia-

430 5237 591 5294 bolus
612 5239 841 5297 fortasse
875 5243 969 5297 tibi
1018 5243 1149 5298 velit
1182 5252 1393 5300 struere
1421 5244 1666 5302 insidias.
1707 5247 2011 5318 Respondit

432 5327 523 5385 ille
555 5347 569 5383 :
600 5329 681 5385 Tu
714 5333 877 5388 modo
912 5349 980 5388 ne
1013 5334 1119 5389 mei
1150 5334 1471 5393 obliviscere
1503 5338 1557 5391 in
1591 5340 1701 5392 tuis
1727 5340 2004 5409 precibus,

2117 4787 2451 4858 τος,τάχαδὲ
2473 4788 2594 4841 οὐδὲ
2621 4787 2804 4851 αὐτός.
2832 4788 2943 4843 Καὶ
2966 4787 3078 4858 γὰρ
3090 4783 3234 4859 ἦσαν
3264 4790 3372 4842 καὶ
3399 4791 3584 4845 τοῦτο
3604 4794 3730 4846 πολι

2116 4881 2275 4943 λάκις
2316 4880 2801 4952 παρακαλέσαντες
2845 4880 2934 4935 τὸν
2994 4880 3147 4946 Θεδν,
3214 4882 3307 4935 ἴνα
3347 4883 3503 4953 ὁμοῦ
3554 4902 3731 4956 προσ-

2114 4972 2347 5043 λάϐηται
2372 4974 2500 5035 τοὺς
2527 4971 2640 5035 δύο,
2668 4990 2763 5027 και
2807 4972 3091 5027 ἐπίστευον
3131 4972 3216 5026 ὅτι
3255 4975 3601 5030 εἰσακούσει
3634 4980 3733 5030 αὐ-

2117 5062 2226 5117 τῶν
2253 5065 2282 5116 6
2321 5060 2527 5136 Κύριος
2577 5065 2679 5117 καὶ.
2712 5065 2772 5116 ἐν
2808 5053 3002 5134 τούτῷ.
3040 5064 3117 5129 ὡς
3162 5066 3223 5118 ἐν
3263 5066 3520 5125 ἅπασιν.
3563 5071 3727 5137 Λέγει

2119 5153 2213 5211 οὖν
2243 5153 2413 5226 αύτῷ·
2440 5153 2636 5220 Βλέπε,
2662 5153 2907 5226 Συμεὼν,
2935 5156 3010 5225 μή
3040 5172 3159 5220 πως
3179 5158 3209 5210 6
3233 5156 3508 5224 διάϐολος
3536 5163 3727 5229 χλευὲ-

2119 5263 2208 5299 σαι
2242 5263 2302 5299 σε
2332 5246 2482 5317 θέλῃ.
2513 5248 2574 5300 Ὀ
2622 5247 2678 5300 δὲ
2724 5243 2879 5303 εἶπεν
2928 5248 3106 5319 αὐτῷ·
3138 5249 3212 5303 Σὺ
3255 5250 3431 5320 μόνον
3481 5255 3565 5325 μὴ
3602 5255 3721 5305 ἐπι·

2116 5342 2257 5413 λάθῃ
2276 5358 2377 5414 μου
2406 5343 2465 5397 ἐν
2491 5344 2558 5414 τῇ
2575 5343 2707 5415 εὐχῇ
2742 5359 2861 5411 σου,
2891 5344 3081 5416 ὥσπερ
3111 5344 3233 5399 οὐδὲ
3261 5345 3385 5415 ἐγὼ
3415 5346 3549 5412 σοῦ,
3580 5349 3722 5402 καὶὸ

506 5503 549 5537 ¹⁹
579 5501 598 5557 ι
626 5505 751 5560 Cor.
791 5524 842 5574 κ,
869 5509 960 5565 24.
1068 5512 1114 5543 ²⁶
1146 5512 1165 5566 l
1199 5510 1322 5567 Cor.
1372 5529 1447 5601 tx,
1476 5515 1567 5571 9.2.
1644 5516 1685 5547 ²¹
1718 5516 1908 5571 Matth.
1940 5534 1992 5585 ν,
2027 5518 2114 5574 lG.
