1946 3194
332 70 345 85 D

170 118 236 151 1687
284 115 289 120 ”
679 121 834 150 LEONTII
856 120 1107 150 NEAPOLITANI
1127 118 1293 150 EPISCOPI
1736 119 1813 149 1&88

167 173 227 203 ille;
251 180 331 201 nemo
357 173 430 200 enim
459 172 486 201 in
514 176 570 199 toto
597 174 762 200 monasterio
800 178 841 201 est
864 174 955 204 homo,

1017 175 1123 204 ικεῖνον,
1139 174 1180 199 ὅτι
1204 174 1244 204 εἰς
1257 174 1288 199 τὸ
1305 172 1488 208 μοναστήριόν
1516 181 1562 198 που
1575 172 1636 198 ὅλον
1656 171 1815 207 ἄνθρωπος

166 225 246 252 quem
264 226 318 245 non
335 223 443 245 anteeat
462 218 576 245 honore.
599 217 669 245 Dicit
689 218 730 245 eis
751 219 856 246 abbas:
877 219 956 252 Quali

167 263 292 290 honore?
306 262 384 290 Tunc
401 262 529 290 dixerunt
543 272 550 290 :
568 262 620 290 Per
634 271 708 294 eum,
731 263 819 296 Pater,
840 264 887 298 qui
908 272 959 291 nos

167 310 294 345 dignatur
309 309 361 336 hoc
376 308 470 335 habitu
487 312 514 335 et
531 310 642 339 honore.
663 309 733 336 beati
747 317 841 336 sumus
853 314 879 336 et
896 317 958 340 nos,

168 355 190 381 si
207 362 221 380 a
238 353 284 380 tali
303 353 501 380 monachorum
529 352 714 385 multitudine,
741 361 835 380 cereos
850 358 959 388 gestan-

170 400 247 430 tium,
273 398 406 425 fuerimus
428 398 530 433 stipati.
556 402 583 425 et
605 399 684 425 talem
707 406 847 429 coronam.
869 398 960 432 splen-

168 444 230 470 dide
247 444 394 475 lucentem,
410 444 608 478 gestaverimus
629 444 656 470 in
678 448 771 471 nostro
789 444 891 478 capite.
906 443 959 469 Pu-

170 490 261 516 tabant
278 489 351 516 enim
367 489 549 524 lit-gumenum
569 490 651 516 etiam
663 489 761 516 vidisse
776 497 820 521 ea,
832 496 891 523 quae
908 488 958 523 ipsi

170 538 381 567 conspexerant.
395 533 452 560 Hoc
466 535 585 567 cognito,
600 542 656 560 non
675 534 744 561 dixit
760 534 826 568 ipsis
840 541 870 562 sc
890 533 959 560 nihil

169 579 280 611 vidisse,
293 579 340 606 sed
356 579 450 610 tacuit,
467 584 494 606 et
506 579 708 614 simplicitatem
727 587 852 614 magnam
865 587 897 607 ac
909 587 959 614 pu-

173 624 281 651 ritatem
292 624 441 659 obstupuit,
455 625 628 659 potissimum
645 624 798 658 Symeonis.

208 713 251 741 14.
264 712 319 741 lloc
331 718 421 740 autem
438 713 632 748 gratiosissimo
643 713 683 740 eis
695 713 761 741 dixit
779 713 820 741 vir
830 721 957 749 magnus:

171 760 219 786 Die
235 760 354 786 crastina
371 767 420 786 vos
440 767 549 794 quoque
571 765 667 787 sancto
688 759 782 786 habitu
802 760 959 791 induemus,

171 805 310 839 aspirante
335 805 454 840 Spiritus
480 806 566 832 sancti
599 806 695 840 gratia.
723 805 783 838 Quo
809 810 959 840 assumpto,

1009 220 1037 244 ὲν
1049 220 1080 253 τῇ
1096 219 1208 254 τοιαύτῃ
1220 219 1286 253 τιμῇ
1305 218 1354 244 οὐκ
1371 217 1456 247 ἐστιν.
1479 217 1516 248 ὡς
1529 218 1642 248 ἐκεῖνος.
1659 218 1744 250 Λέγει
1756 217 1815 243 αὑ-

1008 264 1063 294 τοῖς
1075 263 1088 289 6
1102 262 1203 293 66631:,"
1221 262 1290 297 Πυίᾳ
1301 264 1367 296 τιμῇ
1378 271 1385 293 ;
1398 263 1464 288 Τότε
1479 260 1566 287 εἶπον·
1582 262 1629 288 Μὰ
1638 262 1684 287 τὸν
1694 261 1818 294 ἀξιοῦν-

1008 317 1041 334 τα
1053 309 1136 343 ἡμᾶς,
1153 308 1253 342 Πάτερ,
1270 308 1316 333 τοῦ
1333 308 1472 342 σχήματος
1485 307 1568 333 αξιτοῦ
1580 309 1626 333 καὶ
1637 307 1687 341 τῆς
1704 309 1814 341 τιμῆς,

1012 354 1144 387 μακάριοί
1159 354 1243 386 ἐσμεν
1265 353 1313 379 καὶ
1329 353 1419 387 ἡμεῖς,
1434 353 1481 378 ἐὰν
1505 352 1558 378 ὑπὸ
1575 352 1706 378 τοσούτου
1733 353 1814 387 πλή-

1010 397 1072 428 Θους
1088 397 1213 431 μοναχῶν
1233 397 1302 431 μετὰ
1318 397 1423 431 κηρίων
1442 397 1637 431 ὀψικευόμεθα,
1654 398 1703 422 καὶ
1719 397 1819 423 τοιοῦ-

1009 451 1054 468 τον
1081 443 1213 476 στέφανον
1230 442 1357 477 λαμπρὴν
1372 442 1515 476 λάμποντα
1529 442 1575 467 ἐπὶ
1589 443 1639 476 τῆς
1661 443 1817 477 ἡμετερας

1010 487 1132 521 κεφαλῆς
1147 487 1311 522 φορέσομεν.
1325 486 1468 521 Ἐνόμιζον
1487 487 1542 522 γὰρ
1557 487 1605 513 καὶ
1617 488 1664 513 τὸν
1680 488 1818 522 ἡγούμε-

1010 541 1054 559 νον
1074 532 1182 566 βλέπειν
1195 532 1230 558 τὰ
1244 532 1289 558 ὑπ’
1301 532 1392 558 αὐτῶν
1402 532 1540 567 ὁρώμενα.
1553 532 1601 558 Διὰ
1614 532 1697 558 τοῦτο
1711 533 1818 565 γνοὺς.

1009 579 1070 605 οὐδὲ
1084 576 1160 605 εἶπεν
1176 579 1280 610 αὐτοῖς,
1298 579 1339 605 ὅτι
1358 578 1439 609 αὐτὸς
1452 578 1528 604 οὐδὲν
1542 577 1621 609 εἶδεν,
1644 578 1706 605 ἀλλ’
1728 578 1818 604 ἐσιὼ-

1011 633 1108 658 πησεν,
1122 625 1170 650 καὶ
1186 624 1348 659 κατεπλάγη
1364 624 1414 659 τὴν
1437 623 1537 658 πολλὴν
1548 624 1738 658 ἁκεραιότητα
1762 625 1819 650 καὶ

1011 670 1194 705 καθαρότητα,
1212 670 1331 704 μάλιστα
1343 670 1371 696 δὲ
1387 669 1432 696 τοῦ
1450 668 1575 704 Συμεών.

1047 715 1087 742 ιδ’.
1104 715 1189 741 Τοῦτο
1201 715 1229 741 δὲ
1242 716 1430 751 χαριεστάτως
1444 715 1538 748 ἔλεγεν
1559 714 1651 746 αὐτοῖς
1671 718 1688 743 ὁ
1708 715 1816 749 μέγας,

1010 760 1051 787 ὅτι
1066 759 1166 795 Αὔριον
1184 760 1313 795 ὲνδὺομεν
1327 761 1375 786 καὶ
1402 761 1473 795 ὑμᾶς
1489 760 1533 787 διὰ
1557 760 1607 794 τῆς
1625 761 1743 795 χάριτος
1762 761 1816 786 τοῦ

1010 806 1089 839 ἁγίου
1116 806 1282 840 Πνεύματος.
1312 806 1388 832 Μετὰ
1408 804 1455 832 οὖν
1484 806 1514 832 τὸ
1532 805 1626 832 λαϐεῖν
1651 806 1759 837 αὐτοὺς
1782 807 1816 832 τὸ

171 854 253 884 prout
270 849 414 876 allirmavit
442 849 633 876 sanctissimus
656 850 799 881 diaconus,
828 850 961 876 innocuus

1017 852 1088 885 ir;th
1101 851 1205 885 σχῆμα,
1226 852 1264 882 ὡς
1276 851 1461 878 διεϐεϐαιοῦτο
1474 852 1488 878 6
1501 851 1655 882 ὁσιώτατος
1667 851 1811 884 διάκονος,

171 895 289 929 Symeon
305 894 482 924 asseveravit.
496 899 605 921 mutuos
620 902 650 922 Se
667 895 769 922 vidisse
787 895 879 922 vultus
895 899 962 922 tem-

173 947 238 974 pore
253 939 352 972 noctis,
372 940 442 966 sicut
460 940 487 966 in
508 940 563 973 die,
581 943 609 966 et
629 940 732 966 similes
752 940 800 972 illi,
827 939 872 974 qui
899 944 962 966 ante

164 990 351 1020 apparuerat,
376 986 491 1012 alterum
514 986 542 1012 in
567 985 679 1013 alterius
708 986 797 1020 capite
821 992 960 1012 coronam.

173 1031 261 1060 Tanto
280 1037 380 1065 autem,
394 1032 493 1064 aiebat,
511 1037 604 1059 nostra
619 1039 697 1059 mens
712 1032 807 1058 affecta
822 1035 880 1057 erat
896 1039 961 1065 gau—

173 1077 229 1106 dio.
245 1082 274 1104 ut
289 1085 339 1104 nec
350 1077 441 1105 cibum
457 1085 507 1104 nec
520 1082 613 1112 potum
631 1082 740 1113 gustare
754 1078 861 1104 liberet.
875 1076 961 1103 Exac—

175 1122 209 1150 tis
219 1123 310 1157 itaque
321 1123 355 1150 ah
365 1128 504 1158 assumpto
519 1127 613 1151 sancto
628 1123 722 1150 habitu
736 1123 841 1151 duobus
854 1123 960 1153 diebus,

173 1168 393 1203 contemplantur
420 1168 506 1199 illum.
524 1168 570 1203 qui
594 1174 656 1195 ante
680 1173 784 1203 septem
816 1169 875 1195 dies
898 1175 961 1194 eum

172 1219 367 1248 assumpserat,
392 1222 471 1248 quem
485 1214 566 1241 etiam
585 1220 745 1241 coronatum
762 1219 789 1241 et
804 1214 961 1241 comitatum

173 1266 373 1295 conspexerant
393 1261 509 1295 (ferebat
533 1261 578 1288 hic
594 1261 706 1288 mantile
724 1265 752 1288 et
768 1260 960 1293 ministrabat;

173 1306 221 1334 sed
241 1314 296 1333 non
316 1306 433 1340 amplius
451 1306 580 1340 deinceps
596 1314 724 1333 coronam
750 1306 830 1340 capiti
851 1305 963 1340 imposi-

174 1355 241 1384 tam,
256 1359 306 1378 nec
319 1358 427 1378 rursum
442 1351 592 1378 monachos
612 1359 674 1378 cum
698 1351 784 1378 cereis
800 1351 962 1378 comitantes

176 1395 317 1429 habebat),
336 1398 363 1422 et
378 1395 467 1422 mirati
483 1399 557 1422 sunt.
576 1395 699 1430 Dicitque
711 1395 827 1431 Symeon
843 1395 960 1422 Joanni:

165 1441 271 1479 _Crede,
289 1440 383 1472 frater,
402 1441 511 1468 tametsi
531 1441 612 1468 etiam
627 1449 677 1468 nos
689 1446 793 1476 septem
808 1441 891 1468 hosce
905 1440 963 1468 dies

172 1486 387 1521 impleverimus,
402 1494 457 1513 non
478 1486 569 1514 adhuc
582 1487 745 1522 elegantiam
770 1486 841 1513 illam
860 1491 887 1513 et
901 1494 962 1521 gra-

167 1531 239 1569 itiam
256 1539 351 1558 sumus
371 1531 499 1558 habituri.
525 1531 556 1557 Et
578 1531 643 1558 dicit
663 1530 781 1557 Joannes
798 1540 804 1557 :
829 1530 899 1563 Quid
923 1530 964 1557 vis

174 1580 206 1603 ut
220 1576 276 1607 fiat,
296 1575 398 1602 frater?
411 1575 460 1602 Cui
475 1575 518 1601 ille
534 1574 632 1601 iterum
646 1583 652 1601 :
675 1575 702 1602 Si
718 1583 761 1602 me
775 1575 864 1606 auidis,
879 1579 966 1602 utres

174 1620 319 1648 szeculares
331 1628 399 1655 quas
413 1621 585 1655 reliquimus,
603 1626 631 1648 et
644 1622 736 1648 valere
748 1621 890 1656 jnssimus,
903 1628 966 1656 per-

175 1666 244 1694 fecte
255 1670 311 1693 toto
323 1667 407 1693 animi
421 1666 485 1694 nisu
501 1667 591 1694 valere
608 1667 763 1701 iubeamus.
778 1667 865 1694 Aliam
887 1675 966 1695 nam-

174 1720 227 1746 que
239 1712 322 1739 vitam
341 1716 369 1740 et
389 1720 433 1739 res
448 1720 533 1740 novas
550 1714 721 1748 contemplor
739 1714 766 1740 in
785 1714 836 1741 hoc
858 1713 962 1741 habitu.

175 1758 214 1786 Ex
243 1766 298 1792 quo
320 1758 393 1785 enim
419 1758 515 1785 codem
538 1766 588 1785 nos
609 1758 698 1786 induit
721 1759 769 1786 Dci
787 1767 891 1791 servus.
915 1759 965 1786 ﬂa-

175 1808 254 1839 grant
266 1811 325 1831 mea
338 1804 498 1839 praecordia,
514 1805 608 1831 nescio
621 1805 704 1837 unde,
726 1810 754 1832 et
767 1805 864 1840 quaerit
874 1806 965 1833 anima

176 1856 236 1876 mea
264 1857 320 1876 non
350 1849 443 1876 videre
468 1857 643 1885 quemquam,
667 1858 757 1885 neque
779 1851 890 1885 alloqui,
914 1859 966 1878 nec

176 1894 279 1921 audire.
307 1895 378 1922 Dicit
405 1896 429 1922 ei
453 1894 599 1922 Joannes:
626 1895 659 1923 Et
682 1896 747 1930 quid
772 1897 964 1930 comedemus,

138 1938 141 1941 ’
176 1938 280 1965 frater?
302 1938 352 1966 Cui
368 1939 507 1974 Symeon:
534 1939 575 1965 An
601 1940 759 1973 comedunt,
786 1941 831 1975 qui
857 1949 966 1974 pascen-

176 1989 215 2011 te:
237 1984 291 2019 (18)
310 1990 450 2018 vocantur,
465 1985 499 2013 de
522 1985 621 2020 quibus
645 1985 702 2012 heri
725 1986 853 2014 dominus
880 1986 964 2014 Nicon

176 2036 330 2056 sermonem
349 2038 457 2065 quoque
474 2030 507 2057 ad
523 2038 573 2057 nos
590 2030 704 2058 habuit?
718 2031 784 2058 Nam
798 2032 887 2059 forsan
907 2032 965 2066 ipse

176 2073 259 2100 etiam
274 2074 378 2107 volens,
402 2079 431 2102 ut
452 2083 502 2102 nos
526 2076 684 2110 hujusmodi
709 2076 791 2103 vitam
815 2077 964 2111 amplecta-

176 2125 247 2151 mur,
263 2120 389 2153 exposuit
406 2120 485 2147 nobis
499 2128 580 2155 quam
601 2121 663 2148 vita:
683 2121 816 2148 rationem
840 2127 962 2155 teneant,

1012 896 1191 931 διισχυρίζετο
1217 898 1231 923 ὀ
1251 896 1368 931 ἀψευδὴς
1392 897 1515 932 Συμεὼν,
1535 898 1576 924 ὅτι
1598 898 1640 924 Τὰ

1012 943 1134 978 ἀλλήλων
1151 943 1323 977 ὲθεωροῦμεν
1349 944 1382 977 τῇ
1411 943 1490 969 νυκτὶ
1517 943 1554 974 ὡς
1583 945 1611 969 ὲν
1631 944 1741 978 ἡμέρᾳ,
1762 945 1813 970 καὶ

1012 986 1114 1020 ὁμοίως
1128 986 1174 1012 τοῦ
1190 986 1323 1021 πρότερον
1339 986 1383 1013 ὑπ’
1395 986 1486 1012 αὐτῶν
1498 986 1657 1018 θεαθέντος,
1673 990 1814 1023 στέφανον

1012 1031 1058 1056 ἐπὶ
1074 1031 1123 1065 τῆς
1138 1031 1185 1057 τοῦ
1207 1031 1301 1063 ἐτέρου
1318 1031 1438 1065 κεφαλῆς
1456 1032 1470 1057 6
1495 1031 1597 1066 ἕτερος.
1627 1033 1672 1058 Ἐν
1694 1033 1813 1067 τοιαύτῃ

1012 1077 1039 1103 δὲ
1057 1078 1130 1112 χαρᾷ
1144 1075 1188 1112 ἦν,
1207 1077 1294 1112 φημὶ,
1312 1078 1328 1112 ἡ
1345 1077 1417 1112 ψυχὴ
1443 1078 1530 1112 ἡμῶν,
1546 1078 1616 1104 ὥστε
1635 1079 1707 1113 μηδὲ
1724 1079 1815 1106 Θέλειν

1013 1122 1085 1155 ἡμᾶς
1110 1121 1230 1157 εὐχερῶς
1258 1123 1361 1156 τροφῆς
1391 1121 1618 1156 μεταλαμϐάνειν,
1642 1122 1659 1157 ἢ
1690 1123 1810 1154 πόςεως,

1012 1167 1090 1193 Μετὰ
1105 1165 1152 1193 οὖν
1178 1166 1225 1193 δύο
1245 1167 1350 1202 ἡμέρας
1376 1166 1423 1193 τοῦ
1445 1166 1540 1193 λαῦεῐν
1557 1167 1658 1198 αὐτοὺς
1682 1169 1716 1193 τὸ
1732 1167 1815 1201 ἅγιον

1013 1211 1125 1247 ἔνδυμα,
1141 1212 1292 1248 θεωροῦσιν
1307 1212 1353 1238 τὸν
1366 1212 1419 1247 πρὸ
1436 1212 1506 1239 ἑπτὰ
1530 1213 1644 1247 ἡμερῶν
1664 1213 1750 1239 τοῦτο
1764 1214 1814 1239 λει-

1013 1257 1106 1289 ὃόντα,
1125 1258 1166 1288 εὶς
1195 1257 1225 1284 ὄν
1249 1258 1295 1284 τὸν
1321 1258 1452 1292 στέφανον
1477 1259 1525 1284 καὶ
1546 1259 1610 1289 τοὺς
1625 1259 1815 1292 ὁψικεύο-ιτας

1012 1302 1170 1335 ἐθεάσαντο,
1190 1302 1238 1329 καὶ
1255 1302 1348 1337 ἐφόρει
1366 1302 1548 1336 σακκομάχιν,
1574 1303 1620 1328 καὶ
1647 1303 1740 1329 ἐποίει
1751 1303 1815 1329 δια-

1012 1349 1114 1380 κονίαν,
1132 1348 1181 1375 καὶ
1192 1349 1287 1375 λοιπον
1301 1349 1352 1375 οὐκ
1368 1347 1407 1374 ἔτι
1422 1347 1484 1374 οὔτε
1502 1348 1548 1374 τὸν
1574 1349 1711 1383 στέφανον
1736 1350 1815 1384 αὐτῷ

1013 1394 1213 1429 περικείμενον,
1223 1394 1284 1420 οὕτε
1296 1393 1376 1420 πάλιν
1386 1393 1448 1424 τοὺς
1462 1394 1531 1428 μετὰ
1545 1394 1649 1428 κηρίων
1658 1394 1812 1429 causam-

1012 1448 1062 1470 τας
1091 1440 1225 1473 μοναχοὺς
1253 1438 1397 1473 ἐκέκτητο,
1416 1439 1463 1465 καὶ
1478 1438 1649 1473 ἐθαύμασαν.
1664 1440 1721 1465 Καὶ
1734 1441 1813 1473 λέγει

1012 1485 1026 1510 ὁ
1044 1484 1155 1519 Συμεὼν
1172 1485 1211 1519 τῷ
1224 1485 1353 1520 Ἰωάννῃ’
1372 1485 1532 1516 Πίστευσον,
1550 1485 1662 1518 ὰδελφὲ,
1686 1487 1737 1512 ἐὰν
1756 1488 1810 1512 καὶ

1016 1530 1096 1565 ἡμεῖς
1115 1530 1303 1565 πληρώσωμεν
1319 1530 1368 1561 τὰς
1380 1530 1466 1562 αὑτὰς
1478 1530 1587 1567 ἡμέρας
1603 1532 1677 1562 ἑπτὰ,
1693 1533 1747 1557 οὐκ
1765 1533 1813 1558 ἔτι

1016 1575 1114 1609 ἕξομεν
1135 1575 1184 1609 τὴν
1201 1575 1369 1607 εὐπρέπειαν
1384 1575 1488 1609 ταύτην
1505 1576 1553 1602 καὶ
1578 1576 1625 1611 τὴν
1638 1577 1728 1611 χάριν.
1747 1577 1812 1603 Καὶ

1016 1619 1091 1652 λέγει
1108 1621 1122 1645 6
1134 1620 1271 1655 Ἰωάννης·
1284 1620 1339 1646 Καὶ
1352 1620 1377 1646 τί
1392 1620 1480 1651 θέλεις
1495 1620 1540 1647 ἵνα
1550 1621 1672 1655 γένηται,
1686 1622 1793 1655 ἀδελφέ
1805 1631 1815 1653 ζ

1016 1665 1098 1698 Λέγει
1115 1665 1189 1699 αὑτῷ
1209 1665 1290 1692 πάλιν
1303 1673 1309 1679 '
1330 1665 1393 1692 Ἐὰν
1416 1665 1538 1701 ἀκούσῃς
1567 1675 1629 1701 μου,
1643 1667 1688 1692 ἵνα
1712 1667 1816 1703 ὥοπερ

1021 1710 1254 1745 ὲγκατελείψαμεν
1280 1711 1327 1736 καὶ
1349 1711 1545 1746 ἀπεταξάμεθα
1574 1712 1629 1738 τῶν
1654 1713 1816 1747 κοσμικῶν.

1016 1755 1214 1791 ἀποταξώμεθα
1227 1756 1339 1788 τελείως
1355 1757 1408 1783 ἀπὸ
1423 1757 1513 1792 πάσης
1529 1758 1624 1792 πνοῆς.
1640 1758 1744 1784 ’Λλλον
1759 1759 1818 1792 γὰρ

1017 1800 1074 1836 βίον
1090 1801 1138 1827 καὶ
1155 1801 1218 1834 ξένα
1232 1802 1382 1837 πράγματα
1399 1802 1493 1837 θεωρῶ
1505 1803 1534 1829 ἐν
1549 1803 1587 1838 τῷ
1603 1805 1731 1838 σχήματι
1752 1805 1819 1831 τού-

1015 1856 1064 1882 τῳ.
1080 1840 1138 1881 ⁵Λφ¹
1152 1845 1183 1882 ἧς
1200 1849 1254 1882 γὰρ
1279 1848 1344 1874 αὐτὸ
1362 1849 1376 1874 ὀ
1389 1848 1482 1880 δοῦλος
1506 1849 1554 1875 τοῦ
1585 1849 1654 1876 Θεοῦ
1683 1851 1820 1877 ἐνέδυσεν

1015 1894 1101 1928 ἡμᾶς,
1117 1893 1242 1919 καίονται
1255 1893 1289 1919 τὰ
1304 1893 1405 1921 ἕσωθέν
1422 1903 1483 1929 μου,
1499 1895 1548 1920 οὐκ
1571 1893 1631 1921 οἶδα
1648 1895 1751 1926 πόθεν.
1770 1897 1820 1923 καὶ

1016 1939 1094 1973 ζητεῖ
1110 1938 1210 1973 ἡψυχή
1233 1947 1283 1973 μου
1296 1939 1334 1973 μὴ
1350 1938 1488 1974 θεωρῆσαί
1505 1948 1576 1970 τινα,
1594 1941 1666 1974 μήτε
1677 1940 1820 1976 λαλῆται,

1016 1984 1163 2019 ἥάκοῠσαί
1184 1992 1265 2015 τινος.
1293 1984 1373 2018 Λέγει
1396 1984 1469 2018 αὐτῷ
1497 1986 1510 2011 6
1534 1985 1683 2019 Ἰωάννης·
1710 1987 1770 2012 Καὶ
1794 1987 1822 2012 τί

1015 2029 1170 2064 τρώγομεν,
1186 2029 1303 2063 ἁδελφέ;
1320 2030 1401 2063 Λέγει
1415 2029 1489 2064 αὐτῷ
1504 2030 1614 2064 Συμεών
1628 2039 1635 2045 ο
1657 2031 1693 2057 Εἰ
1704 2040 1734 2058 τι
1748 2032 1823 2067 τρώ-

1016 2083 1110 2108 γουσιν
1127 2075 1151 2101 οἱ
1165 2074 1310 2106 ἀκούοντες
1322 2075 1444 2106 βοσκοὶ,
1458 2076 1523 2110 περὶ
1533 2073 1569 2101 ὧν
1585 2077 1632 2102 καὶ
1651 2077 1722 2111 χθὲς
1739 2076 1822 2104 εἶπεν

1015 2121 1081 2154 ἡμῖν
1095 2121 1109 2146 6
1124 2120 1216 2155 κύριος
1238 2120 1348 2152 Νίκων;
1370 2121 1445 2156 Τάχα
1468 2122 1521 2155 γὰρ
1546 2122 1593 2147 καὶ
1607 2122 1695 2153 αὐτὸς
1718 2123 1821 2156 θέλων,

176 2166 312 2199 quomodo
343 2166 480 2194 dormiant
495 2167 561 2202 (l9),
582 2172 610 2194 et
637 2167 768 2202 quidquid
781 2168 815 2194 ad
829 2168 888 2194 illos
904 2176 961 2202 pcr-

1017 2165 1061 2192 ἵνα
1072 2165 1193 2192 τοιοῦτον
1210 2165 1266 2200 βίον
1279 2166 1427 2202 διάξωμεν,
1438 2166 1588 2202 διηγήσατο
1606 2168 1677 2202 ἡμῖν
1696 2168 1732 2194 τὸ
1760 2170 1822 2201 πῶς

177 2210 255 2237 tinet.
271 2211 373 2238 Deinde
385 2211 450 2238 dicit
462 2212 581 2239 Joannes
595 2221 601 2239 :
617 2212 650 2239 Et
662 2212 815 2247 quomodo?
827 2212 894 2245 Quia
913 2221 961 2240 nc-

176 2262 229 2289 que
245 2259 366 2287 cantum,
383 2263 471 2290 neque
482 2264 576 2283 eorum
594 2256 747 2283 institutum
762 2257 896 2284 novimus.

214 2342 257 2370 15.
277 2341 354 2370 Tunc
369 2342 439 2369 Deus
455 2343 561 2377 aperuit
581 2351 625 2370 cor
641 2343 747 2370 abbatis
769 2343 823 2378 ('20)
851 2343 963 2379 Symeo-

1016 2211 1110 2243 ζῶσιν,
1127 2211 1175 2237 καὶ
1194 2212 1253 2242 πῶς
1270 2212 1432 2247 κοιμῶνται,
1462 2212 1508 2238 καὶ
1524 2212 1611 2239 πάντα
1627 2212 1664 2238 τὰ
1685 2215 1755 2239 κατ’
1771 2216 1824 2240 αὖ-

1015 2255 1089 2287 τούς.
1117 2255 1182 2283 Εἶτά
1205 2266 1286 2291 φησιν
1303 2258 1317 2284 6
1333 2258 1459 2293 Ἰωάννης
1471 2266 1477 2273 ·
1494 2258 1548 2284 Καὶ
1563 2258 1640 2290 πῶςς
1659 2259 1729 2286 Ὅτι
1756 2261 1824 2288 οὔτε

1016 2301 1110 2336 ψᾶλαι,
1126 2302 1188 2328 οὔτε
1202 2303 1251 2338 τὴν
1267 2303 1433 2330 κατάστασιν
1446 2304 1652 2340 παρελάϐομεν.

1053 2346 1094 2375 ιε’.
1109 2347 1176 2374 Τότε
1193 2347 1309 2383 ἀνέῳξεν
1325 2350 1339 2375 6
1352 2349 1419 2380 Θεὸς
1446 2350 1494 2384 τὴν
1518 2349 1632 2384 καρδίαν
1658 2350 1712 2377 τοῦ
1745 2352 1824 2379 ἀῦδᾶ

934 2423 1047 2451 ΝΟΤΛΕ.

212 2465 268 2505 (1-8)
278 2465 316 2494 Ita
329 2468 454 2505 appellati
467 2470 591 2505 monachi
605 2470 715 2505 quidam
728 2471 875 2500 Palaestina:
885 2471 962 2505 βοτα-

177 2502 299 2542 νοςξᾴιγοι,
313 2503 377 2542 quia
393 2508 462 2542 teste
474 2503 587 2542 Evagrio
602 2502 650 2532 lib.
660 2515 667 2542 ι
679 2506 749 2533 Eccl.
763 2506 828 2533 Hist.
842 2502 899 2540 cap'.
911 2506 942 2532 21
954 2516 960 2533 :

180 2546 190 2562 ‹
208 2536 290 2564 Cibos
313 2536 605 2575 quidem_homiriihus
626 2541 741 2568 usitatos
768 2536 960 2575 aspernantur,

178 2576 277 2598 terram
293 2577 393 2610 autem
423 2573 617 2608 depascuntur,
644 2576 715 2602 unde
742 2580 769 2602 et
789 2573 962 2610 pabulatores

176 2607 584 2645 cognominati_snntj_tantum
605 2615 758 2644 carpentes.
777 2607 909 2645 quantum
929 2612 962 2638 ad

176 2642 258 2681 vitam
289 2642 400 2681 sufﬁcit;
418 2653 427 2669 ι
460 2643 538 2681 Sive.
569 2642 660 2679 prout'
680 2646 761 2672 tradit
786 2642 963 2673 'Sozomenns

176 2676 224 2703 lib.
243 2684 281 2709 vi,
298 2679 402 2712 (ιιι).ὃό
418 2687 423 2705 :
445 2689 453 2704 ι
476 2676 575 2714 Ναί]υὸ
587 2680 723 2707 domicilia
748 2681 858 2713 habent,
876 2688 964 2715 neque

176 2719 286 2772 panem,
309 2721 398 2747 neque
419 2714 562 2742 obsonium
580 2715 736 2747 comedunt,
760 2723 848 2749 neque
870 2714 964 2743 tinum

198 2746 283 2772 ibunt.
300 2747 328 2772 In
345 2750 482 2772 mnntihus
497 2755 587 2772 aulam
601 2751 729 2772 dmumth
756 2758 864 2772 spmnnr
881 2751 963 2772 linum

198 2746 283 2785 ibunt.
300 2747 328 2773 lu
345 2746 482 2776 montibus
497 2755 587 2778 autem
601 2746 739 2785 degentes.
756 2746 864 2784 semper
881 2751 964 2777 Deum

176 2780 332 2821 celebrant,
366 2784 491 2821 precibus
519 2789 553 2821 et?
571 2780 677 2820 hymnis
706 2780 855 2821 secundum
882 2786 963 2812 ritum

178 2815 303 2842 Ecclesiw
315 2815 449 2844 vacantes.
459 2818 572 2850 Quando
582 2815 646 2847 vero
660 2820 785 2847 vescendi
798 2825 905 2855 tempus
917 2821 963 2848 ad-

1015 2471 1100 2502 venit.
1116 2472 1301 2506 pabulantium
1317 2472 1343 2499 in
1357 2472 1592 2510 morem,quilibct
1607 2472 1678 2501 falce
1689 2482 1822 2510 arrepta,

1015 2514 1072 2543 per_
1079 2513 1199 2543 montem
1216 2512 1354 2542 vagantes,
1376 2508 1469 2535 herbis
1482 2512 1640 2543 pascuntur.
1655 2518 1664 2533 ι

1050 2541 1105 2576 (I9)
1125 2543 1161 2568 Ila
1183 2541 1349 2577 ecgraphum
1376 2541 1520 2575 nostrum;
1546 2551 1600 2569 non
1622 2544 1789 2577 κομῶνται,
1806 2555 1821 2573 a

1016 2577 1122 2610 κομὰω,
1134 2577 1207 2613 quod
1223 2582 1265 2613 est
1281 2585 1383 2604 comam
1395 2578 1492 2609 muria,
1511 2578 1590 2605 sicuti
1606 2581 1752 2613 expressit
1772 2582 1822 2608 ln-

1017 2615 1122 2645 tcrpres
1138 2612 1209 2646 apud
1225 2612 1345 2639 Surium.

1052 2646 1108 2680 (20)
1125 2647 1214 2673 Abhas
1234 2655 1289 2686 non
1306 2651 1410 2686 tantum
1428 2647 1599 2686 Ireyrznienum
1612 2668 1619 2678 ,
1639 2656 1690 2686 seu
1716 2653 1820 2686 putfa-

1020 2685 1086 2706 ctum
1104 2682 1256 2717 monasterii
1275 2682 1443 2717 designabat,
1458 2683 1505 2709 sed
1523 2684 1558 2709 ita
1570 2682 1820 2717 compellabantur

1020 2716 1252 2751 iuonachipassim
1262 2724 1367 2747 omnes.
1382 2719 1533 2751 pnesertim
1549 2716 1817 2747 senio’venerandi.

1020 2750 1046 2776 ld
1062 2750 1132 2784 quod
1149 2752 1231 2777 semel
1245 2752 1289 2778 hic
1309 2750 1443 2778 indicasse
1459 2752 1493 2778 sit
1507 2752 1572 2780 satis
1589 2752 1616 2779 in
1632 2758 1818 2783 antecessum

1018 2785 1097 2812 etiam
1111 2793 1159 2819 pro
1178 2786 1243 2813 locis
1256 2787 1445 2821 sequentibus.
