1946 3194
207 122 269 156 1691

712 124 866 155 LEONTII
885 121 1137 155 NEAPOLITANI
1157 118 1324 151 EPISCOPI

1769 114 1850 148 1592

205 181 295 213 nobis,
314 183 374 214 post
389 178 527 206 Christum
538 198 545 211 .
567 184 644 214 pater
657 185 683 207 et
699 185 786 208 mater
797 189 836 209 es.
856 181 895 208 Tu
908 180 995 208 domi-

1051 177 1105 204 ὶντὶ
1122 177 1232 204 πάντων
1247 176 1301 202 τῶν
1320 174 1460 210 προγόνων
1481 173 1559 208 ἡμῶν
1586 172 1634 198 καὶ
1661 171 1770 205 γονέων
1782 191 1791 201 ,
1812 170 1849 196 οὐ

205 234 268 258 nus,
287 229 316 252 tu
338 225 496 256 instructor,
514 229 543 251 tu
564 226 754 258 manuductor,
769 232 797 254 tu
816 228 864 254 vi.»
885 227 948 258 dux,
963 230 990 253 et

205 272 255 298 alia
269 278 448 305 quaecunque,
460 270 561 305 quibus
572 271 724 299 referendis
739 273 829 307 lingua
845 281 899 299 non
918 273 991 300 sutli—

206 317 253 344 cit.
268 316 320 344 Per
343 321 369 343 te
389 316 614 350 pretiosissimam
640 318 812 352 margaritam
836 318 924 353 adepti
945 327 992 346 su-

207 369 278 392 mus.
304 366 332 389 et
357 370 420 389 vere
449 362 620 397 baptismatis
643 363 781 395 virtutem,
805 364 883 398 cujus
905 365 992 391 sancti

206 409 286 436 nobis
300 409 445 443 prrenuntii
461 408 556 436 Patres
568 409 654 440 fuere,
668 410 771 444 experti
789 417 893 437 sumus.
910 409 992 437 Novi-

207 462 268 481 mus
283 462 346 482 vere
368 459 541 489 peccatorum
555 459 710 481 nostrorum
731 455 946 482 combustinnein
960 463 992 482 ex

208 498 280 533 igne,
295 499 341 533 qui
355 499 436 525 corda
450 503 544 526 nostra
563 499 716 531 comburit;
730 499 773 526 cui
791 499 931 526 tolerando
942 500 993 525 im-

207 549 287 577 pares
303 550 407 574 sumus,
418 543 487 570 adeo
502 543 652 577 pnecordia
666 547 759 570 nostra
772 543 933 570 inﬂammat.

245 627 288 654 l7.
306 628 503 656 Beatitudinem
520 634 608 662 tuam,
629 638 646 657 ο
659 630 749 663 Pater,
766 631 950 663 obsecramus,
966 636 995 658 ut

209 673 332 708 impense
347 682 397 709 pro
411 674 489 701 nobis
505 683 577 708 ores,
592 680 619 703 et
633 683 727 702 servos
742 681 803 703 tuos
818 676 892 703 abire
909 677 993 708 siuas,

209 722 238 744 ul
256 718 363 745 sincere
377 723 404 745 et
418 719 497 745 enixe
514 718 567 746 Deo
590 719 752 751 serviamus,
773 721 817 746 cui
830 727 878 746 nos
900 728 996 747 conse—

210 763 356 790 cravimus.
372 764 436 790 Sine
452 769 477 791 te
491 765 609 796 exorari,
626 770 655 792 ut
677 773 813 800 nunquam
828 766 996 793 obliviscaris

211 810 348 837 inutilium
373 811 491 838 ﬁliorum
516 816 635 843 tuorum,
654 819 687 839 eo
710 817 842 847 tempore,
866 821 920 847 quo
937 821 996 840 ma—

210 864 263 883 nus
281 860 339 883 tuas
355 857 524 883 venerabiles
535 857 746 889 extendisto,
759 858 823 890 imo,
838 859 879 885 vir
890 864 994 891 sancte,
1013 848 1033 873 Β

210 900 271 928 sine
290 905 316 928 te
333 901 437 928 exorari
452 902 485 928 ab
500 902 660 937 alienigenis
677 911 683 929 :
700 903 824 930 orbitatis
843 911 937 931 eorum
952 912 997 931 re-

211 946 367 974 miniscere.
389 947 493 983 Deinde
514 956 602 982 genua
627 949 712 975 sancti
728 949 846 976 hominis
869 950 995 985 amplexi,

212 998 319 1018 rursum
344 992 495 1020 dicebant:
517 992 607 1025 Pater,
633 998 693 1021 esto
722 1002 825 1021 memor
854 996 996 1023 humilium

212 1041 320 1063 tuarum
335 1037 437 1068 ovium.
451 1046 518 1072 quas
535 1038 644 1066 Christo
663 1040 818 1068 holocausta
841 1041 996 1069 immolasti.

213 1082 365 1110 Recordare
392 1081 565 1111 externarum
594 1085 768 1119 plantarum,
794 1094 861 1121 quas
883 1088 999 1121 pulchro

212 1129 330 1163 paradisi
354 1130 433 1156 horto
458 1130 579 1157 inserere
607 1131 745 1158 studuisti.
774 1132 813 1159 Ne
838 1133 999 1161 obliviscere

212 1175 399 1209 operariorum
414 1176 553 1209 inertium,
569 1184 638 1210 quos
648 1177 792 1204 undecima
808 1179 918 1205 circiter
933 1179 999 1206 hora

213 1220 241 1246 in
267 1217 344 1247 vinea
374 1221 475 1248 Christi
504 1223 631 1250 mercede
659 1224 825 1251 conduxisti.
852 1224 1000 1251 Mirabatur

212 1270 302 1292 autem
334 1271 361 1293 et
389 1267 599 1301 obstupescebat
626 1277 737 1303 praeses,
759 1270 867 1304 quando
892 1270 1000 1298 videbat

211 1316 271 1341 eos,
287 1310 332 1343 qui
343 1315 406 1337 ante
423 1311 536 1338 biduum
559 1313 669 1340 fuerant
684 1315 775 1342 idiotzc
790 1323 821 1342 ac
839 1317 929 1347 rudes.
947 1321 998 1343 tam

213 1355 303 1381 subito
315 1356 434 1383 evasisse
450 1357 597 1390 sapientes,
623 1366 656 1385 ex
682 1366 714 1386 eo
744 1361 816 1394 quod
838 1362 1000 1395 assumpsis-

213 1404 274 1426 sent
291 1400 413 1427 divinmn
430 1401 562 1429 habitum.
581 1402 648 1429 Dum
667 1411 731 1438 ergo
744 1409 858 1440 uterque
877 1406 942 1433 satis
954 1407 1001 1433 diu

212 1444 341 1476 ﬂevisset.
355 1453 425 1480 genu
439 1447 576 1474 inclinavit
590 1452 701 1476 sanctus
717 1449 813 1483 Nicon,
829 1456 856 1478 et
871 1452 1002 1480 collocato

1040 223 1128 258 ἡμῶν,
1138 222 1208 257 μετὰ
1219 221 1347 256 Χριστὸν,
1355 220 1444 255 πατὴρ
1458 220 1505 246 καὶ
1522 219 1627 254 μήτηρς
1636 219 1673 244 Σὺ
1682 218 1851 251 Δεσπότης,

1042 269 1074 295 σὺ
1092 267 1289 303 συγκροτητὴς,
1311 267 1343 293 σὺ
1354 265 1535 301 χειραγωγδς,
1553 265 1584 290 σὺ
1595 264 1705 298 άδηγδς,
1723 263 1778 289 καὶ
1794 265 1851 289 r33:

1041 314 1153 348 γλῶσσα
1172 313 1262 339 εἰπεῖν
1273 312 1323 337 οὒκ
1340 311 1425 345 ἰσχύει
1451 310 1501 335 Διὰ
1518 309 1564 335 σοῦ
1583 308 1629 334 τον
1648 307 1852 341 πολυτίμητον

1043 358 1219 393 μαργαρίτην
1238 356 1426 392 ἐκτησάμεθα,
1443 355 1581 390 ἐμάθομεν
1596 353 1708 388 ἀληθῶς
1729 353 1784 386 τὴν
1799 352 1849 378 δῦ-

1042 412 1123 438 ναμιν
1134 403 1180 430 τοῦ
1196 403 1392 438 βαπτίσματος,
1412 398 1497 435 οὗπερ
1511 402 1577 435 ἡμῖν
1589 401 1615 426 οἱ
1628 400 1702 425 ὅσιοι
1718 399 1848 432 “ccipe;

1043 449 1200 484 προέλεγον.
1216 449 1361 482 Ἐγνωμεν
1372 447 1455 477 ὅντως
1467 446 1516 480 τὴν
1527 446 1581 471 τῶν
1592 444 1745 479 ἡμετέρων
1755 445 1850 477 ἁμαρ-

1043 495 1108 521 τιῶν
1118 494 1288 520 κατάκαυσιν
1304 494 1335 519 ἐκ
1349 492 1397 518 τοῦ
1408 490 1597 526 περικαίοντος
1608 489 1692 524 ἡμῶν
1705 490 1761 519 τὰς
1777 497 1850 522 κειρ-

1043 540 1101 571 δίας
1118 539 1215 574 πυρὸς,
1231 539 1301 574 ὅπερ
1321 539 1368 565 καὶ
1380 538 1418 572 μὴ
1438 538 1565 572 φέροντες
1576 557 1583 568 ,
1601 535 1693 566 οὕτως
1709 536 1748 561 τὰ
1769 535 1849 568 ἡμῶν

1045 584 1119 615 ἐντὸς
1135 584 1319 619 περιφλέγων.

1081 629 1122 661 ις’.
1142 629 1277 663 Λίτοῦμεν
1301 629 1383 663 εὐχὴν
1407 628 1518 662 ποιῆσαι
1536 627 1655 658 ἐκτενῶς
1684 626 1738 660 τὴν
1756 634 1849 659 μακα-

1046 675 1159 710 ριότητά
1170 684 1227 705 σου,
1245 675 1346 709 Πάτερ,
1362 675 1408 701 καὶ
1420 675 1554 701 ἀπολῦσαι
1567 675 1631 704 τοὺς
1647 675 1717 704 σοὺς
1734 674 1850 704 δοὲὶονς

1046 720 1086 750 εἰς
1102 719 1132 745 τὺ
1145 719 1265 753 γνησίως
1277 720 1324 746 καὶ
1342 719 1482 753 ὀλοψὺχως
1505 719 1649 745 δουλεῦσαι
1679 716 1704 751 ᾧ
1727 719 1847 752 57:59:»-

1048 773 1134 799 σαμεν
1149 765 1262 796 ἑαυτοὺς
1278 764 1348 799 Θεῷ,
1363 764 1575 798 δυσωπούμενος
1595 763 1741 798 μηδέποτε
1763 763 1847 796 ὶῆθην

1048 810 1159 844 ποιῆσαι
1182 810 1299 844 ἀχρείων
1329 818 1376 835 σου
1405 810 1518 840 παίδων,
1541 810 1569 835 ὲν
1586 809 1683 844 καιρῷ
1707 810 1847 839 ἐκτάσεως

1047 854 1146 889 χειρῶν
1163 862 1209 879 σου
1222 854 1330 888 τιμίων.
1344 853 1407 885 Ναὶ,
1423 854 1478 883 ναὶ,
1491 854 1713 888 δυσωπούμενος
1727 854 1782 879 ὑπὸ
1796 854 1846 879 τὶν

1048 900 1141 932 ξένων,
1159 900 1229 930 ὃσιε,
1240 899 1335 933 μνείαν
1346 899 1424 925 ποιοῦ
1437 900 1485 933 τῆς
1499 899 1590 925 αὐτῶν
1606 899 1776 933 ὀρφανείας.
1791 900 1845 924 Καὶ

1048 944 1238 978 ἐπιλαϐόμενοι
1255 945 1308 970 τῶν
1323 944 1443 978 γονάτων
1465 944 1511 970 τοῦ
1527 945 1614 976 ὁσίου,
1630 945 1719 971 πάλιν
1736 945 1844 978 ἔλεγον·

1048 989 1203 1023 Μνήσθητι,
1220 990 1323 1024 Πάτερ,
1336 990 1390 1016 τῶν
1406 990 1460 1016 σῶν
1475 990 1613 1016 ταπεινῶν
1628 991 1797 1023 προϐάτων,
1812 987 1848 1016 ὧν

1048 1037 1238 1067 ὁλοκαύτωσας
1247 1037 1286 1072 τῷ
1299 1037 1418 1071 Χριστῷ.
1432 1037 1629 1070 Μνημόνευσον
1640 1037 1734 1068 ξένων
1746 1036 1846 1070 φυτῶν,

1048 1081 1066 1108 ἂ
1078 1082 1107 1108 ἐν
1117 1082 1156 1116 τῷ
1167 1082 1240 1117 κα)ιῷ
1254 1083 1334 1117 κήπῳ
1346 1082 1392 1108 τοῦ
1407 1082 1574 1117 παραδείσου
1590 1082 1735 1116 φυτεῦσαι
1751 1083 1847 1108 ἔστ-ευ-

1051 1137 1109 1159 σιις.
1128 1129 1173 1163 Μὴ
1200 1129 1317 1164 ἐπιλάϐῃ
1343 1129 1467 1164 ὀκνηρῶν
1489 1128 1625 1163 ἐργατῶν,
1646 1129 1701 1160 οὓς
1720 1130 1788 1164 περὶ
1802 1130 1848 1164 τὴν

1049 1174 1194 1209 ἑνδεκάτην
1210 1175 1250 1205 είς
1264 1174 1310 1200 τὸν
1322 1174 1472 1208 ἀμπελῶνα
1486 1174 1524 1209 τῷ
1538 1175 1653 1209 Χριστῷ
1670 1175 1846 1209 ἐμίσθωσας.

1056 1218 1226 1253 Ἑθαύμαζεν
1242 1218 1271 1244 δὲ
1285 1219 1331 1245 καὶ
1357 1219 1537 1253 ἐξεπλήττετο
1559 1220 1573 1244 6
1596 1220 1720 1254 ποιμὴν,
1739 1220 1847 1254 Θεωρῷν

1049 1263 1112 1293 τοὺς
1127 1263 1180 1298 πρὸ
1194 1263 1239 1289 δύο
1254 1264 1365 1298 ἡμερῶν
1378 1263 1495 1295 ἰδιώτας,
1512 1263 1598 1295 οὕτως
1611 1264 1755 1298 ἐξαίφνης
1773 1274 1847 1298 56;:-

1051 1308 1164 1340 σθέντας
1177 1309 1221 1335 διὰ
1240 1310 1291 1344 τῆς
1306 1310 1450 1345 περιϐολῆς
1464 1310 1510 1336 τοῦ
1527 1310 1599 1336 θείου
1620 1312 1783 1345 σχήματος,
1809 1312 1848 1342 Ὡς

1050 1353 1186 1381 ἔκλαυσαν
1204 1352 1251 1381 οὖν
1269 1354 1418 1390 ἀμφότεροι
1445 1357 1490 1382 ἐπὶ
1515 1357 1611 1391 ἱκανὴν
1628 1356 1720 1391 ὥραν,
1755 1358 1849 1387 κλίνας

1050 1400 1115 1433 γόνυ
1131 1400 1145 1425 6
1157 1400 1228 1431 ὅσιος
1244 1400 1347 1431 Νίκων,
1370 1401 1418 1427 καὶ
1435 1402 1537 1435 στήσας
1550 1401 1665 1435 Συμεὼν
1692 1403 1725 1427 ἐκ
1738 1402 1849 1433 δεξιῶν,

1051 1446 1098 1471 καὶ
1110 1445 1238 1480 Ἰωάννην
1253 1446 1282 1478 ἐξ
1297 1446 1446 1480 εὐωνύμων
1461 1446 1578 1481 ἀνέστη,
1596 1447 1644 1473 καὶ
1657 1448 1790 1478 ἐκτείνας
1803 1449 1852 1478 τὰς

212 1489 347 1524 Symeone
379 1499 393 1518 a
408 1492 510 1519 dextris
530 1498 558 1519 et
573 1493 680 1521 Joanne
694 1503 709 1522 a
723 1496 851 1528 sinistris,
869 1499 997 1529 surrexit.

1052 1493 1146 1527 χεῖρας
1159 1493 1199 1523 εἰς
1210 1491 1255 1517 τὴν
1266 1491 1390 1526 οὐρανὸν,
1407 1489 1494 1518 εἶπεν·
1518 1492 1547 1518 Ὀ
1561 1492 1629 1523 Θεὸς
1647 1494 1660 1518 6
1673 1492 1787 1523 δίκαιος
1804 1495 1854 1519 καὶ

211 1539 239 1561 et
254 1536 389 1568 protensis
405 1536 431 1562 in
451 1537 549 1563 malum
575 1538 710 1570 manibus,
733 1540 801 1567 dixit
819 1550 824 1567 ε
843 1541 912 1568 Deus
928 1543 1000 1576 juste

211 1582 239 1604 et
263 1578 415 1611 laudabilis,
439 1578 510 1606 Deus
533 1588 629 1615 magne
649 1587 675 1608 et
691 1582 777 1614 fortis,
804 1584 884 1617 Deus,
904 1585 949 1620 qui
971 1593 1001 1613 es

210 1628 274 1649 ante
289 1623 399 1655 sarcula,
413 1625 509 1651 exaudi
525 1625 612 1652 virum
628 1633 797 1661 peceatorem
811 1630 835 1656 in
852 1631 902 1658 hac
916 1631 980 1658 hora
993 1625 1007 1657 τ’

211 1671 309 1698 exaudi
322 1679 376 1704 me,
391 1672 472 1703 Deus,
488 1673 583 1700 exaudi
597 1682 640 1701 me
658 1675 683 1701 in
697 1675 865 1703 fortitudine.
882 1676 1001 1703 Estoim-

211 1726 326 1750 memor,
343 1723 464 1753 tempore
481 1719 542 1751 hoc,
555 1727 609 1754 quo
624 1728 720 1754 preces
734 1721 828 1753 fundo,
840 1723 999 1756 praavarica-

211 1764 315 1790 tionum
332 1772 346 1790 a
359 1772 418 1791 mea
434 1755 538 1792 vilitate
565 1773 651 1800 usque
664 1770 692 1792 et
705 1775 789 1801 usque
808 1768 998 1801 profeclarum.

213 1809 317 1836 Exaudi
338 1817 394 1842 me,
408 1810 532 1841 Domine.
554 1811 653 1838 exaudi
673 1819 716 1838 me
737 1811 763 1838 in
786 1812 847 1847 igne
858 1814 998 1845 orationis,

210 1854 281 1881 sicut
306 1855 370 1881 olim
397 1859 472 1881 tuum
505 1856 687 1890 prophetam;
713 1862 738 1884 et
760 1858 819 1892 ejus
844 1859 999 1887 interventu

210 1899 339 1926 combure
360 1907 434 1926 meas
449 1899 619 1935 iniquitates,
640 1906 667 1929 et
683 1907 793 1936 peccata
813 1911 943 1938 expurga.
962 1905 1000 1931 lla

210 1944 268 1975 ﬁat,
284 1952 301 1971 ο
317 1944 387 1971 Deus
399 1949 554 1972 sanctarum
574 1946 723 1974 virtutum!
741 1947 777 1974 ila
798 1948 852 1979 fiat.
871 1956 887 1975 ο
910 1957 999 1976 rerum

210 1989 431 2024 incorporearum
448 1993 574 2019 creatori
595 1992 631 2019 ita
644 1993 709 2020 llatl
726 1993 772 2028 qui
787 1994 896 2021 dixisti:
914 1996 1001 2023 Petite

211 2036 398 2070 etaccipietis.
412 2035 450 2064 Ne
470 2038 628 2065 abominare
643 2046 696 2071 me,
718 2039 765 2073 qui
781 2046 840 2066 sum
858 2039 936 2067 labiis
950 2042 1001 2068 im-

210 2080 297 2114 puris.
314 2081 380 2108 etin
408 2083 528 2117 peccatis
554 2084 653 2111 haereo.
677 2084 780 2111 Exaudi
805 2093 859 2118 me,
874 2087 919 2120 qui
937 2094 1000 2121 pro-

211 2126 311 2153 misisti
338 2131 364 2154 te
379 2129 569 2156 exauditurnm
588 2137 645 2161 eos.
659 2130 704 2164 qui
722 2130 851 2157 invocant
864 2135 889 2158 te
904 2131 931 2158 in
956 2140 1001 2159 ve-

211 2170 311 2200 ritate:
333 2171 418 2207 dirige
442 2181 550 2207 gressus
574 2182 715 2201 scrvorum
732 2179 851 2207 tuorum,
872 2180 899 2202 et
919 2177 1000 2210 pedes

211 2222 305 2241 eorum
327 2216 355 2242 in
375 2218 445 2243 viam
464 2218 548 2251 pacis.
570 2218 732 2253 Compatore
748 2219 874 2247 innocuis
896 2221 998 2255 pueris,

212 2259 239 2285 in
258 2264 373 2287 externa
386 2265 456 2288 terra
470 2262 676 2296 exsistentibus,
689 2264 734 2298 qui
756 2264 846 2292 dixisti
861 2273 867 2290 :
884 2275 893 2290 ‹
907 2266 1007 2304 Estotq

212 2304 353 2339 simplices
369 2306 581 2335 sicutcolumbae
597 2309 629 2334 ¹⁴.
650 2318 659 2334 ι
676 2309 797 2336 Clamavi
810 2311 843 2337 ad
860 2315 886 2337 te
903 2311 929 2337 in
943 2316 1000 2338 toto

186 2364 188 2367 π
213 2351 294 2378 corde
318 2359 396 2384 meo;
414 2351 495 2384 Deus,
512 2352 593 2385 Deus,
616 2355 714 2382 exaudi
732 2363 786 2389 me,
803 2364 865 2391 spes
878 2357 998 2384 omnium

213 2396 307 2423 finium
328 2402 417 2430 terrae,
440 2402 468 2425 et
486 2406 593 2432 eorum,
608 2400 653 2435 qui
672 2406 736 2428 sunt
756 2403 849 2437 procul
877 2403 903 2428 in
928 2406 999 2429 terra

212 2441 300 2470 aliena
312 2443 354 2469 λε’.

249 2488 292 2515 l8.
314 2488 424 2524 increpa
447 2490 558 2525 spiritus
584 2499 680 2520 omnes
711 2493 865 2521 immundos
887 2503 902 2521 a
931 2495 1000 2523 facie

213 2543 360 2569 puerorum
374 2540 482 2563 tuorum
502 2545 508 2563 :
527 2538 703 2572 apprehende
715 2547 790 2566 arma
804 2545 831 2567 et
842 2545 960 2574 scutum,
975 2546 1002 2569 et

213 2589 328 2616 exsurge
345 2582 371 2608 in
387 2582 552 2617 adjutorium
566 2592 660 2611 eorum
674 2593 681 2610 :
699 2586 809 2613 ell'unde
826 2586 957 2614 frameam
973 2592 1000 2615 et

213 2624 345 2652 concludo
359 2626 488 2653 adversus
502 2634 559 2659 eos,
575 2627 621 2661 qui
637 2633 839 2663 persequuntur
852 2630 928 2657 illos:
945 2631 999 2662 dic,

214 2676 231 2695 ο
253 2669 375 2703 Domine,
396 2671 495 2699 anima:
512 2679 626 2699 eorum:
644 2673 723 2701 Salus
734 2680 779 2701 tua
794 2683 843 2710 ego
859 2683 930 2703 sum.
948 2676 1000 2704 Re-

215 2713 292 2741 ccdat
308 2722 322 2741 a
343 2720 434 2744 mente
454 2724 548 2744 eorum
564 2718 676 2752 spiritus
698 2719 810 2752 timoris,
831 2721 940 2754 acedire,
955 2730 1001 2749 su-

254 2802 275 2817 ”
288 2802 384 2830 Matth.
403 2812 429 2836 ι,
450 2805 489 2832 i6.

531 2806 561 2822 ¹⁶⁴
581 2807 649 2834 l‘sal.
670 2816 740 2839 ηπ,
758 2809 783 2834 6.

1052 1538 1167 1569 αἰνετὺς,
1184 1539 1197 1563 6
1212 1537 1277 1568 Θεὸς
1294 1538 1309 1563 6
1323 1537 1407 1571 μέγας
1424 1537 1471 1562 καὶ
1491 1537 1612 1571 ἰσχυρὸς,
1627 1538 1639 1562 ὁ
1655 1537 1726 1569 θεος
1743 1539 1759 1563 ὁ
1777 1547 1853 1572 ﬁgo-

1051 1583 1179 1614 αιώνιος,
1210 1582 1369 1609 εἰσάκουσον
1395 1582 1561 1617 ἁμαρτωλοῡ
1593 1582 1684 1616 ἁνξρδς
1714 1585 1749 1617 τῇ
1785 1583 1855 1619 ὥρᾳ

1051 1629 1149 1664 ταύτῃ.
1166 1628 1333 1655 Ἔπάκουσόν
1363 1637 1426 1662 μου,
1439 1629 1453 1653 ὁ
1469 1628 1545 1660 Θεὸς,
1562 1628 1717 1654 ἐπάκουσον
1742 1638 1800 1663 μου
1827 1632 1854 1656 ἐν

1053 1675 1137 1709 ίσχύῖ.
1152 1675 1197 1709 Μὴ
1216 1674 1411 1709 μνημόνευσον,
1431 1675 1459 1699 ὲν
1476 1673 1562 1708 ταύτῃ
1580 1682 1631 1707 μου
1648 1675 1681 1708 τῇ
1694 1677 1851 1708 προσευχῇ,

1051 1721 1105 1746 τῶν
1121 1720 1164 1746 ἀεὶ
1182 1721 1228 1746 καὶ
1242 1721 1281 1750 εἰς
1296 1720 1340 1746 ἀεὶ
1358 1719 1506 1754 παρακοῶν
1528 1719 1578 1753 τῆς
1600 1719 1673 1753 ἐμῆς
1698 1720 1853 1751 ἐξουθενὼ-

1052 1774 1130 1796 σεως.
1150 1765 1321 1791 Ἐπάκουσόν
1347 1773 1409 1799 μου,
1435 1764 1535 1798 Κύριε,
1566 1764 1730 1791 ὲπάκουαόν
1756 1775 1812 1799 μου
1827 1767 1852 1791 ἐν

1052 1811 1118 1845 πυρὶ
1133 1811 1300 1845 προσευχῆς,
1314 1809 1351 1841 ὥς
1366 1818 1431 1836 ποτε
1443 1810 1490 1836 τοῦ
1507 1809 1555 1836 σοῦ
1570 1810 1732 1844 προφήτου,
1751 1811 1802 1836 καὶ
1813 1811 1852 1836 6;.‘1

1051 1856 1104 1882 τῶν
1119 1856 1201 1882 αὑτοῦ
1220 1855 1384 1890 πρεσϐειῶν,
1399 1856 1447 1887 τὰς
1464 1856 1581 1888 ἀνομίας
1597 1864 1650 1889 μου
1664 1857 1851 1890 κατάφλεξον,

1051 1902 1098 1928 καὶ
1112 1902 1161 1933 τὰς
1189 1901 1325 1936 ἁμαρτίας
1351 1910 1401 1936 μου
1420 1901 1579 1936 καθάρισον.
1596 1901 1663 1932 Ναὶ,
1679 1903 1694 1928 6
1710 1902 1783 1933 Θεὸς
1803 1903 1854 1928 tr?»

1051 1947 1136 1981 ἁγίων
1147 1947 1287 1981 δυνάμεων
1296 1955 1302 1961 “
1319 1947 1363 1973 ναὶ
1375 1948 1389 1973 6
1401 1946 1457 1973 τῶν
1472 1947 1630 1981 ἀσωμάτων
1644 1949 1767 1981 ποιητής
1778 1957 1785 1963 ·
1803 1950 1853 1978 ναὶ.

1051 1993 1065 2018 6
1081 1992 1166 2018 εἰπών
1180 2000 1186 2007 ·
1203 1992 1319 2022 Αἰτεῖτε,
1335 1992 1381 2018 καὶ
1396 1991 1513 2026 λήψεσθε
1524 2000 1531 2005 '
1550 1992 1586 2026 μή
1611 2000 1647 2025 με
1670 1992 1795 2027 βδελιίξῃ
1812 1993 1857 2019 τὸν

1051 2037 1195 2072 ἀκάθαρτα
1211 2037 1286 2072 χείλη
1305 2037 1547 2071 περιϐεϐλημένον,
1566 2037 1613 2063 καὶ
1639 2037 1669 2062 ἐν
1697 2038 1856 2071 ἁμαρτίαις

1053 2082 1241 2117 συνεχόμενον.
1275 2082 1447 2108 Ἐπάκουσόν
1476 2091 1543 2116 μου,
1570 2083 1584 2108 6
1608 2082 1858 2117 ἐπαγγειλάμενος

1052 2129 1197 2155 ἐπακούειν
1227 2128 1280 2154 τῶν
1308 2129 1338 2154 ὲν
1353 2128 1467 2163 ἀληθείᾳ
1486 2128 1718 2162 ἐπικαλουμένων
1746 2138 1790 2160 σε,
1811 2130 1858 2155 καὶ

1017 2166 1038 2192 ί)
1052 2172 1216 2199 κατεύθυνον
1226 2173 1260 2199 τὰ
1274 2172 1433 2207 διαϐήματα
1449 2171 1502 2198 τῶν
1519 2172 1623 2198 δούλων
1639 2180 1706 2205 σου,
1723 2175 1775 2199 καὶ
1795 2175 1857 2205 τοὶς

1053 2218 1135 2249 πόδας
1149 2218 1240 2244 αὐτῶν
1255 2218 1294 2249 είς
1306 2218 1364 2244 ὁδὸν
1376 2218 1499 2252 εἰρήνης,
1524 2218 1714 2253 Συμπάθησον
1737 2220 1859 2250 axium;

1053 2264 1147 2290 παισὶν
1158 2263 1205 2289 ἐπὶ
1220 2262 1299 2298 ξένης
1309 2261 1395 2293 οὖσιν,
1417 2264 1431 2289 6
1447 2262 1533 2289 εἰπών
1543 2271 1550 2277 ·
1568 2273 1577 2288 ‹
1591 2263 1711 2289 Γίνεσθε
1728 2265 1859 2300 ἀκέραιοι

1052 2307 1088 2339 ὡς
1100 2308 1128 2333 αι
1148 2307 1322 2342 περιστεραί.
1342 2316 1351 2332 ι
1379 2307 1534 2342 Ἐχέκραξά
1560 2316 1601 2333 σοι
1617 2308 1648 2333 ὲν
1672 2308 1727 2343 ὅλῃ
1755 2310 1860 2344 καρὸἱᾳ

1055 2362 1116 2388 μου.
1140 2353 1169 2379 '0
1182 2352 1258 2383 Θεὸς,
1271 2354 1285 2379 6
1304 2352 1382 2384 Θεὸς,
1400 2352 1551 2378 ἐπάκουσον
1571 2361 1634 2387 μου,
1650 2353 1667 2388 ἡ
1680 2353 1771 2385 ἐλπὶς
1790 2355 1860 2380 πάν-

1049 2408 1102 2428 των
1115 2399 1168 2425 τῶν
1186 2398 1310 2434 περάτων
1330 2398 1380 2433 τῆς
1405 2397 1467 2432 γῆς,
1487 2398 1534 2424 καὶ
1551 2398 1605 2424 τῶν
1627 2399 1677 2424 ἐπὶ
1700 2399 1789 2435 ξένης
1806 2409 1860 2434 μα-

1049 2445 1128 2481 κράν.

1086 2489 1130 2526 ιη’.
1150 2490 1329 2526 Ἐπιτίμησον
1341 2491 1425 2517 πᾶσιν
1440 2491 1496 2522 τοῖς
1506 2489 1676 2524 ἀκαθάρτοις
1694 2490 1861 2524 πνεῦμαςιν

1051 2536 1105 2563 ἀπὸ
1119 2535 1268 2572 προσώπου
1294 2536 1349 2563 τῶν
1375 2536 1481 2563 παίδων
1500 2544 1558 2562 σου.
1586 2534 1744 2561 Ἐπιλαϐοὖ
1771 2537 1859 2562 ὅπλον

1054 2586 1100 2611 καὶ
1114 2584 1222 2619 θυρεοῦ,
1248 2584 1296 2611 καὶ
1309 2584 1441 2619 ἀνάστηθι
1460 2584 1501 2615 εἰς
1516 2583 1565 2618 τὴν
1589 2581 1724 2617 βοήθειαν
1753 2583 1859 2609 αὐτῶν.

1057 2633 1170 2667 Ἐκχεον
1189 2631 1327 2667 ῥομφαίαν
1352 2631 1399 2667 καὶ
1422 2629 1582 2663 σύγκλεισον
1610 2627 1781 2660 ἐξεναντίας
1808 2629 1861 2655 τῶν

1055 2677 1278 2704 καταδιωκόντων
1291 2676 1399 2707 αὐτούς.
1422 2675 1498 2707 Εἰπὲ,
1515 2672 1537 2700 ὢ
1554 2673 1652 2707 Κύριε,
1669 2675 1705 2708 τῇ
1720 2674 1802 2709 ψυχῇ
1815 2675 1862 2700 αὖα

1055 2723 1126 2750 τῶν’
1143 2722 1269 2757 Σωτηρία
1286 2721 1334 2748 σού
1349 2722 1407 2757 εἰμι
1427 2721 1491 2755 ἐγώ,
1514 2720 1791 2754 ’Υπανσχωρησάτω
1809 2721 1861 2748 ἀπὸ

0 2865 1946 3194 ῌ
