1946 3194
208 62 277 94 1703

732 58 888 87 LEONTII
911 55 1166 86 NEAPOLITANI
1186 53 1354 84 EPISCOPI

1772 48 1847 80 ΠΜ

205 117 389 146 innocentiam
418 121 445 143 et
469 115 675 150 integritatem:
699 115 833 141 sentiebat
856 114 930 141 enim
954 120 992 141 se.

1054 110 1160 146 Συμεὼν
1172 113 1204 138 ὲκ
1222 111 1272 144 τῆς
1288 108 1442 144 προσούσης
1463 106 1538 142 αὐτῷ
1553 106 1671 136 anxia;
1688 104 1740 131 mi.
1759 104 1845 130 καθα-

206 173 253 199 per
270 165 397 191 virtutem
414 161 531 196 Spiritus
549 160 638 187 sancti
658 160 709 186 sibi
735 159 926 190 inhabitantis,
944 166 994 185 nec

206 211 302 236 timere
318 208 450 237 dolorem,
463 213 514 232 nec
529 205 623 239 frigus,
636 212 686 231 nec
701 204 809 236 famem,
825 206 1003 241 nec3zestum.‘

206 254 252 281 sed
267 254 352 287 ipsam
371 256 475 277 natura:
486 250 612 276 humanm
635 248 821 275 conditionem
838 254 922 281 prope
936 254 996 273 esse

206 303 445 334 prietergressum.

241 385 285 411 ‘27.
304 383 371 411 Dicit
392 382 490 409 Joanni
513 391 521 409 :
544 381 614 414 Quid
636 380 994 416 proﬁcimusimposterum,

208 429 301 460 frater,
320 429 348 455 in
362 429 412 455 hac
428 426 576 454 solitudine
593 424 817 452 commorantes?
840 423 996 454 Enimvero,

207 477 229 501 sl
243 483 285 502 tne
302 474 389 506 audis,
404 481 495 508 surge,
513 472 695 503 discedamus,
712 470 779 496 alios
799 469 881 497 etiam
898 468 993 495 redda-

208 528 268 547 mus
287 520 385 546 salvos.
408 519 456 546 llic
483 518 566 549 enim,
587 521 766 552 praatcrquam
791 515 879 545 nobis,
903 521 999 548 prosti-

210 573 269 592 mus
294 564 408 596 nemini,
432 569 459 591 et
479 572 494 590 a
510 564 584 590 nullo
607 560 941 599 mercedem‘accipimus.
965 559 999 586 Et

210 614 356 648 incipiebat
367 613 390 639 ci
405 612 495 639 dicere
509 611 639 638 nonnulla
658 609 812 644 hujusmodi
823 616 838 635 e
854 608 939 635 sacris
949 615 998 642 pa-

210 659 300 694 ginis:
319 668 327 684 ι
346 658 431 685 Nemo
448 657 520 692 quod
545 664 624 683 suum
649 660 690 683 est
719 659 831 689 quzerat,
858 654 905 681 sed
926 654 997 688 quod

216 703 331 738 proximi
346 704 377 729 η.
397 712 406 728 ι
426 703 460 729 Ει
477 703 575 729 iterum
592 710 598 727 :
615 710 624 726 ι
641 701 773 728 Omnibus
795 700 886 727 omnia
912 699 999 726 factus

210 757 280 780 sum.
301 753 328 775 ut
353 756 447 776 omnes
473 748 607 775 salvarem
638 747 672 773 ὀ.
692 756 700 772 ι
721 746 755 773 Ει
776 754 808 773 ex
829 745 996 780 Evangelio:

213 804 222 819 ι
242 794 287 822 Sic
300 795 388 821 luceat
401 794 447 820 lux
459 797 548 821 vestra
562 800 653 820 coram
666 792 832 824 hominibus,
846 796 876 818 ut
890 791 999 817 videant

210 848 293 875 opera
307 844 395 870 vestra
424 839 507 869 bona,
526 843 552 865 et
565 838 719 873 gloriﬁcent
736 838 842 864 Patrem
866 842 997 870 vestrum,

211 884 257 920 qui
275 885 302 910 in
317 884 392 911 cmlis
418 887 459 910 cst
477 884 498 898 “
512 903 520 915 ,
548 892 557 908 ι
577 887 659 917 atque
683 883 734 909 alia
760 883 881 918 quaidam
906 883 999 910 istius-

211 929 295 956 modi.
313 930 346 956 Et
361 928 528 963 respondens
553 928 679 955 dominus
700 928 828 960 Joannes,
843 929 909 956 dicit
924 928 973 963 ipsi
990 936 996 954 :

211 975 291 1007 Puto,
306 975 400 1006 frater,
414 974 529 1001 Satanas
544 974 627 1008 quieti
645 979 744 1001 nostra:
757 974 864 1006 invidit,
882 979 908 1000 et
929 974 999 1001 hanc

212 1020 260 1047 tibi
276 1020 467 1055 cogitationem
487 1019 590 1054 injecit.
607 1019 677 1052 Quin
697 1024 723 1046 tu
748 1020 839 1054 potius
859 1028 950 1050 mane,
973 1024 1001 1046 et

212 1073 322 1093 cursum
338 1070 473 1097 nostrum,
490 1073 544 1100 quo
560 1066 646 1092 vocanti
663 1073 757 1092 sumus
771 1073 786 1091 a
806 1065 872 1097 Deo,
889 1066 1002 1100 implea-
1030 1070 1033 1074 '

213 1119 274 1138 mus
285 1111 312 1138 in
328 1111 378 1138 hac
393 1118 495 1138 eremo.
511 1111 579 1137 Tum
602 1111 739 1146 Symeon:
759 1110 856 1142 Crede,
873 1118 923 1145 ego
946 1118 1000 1137 non

213 1165 321 1189 maneo,
338 1159 385 1184 sed
400 1157 512 1184 discedo
527 1157 554 1183 in
572 1157 671 1184 virtute
687 1156 798 1187 Christi,
815 1156 947 1183 mundum
961 1156 1002 1183 lu—

213 1203 383 1230 diﬁcaturus.
392 1203 441 1230 Cui
455 1211 561 1230 rursum
574 1202 659 1230 frater
669 1202 728 1238 ejus
741 1212 747 1229 :
764 1202 813 1236 Ne,
823 1203 893 1230 bone
908 1202 1000 1236 frater,

214 1256 261 1275 oro
278 1253 303 1275 te
318 1253 431 1283 propter
447 1248 602 1282 Dominum,
617 1257 650 1276 ne
666 1257 708 1276 me
724 1249 854 1276 humilem
872 1249 1001 1283 deseras;

213 1301 303 1327 neque
318 1294 390 1320 enim
402 1301 434 1320 eo
446 1294 553 1321 virtutis
571 1295 693 1328 perveni,
708 1299 738 1321 ut
754 1294 854 1328 possim
871 1295 1001 1322 mundum

213 1336 362 1364 ludificare.
383 1337 435 1364 Sed
460 1342 569 1371 propter
588 1345 662 1368 eum,
684 1337 728 1371 qui
746 1345 796 1365 nos
820 1338 920 1372 junxit,
947 1339 1002 1365 noli

214 1382 334 1417 disjungi
350 1390 365 1409 a
380 1387 424 1409 tuo
442 1382 535 1409 fratre.
562 1381 651 1415 Nosti,
668 1380 740 1416 quod
763 1388 823 1417 post
849 1383 932 1410 Deum
947 1392 1002 1411 non

1048 158 1169 193 ρότητος,
1187 156 1333 191 ᾘσθάνετο
1363 154 1417 187 γὰρ
1440 152 1536 179 ἑαυτὸν
1550 152 1596 177 διὰ
1611 151 1662 185 τῆς
1681 149 1850 184 ὲνοικοὺσης

1047 204 1075 228 ἐν
1090 202 1164 236 αὑτῴ
1190 201 1237 227 τοῦ
1250 200 1328 232 ἁγίου
1341 198 1499 232 ῐινεύματος
1517 197 1672 231 δυνάμεως,
1701 196 1773 230 μήτε
1794 194 1849 221 πά.-

1047 250 1092 280 οος
1108 247 1285 282 φοϐούμενον,
1302 246 1370 280 μήτε
1385 244 1480 279 ψύχος,
1496 243 1512 278 ἢ
1539 244 1644 274 πεῖναν,
1661 242 1679 276 ἦ
1700 240 1849 272 καύσωνα,

1047 293 1114 319 ἀλλὰ
1127 292 1219 327 σχεδὸν
1234 292 1306 326 ὑπὲρ
1331 289 1365 316 τὰ
1385 289 1471 324 μέτρα
1484 289 1533 323 τῆς
1547 288 1655 322 φύσεως
1670 287 1723 321 τῆς
1740 286 1850 320 ἀνθρω-

1048 341 1128 375 πίνης
1138 339 1296 373 γενόμενον.

1083 385 1134 417 κζ’,
1151 384 1231 418 Λὲγει
1268 382 1307 417 τῷ
1329 382 1455 417 Ἰωάννῃ·
1472 381 1505 407 Τί
1528 380 1716 414 ὠφελούμεθα
1740 379 1847 409 λοιπὴν,

1049 431 1159 465 ἀδελφὲ,
1184 431 1213 456 ὲν
1244 430 1276 464 τῇ
1304 428 1400 463 ἐρήμῳ
1431 426 1519 462 ταύτῃ
1537 426 1750 460 διατρίϐοντεςς
1779 424 1848 450 Ἀλλ’

1049 476 1097 502 ἐὰν
1120 474 1240 509 ἀκούσῃς
1273 481 1334 507 μου,
1362 471 1477 502 ἀνάστα,
1500 469 1666 504 ἀπέλθωμεν
1681 489 1688 500 ,
1713 468 1851 502 σώσωμεν

1050 522 1095 548 καὶ
1112 521 1218 551 ἄλλους.
1238 515 1302 545 *Ωδε
1313 517 1367 552 γὰρ
1379 518 1403 543 ει
1422 516 1460 551 μὴ
1476 515 1590 547 ἑαυτοὺς
1617 514 1736 549 μόνους,
1757 513 1851 548 ἕτερὸν

1048 575 1109 593 τινα
1125 566 1176 592 οὐκ
1188 564 1357 599 ὠφελοῠμεν,
1372 563 1420 589 καὶ
1435 561 1530 597 μισθὸν
1546 560 1710 595 παρὰτινος
1727 560 1782 585 οὐκ
1796 559 1851 593 ἑχο-

1051 620 1111 647 μεν.
1124 612 1178 637 Καὶ
1193 610 1293 645 ἤρξατο
1306 610 1395 642 λέγειν
1406 607 1492 642 αὐτῷ,
1503 607 1550 632 καὶ
1561 608 1593 632 ἐκ
1607 606 1660 639 τῆς
1674 605 1763 638 ἁγίας
1779 604 1850 639 Γρα-

1050 657 1103 692 φῆς
1123 665 1184 683 τινα
1211 655 1340 682 rotat-nr
1370 653 1497 688 (Μηδεὶς
1527 652 1558 678 τὸ
1584 651 1688 678 ἑαυτοῦ
1721 650 1849 685 ζητείτω,

1050 702 1118 728 ἀλλὰ
1139 702 1169 728 τὺ
1193 701 1239 727 τοῦ
1274 700 1398 735 πλησίου.
1418 709 1427 724 ι
1446 698 1501 725 Καὶ
1518 698 1617 724 πάλιν·
1648 707 1657 722 ε
1675 697 1747 728 Τοῖς
1772 698 1849 722 πᾶσιν

1052 749 1140 775 πάντα
1171 747 1282 782 γέγονα,
1305 746 1349 772 ἵνα
1366 745 1475 775 πάντως
1501 743 1578 774 τινὰς
1601 742 1698 769 σώσω.
1724 751 1735 768 ι
1752 742 1808 767 Καὶ
1822 743 1848 768 ὲκ

1050 794 1097 821 τοῦ
1125 793 1307 827 Εὑαγγελίου·
1327 801 1336 817 ε
1361 791 1423 817 Ὀτι
1445 790 1532 821 οὓτως
1556 789 1703 824 λαμψάτω
1731 789 1765 814 τὸ
1798 788 1847 822 φῶς

1053 840 1128 875 ὑμῶν
1145 838 1298 874 ἔμπροσθεν
1319 837 1373 864 τῶν
1386 836 1547 871 ἀνθρώπων,
1562 836 1641 865 ὅπως
1663 834 1765 860 ἴδωσιν
1779 834 1844 869 ὑμῶν

1050 886 1084 912 τὰ
1099 885 1168 911 καλὰ
1179 884 1247 919 ἔργα
1263 884 1310 910 καὶ
1321 882 1469 914 δοξάσωσιν
1493 881 1538 907 τὸν
1563 880 1683 915 Πατέρα
1700 879 1790 914 ὑμῶν,
1802 880 1840 906 τὴν

1052 932 1080 957 ὲν
1091 932 1152 968 ,τοῖς
1165 930 1300 965 οὐρανοῖς·
1316 938 1325 954 ι
1341 929 1387 954 καὶ
1401 927 1470 955 ἄλλα
1483 927 1542 953 τινὰ
1558 926 1691 953 τοιαῦτα.
1713 927 1770 952 Καὶ
1782 927 1837 952 hm-

1051 976 1156 1011 κριθεὶς
1171 977 1184 1002 ὁ
1204 976 1305 1010 Κύριος
1326 974 1463 1008 Ἰωάννης,

1052 1022 1160 1055 ἀδελφὲ,
1175 1021 1189 1046 ὁ
1205 1021 1328 1051 Σατανᾶς
1339 1019 1488 1054 ἐφθόνησεν
1502 1018 1549 1053 τὴν
1562 1018 1685 1053 ἡσυχίαν
1702 1016 1797 1051 ἡμῶν,
1806 1017 1845 1043 ui.

1052 1066 1186 1093 ὑπέϐαλέν
1202 1074 1243 1091 σοι
1255 1065 1302 1091 τὸν
1320 1064 1449 1099 λογισμὸν
1470 1063 1576 1090 τοῦτον.
1593 1063 1772 1089 Τουναντίον
1790 1062 1845 1088 κάθ-

1052 1120 1119 1143 ισον,
1129 1112 1176 1138 καὶ
1187 1112 1233 1137 τὸν
1246 1110 1345 1146 δρόμον
1360 1109 1448 1145 ἡμῶν,
1462 1109 1530 1135 ὅπου
1551 1108 1721 1143 ἐκλήοημεν
1742 1108 1794 1133 ὑπὲ
1806 1108 1845 1134 ιιιῦ

1052 1158 1130 1189 Θεοῦ,
1146 1158 1187 1189 είς
1214 1157 1262 1192 τὴν
1291 1156 1394 1191 ἔρημον
1409 1155 1510 1189 ταύτην
1540 1154 1759 1189 πληρώσωμεν.
1776 1154 1847 1187 Λέγει

1053 1203 1126 1238 αὐτῷ
1140 1204 1154 1230 ὁ
1173 1202 1299 1237 Συμεών·
1320 1202 1478 1233 Πίστευσον,
1504 1200 1559 1234 ἐγὼ
1582 1200 1613 1226 οὐ
1645 1200 1739 1234 μένω,
1758 1200 1847 1226 mus

1053 1251 1085 1284 τῇ
1101 1249 1214 1283 δυνάμει
1225 1249 1271 1275 τοῦ
1286 1246 1404 1283 Χριστοῦ
1414 1245 1680 1281 ὑπάγω,ἑμπαίζων
1694 1246 1739 1280 τῷ
1750 1246 1847 1280 κόσμῳ.

1054 1296 1135 1329 Λέγει
1156 1294 1230 1328 αὐτῷ
1258 1293 1338 1319 πάλιν
1368 1294 1382 1319 ὁ
1400 1292 1512 1327 ἁδελφὸς
1542 1291 1628 1318 αὐτοῦ
1643 1300 1651 1307 ’
1680 1292 1745 1326 Μὴ,
1760 1292 1848 1325 ὰᾰεὶςὲ

1055 1342 1130 1372 καλὲ,
1143 1340 1296 1375 παρακαλῶ
1312 1349 1341 1366 σε
1358 1340 1402 1366 διὰ
1416 1339 1461 1366 τὸν
1475 1339 1588 1374 Κύριον,
1602 1339 1643 1374 μὴ
1656 1339 1750 1374 ἐάσῃς
1763 1347 1797 1373 με
1811 1339 1849 1364 τὴν

1054 1387 1190 1413 ταπεινόν.
1203 1387 1285 1412 Οὔπω
1301 1386 1354 1420 γὰρ
1370 1385 1426 1419 ἐγὼ
1441 1386 1481 1416 εἰς
1494 1385 1575 1411 τοῦτο
1591 1385 1622 1411 τὸ
1646 1385 1753 1420 μέτρον
1773 1384 1852 1419 Eph-

1494 973 1570 1006 λέγει
1597 972 1700 1006 αὐτῷ’
1727 972 1843 1006 Νομίζω,

216 1428 330 1454 habeam
347 1428 441 1458 ullum.
454 1431 554 1462 praeter
568 1432 604 1460 te,
621 1427 705 1455 frater
717 1429 772 1461 mi;
786 1429 832 1456 sed
848 1430 1001 1457 renuntiavi

1056 1442 1100 1464 σα,
1119 1433 1162 1459 ἵνα
1176 1433 1282 1467 δονηθῶ
1298 1432 1430 1466 ἐμπαῖξαι
1445 1431 1485 1466 τῷ
1501 1432 1609 1466 κόσμῳ.
1628 1431 1716 1457 Ἀλλὰ
1727 1431 1762 1457 δι’
1773 1431 1852 1457 αὑτὸν

215 1473 352 1505 omnibus,
370 1477 397 1499 ut
416 1473 463 1500 tibi
482 1473 646 1500 adhaererem
663 1482 668 1499 :
685 1478 712 1500 et
724 1482 796 1502 nunc
810 1479 839 1501 tu
855 1475 896 1502 vis
911 1475 938 1502 in
955 1476 1005 1502 hac

214 1517 362 1544 solitudine
377 1522 505 1551 tanquam
518 1517 545 1543 in
560 1518 653 1552 pelago
663 1526 705 1545 me
717 1518 860 1553 linquere?
871 1520 1006 1547 Memento

216 1561 297 1595 hujus
312 1561 376 1593 diei,
394 1569 447 1595 qua
467 1566 568 1588 sortem
588 1562 715 1589 duximus
738 1567 766 1590 et
780 1564 936 1592 audivimus
956 1565 1005 1592 ab-

215 1606 307 1633 batem
327 1605 471 1639 Niconem;
488 1607 560 1642 quod
572 1608 732 1635 convenerit
746 1608 818 1636 inter
834 1617 894 1641 nos,
911 1615 1006 1637 mutuo

215 1659 270 1678 non
298 1652 428 1686 separari.
459 1652 596 1680 Memento
626 1654 757 1682 terribilis
783 1655 869 1686 bone,
896 1657 1006 1690 quando

215 1703 339 1723 sanetum
364 1696 486 1724 habitum
508 1697 595 1725 induti
623 1705 730 1731 sumus,
756 1703 783 1726 et
811 1707 920 1728 eramus
941 1701 1005 1732 duo,

215 1742 288 1769 sicut
305 1742 396 1769 anima
415 1750 479 1776 una,
500 1743 568 1770 adeo
593 1748 622 1770 ut
644 1752 739 1772 omnes
760 1745 934 1772 dilectionem
958 1754 1007 1773 no-

215 1792 300 1816 stram
342 1792 471 1822 tanquam
504 1797 562 1816 rem
587 1797 685 1817 novam
714 1790 888 1818 mirarentur.
918 1791 1006 1820 Nolito

215 1833 338 1862 oblivisci
356 1841 499 1861 sermones
518 1835 608 1870 magni
623 1836 707 1866 senis,
727 1836 829 1870 quibus
847 1845 898 1865 nos
913 1838 1007 1866 admo-

216 1879 275 1906 nuit
292 1887 323 1906 ea
343 1884 433 1911 nocte,
451 1888 504 1914 qua
525 1881 625 1915 egressi
649 1889 755 1909 sumus.
772 1881 821 1915 Ne,
848 1891 950 1917 quaeso,
972 1892 1007 1912 ne

216 1923 287 1951 forte
310 1931 437 1959 peream,
464 1929 493 1952 et
516 1925 636 1960 requirat
664 1925 734 1953 Deus
767 1928 886 1955 animam
916 1937 1005 1957 meam

215 1968 265 1996 abs
285 1973 323 1997 te.

251 2117 296 2145 28.
313 2118 363 2145 Cui
382 2118 481 2144 iterum
497 2118 636 2154 Symeon—z
658 2120 751 2156 Cogita
776 2129 819 2149 me
846 2130 909 2150 esse
931 2131 1005 2150 mor-

217 2168 310 2195 tuum;
336 2171 428 2190 nonne
460 2165 585 2197 haberes,
611 2166 682 2193 unde
706 2167 744 2193 tui
766 2175 860 2195 curam
886 2176 1007 2203 gereres.

217 2208 325 2234 tametsi
338 2209 412 2236 solus
426 2210 521 2236 esses?
541 2209 640 2243 Crede,
661 2211 682 2238 si
703 2212 808 2245 venias,
828 2219 902 2241 recte
924 2214 1007 2242 facies

216 2257 244 2279 et
259 2252 343 2284 belle;
368 2254 496 2287 quoniam
522 2263 572 2290 ego
595 2264 650 2283 non
675 2265 782 2284 maneo.
802 2257 851 2285 Ubi
870 2259 935 2285 vidit
953 2259 1008 2286 fra-

216 2303 258 2326 ter
269 2298 390 2326 Joannes
411 2308 473 2327 cum
495 2301 652 2335 persistere,
671 2304 798 2338 cognovit
817 2305 890 2338 quod
913 2305 1007 2332 divino

216 2345 346 2371 instinctu
372 2345 424 2372 hoc
446 2346 557 2373 faceret.
579 2346 651 2374 Nihil
674 2349 775 2384 quippe
797 2357 845 2377 eos
873 2351 1005 2384 potuisset

216 2398 342 2425 separare
360 2392 411 2418 nisi
428 2392 484 2419 sola
496 2401 579 2426 xnors,
591 2398 619 2420 et
633 2393 748 2422 fortasse
763 2403 797 2422 ne
811 2396 869 2431 ipsa
879 2396 1003 2431 quidem.

215 2436 283 2463 Nam
298 2437 396 2471 szepius
412 2437 463 2464 hoc
478 2438 559 2465 etiam
576 2439 660 2466 Deum
678 2446 850 2475 rogaveram.
865 2445 892 2468 ut
910 2442 1005 2469 ambos

215 2482 322 2527 simulc
339 2483 392 2509 vita
409 2491 533 2515 vocaret,
554 2489 581 2512 et
606 2485 754 2513 credebant
771 2487 958 2514 exaudiendos
975 2495 1004 2514 se

214 2527 299 2556 fuisse
321 2537 336 2556 a
366 2530 479 2558 Domino
504 2531 530 2558 in
561 2532 612 2559 hac
642 2540 685 2565 re,
709 2533 789 2560 sicuti
810 2534 836 2560 in
864 2534 1002 2561 omnibus.

214 2574 286 2601 Dicit
301 2575 390 2610 itaque
407 2576 430 2603 ei
445 2576 602 2613 [Joannes]:
620 2577 737 2610 V'idesis,
755 2579 882 2614 Symeon,
898 2588 933 2606 ne
947 2580 1005 2606 dia-

214 2619 294 2647 bolus
305 2620 419 2648 fortasse
436 2622 483 2648 tibi
508 2623 573 2649 velit
590 2627 695 2650 struere
709 2623 831 2651 insidias.
853 2624 1004 2659 Respondit

215 2664 260 2692 ille
276 2674 283 2691 :
299 2665 339 2693 Tu
356 2667 436 2694 modo
455 2675 488 2694 ne
505 2668 557 2694 mei
573 2668 734 2697 obliviscere
751 2670 776 2696 in
795 2671 849 2696 tuis
862 2671 1001 2705 precibus,

252 2752 272 2768 "
288 2751 297 2778 ι
312 2753 374 2780 Cor.
394 2763 419 2787 x,
434 2756 478 2782 Ἦ.

15 2884 180 3143 λ

1056 1478 1101 1505 τὸν
1116 1478 1248 1510 ζεύξαντα
1266 1477 1338 1512 ἡμᾶς
1371 1479 1408 1512 μὴ
1438 1477 1554 1513 θελήσῃς
1575 1476 1789 1512 ἀποζευχθῆναι
1807 1477 1853 1503 τοῦ

1058 1524 1103 1550 σοῦ
1116 1524 1241 1557 ἀδελςοῦ.
1258 1523 1294 1549 Σὺ
1306 1520 1391 1554 οἶδας,
1409 1524 1450 1549 ὅτι
1469 1523 1538 1557 μετά
1561 1523 1630 1549 Θεὸν
1659 1523 1757 1549 οὐδένα
1782 1523 1851 1557 ἔχω,

1057 1571 1081 1595 εί
1096 1569 1133 1604 μὴ
1147 1570 1187 1600 σὲ.
1211 1569 1308 1602 ἀδελφέ
1336 1577 1398 1603 μου,
1412 1568 1478 1594 ἀλλὰ
1495 1569 1602 1599 πάντας
1615 1568 1780 1603 ἠρνησάμην
1801 1568 1851 1594 καὶ

1058 1614 1278 1649 προσεκολλήοην
1303 1622 1363 1640 σοι’
1382 1615 1429 1641 καὶ
1450 1614 1511 1649 ἄρτι
1537 1615 1570 1640 σὺ
1597 1615 1695 1645 θέλεις,
1711 1614 1810 1649 ὥσπερ
1823 1614 1854 1639 ὲν

1058 1661 1187 1694 πελάγει,
1205 1662 1285 1687 ἐᾶσαί
1306 1670 1338 1696 με
1355 1662 1394 1692 εἰς
1408 1661 1457 1695 τὴν
1474 1661 1578 1696 ἔρημον
1594 1660 1719 1696 ταύτην;
1739 1661 1858 1694 Μνημὸ-

1058 1716 1151 1733 νευσον
1163 1708 1212 1741 τῆς
1226 1708 1331 1743 ἡμέρας
1349 1707 1467 1742 ἐκείνης,
1490 1708 1535 1733 ὅτε
1550 1707 1702 1741 ἐλάχομεν,
1722 1708 1774 1733 καὶ
1792 1716 1861 1733 κατ-

1058 1752 1199 1787 ηρχόμεοα
1215 1753 1315 1779 ὲπὶτὸν
1344 1753 1422 1787 κῠριν
1444 1752 1566 1783 Νίκωνα,
1595 1753 1638 1778 ὅτι
1672 1753 1861 1787 συνεθέμεθα,

1060 1799 1097 1834 μὴ
1114 1798 1280 1833 χωρίζεσθαι
1291 1799 1338 1825 ἀπ’
1366 1798 1498 1833 ἀλλήλων.
1517 1798 1727 1833 Μνημόνευσον
1747 1799 1802 1833 τῆς
1818 1807 1861 1832 σοι

1059 1844 1142 1879 ῦερᾶς
1170 1843 1254 1878 ὥρας,
1271 1843 1315 1868 ὅτε
1345 1842 1376 1868 τὸ
1388 1842 1465 1875 ἅγιον
1484 1841 1580 1877 σχῆμα
1604 1841 1802 1877 ὲνεδὺθημεν,
1819 1843 1863 1868 καὶ

1057 1888 1128 1925 ἦμεν
1138 1890 1164 1917 οἱ
1180 1890 1226 1916 δύο
1250 1889 1344 1924 ὥσπερ
1365 1889 1413 1925 μία
1432 1889 1515 1924 ψυχὴ,
1532 1889 1603 1915 ὥστε
1627 1889 1744 1921 πάντας
1763 1889 1865 1921 ξενίζε-

1060 1935 1121 1961 σθαι
1136 1935 1183 1961 ὲπὶ
1197 1935 1230 1970 τῇ
1258 1934 1354 1971 ἀγάπῃ
1375 1935 1466 1970 ἡμῶν.
1481 1935 1527 1969 Μὴ
1543 1935 1665 1970 Em).ng
1681 1935 1744 1961 τῶν
1775 1936 1866 1969 λόγων

1058 1980 1106 2006 τοῦ
1126 1980 1245 2015 μεγάλου
1270 1980 1413 2016 γέροντος,
1447 1977 1484 2007 ὧν
1513 1981 1586 2015 ἡμᾶς
1608 1981 1806 2016 ἐνουθέτησεν
1835 1984 1866 2015 τῇ

1059 2018 1154 2059 νυκτὶ,
1171 2024 1187 2062 ᾖ
1202 2026 1361 2061 ἐξήλθομεν.
1384 2027 1442 2062 Μὴ,
1460 2027 1625 2062 παρακαλῶ,
1654 2028 1693 2062 μή
1719 2036 1784 2058 πως
1814 2028 1867 2054 ti:-

1060 2074 1163 2109 όλωμαι
1182 2074 1229 2101 καὶ
1239 2074 1398 2109 ἐκζητήσῃὸ
1412 2073 1476 2104 Θεὸς
1490 2073 1539 2108 τὴν
1549 2072 1639 2107 ψυχήν
1654 2082 1710 2107 μου
1729 2074 1787 2099 ἀπὸ
1808 2074 1867 2100 sui.

1092 2123 1148 2155 κη’.
1162 2120 1244 2154 Λέγει
1254 2119 1328 2154 αὐτῷ
1340 2120 1421 2146 πάλιν
1435 2121 1449 2146 ὁ
1463 2119 1574 2154 Συμεών
1591 2127 1600 2135 ·
1628 2120 1774 2154 Νόμισον,
1811 2122 1867 2147 ἀπ-

1058 2166 1162 2199 έθανον,
1185 2166 1236 2192 οὐκ
1250 2164 1322 2201 εἶχες
1337 2166 1477 2201 φροντίσαι
1490 2166 1587 2192 ἑαυτοῦ
1603 2166 1679 2192 κατὰ
1694 2168 1791 2201 μόνας
1811 2168 1868 2199 (tu;

1057 2212 1217 2244 Πίστευσον,
1230 2212 1254 2237 εὶ
1274 2211 1324 2246 μὲν
1338 2211 1417 2246 ἔρχῃ,
1435 2209 1464 2237 εὖ
1481 2211 1528 2237 καὶ
1545 2211 1649 2243 καλῶς,
1676 2212 1746 2238 ἐπεὶ
1762 2213 1826 2246 ἐγὼ
1838 2214 1868 2237 οὐ

1059 2257 1194 2292 μένωηὨς
1220 2254 1266 2283 οὖν
1292 2256 1346 2283 ῐδεν
1375 2256 1457 2283 αὑτὸν
1477 2257 1492 2282 ὁ
1509 2256 1621 2290 ἁδελφὸς
1644 2257 1786 2292 Ἰωάννης
1808 2260 1869 2284 ἑπι-

1059 2303 1191 2338 μένοντα,
1219 2302 1289 2336 ἔγνω
1317 2303 1357 2328 ὅτι
1384 2304 1416 2329 ὲκ
1438 2302 1505 2329 Θεοῦ
1526 2302 1751 2339 ὲπληροφορήθη
1783 2305 1872 2331 τοῦτο

1059 2348 1169 2383 πρᾶξαι.
1193 2349 1268 2375 Ἐπεὶ
1294 2349 1344 2375 οὐκ
1372 2348 1502 2384 ἐχώριζεν
1515 2348 1625 2380 αὐτοὺς,
1642 2350 1669 2375 εἰ
1683 2351 1726 2386 μὴ
1740 2351 1757 2376 ὁ
1781 2352 1873 2379 θάνα-

1058 2394 1224 2429 τος,τάχαδὲ
1235 2394 1295 2421 οὐδὲ
1310 2394 1400 2426 αὑτός.
1415 2395 1470 2422 Καὶ
1482 2394 1537 2429 γὰρ
1544 2392 1615 2430 ἦσαν
1631 2396 1685 2421 καὶ
1698 2396 1790 2423 τοῦτο
1806 2398 1872 2424 πολ-

1057 2441 1136 2471 λὰκις
1157 2440 1399 2476 παρακαλέσαντες
1421 2441 1465 2467 τὸν
1496 2440 1571 2473 Θεὸν,
1606 2441 1653 2467 ἴνα
1673 2443 1750 2477 ὁμοῦ
1776 2452 1872 2479 προσ-

1056 2487 1172 2521 λὰὒηται
1185 2487 1249 2518 τοὺς
1263 2486 1318 2518 δύο,
1333 2495 1380 2513 και
1403 2487 1544 2514 ἐπίστευον
1564 2487 1606 2513 ὅτι
1626 2488 1801 2516 εἱσαχοὺσει
1821 2492 1873 2516 αὖ·

1058 2532 1112 2558 τῶν
1126 2533 1139 2558 ὁ
1160 2531 1262 2568 Κύριος
1287 2533 1338 2559 καὶ.
1355 2533 1385 2558 ὲν
1404 2527 1499 2567 τούτῳ,
1519 2533 1556 2564 ὡς
1580 2534 1610 2560 ὲν
1631 2534 1762 2564 ἅπασιν.
1784 2538 1872 2570 Λέγει

1058 2577 1105 2606 οὖν
1121 2577 1205 2613 αὐτῷ’
1219 2577 1316 2610 Βλέπε,
1330 2577 1452 2613 Συμεὼν,
1466 2579 1504 2613 μή
1519 2587 1578 2610 πως
1589 2580 1604 2605 ὁ
1616 2579 1755 2613 διάϐολος
1770 2583 1871 2616 χλευά-

1059 2632 1102 2650 σαι
1120 2632 1149 2650 σε
1165 2624 1239 2659 Θέλῃ.
1255 2624 1285 2650 ’0
1310 2624 1338 2650 δὲ
1361 2622 1438 2651 εἶπεν
1463 2624 1552 2660 αὐτῷ·
1568 2626 1605 2652 Σὺ
1627 2626 1716 2660 μόνον
1742 2629 1784 2663 μὴ
1803 2629 1869 2654 ἐπι-

1056 2672 1127 2707 λάθῃ
1137 2680 1187 2707 μου
1202 2672 1231 2699 ὲν
1244 2673 1277 2707 τῇ
1287 2672 1352 2708 εὐχῇ
1371 2681 1429 2705 σου,
1445 2673 1539 2708 ὥσπερ
1554 2673 1615 2700 οὐδὲ
1630 2673 1692 2708 ἐγὼ
1709 2674 1774 2707 σοῦ,
1791 2676 1843 2702 ναὶ
1855 2676 1870 2702 ὸ

533 2757 555 2772 ’⁰
572 2757 581 2783 l
598 2756 659 2784 Cor.
684 2766 722 2792 ιχ,
737 2758 782 2786 ‘29.
820 2759 841 2774 "
858 2759 952 2786 Matth.
969 2768 994 2792 ν,
1012 2760 1055 2787 16.

1299 3026 1930 3143 ,τ-ιί
