1946 3194
220 65 289 97 1703

744 59 901 89 LEONTII
924 56 1179 87 .‘IEAPOLITANI
1198 54 1365 85 EPISCOPI

1782 48 1859 80 ΠΜ

217 120 401 149 innocentiam
429 124 457 146 et
481 117 688 152 integritatem:
712 116 846 143 sentiebat
868 115 942 142 enim
966 122 1005 142 se.

1069 111 1172 148 Ξυμεὼν
1185 113 1216 138 ἐκ
1234 112 1284 145 τῆς
1300 109 1454 145 προσούσης
1475 107 1549 142 αὑτῷ
1564 106 1682 136 ἀκακιας
1699 104 1749 131 καλ
1769 104 1856 130 καθα-

218 175 266 202 per
282 167 410 194 virtutem
426 163 543 198 Spiritus
561 162 651 189 sancti
671 162 722 188 sibi
748 161 938 192 iubabitantis,
956 168 1006 186 nec

219 213 314 239 limere
330 210 462 239 dolorem,
476 215 527 234 nec
541 207 635 242 frigus,
648 214 698 233 nec
714 206 822 237 famem,
839 208 1015 242 necjarstum,

219 257 264 284 sed
279 256 365 290 ipsam
383 258 487 280 natura:
498 252 625 278 humana:
648 250 834 277 conditionem
851 255 935 283 prope
949 255 1009 274 esse

219 306 458 337 praetergressum.

254 388 298 414 υ37.
317 386 384 413 Dicit
404 384 503 412 Joanni
526 393 533 411 :
557 384 627 417 Quid
649 383 808 418 proficimus
821 381 1007 415 imposterum,

221 431 314 463 frater,
333 432 360 458 in
374 431 425 457 bac
441 428 589 456 solitudine
606 425 830 454 commorautes?
853 424 1009 455 Enimvero,

221 479 242 504 si
256 486 298 504 me
315 477 402 508 audis,
417 483 508 510 surge,
526 474 708 504 discedamus,
725 472 792 498 alios
812 470 894 498 etiam
911 470 1006 496 redda-

222 531 282 550 mus
300 523 397 549 salvos.
421 521 469 548 llic
496 521 579 552 enim,
600 523 780 554 preeterquam
804 516 892 547 nobis,
916 522 1012 549 prosu-

223 576 283 594 mus
308 567 421 598 nemini,
445 572 472 594 et
492 575 507 593 a
522 566 598 592 nullo
620 562 954 600 mercedem‘aecipimus.
979 560 1012 587 Et

223 617 369 650 incipiebat
380 616 404 642 ei
418 615 508 642 dicere
522 613 652 641 nonnulla
671 610 825 646 hujusutodi
837 618 851 637 e
868 610 952 636 sacris
963 616 1011 643 pa-

223 662 293 697 ginis
308 671 314 688 :
332 671 341 686 (
359 660 444 687 Nemo
462 660 534 694 quod
558 666 637 685 suum
662 662 703 685 est
732 660 844 691 qtuerat,
871 656 918 682 sed
940 655 1010 689 quod

229 706 345 741 proximi
359 706 391 732 η.
411 714 420 730 ι
440 705 473 731 Ει
491 705 589 731 iterum
605 712 611 729 ε
629 712 637 728 ι
654 703 786 730 Omnibus
809 701 899 729 omnia
926 700 1013 728 factus

224 759 294 783 sum.
315 756 342 778 ut
367 758 461 778 omnes
487 750 620 777 salvarem
651 749 686 775 ὀ.
705 758 714 774 ›
735 748 768 775 Et
790 755 821 775 ex
843 746 1010 781 Evangelia:

227 806 236 822 ι
256 797 301 824 Sic
314 797 402 823 luceat
415 796 460 822 lux
473 800 562 823 vestra
576 802 667 821 coram
679 793 846 825 hominibus,
860 797 890 819 ut
904 792 1013 819 videant

224 851 306 877 opera
321 847 409 871 vestra
438 842 520 872 bona,
540 845 565 867 et
578 840 732 875 gloriﬁcent
750 839 856 866 Patrem
880 843 1011 870 vestrum,

224 887 271 922 qui
289 887 316 913 in
331 887 406 913 caelis
432 890 473 912 est
491 886 512 901 ¹¹
526 905 533 917 ,
562 894 571 910 ι
591 889 672 919 atque
697 885 748 911 alia
774 885 895 919 quaedam
920 884 1013 911 istius-

225 932 309 959 modi.
327 932 360 958 Et
375 931 542 966 respondens
567 930 692 957 dominus
714 929 842 963 Joannes,
857 930 923 957 dicit
938 929 988 964 ipsi
1004 938 1010 955 :

225 978 305 1010 Puto,
320 977 415 1009 frater,
428 976 543 1004 Satanas
558 976 640 1010 quieti
659 981 758 1003 nostrre
771 976 878 1007 invidit,
896 980 922 1002 et
943 975 1013 1002 hanc

226 1023 274 1050 tibi
290 1023 482 1057 cogitationem
502 1021 604 1056 injecit.
621 1021 691 1054 Quin
711 1026 737 1048 tu
762 1022 853 1056 potius
873 1029 964 1052 mane,
988 1025 1015 1047 et

226 1076 336 1096 cursum
353 1072 487 1099 nostrum,
504 1075 558 1102 qtto
574 1068 660 1094 vocati
677 1075 771 1093 sumus
785 1075 800 1093 a
820 1067 886 1098 Deo,
903 1067 1016 1101 implea-
1044 1071 1048 1074 ‘

227 1122 288 1141 mus
299 1114 326 1140 in
343 1114 393 1140 hac
407 1120 510 1140 eremo.
525 1113 593 1139 Tum
616 1113 753 1147 Symeon:
773 1111 870 1144 Crede,
887 1119 937 1146 ego
960 1119 1015 1138 non

227 1167 336 1192 maneo,
352 1161 400 1186 sed
415 1159 526 1186 discedo
541 1159 568 1185 in
587 1158 685 1185 virtute
702 1157 812 1189 Christi,
830 1157 962 1184 mundum
975 1157 1016 1184 lu--

227 1205 456 1232 dificaturus.Cui
470 1213 576 1232 rursum
589 1204 673 1231 frater
684 1204 742 1239 ejus
756 1213 761 1230 :
778 1203 827 1238 Nc,
837 1204 908 1231 bone
922 1204 1014 1237 frater,

228 1258 276 1278 oro
292 1256 318 1278 te
333 1255 445 1285 propter
461 1250 617 1284 Dominum,
631 1258 664 1277 ne
680 1258 723 1277 me
738 1250 868 1277 humilem
887 1250 1016 1283 deseras;

228 1303 317 1330 neque
332 1296 404 1322 enim
416 1303 449 1322 co
461 1296 568 1323 virtutis
586 1296 708 1330 perveni,
722 1300 753 1322 ut
768 1296 869 1330 possim
886 1296 1016 1323 Inundqu

228 1338 377 1366 ludiﬁcare.
398 1339 450 1366 Sed
474 1344 584 1373 propter
603 1346 677 1370 eum,
699 1339 743 1373 qui
761 1346 810 1366 nos
835 1339 935 1373 junxit,
962 1340 1017 1366 noli

229 1384 348 1419 disjungi
365 1392 380 1411 ιι
394 1389 439 1412 ιιιο
457 1383 549 1411 fratre.
577 1383 666 1416 Nosti,
683 1381 755 1418 quod
777 1389 838 1418 post
864 1384 947 1411 Deum
962 1394 1018 1412 non

1060 159 1181 194 ρότητος.
1200 157 1345 192 ᾙσθάνετο
1375 155 1429 188 γὰρ
1453 153 1547 179 ἑαυτὸν
1562 152 1607 178 διὰ
1623 151 1674 186 τῆς
1692 149 1862 184 immo-351;;

1060 205 1088 230 ἐν
1102 203 1176 237 αὐτῴ
1202 201 1249 227 τοῦ
1263 200 1340 233 ἁγίου
1353 199 1510 232 Πνεύματος
1529 197 1683 230 δυνάμεως,
1711 196 1783 230 μήτε
1802 194 1861 220 πά-

1060 250 1105 281 Οος
1121 248 1297 282 φοϐούμενον,
1315 246 1382 281 μήτε
1398 244 1491 279 ψύχος,
1508 243 1525 278 ἢ
1551 244 1655 273 πεῖναν,
1673 242 1691 276 ἦ
1710 240 1862 272 καύσωνα,

1061 294 1127 321 ἀλλὰ
1140 293 1231 328 σχεδὸν
1247 292 1318 327 ὑπὲρ
1344 290 1378 316 τὰ
1397 290 1483 324 μέτρα
1496 289 1545 323 τῆς
1559 288 1667 322 φύσεως
1681 287 1733 321 τῆς
1750 286 1863 320 ἀνθρωα

1061 342 1141 376 πίνης
1151 339 1308 374 γενόμενον.

1096 386 1147 418 κζ’.
1163 385 1244 419 Λέγει
1281 382 1319 418 τῷ
1342 382 1468 417 Ἰωάννῃ·
1484 381 1517 407 Τί
1540 379 1726 414 ὠφελούμεθα
1749 379 1861 409 λοιπὸν,

1062 432 1172 466 ἀδελφέ,
1197 432 1225 457 ἐν
1257 431 1289 464 τῇ
1316 429 1412 463 ἐρήμῳ
1444 426 1532 463 ταύτῃ
1550 426 1760 460 διατρίϐοντες
1787 424 1862 450 Ἀλλ’

1062 477 1110 503 ἐὰν
1133 475 1253 510 ἀκούσῃς
1286 482 1347 508 μου,
1375 472 1490 503 ἀνάστα,
1513 469 1679 504 ἀπέλθωμεν
1693 489 1700 500 ,
1724 468 1864 502 σώσωμεν

1063 523 1108 549 καὶ
1125 522 1231 551 ἄλλους.
1251 516 1314 545 Ὧδε
1326 518 1381 553 γὰρ
1392 518 1416 543 εί
1436 517 1473 552 μὴ
1490 516 1603 547 ἑαυτοὺς
1630 514 1746 549 μόνους.
1766 513 1864 548 ἕτερον

1062 577 1122 593 τινα
1139 567 1190 593 οὑκ
1201 564 1369 600 ὠφελοῦμεν,
1385 564 1433 589 καὶ
1448 561 1543 597 μισθὸν
1559 560 1721 595 παράτινος
1738 560 1791 585 οὐχ
1805 559 1865 593 ἔχο-

1065 621 1124 648 μεν.
1137 612 1191 638 Καὶ
1206 610 1306 646 ήρξατο
1319 610 1408 643 λέγειν
1419 607 1505 642 αὐτῷ,
1516 607 1564 632 καὶ
1574 608 1606 632 ὲκ
1621 606 1672 639 τῆς
1686 604 1773 638 ἁγίας
1789 604 1864 639 Γρα-

1064 659 1117 693 φῆς
1136 666 1197 684 τινα
1224 656 1353 683 τοιαῦτα·
1383 653 1510 688 «Μηδεὶς
1541 652 1571 678 τὺ
1597 651 1700 677 ἑαυτοῦ
1732 650 1863 685 ζητείτω,

1064 703 1131 730 ἀλλὰ
1152 702 1182 728 τὸ
1206 702 1253 728 τοῦ
1287 700 1412 736 πλησίου.
1431 709 1440 725 ι
1459 698 1514 725 Καὶ
1532 698 1631 724 πάλιν·
1660 707 1670 722 ι
1687 697 1758 728 Τοῖς
1782 697 1864 722 πᾶσιν

1065 750 1154 776 πάντα
1185 748 1295 782 γέγονα,
1319 746 1362 772 ἵνα
1380 745 1489 775 πάντως
1515 743 1592 774 τινὰς
1614 742 1710 769 σώσω.
1735 751 1746 767 ι
1763 742 1819 767 Καὶ
1834 743 1863 767 ἐκ

1063 796 1110 822 τοῦ
1139 794 1321 828 Εὐαγγελίου·
1341 801 1350 818 ι
1374 792 1437 817 ’Ὅτι
1459 790 1546 821 οὕτως
1570 789 1715 824 λαμψάτω
1742 788 1777 814 τὸ

1066 841 1143 876 ὑμῶν
1159 838 1312 875 ἔμπροσθεν
1333 837 1387 864 τῶν
1400 836 1561 871 ἀνθρώπων,
1576 836 1654 865 ὅπως
1675 834 1776 860 ἴδωσιν
1790 833 1858 868 ὑμῶν

1064 887 1098 913 τὰ
1112 885 1182 912 καλὰ
1193 885 1261 920 ἔργα
1277 884 1324 910 καὶ
1335 882 1483 914 δοξάσωσιν
1507 881 1551 907 τὸν
1577 880 1695 915 Πατέρα
1712 880 1802 914 ὑμῶν,
1815 880 1854 905 τὸν

1065 933 1094 958 ὲν
1111 933 1166 962 τοῖς
1179 931 1314 966 οὐρανοῖς·
1330 939 1339 955 ι
1354 930 1401 955 καὶ
1415 928 1484 955 ἄλλα
1496 927 1556 953 τινὰ
1572 926 1704 953 τοιαῦτα.
1725 926 1782 952 Καὶ
1795 927 1851 952 ἀπο-

1065 966 1170 1012 κριθεὶς
1185 978 1198 1003 ὁ
1217 976 1319 1011 Κύριος
1340 974 1477 1008 Ἰωάννης,
1508 973 1584 1006 λέγει
1611 972 1692 1006 αὐτῷ
1705 981 1713 987 -
1739 972 1857 1006 Νομίζω,

1066 1022 1174 1056 ἀδελιρὲ,
1189 1022 1203 1047 ὁ
1219 1021 1342 1051 Σατανᾶς
1353 1019 1502 1054 ἐφθόνησεν
1516 1018 1564 1053 τὴν
1576 1018 1698 1053 ἡσυχίαν
1714 1016 1860 1051 ὴμῶν,καὶ

1066 1067 1200 1095 ὑπέϐαλεν
1216 1075 1257 1092 σοι
1270 1066 1316 1092 τὸν
1334 1064 1464 1099 λογισμὸν
1484 1063 1590 1090 τοῦτον.
1607 1063 1786 1089 Τουναντίον
1804 1061 1860 1088 κάϐ-

1067 1121 1134 1144 ισον,
1144 1113 1190 1139 καὶ
1202 1113 1247 1137 τὸν
1260 1111 1359 1146 δρόμον
1374 1110 1463 1145 ἡμῶν,
1476 1110 1544 1135 ὅπου
1566 1108 1735 1143 ὲκλὴθημεν
1756 1108 1808 1133 ὖπὲ
1820 1107 1860 1133 τοῦ

1067 1159 1144 1190 Θεοῦ,
1161 1159 1201 1189 εἰς
1228 1157 1277 1192 τὴν
1306 1157 1408 1192 ἔρημον
1423 1155 1525 1189 ταύτην
1555 1154 1773 1189 πληρώσωμεν.
1791 1154 1861 1185 Λέγει

1068 1204 1140 1239 αὑτῷ
1155 1205 1168 1230 ὁ
1187 1203 1314 1238 Συμεών·
1334 1203 1493 1234 Πίστευσον,
1519 1200 1573 1234 ἐγὼ
1597 1200 1627 1226 οὐ
1659 1200 1753 1234 μένω,
1773 1199 1859 1225 ἀλλ’ἑν

1067 1252 1100 1286 τῇ
1116 1250 1228 1284 δυνάμει
1240 1249 1286 1275 τοῦ
1300 1247 1419 1283 Χριστοῦ
1428 1247 1537 1280 ὑπάγω,
1546 1245 1694 1281 ἐμπαίζων
1709 1246 1754 1280 τῷ
1765 1246 1861 1280 κόσμῳ.

1069 1297 1149 1330 Λέγει
1171 1294 1245 1329 αὐτῷ
1273 1294 1353 1320 πάλιν
1382 1294 1396 1320 ὁ
1415 1293 1527 1327 ἀδελφὸς
1557 1291 1643 1318 αὐτοῦ
1658 1300 1666 1306 ·
1694 1292 1759 1326 Μὴ,
1775 1291 1861 1325 ἀδελεὲ

1069 1343 1145 1373 καλὲ,
1158 1341 1310 1376 παρακαλῶ
1327 1350 1356 1367 σε
1372 1340 1417 1366 διὰ
1431 1339 1475 1366 τὸν
1490 1339 1603 1374 Κύριον,
1617 1339 1658 1373 μὴ
1672 1339 1764 1374 ἐάσῃς
1778 1347 1813 1373 με
1826 1339 1862 1363 τιν

1068 1388 1205 1414 ταπεινόν.
1218 1388 1300 1413 Οὔπω
1316 1387 1369 1421 γὰρ
1385 1385 1440 1419 ἐγὼ
1456 1386 1496 1417 είς
1509 1385 1591 1412 τοῦτο
1606 1385 1638 1411 τὸ
1662 1385 1768 1420 μέτρον
1788 1384 1866 1418 εςθα-

231 1430 345 1457 habeam
362 1430 456 1460 ullum.
470 1434 568 1464 praeter
582 1434 619 1462 te,
636 1429 720 1456 frater
732 1430 787 1462 mi;
801 1431 847 1457 sed
863 1431 1016 1458 renuntiavi

1071 1443 1116 1465 σοι,
1134 1434 1177 1460 ἵνα
1191 1433 1297 1467 δυνηθῶ
1313 1432 1445 1467 ἐμπαῖξαι
1460 1431 1499 1466 τῷ
1517 1432 1624 1466 κόσμῳ.
1644 1431 1732 1457 Ἀλλὰ.
1743 1431 1777 1457 δι’
1788 1430 1865 1457 αὑτὸν

230 1475 367 1507 omnibus,
384 1479 412 1501 ut
431 1475 478 1501 tibi
496 1475 662 1502 adhaererem
677 1484 683 1501 :
700 1480 727 1502 et
739 1483 811 1503 nunc
825 1480 853 1503 tu
870 1476 911 1503 vis
926 1476 953 1503 in
969 1477 1020 1504 hac

229 1520 377 1546 solitudine
392 1524 520 1553 tanquam
533 1519 560 1545 in
574 1519 668 1553 pelago
679 1527 721 1547 me
732 1520 875 1554 linquere?
886 1521 1021 1548 Memento

231 1563 312 1598 hujus
327 1563 391 1595 diei,
409 1571 462 1598 qua
482 1568 583 1590 sortem
603 1563 730 1591 duximus
753 1568 781 1591 et
795 1565 951 1593 audivimus
971 1566 1020 1593 ab-

231 1608 322 1635 batem
342 1608 486 1641 Niconem',
503 1609 575 1644 quod
587 1610 747 1637 convenerit
761 1610 833 1637 inter
849 1618 910 1642 nos,
926 1616 1021 1638 mutuo

230 1662 285 1681 non
313 1654 444 1689 separari.
474 1654 611 1682 Memento
642 1656 772 1683 terribilis
799 1656 884 1687 liorze,
911 1658 1021 1692 quando

231 1705 355 1726 sanetum
380 1698 501 1726 habitum
523 1699 610 1727 induti
639 1707 745 1733 sumus,
771 1705 799 1728 et
827 1709 935 1729 eramus
956 1702 1021 1733 duo.

231 1744 303 1771 sicut
320 1745 411 1771 anima
431 1752 495 1777 una,
516 1745 583 1772 adeo
608 1750 638 1772 ut
659 1753 754 1774 omnes
776 1746 949 1774 dilectionem
974 1756 1023 1774 no-

231 1795 315 1818 stram
357 1794 486 1824 tanquam
520 1798 577 1818 rem
602 1799 700 1818 novam
729 1791 903 1820 mirarentur.
933 1792 1022 1821 Nolito

231 1835 354 1864 oblivisci
372 1843 515 1863 sermones
534 1837 624 1871 magni
638 1837 723 1868 senis.
743 1837 845 1872 quibus
863 1846 913 1866 nos
929 1840 1023 1867 admo-

231 1881 290 1908 nuit
307 1889 338 1908 ea
359 1886 449 1913 nocte,
466 1889 519 1916 qua
540 1882 641 1917 egressi
665 1890 771 1910 sumus.
788 1882 837 1916 Ne,
864 1892 966 1919 quaeso,
987 1893 1023 1913 ne

231 1926 303 1953 forte
326 1933 453 1961 peream,
480 1931 508 1954 et
532 1927 652 1961 requirat
680 1927 750 1955 Deus
782 1929 902 1956 animam
932 1938 1021 1958 meam

231 1970 281 1999 abs
301 1975 339 1999 te.

267 2120 312 2147 28.
329 2120 379 2146 Cui
398 2120 498 2147 iterum
513 2120 652 2156 Symeon—z
674 2122 768 2157 Cogita
793 2130 836 2150 me
863 2131 925 2151 esse
947 2132 1022 2151 mor-

233 2170 326 2197 tuum;
353 2173 444 2192 nonne
476 2166 602 2198 haberes,
627 2167 698 2194 unde
723 2168 760 2194 tui
782 2176 876 2196 curam
902 2177 1023 2204 gereres.

233 2210 341 2236 tametsi
354 2211 428 2237 solus
443 2211 538 2238 esses?
558 2211 656 2245 Crede,
677 2212 699 2239 si
720 2213 824 2246 venias,
844 2220 919 2242 recte
940 2215 1024 2242 facies

232 2259 261 2281 et
275 2255 359 2286 belle;
384 2256 513 2289 quoniam
539 2264 588 2291 ego
612 2265 666 2284 non
692 2266 799 2285 maneo.
818 2258 867 2286 Ubi
886 2260 952 2287 vidit
970 2260 1024 2287 fra-

232 2305 274 2328 ter
286 2301 406 2328 Joannes
427 2309 489 2328 eum
512 2302 668 2336 persistere,
687 2305 814 2339 cognovit
834 2305 906 2339 quod
929 2306 1024 2333 divino

232 2347 363 2374 instinctu
389 2347 440 2374 hoc
463 2347 574 2374 faceret.
596 2347 668 2375 Nihil
690 2350 792 2385 quippe
814 2358 862 2378 eos
890 2352 1022 2385 potuisset

232 2400 359 2427 separare
376 2394 428 2420 nisi
445 2394 501 2420 sola
513 2402 596 2427 mors,
608 2400 635 2422 et
650 2395 765 2423 fortasse
780 2404 814 2423 ne
828 2397 886 2431 ipsa
896 2397 1019 2431 quidem.

232 2438 299 2465 Nam
315 2439 413 2473 saepius
429 2439 480 2466 hoc
495 2440 576 2466 etiam
593 2440 677 2467 Deum
695 2446 867 2477 rogaveram.
881 2447 910 2468 ut
927 2443 1021 2469 ambos

232 2484 339 2511 simule
355 2485 409 2511 vita
426 2492 550 2516 vocaret.
571 2491 598 2513 et
623 2487 771 2514 credebant
788 2488 975 2515 exaudiendos
991 2496 1021 2515 se

231 2522 316 2558 finisse
337 2539 353 2558 a
383 2532 496 2560 Domino
521 2533 547 2559 iu
579 2534 629 2560 hac
659 2541 702 2566 re,
726 2534 806 2561 sicuti
827 2535 853 2561 in
881 2535 1019 2562 omnibus.

231 2577 303 2604 Dicit
317 2577 407 2612 itaque
424 2578 447 2605 ei
463 2578 619 2614 [Joannes]:
637 2579 754 2612 Videsis,
773 2580 900 2615 Symeon,
915 2588 950 2607 ne
964 2581 1022 2607 dia-

231 2621 311 2649 bolus
322 2622 436 2650 fortasse
453 2624 500 2650 tibi
525 2624 590 2651 velit
607 2629 712 2651 struere
727 2624 848 2652 insidias.
870 2625 1021 2660 Respondit

232 2666 277 2694 illc
293 2676 300 2694 :
316 2667 355 2694 Tu
373 2669 454 2696 modo
472 2677 506 2696 ne
522 2669 575 2696 mei
591 2669 751 2698 obliviscere
768 2671 794 2697 iu
812 2672 866 2697 tuis
880 2672 1018 2705 precibus,

269 2754 290 2770 "
306 2753 314 2780 Ι
330 2755 391 2782 Cor.
411 2764 436 2788 Χ,
451 2757 495 2784 2L

1071 1479 1116 1505 τὴν
1132 1478 1264 1511 ζεύξαντα
1280 1478 1353 1512 ἡμᾶς
1386 1479 1423 1513 μὴ
1453 1478 1569 1513 θελήσῃς
1591 1476 1805 1512 ἀποζευχθῆναι
1822 1476 1866 1502 τοῦ

1073 1525 1119 1550 σοῦ
1131 1524 1256 1558 ἁδελψηῦ.
1273 1524 1309 1550 Σὺ
1321 1521 1406 1554 οἶδας,
1424 1524 1466 1549 ὃτι
1484 1523 1554 1558 μετὰ
1577 1523 1647 1549 Θεὸν
1675 1523 1774 1549 οὐδένα
1799 1523 1865 1556 ἔχω,

1072 1572 1096 1596 εί
1111 1570 1148 1605 μὴ
1162 1570 1202 1601 σὲ,
1226 1569 1323 1603 ἁδελφὲ
1352 1578 1414 1604 μου,
1427 1568 1494 1595 ἀλλὰ
1511 1569 1617 1599 πάντας
1631 1567 1796 1603 ὴρνησὰμιςν
1817 1568 1866 1593 καὶ

1073 1615 1293 1650 προσεκολλήθην
1319 1623 1379 1641 σοι·
1398 1615 1445 1641 καὶ
1465 1614 1526 1649 ἄρτι
1553 1615 1586 1640 σὺ
1612 1615 1712 1645 θέλεις,
1728 1613 1826 1648 ὥσπερ
1839 1614 1869 1638 ἐν

1073 1662 1203 1695 πελάγει,
1220 1662 1301 1688 ἐᾶσαί
1322 1671 1354 1697 με
1371 1662 1410 1693 εἰς
1424 1661 1472 1695 τὴν
1490 1661 1594 1696 ἔρημον
1610 1660 1735 1695 ταύτην;
1756 1661 1873 1694 Μνημο-

1073 1716 1167 1734 νευσον
1179 1708 1227 1742 τῆς
1242 1709 1347 1743 ἡμέρας
1365 1708 1482 1742 ἐκείνης,
1506 1708 1550 1733 ὅτε
1566 1707 1720 1741 ἐλάχομεν,
1739 1707 1792 1733 καὶ
1809 1715 1876 1732 κατ-

1073 1753 1215 1788 ηρχόμεθι
1231 1754 1276 1779 ἐπὶ
1286 1753 1331 1779 τὸν
1360 1753 1438 1788 κῦριν
1459 1752 1581 1783 Νίκωνα,
1611 1753 1654 1778 ὅτι
1689 1752 1876 1787 συνεθέμεθα,

1076 1800 1113 1835 μὴ
1130 1798 1296 1834 χωρίζεσθαι
1307 1799 1354 1825 ἀπ’
1382 1798 1513 1833 ἀλλήλων.
1533 1798 1745 1832 Μνημόνευσον
1765 1798 1819 1833 τῆς
1833 1807 1876 1832 Ψι-

1074 1845 1158 1879 6ερᾶς
1186 1843 1270 1879 ὥρας,
1287 1843 1331 1869 ὅτε
1361 1843 1391 1869 τὸ
1405 1842 1481 1876 ἅγιον
1499 1841 1596 1877 σχῆμα
1620 1841 1818 1877 inﬁde-riga,
1835 1842 1877 1867 καί

1073 1889 1144 1926 ἦμεν
1155 1891 1180 1917 οἱ
1196 1890 1242 1917 δύο
1266 1889 1360 1925 ὥσπερ
1381 1889 1429 1925 μία
1448 1889 1531 1924 ψυχὴ,
1548 1889 1619 1915 (bats
1644 1889 1763 1921 πάντας
1781 1889 1880 1921 Earlie-

1076 1935 1137 1962 σθαι
1153 1936 1199 1961 ἐπὶ
1213 1936 1246 1970 τῇ
1274 1935 1370 1971 ἀγάπῃ
1391 1935 1482 1970 ἡμῶν.
1497 1935 1542 1969 Μὴ
1559 1935 1683 1970 ἐτςιλάθῃ
1699 1935 1762 1961 τῶν
1793 1936 1880 1969 λόγων

1074 1980 1122 2007 τοῦ
1142 1981 1261 2016 μεγάλου
1286 1980 1430 2016 γέροντος,
1463 1977 1500 2007 ὧν
1528 1981 1603 2015 ἡμᾶς
1625 1981 1822 2015 ἐνουθέτησεν
1850 1983 1880 2014 τῇ

1076 2019 1170 2060 νυκτὶ,
1219 2027 1377 2062 ἐξήλθομεν.
1400 2027 1458 2062 Μὴ,
1476 2027 1643 2062 παρακαλῶ,
1671 2028 1711 2062 μή
1738 2036 1801 2058 πως
1830 2028 1881 2053 ἀς-

1076 2075 1180 2110 όλωμαι
1198 2075 1245 2101 καὶ
1255 2074 1414 2109 ἐκζητήσῃὸ
1428 2074 1493 2104 Θεὸς
1506 2074 1555 2108 τὴν
1565 2073 1657 2107 ψυχήν
1672 2082 1729 2107 μου
1748 2074 1805 2100 ἀπὸ
1823 2074 1881 2099 soi.

1109 2124 1164 2156 κη’.
1178 2120 1260 2154 Λέγει
1270 2120 1345 2155 αὐτῷ
1357 2120 1438 2146 πάλιν
1451 2121 1465 2146 ὸ
1480 2119 1590 2154 Συμεών
1607 2127 1617 2135 ο
1646 2120 1792 2154 Νόμων-ι,
1825 2122 1880 2147 ἁπ-

1074 2167 1178 2199 έθανον,
1201 2167 1252 2193 οὐκ
1266 2164 1338 2201 εἶχες
1354 2167 1494 2201 φροντίσαι
1507 2166 1604 2192 ἑαυτοῦ
1620 2167 1696 2192 κατὰ
1714 2169 1809 2201 μόνας
1825 2167 1882 2198 Gn;

1073 2213 1233 2245 Πίστευσον,
1246 2212 1270 2237 εἰ
1290 2211 1340 2246 μὲν
1355 2211 1433 2247 ἔρχῃ,
1452 2209 1481 2237 εὖ
1497 2211 1545 2237 καὶ
1561 2211 1667 2243 καλῶς,
1694 2212 1765 2238 ἐπεὶ
1780 2212 1842 2246 ἐγὼ
1853 2212 1883 2237 οι

1075 2257 1210 2293 μένω.,”Ως
1236 2255 1282 2283 οὖν
1309 2257 1362 2283 ῐδεν
1391 2257 1473 2284 αὑτὸν
1495 2257 1509 2282 ὸ
1525 2256 1639 2291 ἀδελφὸς
1663 2257 1805 2293 Ἰωάννης
1823 2259 1885 2284 ἐπι-

1076 2304 1208 2338 μένοντα,
1235 2303 1305 2337 ἐγυω
1334 2303 1374 2329 ὅτι
1401 2304 1432 2330 ἐκ
1455 2302 1522 2329 Θεοῦ
1543 2302 1770 2339 ὲπληροφορήθη
1802 2305 1886 2331 τοῦτο

1075 2349 1185 2384 πρᾶξαι.
1209 2349 1285 2376 Ἐπεὶ
1311 2350 1361 2375 οὑκ
1389 2348 1519 2384 ἐχώριζεν
1532 2348 1644 2381 αὐτοὺς,
1661 2350 1745 2385 εἰμὴ
1759 2351 1776 2376 ὁ
1799 2352 1887 2378 θάνα-

1074 2404 1129 2427 τος,
1138 2395 1240 2430 τάχαδὲ
1252 2395 1312 2421 οὑδέ
1326 2395 1418 2426 αὑτός.
1432 2395 1487 2422 Καὶ
1499 2395 1554 2429 γὰρ
1561 2392 1633 2430 ἦσαν
1649 2396 1702 2422 καὶ
1718 2396 1809 2423 τοῦτο
1822 2397 1886 2423 παλ·

1074 2441 1153 2472 λάκις
1174 2441 1416 2477 παρακαλέσαντες
1439 2441 1482 2468 τὸν
1514 2441 1589 2473 Θεὸν,
1623 2441 1672 2468 ἵνα
1691 2443 1769 2477 ὁμοῦ
1794 2452 1886 2478 προσ-

1073 2487 1189 2522 λάϐηται
1202 2488 1266 2518 τοὺς
1280 2487 1335 2518 δύο,
1350 2496 1397 2514 και
1420 2487 1562 2514 ἐπίστευον
1581 2487 1624 2513 ὅτι
1645 2489 1819 2516 εἰσακούσει
1838 2491 1887 2515 αἰ.-

1074 2532 1129 2559 τῶν
1142 2533 1156 2559 ὁ
1176 2531 1279 2568 Κύριος
1305 2534 1355 2559 καὶ.
1373 2533 1402 2559 ἐν
1421 2528 1517 2568 τούτῳ,
1536 2533 1574 2565 ὡς
1599 2534 1628 2559 ἐν
1650 2534 1779 2564 ἅπασιν,
1800 2537 1886 2568 Δέγῖι

1076 2578 1122 2606 οὖν
1138 2578 1222 2614 αὐτῷ·
1236 2577 1334 2610 Βλέπε,
1347 2578 1470 2613 Συμεὼν,
1484 2579 1521 2613 μή
1537 2587 1596 2611 πως
1607 2580 1621 2606 ὸ
1634 2579 1773 2613 διάϐολος
1787 2582 1885 2615 ltui-

1076 2633 1120 2650 σαι
1137 2633 1166 2650 σε
1182 2624 1257 2659 θέλῃ.
1272 2625 1302 2651 '0
1327 2624 1355 2650 δέ
1378 2622 1455 2651 εἶπεν
1481 2625 1569 2660 αὐτῷ·
1586 2625 1623 2652 Σὺ
1645 2626 1736 2660 μόνον
1761 2629 1801 2664 μὴ
1821 2629 1883 2653 ἐτει-

1074 2672 1143 2708 λάθῃ
1154 2681 1204 2707 μου
1219 2672 1248 2699 ὲν
1262 2674 1295 2708 τῇ
1304 2672 1370 2709 εὐχῇ
1388 2681 1447 2706 σου,
1463 2673 1557 2708 ὥσπερ
1572 2673 1633 2700 οὐδὲ
1649 2674 1710 2708 ἐγὼ
1729 2674 1795 2707 σοῦ,
1810 2676 1859 2701 ni.
1870 2676 1884 2701 ὲ

550 2758 572 2773 ¹⁰
589 2758 598 2785 l
616 2757 677 2785 Cor.
702 2767 739 2793 Ix,
754 2760 799 2787 2‘2.
838 2760 858 2775 "
876 2760 970 2787 Muttb.
986 2768 1011 2793 ν,
1030 2761 1073 2788 Hi.
