3892 6388
405 105 556 170 ’1739

1443 112 1694 172 LEONT
1705 113 1758 172 ll
1805 115 1948 172 NEA
1958 115 2308 174 PO-LITANI
2352 117 2690 178 EPISCOPI

3560 128 3696 192 1740

376 228 378 231 '
416 216 778 273 burdonarius
801 217 1132 284 misericors,
1163 231 1216 275 et
1269 238 1296 275 e
1331 224 1525 287 rebus,
1557 241 1677 294 quae
1716 226 1780 279 ad
1821 226 1992 296 ipsum

2101 227 2193 277 xxi.
2217 226 2321 279 ἀπὸ
2355 228 2762 297 συμϐαινόντὼν
2793 231 3089 301 ἱφὺρασεν.
3139 233 3226 288 Ἐν
3253 237 3357 307 μιᾷ
3386 237 3483 290 οὕν
3534 239 3691 311 ἔξαρσ-

415 309 689 372 redibant,
731 309 1093 383 dispergebat.
1141 313 1384 379 Quadam
1420 316 1507 369 die
1543 317 1764 370 exeunti
1795 317 1890 380 illi,
1940 327 1997 370 ut

415 416 514 469 pro
551 402 715 458 domo
755 419 854 459 sua
891 403 1147 471 aﬂ‘erret,
1178 417 1236 460 ct
1275 407 1461 461 vinum
1494 418 1720 474 emeret,
1762 411 2000 463 occurrit

395 495 626 559 beatus,
657 507 713 551 et
740 487 909 552 dicit:
949 497 1068 563 Quo
1107 507 1159 552 te
1191 499 1324 570 agis,
1360 501 1562 555 stulte?
1605 501 1820 572 (Sermo
1847 503 1996 558 enim

413 589 517 643 iste
554 588 846 644 identidem
875 591 927 644 ei
955 599 1072 646 erat
1107 591 1162 645 in
1198 593 1339 662 ore.)
1365 592 1466 650 Cui
1506 594 1636 652 ille:
1669 597 1748 652 Eo
1779 606 1996 666 emptu-

414 695 510 733 rus
561 679 772 746 vinum,
831 680 974 736 Sale.
1025 680 1330 753 Respondit
1385 686 1432 741 ei
1483 687 1653 743 abbas
1705 687 1992 758 Symeon:

352 846 354 848 _
415 767 564 820 Aﬂ'er
593 767 755 820 etiam
792 769 1065 840 pulegium
1100 770 1236 843 (88),
1275 773 1369 827 ubi
1401 774 1650 830 redieris.
1687 777 1998 846 Auguratus

412 859 594 927 itaque
624 858 1008 929 burdonarius,
1037 863 1255 920 dicebat
1279 881 1496 932 secum,
1530 869 1750 937 quando
1779 869 1992 924 abiret:

413 950 678 1016 Quisnam
711 948 946 1007 Satanas
981 968 1009 1006 a
1046 961 1290 1024 tempore
1329 955 1598 1010 matutino
1634 956 1700 1010 ad
1735 972 1821 1010 me
1851 955 1996 1011 misit

414 1043 562 1098 hunc
600 1042 886 1108 abbatem,
942 1044 1034 1113 qui
1088 1045 1261 1100 dicit:
1302 1045 1452 1100 Aﬂer
1490 1047 1625 1101 mihi
1684 1048 1996 1119 pulegium?

413 1135 558 1188 Sane
592 1134 792 1188 malum
846 1144 930 1190 est
984 1134 1088 1190 hoc
1141 1137 1352 1203 vinum,
1407 1146 1463 1193 et
1505 1139 1590 1193 vel
1638 1139 1862 1204 acescit,
1910 1141 1995 1194 vel

413 1225 552 1298 [vitii
585 1225 767 1298 habet]
809 1226 993 1282 nescio
1032 1227 1184 1297 quid.
1227 1227 1328 1283 Ubi
1367 1229 1552 1299 itaque
1594 1229 1778 1293 rediit,
1814 1229 1995 1284 ferens

411 1320 599 1374 vinum
647 1335 907 1390 perquam
959 1321 1199 1384 bonum,
1256 1337 1369 1390 prae
1409 1321 1607 1392 gaudio
1655 1321 1858 1376 oblitus
1911 1332 1996 1377 cst

409 1412 608 1468 afferre
638 1413 931 1484 pulegium.
967 1413 1103 1468 Dicit
1138 1414 1226 1467 ille
1261 1413 1460 1468 iterum
1493 1412 1749 1484 Symeoni
1780 1431 1792 1466 :
1831 1412 1991 1477 Vere,

411 1522 445 1560 ο
477 1505 641 1562 miser
668 1507 863 1572 homo,
896 1506 1097 1561 oblitus
1134 1521 1277 1560 sum.
1310 1505 1610 1560 Subridens
1649 1506 1752 1575 ipsi
1781 1506 1948 1560 abbas
1978 1524 1991 1560 :

413 1598 515 1652 Abi
547 1598 727 1664 modo,
766 1597 962 1666 inquit,
994 1612 1083 1652 res
1107 1605 1197 1650 tua
1233 1595 1610 1651 administrata
1630 1573 1732 1652 est.
1769 1597 1997 1662 Quando
2030 1573 2069 1628 Β

366 1719 368 1722 ν
412 1688 746 1758 ergo-venit,
770 1695 830 1740 ut
860 1693 1097 1752 mutaret
1128 1695 1298 1750 utres,
1327 1685 1534 1741 invenit
1561 1687 1614 1741 in
1636 1687 1717 1743 eis
1756 1697 1994 1754 acetum,

414 1792 636 1847 prorsus
678 1785 736 1829 ut
786 1775 950 1829 homo
999 1775 1084 1830 vel
1126 1773 1342 1829 odorari
1408 1790 1503 1830 eos
1558 1777 1990 1845 pertimesceret.

413 1869 566 1924 Tunc
597 1869 779 1938 itaque
810 1883 924 1921 rem
957 1867 1244 1934 intellexit,
1263 1877 1319 1922 et
1345 1868 1509 1938 coepit
1537 1868 1722 1924 dicere
1754 1885 1766 1920 :
1806 1869 1994 1923 Enim-

414 1977 544 2016 vero
568 1960 789 2032 jamjam
837 1957 1118 2012 alferimus
1165 1958 1462 2030 pulegium.
1519 1959 1773 2015 Cucurrit
1805 1959 1990 2030 igitur,

373 2092 377 2098 -
413 2064 468 2109 et
497 2053 644 2108 venit
673 2052 737 2106 ad
763 2050 971 2116 Salum,
1005 2059 1060 2105 et
1097 2050 1274 2106 oravit
1297 2066 1420 2106 eum
1449 2051 1689 2122 (dicebat
1726 2051 1871 2106 enim
1909 2051 1994 2106 .fe-

412 2133 555 2201 cisse
585 2144 652 2199 de
698 2158 851 2198 more
885 2141 1316 2213 praestigiatoris,
1361 2141 1455 2211 qui
1496 2142 1684 2196 oculos
1717 2141 1990 2213 fascinat).

420 2237 858 2305 Dissolve,Sale,
910 2236 1054 2306 quod
1106 2234 1300 2290 fecisti.
1348 2234 1614 2304 Reposuit
1663 2234 1790 2289 ille:
1847 2234 1994 2300 Quid

417 2331 563 2388 feci?
595 2331 695 2386 llic
735 2331 811 2384 ait
846 2349 858 2384 :
895 2329 1104 2383 Bonum
1143 2326 1491 2389 emi~vinum,
1527 2334 1583 2380 et
1621 2336 1864 2395 tempore
1889 2327 1994 2380 bo-

415 2442 596 2481 rarum
629 2425 856 2479 duarum
895 2423 1180 2476 inventum
1224 2429 1308 2475 est
1347 2429 1583 2476 acetum.
1634 2419 1734 2473 Cui
1767 2419 1856 2473 ille
1889 2420 1993 2472 ite-

382 2538 389 2546 ·-
415 2531 535 2569 rum
572 2535 584 2569 :
617 2513 743 2576 Abi,
777 2513 889 2579 abi,
923 2513 1076 2566 mitte
1107 2512 1246 2565 hanc
1275 2525 1484 2574 curam,
1516 2509 1664 2580 aperi
1698 2524 1820 2563 mox
1843 2509 1992 2579 pbu-

413 2606 672 2667 scarium,
709 2612 764 2657 et
793 2601 1034 2672 proderit
1067 2600 1182 2656 tibi.

483 2697 571 2751 57.
615 2695 751 2749 Nam
795 2709 994 2762 scepus
1037 2701 1093 2745 et
1135 2691 1312 2744 oratio
1357 2693 1504 2745 senis
1557 2701 1736 2755 erant,
1779 2701 1839 2745 ut
1868 2692 1992 2760 quia

386 2800 530 2844 lerat
553 2787 884 2851 misericors,
926 2785 1080 2839 labor
1106 2783 1225 2853 ejus
1249 2781 1690 2837 benediceretur.
1719 2784 1824 2837 Sed
1857 2785 1992 2838 nihil

2101 317 2327 384 χομένου
2357 317 2521 370 αὑτοῦ
2557 320 2776 388 ἐνέγκαι
2809 320 2956 392 λόγῳ
2983 322 3076 376 τοῦ
3099 326 3247 378 οἰκον
3275 327 3468 393 αὑτοῦ,
3496 331 3591 381 καὶ
3615 334 3699 395 εἰς

2100 409 2300 476 πρᾶσιν
2328 409 2586 482 οἰνάριον,
2616 413 2831 485 ἀπαντᾷ
2852 415 3004 486 αὐτῷ
3049 418 3078 469 6
3106 418 3399 489 μακάριος,
3425 423 3520 473 καὶ
3544 422 3703 490 λέγει

2099 499 2281 570 αὐτῷ’
2319 501 2430 555 Ποῦ
2481 503 2736 572 ὑπάγεις,
2768 506 2966 579 ἒξηχες
3005 506 3172 580 Εἶχεν
3219 511 3330 581 γὰρ
3360 514 3448 566 ἀεὶ
3487 516 3703 569 τοῦτον

2097 587 2188 639 τὸν
2223 587 2378 656 λόγον
2407 591 2501 643 ἐπὶ
2529 592 2588 645 τὸ
2610 594 2740 647 αὐτὸ
2768 596 2861 649 ἐπὶ
2893 598 3180 666 στόματος.
3207 601 3380 668 Λέγει
3417 603 3508 657 οὖν
3533 606 3702 676 αὐτῷ

2098 677 2321 746 ἐκεῖνος,
2348 681 2448 733 Διὰ
2472 683 2731 754 οἰνάριον,
2763 686 2922 740 Σαλέ.
2943 689 3242 761 Ἀπεκρίθη
3276 692 3429 764 αὐτῷ
3460 696 3487 746 6
3514 696 3701 759 6.663.;

2099 767 2320 836 Συμεών
2340 783 2354 798 ·
2389 771 2529 841 Φέρε
2561 773 2655 826 καὶ
2673 774 2929 846 γλιχόνην
2950 777 3024 842 ὡς
3052 779 3208 852 ἔρχῃ.
3241 783 3565 848 Οίωνισθεὶς
3596 783 3706 840 οὖν

2097 858 2126 948 6
2165 858 2584 933 βουρδουνάριος
2609 904 2624 931 ,
2683 864 2870 933 ἔλεγεν
2913 869 3038 922 καθ’
3079 873 3271 925 ἑαυτὸν
3297 915 3313 939 ,
3364 876 3439 938 ὡς
3480 877 3710 948 ἀπῄει·

2101 943 2250 1020 Ἀρά
2277 954 2426 1016 ποῖος
2455 954 2702 1018 Σατανᾶς
2724 959 2833 1011 ἀπὸ
2859 958 3004 1028 πρωῒ
3034 960 3276 1032 ἔπεμψέν
3320 982 3416 1036 μοι
3455 969 3551 1021 τὸν

2098 1040 2200 1095 σᾶν
2227 1042 2436 1114 τοῦτον,
2461 1045 2688 1115 λέγοντά
2705 1065 2798 1119 μοι
2820 1065 2834 1078 ·
2865 1051 3002 1122 Φέρε
3032 1069 3119 1122 μοι
3155 1054 3438 1126 γλιχόνηνς
3469 1060 3707 1124 Ὄντως

2097 1135 2454 1191 κακοπάδινον
2479 1138 2688 1206 γίνεται
2716 1142 2776 1194 τὸ
2805 1143 3046 1213 οἰνάριον
3073 1146 3250 1210 τοῦτο,
3287 1150 3384 1201 καὶ
3422 1151 3456 1219 ἢ
3487 1151 3702 1217 ὸξὶζει,

2097 1224 2258 1295 ἢούκ
2304 1222 2422 1282 οἶδα
2479 1231 2552 1284 τί.
2613 1232 2702 1295 Ὠς
2750 1229 2842 1287 οὖν
2893 1235 3234 1308 ὑπέστρεψεν
3275 1241 3510 1308 ἐνέγκας
3541 1239 3704 1297 οἶνον

2096 1316 2262 1370 καλὸν
2287 1319 2452 1384 πάνυ,
2471 1321 2578 1374 ἀπὸ
2608 1327 2784 1395 χαρᾶς
2815 1326 3006 1380 ἔλαθεν
3027 1329 3249 1397 ἐνέγκαι
3278 1331 3378 1402 τὴν
3403 1334 3698 1406 γλιχόνην.

2098 1407 2260 1475 Λέγει
2299 1409 2447 1480 αὐτῷ
2486 1413 2649 1466 πάλιν
2676 1417 3150 1486 ἐκεῖνοςποντως,
3182 1424 3436 1487 ταπεινὲ,
3468 1427 3696 1482 ἔλαθον.

2098 1499 2395 1564 Μειδιάσας
2435 1499 2528 1556 οὖν
2557 1507 2585 1558 6
2612 1506 2809 1571 ἁῦὅᾶς,
2837 1509 2988 1578 λέγει
3014 1512 3192 1582 αὐτῷ·
3222 1515 3447 1584 ’Υπαγε
3494 1520 3693 1586 μόνον·

2098 1589 2158 1641 τὸ
2190 1591 2298 1663 γὰρ
2335 1595 2571 1664 πρᾶγμά
2603 1613 2698 1649 σου
2731 1599 3032 1672 ὲδιοικήθη.
3079 1604 3169 1666 Ὠς
3200 1600 3300 1659 οὖν
3337 1601 3471 1677 ἦλθε
3511 1627 3692 1679 μετα.-

2099 1681 2259 1736 6άλαι
2284 1685 2349 1738 τὰ
2380 1686 2632 1757 ἀσκήδια,
2662 1683 2821 1760 εὗρεν
2856 1693 2995 1747 αὐτὰ
3030 1695 3172 1760 ὅξος,
3220 1698 3306 1750 ὅτι
3363 1699 3564 1769 ἐψόφει
3597 1705 3701 1757 ἇν-

2098 1770 2314 1842 Θρωπος
2369 1776 2464 1828 καὶ
2520 1779 2892 1850 ὀσφρανθῆναι
2930 1785 3121 1839 αὐτοῦ.
3165 1785 3306 1840 Τότε
3339 1785 3696 1862 οὗνὲνόηαεν

2095 1863 2156 1915 τὸ
2201 1867 2435 1936 πρᾶγμα
2463 1908 2480 1934 ,
2515 1870 2612 1923 καὶ
2670 1870 2872 1942 ἤρξατο
2914 1875 3131 1942 λέγειν·
3171 1879 3382 1941 Ὄντως
3409 1881 3535 1949 ἄρτι
3584 1886 3692 1936 καὶ

2095 1955 2303 2026 ἄγομεν
2340 1958 2424 2012 διὰ
2459 1959 2734 2033 γλιχόνην.
2776 1965 3055 2037 Ἕδραμεν
3087 1964 3180 2021 οὕν
3210 1970 3314 2022 καὶ
3354 1966 3530 2041 ἦλθεν
3557 1975 3694 2043 πρὸς

2097 2045 2186 2100 τὸν
2217 2048 2423 2116 Σαλὸν,
2463 2051 2556 2104 καί
2605 2055 2904 2124 παρεκάλει
2944 2058 3105 2111 αὐτὸν
3161 2060 3404 2131 (ἔλεγεν
3450 2063 3565 2132 γάρ
3611 2066 3691 2117 ὅτι

2095 2135 2285 2210 ὥσπερ
2310 2140 2339 2191 6
2362 2138 2549 2212 ψηφᾶς
2574 2146 2720 2196 ποιεῖ
2732 2143 3242 2217 ὀφθαλμοπλανίαν,
3272 2149 3457 2213 οὕτως
3478 2156 3580 2205 καὶ
3598 2154 3690 2205 αὕ-

2094 2227 2185 2291 τὸς
2201 2229 2360 2302 ὲποίη
2370 2233 2506 2301 σεν)·
2526 2233 2816 2288 Ἀνάλυσον
2834 2235 3155 2308 ὂὲποίησας,
3175 2240 3336 2294 Σαλέ.
3351 2244 3530 2312 Λέγει
3549 2245 3692 2314 αὑτῷ

2097 2321 2323 2384 ἐκεῖνος’
2352 2324 2416 2377 Τί
2456 2325 2726 2396 ὲποίησα;
2765 2328 2821 2381 '0
2846 2329 2902 2383 δέ
2933 2348 3066 2402 φησι
3087 2347 3101 2361 ⁸
3129 2333 3314 2386 Καλὸν
3355 2331 3514 2388 οἶνον
3563 2339 3688 2405 ἠγό-

2098 2427 2261 2480 ρασα,
2291 2413 2392 2466 ,καὶ
2419 2415 2620 2486 εὑρέθη
2651 2415 2818 2480 ὁξίδιν
2848 2420 2928 2478 είς
2961 2419 3055 2472 δύο
3098 2420 3252 2490 ὥρας
3273 2439 3289 2454 ο
3331 2424 3513 2493 Λέγει
3551 2426 3692 2496 αὐτῷ

2096 2503 2260 2556 πάλιν
2281 2519 2293 2530 ·
2330 2505 2574 2574 ’Υπαγε,
2596 2506 2800 2576 ὕπαγε,
2828 2511 2888 2562 οὕ
2919 2511 3092 2583 μέλλῃ
3113 2529 3216 2578 σοι,
3237 2514 3466 2582 ἄνοιξον
3488 2519 3689 2587 ὲφετῶς

2097 2596 2451 2667 φουσκάριον,
2483 2599 2577 2651 καὶ
2607 2601 2878 2672 συμφέρει
2913 2620 3014 2658 σοι.

2167 2685 2264 2750 νζκ
2294 2683 2402 2740 Ἶίν
2432 2687 2542 2760 γάρ
2581 2692 2609 2742 ὁ
2653 2692 2852 2755 σκοπὸς
2896 2697 2989 2745 καὶ
3017 2695 3050 2764 ἠ
3077 2696 3213 2766 εὐχὴ
3251 2697 3350 2750 τοῦ
3399 2699 3686 2771 γέροντος,

2100 2779 2184 2831 ἵνα
2204 2780 2469 2852 εὐλογηοῇ
2494 2785 2521 2836 6
2551 2782 2802 2852 κάματος
2827 2783 3015 2851 αὐτοῦ,
3039 2787 3120 2839 ὅτι
3165 2784 3236 2856 ἦν
3263 2789 3554 2862 ἐλεήμων,
3578 2795 3684 2846 ἀλλ’

414 2885 706 2955 quidquam
737 2881 905 2936 voluit
938 2887 1126 2950 aperte
1160 2877 1363 2942 facere,
1406 2875 1501 2930 sed
1547 2877 1729 2930 omnia
1777 2893 1874 2945 per
1911 2879 1989 2930 lu—

2100 2871 2195 2924 οὐκ
2225 2871 2417 2942 ἤθελεν
2447 2875 2741 2944 προφανῶς
2779 2875 3004 2948 ποιῆσαί
3027 2877 3080 2930 τί
3113 2895 3273 2944 ποτε,
3307 2881 3434 2934 ἀλλ’
3460 2885 3559 2937 ὅλα
3604 2885 3687 2938 διὰ

415 2977 566 3030 dum.
590 2974 961 3041 Compunclus
989 2969 1171 3037 itaque
1209 2963 1594 3031 burdonarius,
1619 2966 1755 3020 dixit
1779 2985 1793 3020 :
1817 2966 1991 3020 Bene-

388 3101 390 3104 -
415 3066 591 3120 dictus
628 3064 803 3126 Deus;
831 3059 1183 3130 phuscarium
1217 3055 1478 3125 aperiam.
1504 3054 1623 3121 Quo
1650 3067 1860 3126 aperto,
1894 3057 1993 3112 bc-

394 3156 623 3212 .nedixit
648 3153 750 3223 ipsi
783 3153 948 3207 Deus.
979 3153 1048 3204 At
1073 3165 1170 3220 pro
1205 3149 1404 3219 quibus
1427 3150 1592 3204 rebus
1630 3149 1720 3204 ille
1759 3150 1994 3204 debebat

418 3251 544 3306 Salo
573 3247 774 3320 gratias
808 3259 990 3316 agere,
1025 3242 1210 3312 potius
1252 3241 1588 3308 succensuit,
1634 3257 1745 3296 non
1788 3242 1993 3296 intelli-

415 3357 567 3414 gens,
601 3353 764 3408 quam
809 3336 950 3391 bene
998 3334 1065 3389 de
1109 3348 1170 3388 se
1219 3341 1365 3388 esset
1415 3333 1668 3388 meritus.
1727 3331 1835 3387 Sed
1888 3333 1992 3387 hoc

415 3445 588 3498 totum
623 3432 804 3496 (iebat,
853 3439 913 3485 ut
966 3427 1110 3484 Deus
1151 3435 1360 3499 tegeret
1404 3441 1633 3497 scopum
1681 3426 1988 3497 Symeonis.

414 3525 719 3598 .‘Egrotavit
750 3538 857 3578 non
892 3536 1050 3576 nemo
1094 3535 1125 3574 e
1181 3519 1510 3588 primoribus
1543 3517 1781 3574 civitatis
1813 3517 1992 3586 (acce-

415 3618 544 3678 dere
565 3632 651 3679 eo,
670 3615 794 3670 etin
815 3615 978 3668 domo
1000 3613 1118 3683 ejus
1136 3612 1322 3666 ludere
1343 3617 1707 3666 consueverat
1724 3609 1988 3680 sanctus),

415 3719 470 3765 et
501 3709 646 3763 videt
674 3722 835 3777 aeger,
869 3705 1002 3782 sein
1025 3719 1218 3760 somno
1237 3703 1426 3758 ludere
1447 3701 1579 3757 aleis
1609 3717 1732 3758 cum
1755 3702 1990 3773 quodam

415 3802 691 3870 Aithiope.
736 3797 865 3852 Erat
894 3806 1074 3851 autem
1113 3796 1203 3850 ille
1248 3810 1417 3850 mors.
1463 3793 1768 3848 Festinavit
1807 3795 1992 3862 itaque

415 3891 686 3956 inﬁrmus,
718 3898 773 3944 et
809 3888 980 3950 venit,
1013 3893 1073 3940 ut
1096 3885 1412 3958 proliceret,
1454 3895 1508 3940 et
1535 3883 1640 3938 nisi
1670 3883 1880 3953 jaceret
1907 3891 1994 3937 ter

412 3999 529 4048 sex,
562 3981 736 4037 victus
774 3987 912 4034 erat.
961 3977 1229 4033 Convenit
1277 3977 1431 4032 illum
1476 3975 1530 4030 in
1583 3991 1777 4031 somno
1824 3975 1992 4031 abbas

415 4078 650 4146 Symeon
701 4080 756 4128 et
793 4070 963 4127 dicit:
1010 4069 1155 4135 Quid
1209 4074 1316 4136 est,
1361 4068 1590 4124 stolide?
1620 4066 1830 4123 Revera
1879 4068 1991 4139 jam

402 4169 632 4224 Maurus
669 4165 771 4220 iste
819 4173 871 4219 te
913 4163 1118 4220 vincet.
1165 4159 1274 4216 Sed
1321 4160 1389 4216 da
1424 4160 1609 4225 ﬁdem,
1657 4167 1710 4214 te
1760 4161 1992 4230 posthac

2098 2965 2438 3032 παιγνιδίων.
2473 2967 2762 3038 Κατενύγη
2795 2964 2889 3021 οὖν
2918 2969 2947 3020 6
2979 2968 3439 3044 βουρδουνάριος,
3473 2979 3568 3030 καὶ
3596 2977 3681 3030 λέ-

2097 3073 2182 3124 γει
2200 3070 2214 3086 ο
2235 3055 2538 3123 Εὐλογητὸς
2558 3056 2585 3106 6
2608 3055 2761 3122 Θεὸς,
2782 3073 3118 3128 φουσκαριον
3145 3062 3339 3130 ἁνοίγω
3360 3081 3376 3093 ·
3408 3066 3507 3116 καὶ
3530 3068 3684 3120 ἀνοί-

2098 3144 2287 3209 ξαντος
2313 3143 2501 3208 αὑτοῦ,
2530 3145 2830 3218 ηὕλόγησεν
2860 3148 3021 3202 αὑτὸν
3067 3151 3097 3201 6
3131 3150 3252 3213 Θε⁵.ς
3291 3154 3378 3203 καὶ
3420 3154 3572 3225 ὑπὲρ
3594 3151 3678 3211 ὧν

2097 3235 2202 3293 ἔδει
2223 3240 2568 3311 εὐχαριστεῖν
2598 3241 2677 3310 τῷ
2705 3242 2883 3315 Σαλῷ,
2923 3245 3129 3313 μᾶλλον
3176 3245 3270 3298 καὶ
3308 3246 3469 3316 ὲγρλα
3490 3251 3663 3320 αὐτῷ,

2100 3328 2175 3402 μὴ
2219 3330 2358 3384 νοῶν
2399 3331 2460 3383 τὸ
2503 3332 2554 3384 τί
2601 3332 2751 3403 αὐτῷ
2799 3336 3184 3407 προεξένησεν.
3219 3338 3296 3391 Τὸ
3327 3338 3388 3390 δὲ
3442 3341 3554 3392 πᾶν
3585 3341 3688 3394 τῶ

2098 3422 2428 3491 πράγματος
2463 3415 2531 3492 ἦν
2559 3421 2586 3473 6
2621 3420 2774 3484 Θεὸς,
2805 3422 3027 3475 σκέπων
3053 3423 3146 3476 τὸν
3177 3424 3387 3477 σκοπὸν
3426 3425 3526 3477 τοῦ
3552 3426 3689 3478 ἁὸεᾶ

2097 3510 2345 3581 Συμεών.
2374 3510 2757 3584 Ἦῤῥὼστησέν
2792 3514 2922 3566 ποτέ
2957 3531 3041 3577 τις
3066 3516 3178 3567 τῶν
3215 3518 3576 3584 μεγιστάκων
3599 3521 3679 3584 τῆς

2097 3601 2326 3663 πόλεως.
2357 3598 2514 3672 Εἶχεν
2568 3603 2624 3656 δὲ
2673 3603 2792 3668 ἔθος
2826 3607 2853 3656 ὁ
2879 3605 3022 3667 ὅσιος
3048 3605 3383 3677 ἀνέρχεσθαι
3425 3610 3530 3662 καὶ
3568 3610 3688 3662 sui-

2096 3694 2208 3758 ζειν
2236 3697 2317 3758 εἰς
2368 3696 2461 3748 τὸν
2508 3690 2658 3750 οἷκον
2689 3696 2876 3762 αὑτοῦ,
2904 3699 2998 3750 καὶ
3026 3698 3100 3760 ὡς
3139 3698 3427 3770 ὲόαρήθη,
3469 3702 3686 3773 ἐθεώρει

2095 3790 2286 3843 ἑαυτὸν
2317 3790 2456 3844 κατὰ
2485 3791 2614 3854 τοὺς
2647 3789 2852 3855 ὕπνους
2886 3790 3210 3856 ταυλίζοντα
3239 3794 3387 3862 μετά
3414 3811 3572 3859 τινος
3598 3799 3690 3850 Δί-

2095 3883 2303 3947 θίοπος.
2337 3878 2446 3936 τΗν
2477 3882 2533 3936 δὲ
2561 3876 2721 3946 οὕτος
2740 3923 2755 3947 ,
2783 3884 2813 3936 6
2843 3881 3092 3947 θάνατος.
3148 3882 3447 3952 Ἐςρθασεν
3483 3884 3579 3940 οὖν
3607 3889 3695 3938 καὶ

2093 3971 2277 4047 ἦλθεν,
2307 3976 2460 4049 φησὶ,
2491 3977 2829 4048 καταῤῥίψαι
2864 3977 2893 4028 6
2920 3975 3185 4042 ἀσθενῶν,
3216 3978 3317 4030 καὶ
3355 3981 3414 4031 εἰ
3456 3981 3537 4050 μὴ
3566 3980 3694 4032 ἑδα-

2094 4071 2185 4124 λεν
2218 4070 2465 4142 τρίεκτα,
2522 4071 2743 4140 ἡττᾶτο.
2774 4069 2971 4124 Φϐάνει
3026 4064 3121 4123 οὕν
3172 4070 3328 4142 αὕτῷ
3376 4074 3532 4124 κατὰ
3573 4074 3700 4135 τοὺς

2098 4159 2298 4226 ὕπνους
2325 4165 2353 4216 6
2380 4161 2555 4225 άϐὃᾶς
2581 4160 2828 4232 Συμεὼν,
2847 4163 2944 4215 ικαὶ
2967 4161 3117 4232 λέγει
3136 4179 3151 4192 ·
3185 4162 3253 4214 Τί
3283 4165 3468 4227 ἐστιν,
3491 4164 3656 4234 {Erae
3679 4182 3698 4232 ;

416 4279 524 4318 non
549 4261 876 4318 violaturum
903 4257 1088 4312 uxoris
1124 4265 1228 4310 tua:
1261 4255 1460 4320 cubile,
1503 4262 1558 4308 et
1583 4263 1676 4308 tuo
1716 4254 1836 4308 loco
1869 4267 1992 4324 pro-

2103 4255 2310 4319 Ὄντως
2331 4254 2455 4325 ἄρτι
2485 4255 2610 4324 νικᾷ
2637 4271 2696 4306 σε
2729 4256 2758 4307 6
2777 4252 3002 4324 Μαῦρος
3034 4245 3215 4316 οὕτος.
3275 4254 3452 4308 Ἀλλὰ
3479 4232 3591 4319 δός-

393 4357 620 4425 ,jiciarn,
665 4363 720 4409 et
756 4367 868 4406 non
911 4351 1096 4406 vincet
1139 4358 1212 4404 te.
1250 4346 1546 4418 Postquam
1595 4347 1889 4417 jurassem,
1936 4354 1996 4400 ut

416 4446 622 4508 retulit,
644 4445 736 4514 qui
759 4444 861 4500 ista
885 4443 1022 4498 vidit
1049 4451 1109 4496 et
1141 4441 1442 4512 accepisset
1479 4455 1511 4493 a
1544 4453 1633 4493 me
1666 4438 1834 4502 aleas,
1866 4452 1996 4507 pro-

413 4540 564 4612 jecit,
600 4547 657 4592 et
687 4536 1002 4591 ceciderunt
1049 4543 1131 4589 ter
1171 4549 1287 4588 sex.
1333 4531 1666 4602 Experrecto
1701 4529 1886 4600 itaque
1916 4529 1999 4582 in-

417 4633 594 4698 ﬁrmo,
640 4628 886 4686 ascendit
916 4626 1101 4682 statim
1137 4624 1333 4689 Salus,
1384 4632 1440 4678 et
1483 4622 1616 4678 dicit
1661 4621 1738 4676 illi
1782 4639 1796 4676 :
1853 4619 1998 4675 Bene

419 4735 502 4780 ter
529 4739 625 4780 sex
653 4721 832 4794 jecisti
872 4720 1005 4790 (89),
1041 4719 1251 4772 insane.
1295 4715 1493 4780 Crede,
1525 4715 1572 4770 si
1619 4714 1991 4785 juramentum

402 4824 568 4873 .t‘uum
597 4817 787 4880 violes,
819 4814 1043 4869 Maurus
1075 4811 1165 4867 ille
1189 4819 1241 4865 te
1265 4809 1573 4865 suﬂ‘ocabit.
1603 4809 1670 4865 Et
1704 4817 1990 4880 postquam

2098 4347 2256 4416 λόγον
2281 4386 2297 4413 ,
2336 4348 2418 4401 ὃτι
2449 4347 2631 4400 οὐκέτι
2661 4348 2897 4418 μιαίνεις
2929 4347 3028 4416 τὴν
3058 4346 3249 4418 κοίτην
3293 4347 3405 4418 τῆς
3433 4353 3704 4418 γυναικός

2101 4455 2218 4506 σου,
2241 4438 2336 4492 καὶ
2365 4438 2476 4508 ἐγὼ
2504 4439 2858 4510 καταρῤίπτω
2886 4439 3008 4492 ἀντὶ
3041 4436 3162 4504 σοῦ,
3183 4438 3282 4492 καὶ
3313 4439 3421 4509 οὐχ
3450 4442 3603 4512 ήττᾷ
3623 4459 3706 4495 σε.

2111 4533 2347 4604 ὐμόσας
2374 4527 2489 4596 οὖν,
2509 4534 2672 4602 φησὶν
2695 4534 2723 4585 6
2743 4529 2915 4585 ταῦτα
2949 4530 3096 4596 ἰδὼν,
3122 4531 3215 4584 καὶ
3248 4531 3442 4586 λαϐὼν
3471 4533 3541 4599 ἐξ
3567 4531 3712 4603 ἐμοῦ

2098 4622 2168 4678 τὰ
2198 4623 2352 4694 βόλια
2389 4621 2632 4695 ἔρριψεν,
2657 4622 2752 4676 καὶ
2781 4622 2984 4675 ἔπεσαν
3013 4623 3263 4693 τρίεκτα.
3305 4622 3720 4688 Ἑξυπνισθὲν-

2097 4733 2188 4780 τος
2216 4712 2309 4770 οὖν
2352 4714 2447 4768 τοῦ
2501 4713 2808 4786 ἀρρώστου,
2860 4712 3088 4784 ἀνῆλθεν
3127 4711 3292 4778 εὐθὺς
3313 4715 3344 4766 6
3367 4713 3584 4779 Σαλδς,
3617 4718 3720 4770 καὶ

2101 4806 2248 4875 λέγει
2277 4805 2426 4876 αὕτῷ
2450 4821 2465 4836 °
2497 4803 2654 4858 Καλὰ
2684 4803 2911 4876 τρίεκτα
2950 4803 3162 4869 ἔϐαλες,
3197 4804 3426 4874 μάταιε.
3462 4806 3722 4862 Πίστευ-

1961 4980 2192 5040 ΝΟΤΕ.

435 5135 438 5138 θ
487 5107 595 5184 (88)
630 5127 648 5160 ι
696 5107 871 5184 llerba
892 5101 1284 5184 est-fruticosa,
1317 5100 1631 5184 semipedali
1668 5099 1973 5164 altitudine,

419 5171 932 5250 loliis'sampsuchi,
977 5173 1342 5250 surculisper
1383 5171 1665 5250 intervalla
1715 5185 1990 5250 purpureo

419 5256 549 5308 tlore
576 5241 879 5313 coronatis;
911 5245 1056 5299 unde
1089 5241 1273 5313 multis
1305 5241 1582 5313 pulegium
1613 5242 1792 5313 regale
1821 5241 1990 5292 nomi-

420 5335 597 5378 natur.
633 5311 873 5374 Alterum
896 5328 1070 5388 genus
1101 5322 1183 5388 est
1212 5311 1342 5388 ﬂore
1375 5311 1630 5388 candido,
1663 5311 1748 5364 cui
1801 5324 1994 5388 magna

415 5411 539 5449 eum
577 5400 794 5460 nepeta,
841 5380 924 5442 ρι’
951 5385 1172 5460 mentha
1215 5384 1467 5444 societas,
1513 5380 1998 5460 tnultum_e:_tcale-

419 5465 563 5526 facit,
607 5449 664 5515 ei
712 5449 990 5513 extenuat.
1027 5455 1083 5510 Si
1138 5469 1175 5526 a_
1203 5467 1410 5526 pecore
1452 5460 1722 5526 gustetur,
1758 5449 1998 5505 balatum

413 5522 561 5590 illico
593 5532 790 5584 dicitur
818 5528 1113 5584 concitare.
1161 5524 1367 5585 Idcirco
1406 5522 1558 5593 quasi
1595 5522 1804 5594 βλὴχων
1841 5534 1998 5574 voca-

2101 5110 2208 5156 tur.
2247 5098 2521 5170 Pulegium
2555 5107 2735 5154 autem
2774 5097 2952 5170 Latini
2982 5097 3282 5170 appellant,
3310 5099 3473 5168 quod
3510 5116 3731 5158 rem

2097 5168 2395 5226 incensum
2432 5169 2640 5241 pulic'es
2694 5168 2906 5224 enecet.
2952 5185 2969 5218 ι
3013 5169 3091 5241 Ita
3144 5168 3435 5241 Correus.
3497 5171 3734 5228 Forsan

2099 5242 2190 5296 hic
2236 5238 2504 5310 pulegium
2531 5241 2750 5310 ponitur
2788 5253 2886 5308 pro
2931 5239 3176 5310 qualibet
3225 5240 3334 5293 alia
3377 5238 3596 5307 herba,
3630 5254 3734 5298 aut

2099 5309 2270 5374 olere,
2297 5309 2437 5364 κατὰ
2465 5309 2588 5363 συνε
2597 5309 2809 5380 κδοχήν.

2176 5381 2285 5452 (89)
2317 5380 2525 5452 insulse
2556 5377 2756 5452 legitur
2777 5379 2918 5448 apud
2953 5377 3178 5434 Surium
3212 5396 3226 5431 :
3262 5399 3282 5432 ι
3318 5377 3582 5437 Pulchra
3612 5393 3728 5439 tra-

2100 5450 2242 5524 jecta
2270 5451 2548 5522 traiecisti,
2584 5450 2800 5504 stolide.
2839 5470 2856 5502 ι

241 6159 262 6166 κ

232 6179 252 6188 ς

208 6205 382 6256 ικὴζ
973 6208 988 6212 "
1179 6215 1182 6218 ·
1573 6225 1596 6231 -

269 6239 354 6259 ’“ν»
391 6254 408 6262 -.,,
473 6263 476 6266 _
525 6261 638 6269 __,______
743 6260 748 6261 ,
813 6253 830 6255 —
1047 6253 1062 6255 —
1101 6255 1108 6258 -
1147 6251 1288 6262 -—..-—
1317 6241 1698 6266 ﬁ.——----~-.-.a£_.__‘._
2107 6257 2124 6264 -
