1946 3194
189 54 264 86 '1739

194 109 376 137 burdnnarius
387 110 552 143 misericors,
567 117 594 139 et
621 120 634 139 ε
652 113 749 144 rebus,
765 122 825 149 quae
844 114 876 141 ad
897 115 984 149 ipsum
1000 118 1020 145 Α

194 156 331 187 redibant,
352 156 533 193 dispergebat.
557 158 678 191 Quadam
696 160 740 186 die
758 160 868 186 exeunti
883 160 931 191 illi,
956 165 985 186 ut

194 210 243 235 pro
262 203 344 230 domo
364 211 413 231 sua
432 203 560 237 aﬂ'erret,
575 210 604 231 ct
624 205 716 232 vinum
733 211 847 238 emeret,
868 206 986 233 occurrit

193 249 299 280 beatus,
315 255 343 277 et
357 245 441 277 dicit:
461 250 520 283 Quo
540 255 566 278 te
582 251 648 286 agis,
667 252 767 279 stulte?
789 252 896 287 (Sermo
910 253 984 280 enim

193 296 244 322 iste
263 295 409 323 identidem
424 297 450 323 ei
464 301 523 324 erat
540 297 568 323 in
586 298 656 333 ore.)
669 298 719 326 Cui
739 299 804 327 ille:
821 300 860 327 Eo
876 304 984 334 emptu-

193 349 241 368 rus
267 341 373 374 vinum,
402 341 473 369 Sale.
499 342 651 378 Respondit
679 344 702 371 ei
728 345 813 373 abbas
840 345 982 380 Symeon:

194 384 268 411 Mi'er
283 384 364 411 etiam
383 385 519 421 pulegium
537 386 605 423 (88),
624 388 670 414 ubi
687 388 811 416 redieris.
830 390 984 424 Auguralus

157 442 167 451 --
193 431 283 465 itaque
298 431 490 465 burdonarius,
505 432 614 461 dicebat
626 442 734 467 secum,
751 436 861 470 quando
876 436 982 463 abiret:

192 477 325 509 Quisnam
342 475 459 504 Satanas
477 485 491 504 a
509 482 631 513 tempore
651 479 785 506 matutino
803 479 836 506 ad
854 487 896 506 me
912 479 984 506 misit

193 523 267 550 hunc
287 522 429 555 abbatem,
458 523 503 558 qui
530 524 617 551 dicit:
637 524 712 551 Atl’er
732 525 798 552 mihi
828 525 984 560 pulegium?

193 569 265 596 Sane
282 568 382 595 malum
409 573 452 596 est
478 568 530 596 hoc
557 570 662 602 vinum,
690 574 718 598 et
739 571 781 598 vel
805 571 917 603 acescit.
941 572 984 598 vel

193 614 262 650 [vitii
279 614 370 650 habet]
391 614 483 642 nescio
502 615 579 650 quid.
600 615 651 643 Ubi
670 616 762 650 itaque
783 616 875 648 rediit,
893 616 983 643 ferens

192 661 286 688 vinum
310 669 440 696 perquam
466 662 586 693 bonum,
614 669 671 696 pra:
691 662 789 697 gaudio
814 662 915 689 oblitus
942 667 984 690 cst

192 708 290 735 nﬁerre
305 707 452 743 pulegium.
470 708 538 735 Dicit
555 708 599 735 ille
617 708 716 735 iterum
733 707 860 743 Symeoni
876 716 882 734 :
902 707 982 739 Vere,

192 762 209 781 ο
225 754 306 782 miser
320 755 418 787 homo,
434 754 535 782 oblitus
553 762 625 781 sum.
641 754 791 781 Subridens
811 754 862 789 ipsi
877 754 960 781 abbas
975 763 982 781 :

193 800 243 827 Abi
260 800 350 833 modo,
369 799 467 834 inquit,
484 807 527 827 res
540 804 585 826 tua
603 799 791 826 administrata
802 804 852 827 est.
871 800 984 832 Quando
1001 788 1020 815 Β

192 845 359 880 ονεονειιίι,
372 848 401 871 ιιι
417 848 535 876 mutaret
550 849 635 876 utres,
649 844 753 871 invenit
767 845 793 871 in
804 845 845 873 eis
864 849 983 878 acetum,

193 897 304 925 prorsus
325 893 354 916 ut
379 889 461 915 homo
486 888 528 916 vel
549 888 657 916 odorari
690 896 738 916 eos
766 890 981 924 pertimesceret.

193 936 269 962 'l‘unc
285 936 376 970 itaque
391 943 448 962 rem
465 934 608 968 intellexit,
618 939 645 962 et
659 935 741 970 coepit
755 935 848 963 dicere
863 943 869 961 :
889 936 983 962 Enim-

193 981 381 1017 vcrojamjam
405 980 545 1007 aﬂ‘erimus
569 980 717 1016 pulegium.
746 981 873 1008 Cucurrit
889 981 981 1016 igitur,

193 1034 220 1056 et
235 1028 308 1055 venit
323 1027 355 1054 ad
368 1026 472 1059 Salum,
489 1031 516 1054 et
535 1026 623 1054 oravit
634 1034 697 1054 eum
711 1027 830 1062 (dicebat
849 1027 922 1054 enim
942 1027 983 1054 fe-

193 1076 264 1102 cisse
279 1073 312 1101 de
336 1080 411 1100 more
429 1072 644 1108 praestigiatoris,
667 1072 713 1107 qui
734 1072 828 1099 oculos
845 1071 981 1107 fascinat).

196 1120 415 1153 Dissolvc,Salc,
441 1120 513 1154 quod
539 1119 636 1146 fecisti.
660 1118 793 1153 Reposuit
818 1118 881 1145 ille:
912 1118 983 1151 Quid

195 1167 267 1195 feci?
284 1167 333 1194 Hic
354 1167 392 1193 ait
409 1176 415 1193 :
433 1166 538 1193 Bonum
558 1164 732 1195 emi‘vinum.
750 1168 778 1191 et
797 1169 918 1199 tempore
931 1165 982 1191 lio~

194 1222 284 1242 rarum
301 1214 414 1241 duarum
434 1213 576 1240 inventum
598 1216 640 1239 est
660 1216 778 1239 acetum.
803 1211 853 1237 Cui
870 1211 914 1237 ille
930 1211 982 1237 ite-

194 1267 253 1286 rum
272 1268 278 1285 :
295 1258 358 1289 Abi,
375 1258 431 1291 abi,
448 1258 524 1284 mitte
540 1257 609 1283 hanc
624 1264 728 1288 curam,
744 1256 818 1291 aperi
835 1263 896 1283 mox
910 1255 982 1291 phu-

193 1304 322 1335 scarium,
341 1307 368 1330 et
383 1302 503 1337 proderit
519 1301 576 1329 tibi.

228 1350 272 1377 57.
294 1349 362 1375 Nam
384 1355 483 1382 scopus
505 1352 532 1374 et
554 1346 642 1373 oratio
665 1348 738 1374 senis
765 1351 854 1378 erant,
876 1352 906 1374 ut
920 1347 982 1381 quia

179 1411 181 1413 ι
194 1401 252 1423 crat
263 1395 428 1427 misericors,
449 1394 526 1421 labor
539 1393 598 1428 ejus
611 1392 831 1419 benediceretur.
846 1393 898 1420 Sed
915 1394 982 1420 nihil

193 1444 339 1479 quidquam
355 1442 438 1469 voluit
455 1445 549 1476 aperte
566 1440 668 1472 facere,
689 1439 737 1466 sed
759 1440 851 1466 omnia
874 1447 923 1474 per
942 1441 981 1466 lu—
996 1453 1016 1481 ρ

194 1490 269 1516 dum.
281 1488 466 1521 Compunclus
481 1486 572 1520 itaque
591 1483 783 1517 burdonarius,
796 1484 863 1511 dixit
876 1494 883 1511 ;
895 1484 981 1511 Bene-

194 1535 282 1561 dictus
300 1534 387 1564 Deus;
402 1531 578 1566 phuscarium
594 1529 725 1564 aperiam.
738 1529 798 1561 Quo
811 1534 916 1564 aperto,
934 1530 983 1557 bc-

183 1579 298 1607 ,nedixit
310 1578 361 1613 ipsi
378 1578 460 1604 Deus.
476 1578 510 1603 At
523 1584 571 1611 pro
589 1576 688 1611 quibus
698 1577 782 1603 .rebus
801 1576 846 1603 ille
865 1576 983 1603 debebat

195 1627 258 1654 Salo
273 1625 373 1661 gratias
390 1631 481 1659 agere,
499 1623 591 1658 potius
612 1622 780 1656 succensuit,
803 1630 858 1649 non
880 1622 982 1650 intelli—

194 1680 270 1708 gens,
287 1678 368 1706 quam
391 1670 461 1697 bene
485 1669 519 1696 de
541 1676 571 1695 se
596 1672 668 1695 esset
694 1668 820 1695 meritus.
850 1667 903 1695 Sed
931 1668 982 1694 hoc

194 1724 280 1746 totum
298 1717 388 1749 ﬁebat,
413 1721 443 1744 ut
469 1715 541 1743 Deus
562 1719 666 1751 tegeret
688 1722 802 1750 scopum
827 1714 980 1750 Symeonis.

193 1763 345 1801 Aigrotavit
361 1770 415 1791 non
432 1769 511 1789 nemo
533 1769 549 1788 e
577 1761 741 1796 primoribus
758 1760 877 1788 civitatis
893 1760 982 1794 (acce-

194 1811 258 1840 derc
268 1817 312 1841 ρο,
321 1815 348 1836 et
357 1809 384 1835 in
394 1809 475 1835 domo
486 1808 545 1843 ejus
555 1807 647 1834 ludere
658 1810 840 1834 consueverat
848 1806 980 1842 sanctus),

193 1861 221 1884 ct
236 1856 309 1883 videt
323 1863 403 1890 :cger,
421 1862 450 1881 se
458 1854 486 1892 in
499 1861 595 1881 somno
604 1853 699 1880 ludere
710 1852 775 1880 aleis
791 1860 852 1880 cum
864 1852 981 1887 quodam

193 1902 332 1936 Aithiopc.
354 1900 419 1927 Erat
433 1904 523 1927 autem
543 1899 587 1926 ille
610 1906 694 1926 mors.
718 1897 870 1925 Festinavit
889 1899 982 1932 itaque

194 1947 329 1979 inﬁrmus,
345 1950 372 1973 et
391 1945 476 1976 venit,
493 1948 523 1971 ut
535 1944 692 1979 projiceret,
713 1949 740 1971 et
754 1943 806 1970 nisi
821 1943 926 1978 jaceret
940 1947 983 1970 ter

193 2001 250 2025 sex,
267 1992 354 2019 victus
373 1994 442 2018 erat.
467 1990 600 2017 Convenit
625 1990 701 2017 illum
724 1989 751 2016 in
777 1997 874 2017 somno
898 1989 982 2017 abbas

194 2040 310 2074 Symcon
336 2041 364 2065 ct
383 2036 467 2065 dicit:
491 2036 563 2069 Quid
591 2038 644 2069 est,
667 2035 781 2063 stolide?
796 2034 901 2063 Revera
926 2036 982 2071 jam

193 2086 302 2113 Maurus
320 2084 371 2111 iste
395 2088 421 2110 te
443 2083 545 2110 vincet.
568 2081 623 2109 Sed
647 2081 680 2109 da
698 2081 791 2113 ﬁdem,
815 2085 841 2108 te
867 2082 982 2116 posthac

194 2141 248 2160 non
261 2131 424 2159 violaturum
438 2130 530 2157 uxoris
548 2134 600 2156 tuac
617 2129 716 2161 cubile,
738 2132 765 2155 et
778 2132 824 2155 tuo
844 2128 904 2155 loco
921 2135 984 2163 pro-

182 2179 296 2213 ,jiciam,
319 2182 346 2205 et
364 2185 420 2204 non
442 2176 534 2204 vincet
556 2180 592 2202 te.
612 2174 759 2210 Postquam
783 2175 931 2209 jurassem,
954 2178 984 2201 ut

195 2224 297 2254 retulit,
308 2223 354 2257 qui
366 2223 417 2251 ista
429 2222 497 2250 vidit
511 2226 541 2249 et
556 2221 707 2257 accepisset
726 2228 742 2247 a
759 2227 802 2247 me
819 2220 903 2252 aleas,
919 2227 985 2255 pro-

193 2271 268 2307 fecit,
286 2274 315 2297 et
329 2269 487 2296 ceciderunt
510 2273 552 2295 ter
572 2275 630 2295 sex.
653 2266 819 2301 Experrecto
837 2266 929 2301 itaque
944 2266 985 2292 in-

194 2317 283 2350 ﬁrmo,
306 2315 429 2343 ascendit
444 2314 537 2342 statim
555 2313 652 2345 Salus,
678 2317 707 2340 et
728 2312 794 2340 dicit
817 2311 855 2339 illi
877 2320 884 2339 :
912 2311 985 2339 Bene

196 2369 237 2391 ter
251 2371 299 2390 sex
312 2361 402 2397 jecisti
422 2361 489 2396 (89),
507 2360 612 2387 insane.
634 2358 733 2391 Crede.
748 2358 772 2386 si
796 2358 982 2393 juramentum

196 2413 270 2437 t'uum
285 2409 379 2440 violes,
396 2407 508 2435 Maurus
524 2406 569 2434 ille
581 2410 607 2433 te
619 2405 773 2433 suﬂ‘ocabit.
788 2406 821 2433 Et
838 2410 981 2441 postquam

708 57 866 87 LEONTII
889 58 1141 88 NEAPOLITANI
1163 60 1332 90 EPISCOPI

1765 66 1835 98 Πιο

1036 115 1082 140 κιὶ
1095 114 1147 141 ἀπὸ
1164 115 1367 149 συμϐαινόντων
1382 117 1531 152 ἰφύρασεν.
1556 118 1599 146 Ἐν
1613 120 1664 155 μιᾷ
1678 120 1728 147 οὖν
1752 121 1833 156 ζειρ-

1037 159 1150 193 χομένου
1164 160 1246 186 αὑτοῦ
1264 162 1374 195 ἐνέγκαι
1391 161 1465 197 λόγῳ
1478 162 1524 189 τοῦ
1536 164 1610 190 οἵκου
1623 165 1719 198 αὐτοῦ,
1734 167 1782 192 καὶ
1793 168 1835 198 εἰς

1037 206 1136 239 πρᾶσιν
1150 206 1279 242 οἰνάριον,
1294 208 1402 243 ἀπαντᾷ
1413 209 1488 244 αὐτῷ
1511 210 1525 236 6
1540 211 1684 246 μακάριος,
1698 212 1745 238 καὶ
1757 212 1838 246 λέγει

1035 251 1127 286 αὐτῷ·
1146 252 1201 279 Ποῦ
1227 253 1354 287 ὑπάγεις,
1371 254 1469 290 ἑξηχε;
1489 255 1572 291 Εἷχεν
1595 257 1650 292 γὰρ
1665 258 1710 284 ἀεὶ
1734 259 1837 286 τοῦτον

1035 295 1080 321 τὸν
1098 295 1175 329 λόγον
1190 297 1236 323 ἐπὶ
1250 297 1280 323 τὸ
1292 298 1356 325 αὐτὸ
1371 299 1417 326 ἐπὶ
1433 301 1576 334 στόματος.
1590 302 1675 335 Λέγει
1694 302 1742 330 οὖν
1755 304 1837 339 αὐτῷ

1035 340 1147 374 ἐκεῖνος,
1160 342 1210 368 Διὰ
1222 343 1351 378 οἰνάριον,
1368 344 1447 371 Σαλέ.
1458 345 1607 382 Ἀπεκρίθη
1623 348 1700 383 αὐτῷ
1716 349 1730 374 6
1743 349 1837 381 ἁὸὁᾶς

1035 385 1146 419 Συμεών
1156 393 1163 401 ·
1181 387 1250 422 Φέρε
1267 388 1314 414 καὶ
1323 389 1451 424 γλιχόνην
1461 390 1499 422 ὡς
1512 391 1590 427 ἔρχῃ.
1607 392 1771 425 Οἰωνισθεὶς
1789 392 1838 421 ὠν

1035 430 1049 475 6
1068 430 1278 468 βουρδουνάριος
1290 453 1298 467 ,
1328 434 1421 468 ἔλεγεν
1443 436 1505 462 καθ’
1525 438 1621 464 ἑαυτὸν
1635 459 1643 471 ,
1668 440 1706 470 ὡς
1726 440 1840 475 ἀπῄει·

1037 473 1111 511 Ἀρα
1125 478 1199 509 ποῖος
1213 478 1337 511 Σατανᾶς
1348 481 1403 507 ἀπὸ
1416 480 1488 515 πρωῒ
1504 481 1624 518 ἔπεμψέν
1647 493 1694 518 μοι
1714 486 1764 511 τὸν
1778 473 1836 512 αδ-

1035 521 1086 549 6ἄν
1099 522 1204 558 τοῦτον,
1217 524 1330 559 λέγοντά
1340 534 1385 561 μοι
1397 534 1404 540 ·
1419 527 1487 562 Φέρε
1503 536 1546 562 μοι
1564 528 1705 565 γλιχόνην;
1721 531 1837 563 Ὄντως

1034 569 1213 597 κακοπόδινον
1226 570 1330 604 γίνεται
1344 572 1374 598 τὸ
1388 573 1509 608 οἰνάριον
1523 574 1610 607 τοῦτο,
1629 577 1677 602 καὶ
1697 576 1714 611 ἢ
1730 577 1835 610 ὸξῐζει,

1035 613 1114 649 ἢούκ
1138 612 1197 642 οἶδα
1225 617 1263 643 τί.
1293 618 1337 649 Ὧς
1362 616 1408 645 οὖν
1433 619 1603 655 ὑπέστρεψεν
1623 622 1741 655 ἐνέγκας
1757 621 1836 650 οἶνον

1035 659 1117 687 καλὸν
1130 661 1212 693 πάνυ,
1222 662 1276 689 ἀπὸ
1290 665 1379 699 χαρᾶς
1394 664 1489 691 ἔλαθεν
1500 666 1610 699 ἐνέγκαι
1625 667 1674 702 τὴν
1687 669 1833 704 γλιχόνην.

1035 705 1116 738 Λέγει
1136 706 1209 741 αὐτῷ
1229 708 1310 734 πάλιν
1325 710 1561 744 ἐκεῖνος,”οντως,
1578 714 1704 744 ταπεινὲ,
1721 714 1832 742 ἔλαθον.

1035 751 1184 783 Μειδιάσας
1204 751 1250 779 οὖν
1265 755 1278 780 6
1292 754 1391 787 ἀϐϐἄς,
1405 756 1480 790 λέγει
1493 757 1582 792 αὐτῷ·
1598 759 1710 794 Ὕπαγε
1735 761 1831 795 μόνον·

1035 796 1065 822 τὸ
1081 796 1135 832 γὰρ
1154 799 1272 833 πρᾶγμά
1287 808 1335 826 σου
1352 801 1502 837 ὲδιοικήοη.
1526 803 1571 834 Ὠς
1587 801 1636 830 οὖν
1654 802 1723 839 ἦλθε
1744 815 1831 840 μετα-

1035 842 1116 869 6ἀλαι
1128 843 1160 870 τὰ
1176 844 1302 880 ἁσκήδια,
1317 843 1397 882 εὗρεν
1414 848 1483 875 αὐτὰ
1502 849 1572 881 ὅξος,
1596 850 1639 877 ὃτι
1666 851 1768 886 ἐψόφει
1785 854 1834 880 ἄν·

1035 886 1143 922 Θρωπος
1171 889 1218 915 καὶ
1247 891 1433 926 ὀσφρανθῆναι
1452 894 1546 921 αὑτοῦ.
1569 894 1639 921 Τότε
1657 894 1831 933 οὖνένόησεν

1034 933 1064 959 τὸ
1087 934 1204 969 πρᾶγμα
1218 955 1226 968 ,
1244 936 1292 963 καὶ
1321 936 1423 972 ἤρξατο
1444 939 1551 973 λέγειν’
1571 941 1676 972 Ὄντως
1690 942 1751 976 ἄρτι
1776 944 1829 970 καὶ

1034 979 1138 1014 ἄγομεν
1156 981 1198 1007 διὰ
1216 981 1353 1018 γλιχόνην.
1374 983 1513 1020 Ἐδριμεν
1530 984 1577 1012 οὖν
1593 987 1642 1013 καὶ
1662 985 1748 1022 ἦλθεν
1762 988 1830 1023 πρὸς

1034 1024 1080 1051 τὸν
1095 1025 1197 1059 Σαλὸν,
1218 1027 1264 1053 καὶ
1289 1029 1438 1063 παρεκάλει
1458 1030 1539 1057 αὐτὸν
1567 1031 1685 1067 (ἔλεγεν
1709 1033 1766 1068 γὰρ
1789 1034 1829 1060 ὅτι

1034 1069 1108 1096 ὥσπε
1112 1078 1129 1106 ρ
1141 1071 1155 1097 6
1167 1070 1261 1107 ψηφᾶς
1273 1074 1346 1099 ποιεῖ
1352 1073 1607 1109 ὀφθαλμοπλανιαν,
1622 1076 1712 1108 οὕτως
1724 1079 1773 1104 χαὶ
1783 1078 1829 1104 1'3-

1034 1115 1078 1147 't6;
1087 1116 1239 1152 ὲποίησεν)’
1249 1118 1394 1145 Ἀνάλυσον
1404 1119 1564 1155 ὃέποίησας,
1574 1121 1748 1157 Σαλέ.Λὲγει
1758 1124 1830 1158 αὐτῷ

1034 1162 1147 1193 ἐκεῖνος
1162 1164 1194 1190 Τί
1214 1164 1349 1199 ἐποίησας
1368 1165 1397 1192 Ὀ
1410 1166 1437 1193 δέ
1453 1175 1519 1202 φησι
1530 1175 1537 1182 ·
1551 1168 1642 1195 Καλὸν
1662 1166 1740 1195 οἶνον
1765 1170 1828 1203 ἠγό-

1035 1214 1116 1241 ρασα,
1135 1209 1182 1234 καὶ
1196 1209 1296 1244 εὑρέθη
1312 1209 1395 1242 ὀξίδιν
1410 1211 1451 1240 εἰς
1466 1211 1513 1237 δύο
1536 1211 1629 1246 ὥρας·
1651 1213 1740 1247 Λέγει
1759 1215 1829 1249 αὐτῷ

1034 1253 1116 1279 πάλιν
1127 1261 1133 1267 ·
1151 1254 1273 1288 ’⁷Υπαγε,
1284 1254 1386 1290 ὕπαγε,
1400 1257 1430 1282 οὐ
1446 1257 1532 1293 μέλλῃ
1543 1266 1594 1290 σοι,
1604 1258 1716 1292 ἄνοιξον
1727 1261 1829 1294 ἐςετῶς

1035 1299 1211 1335 φουσκάριον,
1227 1301 1275 1327 καὶ
1290 1302 1425 1337 συμφέρει
1442 1311 1494 1330 σοι.

1070 1344 1118 1376 νζ’.
1133 1343 1187 1371 Ἶίν
1202 1345 1257 1381 γὰρ
1277 1347 1290 1372 6
1313 1347 1412 1379 σκοπὸς
1434 1350 1481 1374 καὶ
1495 1349 1511 1383 ἡ
1525 1349 1592 1384 εὐχὴ
1610 1349 1658 1376 τοῦ
1681 1351 1829 1386 γέροντος,

1036 1391 1078 1416 ἵνα
1089 1392 1221 1427 εὐλογηῡῇ
1233 1393 1247 1419 6
1262 1392 1387 1428 κάματος
1400 1393 1494 1427 αὐτοῦ,
1505 1395 1547 1421 ὅτι
1568 1393 1604 1429 ἧν
1616 1395 1760 1432 ἐλεήμων,
1772 1399 1827 1424 ἀλλ’

1034 1437 1083 1463 οὐκ
1099 1437 1194 1472 ἤθελεν
1210 1439 1357 1473 προφανῶς
1376 1439 1488 1475 ποιῆσαί
1500 1440 1527 1466 τί
1543 1449 1620 1473 ποτε,
1637 1442 1698 1468 ἀλλ’
1712 1444 1762 1469 ὅλα
1786 1444 1829 1470 διὰ

1035 1484 1205 1517 παιγνιδίων.
1223 1484 1367 1520 Κατενύγη
1384 1483 1431 1512 οὖν
1445 1486 1459 1511 6
1476 1486 1701 1523 βουρδουνάριος,
1718 1491 1767 1515 καὶ
1782 1489 1826 1516 λέ-

1035 1536 1093 1563 γει·
1104 1529 1255 1563 Εὐλογητὸς
1265 1530 1279 1554 ὀ
1291 1529 1341 1555 Θεὸ
1347 1539 1366 1562 ς,
1377 1538 1545 1565 φουσκαριον
1557 1532 1655 1566 ἀνοίγει)
1665 1541 1672 1547 ·
1688 1534 1737 1559 καὶ
1749 1535 1828 1561 ἀνοί-

1035 1573 1130 1605 ξαντος
1143 1573 1237 1606 αὑτοῦ,
1251 1574 1401 1610 ηὑλὸγησεν
1417 1575 1496 1603 αὐτὸν
1519 1577 1534 1602 ὁ
1551 1577 1612 1607 Θε³.ς
1631 1578 1675 1603 καὶ
1694 1578 1771 1613 ὑπὲρ
1782 1577 1826 1607 ὧν

1034 1620 1087 1647 ἔδει
1098 1622 1270 1657 εὐχαριστεῖν
1285 1622 1324 1656 τῷ
1339 1623 1427 1659 Σαλῷ,
1448 1623 1550 1657 μᾶλλον
1573 1623 1619 1650 καὶ
1639 1624 1718 1659 ὲχόλα
1730 1626 1818 1661 αὐτῷ,

1036 1665 1074 1702 μὴ
1096 1666 1165 1693 νοῶν
1186 1667 1216 1693 τὸ
1237 1667 1263 1693 τί
1287 1667 1361 1703 αὐτῷ
1386 1669 1577 1705 προεξένησεν.
1595 1670 1631 1697 Τὸ
1648 1670 1677 1696 δὲ
1704 1671 1761 1697 πᾶν
1778 1671 1829 1698 τοῦ

1035 1712 1200 1747 πράγματος
1218 1709 1252 1747 ἦν
1266 1712 1280 1738 6
1297 1711 1373 1744 Θεὸς,
1389 1712 1499 1739 σκέπων
1512 1713 1558 1739 τὺν
1574 1713 1676 1740 σκοπὸν
1693 1713 1745 1740 τοῦ
1758 1714 1829 1740 ἀδεᾶ

1034 1756 1159 1792 Συμεών.
1173 1757 1364 1793 Ἠῥρώστησέν
1382 1758 1447 1785 ποτέ
1465 1767 1506 1790 τις
1519 1759 1574 1784 τῶν
1593 1760 1769 1793 μεγιστάεων
1781 1761 1823 1792 τῆς

1034 1802 1149 1833 πόλεως,
1165 1800 1243 1837 Εἶχεν
1270 1803 1298 1829 δὲ
1323 1803 1382 1835 ἔθος
1399 1805 1412 1829 ὀ
1426 1803 1496 1835 ὅσιος
1509 1804 1673 1839 ἀνέρχεσθαι
1693 1805 1745 1832 καὶ
1763 1806 1828 1832 παὶ-

1034 1849 1090 1880 ζειν
1104 1850 1144 1880 εἰς
1170 1849 1217 1875 τὸν
1240 1846 1315 1877 οἷκον
1331 1849 1424 1882 αὐτοῦ,
1439 1850 1485 1876 καὶ
1499 1850 1536 1882 ὡς
1555 1850 1693 1886 ὲῦαρὴθη,
1714 1851 1827 1887 ἐθεώρει

1034 1896 1129 1923 ἑαυτὸν
1144 1896 1214 1923 κατὰ
1229 1896 1293 1928 τοὺς
1310 1896 1412 1928 ὕπνους
1429 1896 1590 1929 ταυλίζοντα
1604 1898 1675 1932 μετά
1687 1906 1765 1930 τινος
1779 1900 1828 1925 Δί-

1034 1943 1137 1975 θίοπος.
1155 1941 1209 1969 Ἦν
1225 1942 1252 1969 δὲ
1267 1939 1346 1974 οὗτος
1356 1963 1363 1975 ,
1377 1943 1392 1969 6
1408 1942 1532 1975 θάνατος.
1559 1942 1702 1977 Ἐφθασεν
1721 1942 1770 1971 οὖν
1784 1945 1830 1970 καὶ

1033 1987 1125 2025 ἦλθεν,
1139 1989 1217 2025 φησὶ,
1231 1989 1401 2025 καταῤῥίψαι
1418 1990 1432 2015 6
1446 1988 1577 2022 ἀσθενῶν,
1594 1990 1642 2015 καὶ
1660 1991 1686 2016 εἰ
1707 1991 1748 2025 μὴ
1763 1991 1830 2017 ἑδα-

1033 2037 1079 2063 λεν
1095 2037 1218 2072 τρίεκτα,
1247 2037 1357 2071 ἡττᾶτο.
1373 2036 1471 2063 Φθάνει
1499 2033 1546 2063 οὖν
1571 2036 1647 2072 αὐτῷ
1670 2037 1745 2062 κατὰ
1767 2038 1831 2068 τοὺς

1035 2081 1135 2114 ὕπνους
1149 2083 1162 2109 6
1176 2082 1263 2114 ἀϐὂᾶς
1277 2082 1400 2117 Συμεὼν,
1412 2083 1458 2109 καὶ
1469 2082 1561 2117 λέγει’
1578 2082 1610 2108 Τί
1625 2083 1713 2114 ἐστιν,
1726 2083 1808 2118 ἔξηχε
1821 2092 1831 2116 ;

998 2117 1022 2147 D
1037 2129 1141 2161 Ὄντως
1152 2128 1213 2164 ἄρτι
1228 2129 1291 2163 νικᾷ
1305 2136 1334 2154 σε
1351 2129 1364 2155 6
1375 2127 1487 2163 Μαῦρος
1503 2124 1593 2159 οὗτος.
1622 2128 1706 2154 Ἀλλὰ
1720 2128 1767 2160 δός

1035 2175 1114 2209 λόγον
1127 2194 1134 2208 ,
1154 2175 1195 2201 δτι
1211 2174 1301 2201 οὐκέτι
1316 2175 1435 2210 μιαίνεις
1451 2174 1500 2209 τὴν
1515 2174 1609 2210 κοίτην
1630 2174 1684 2209 τῆς
1696 2177 1832 2209 puncta-

1037 2229 1095 2254 σου,
1107 2220 1154 2247 καὶ
1169 2220 1224 2254 ἐγὼ
1238 2220 1416 2255 καταρρίπτω
1429 2220 1490 2247 ἀντὶ
1506 2219 1566 2253 σοῦ,
1577 2220 1625 2247 καὶ
1641 2220 1691 2255 οὐχ
1705 2222 1777 2256 ἠττᾷ
1788 2230 1832 2247 σι.

1041 2268 1159 2303 ὐμόσας
1173 2265 1231 2299 οὖν,
1240 2268 1322 2302 φησὶν
1333 2268 1347 2294 ό
1358 2266 1444 2294 ταῦτα
1461 2266 1534 2299 ιδὼν,
1546 2267 1593 2293 καὶ
1609 2266 1701 2294 λαϐὼν
1716 2266 1749 2300 ἐξ
1761 2266 1834 2301 ἐμοῦ

1035 2312 1070 2340 τὰ
1085 2313 1162 2349 βόλια
1181 2312 1302 2349 ἔρριψεν,
1314 2312 1362 2339 καὶ
1376 2312 1478 2339 ἔπεσαν
1492 2312 1616 2347 τρίεκτα.
1637 2311 1836 2345 Ἐευπ-ιισθέν-

1035 2368 1080 2391 τος
1094 2358 1140 2386 οὖν
1162 2358 1210 2385 τοῦ
1237 2358 1390 2394 ἀρρώστου,
1416 2357 1529 2393 ἀνῆλθεν
1549 2357 1630 2390 εὐθὺς
1641 2358 1657 2384 6
1667 2357 1768 2389 Σαλὸς,
1782 2359 1836 2385 καὶ

1036 2404 1110 2438 λέγει
1125 2403 1199 2439 αὐτῷ
1211 2412 1218 2419 ·
1234 2403 1313 2430 Καλὰ
1328 2403 1442 2439 τρίεκτα
1461 2402 1566 2436 ἔϐαλες,
1584 2403 1694 2438 μάταιε.
1713 2403 1836 2430 Πίστευ-

966 2491 1082 2520 NOTAE.

230 2555 284 2593 (88)
301 2564 310 2581 ‹
335 2554 421 2593 Herba
432 2557 474 2593 est
488 2552 628 2593 fruticosa.
645 2551 802 2593 semipedali
820 2550 973 2583 altitudine,

196 2586 452 2625 filliis'sainpsuclti,
475 2587 657 2625 surculisper
677 2586 818 2625 intervalla
844 2593 982 2625 purpureo

196 2629 261 2655 ﬂore
274 2621 425 2657 coronatis;
442 2623 514 2650 unde
530 2621 623 2649 multis
639 2622 777 2657 pulegium
793 2622 882 2656 regale
897 2621 981 2647 nomi-

196 2668 285 2690 natur.
302 2656 422 2687 Alterum
434 2665 521 2694 genus
537 2662 578 2694 est
592 2656 657 2694 ﬂore
673 2658 801 2694 candido,
818 2656 860 2683 cui
886 2663 983 2694 magna

194 2706 256 2725 cum
275 2701 383 2731 nepeta,
406 2691 448 2721 et‘
462 2693 572 2731 meptha
593 2693 720 2723 societas,
743 2691 985 2731 multumescale-

196 2734 267 2764 facit,
290 2726 318 2758 et
342 2734 481 2757 extenuat.
500 2729 528 2755 Si
555 2735 574 2764 a7
588 2735 690 2764 pecore
712 2731 847 2764 gustatur.
865 2726 985 2753 balatum

192 2762 266 2795 illico
283 2767 381 2793 dicitur
395 2765 543 2793 concitare.
567 2763 670 2790 Idcirco
689 2762 765 2797 quasi
783 2762 888 2798 βλήχων
906 2768 985 2788 voca-

1037 2556 1090 2579 tur.
1110 2550 1354 2587 Pulegiumﬂautem
1373 2549 1461 2587 Latini
1477 2549 1625 2587 appellant,
1639 2549 1716 2585 quod
1730 2557 1839 2587 recens

1034 2585 1183 2614 incensum
1202 2586 1306 2621 pulic‘es
1333 2585 1439 2612 enecet.
1462 2594 1470 2610 I
1492 2586 1531 2612 lta
1557 2585 1698 2621 Gorrzeus.
1729 2585 1839 2613 Forsan

1036 2622 1081 2649 hic
1104 2619 1238 2656 pulegiu'm
1251 2621 1361 2656 ponitur
1380 2627 1429 2655 pro
1452 2620 1572 2656 qualibet
1597 2620 1651 2647 alia
1672 2619 1775 2652 herba,
1791 2626 1840 2648 aut

1036 2657 1121 2688 olere,
1134 2657 1204 2683 κατὰ
1219 2656 1390 2691 συνεκδοχήν.

1074 2692 1129 2727 (89)
1145 2691 1249 2718 insulse
1264 2689 1364 2727 legitur
1375 2691 1445 2725 apud
1462 2690 1573 2718 Surium
1590 2698 1596 2716 :
1614 2699 1623 2716 ε
1642 2689 1768 2718 Pulchra
1783 2696 1836 2718 tu.

1036 2726 1107 2762 jecta
1121 2726 1260 2762 traiecisti,
1278 2726 1385 2753 stolide.
1405 2736 1414 2752 ι

19 2953 207 3194 3.
