1946 3194
192 53 262 87 1743

190 112 236 139 sit.
252 108 316 142 Sed,
332 114 464 145 quantum
478 110 552 138 vales
573 119 605 139 ac
623 115 711 146 potes,
726 118 821 138 curam
843 117 906 144 gere
923 109 984 136 ani-
1001 111 1020 139 Α

189 165 242 185 mm
254 161 317 189 tum,
334 161 364 184 ut
378 164 426 191 per
442 150 580 192 principes
602 157 778 184 tenebrarum
803 156 886 191 hujus
900 157 982 189 aeris,

189 203 307 238 periculi
318 210 418 238 expers
435 203 553 230 transire
567 203 666 238 possis.
682 203 740 230 Scit
761 203 834 230 enim
850 202 984 230 Dominus

191 257 289 283 magna
303 257 346 276 me
360 249 543 277 sollicitudine
559 255 586 276 et
609 250 707 276 timore
725 250 806 282 allici,
830 250 918 277 donec
940 257 984 276 se-

192 303 276 323 curus
297 295 331 322 ab
362 294 428 329 ipsis
459 295 642 329 requiescam.
673 295 736 322 llmc
761 296 833 322 enim
859 299 901 322 est
927 295 985 322 dies

193 342 274 374 mala,
298 341 331 369 de
349 349 402 376 qua
420 341 597 376 Apostolus“
618 346 645 368 ct
662 342 744 369 David
758 342 780 357 ’⁸
801 342 885 369 locuti
909 346 983 369 sunt.

192 386 256 414 Ideo
269 395 334 422 rogo
348 391 386 420 te,
405 387 441 414 fili
463 396 494 415 ac
520 389 602 415 frater
626 387 754 421 Joannes,
781 393 880 423 quanta
906 393 985 423 potes

192 433 381 463 contentione.
404 433 619 461 misericordiam
638 442 752 467 exerce;
775 435 833 462 haec
855 442 906 461 nos
921 438 986 461 tunc

190 478 291 513 jnverit
313 478 375 512 plus
402 486 482 512 quam
515 486 610 506 omnes
634 479 757 506 virtutes.
790 479 859 506 Dicit
886 479 983 506 enim:

197 533 206 548 ι
225 523 324 550 lleatus
334 524 379 558 qui
398 524 524 559 inti-lligit
545 532 627 560 super
640 533 755 559 egenum
774 529 801 551 et
818 533 983 559 pauperem;

194 568 222 595 in
234 568 277 595 die
288 568 357 595 mala
373 568 497 596 liberabit
512 577 573 596 eum
587 569 767 602 Dominus";
781 579 790 595 ›
805 575 832 597 et
846 578 985 605 nunquam

194 614 306 641 assistas
320 615 408 647 altari,
426 615 529 642 habens
544 616 645 650 aliquid
654 616 798 643 adversum
811 616 940 651 aliquem,
951 624 986 643 ne

194 660 264 687 forte
280 660 406 695 iniquitas
422 665 466 688 tua
487 661 555 689 alios
571 662 654 689 etiam
676 662 803 697 indignos
823 663 919 690 reddat
937 662 982 689 ad-

194 709 279 732 ventu
293 706 411 740 Spiritus
426 707 526 734 sancti.

230 761 276 788 6i.
297 761 360 789 Haec
375 767 403 789 et
430 762 506 797 plura
529 764 580 790 alia
604 763 767 796 enuntiavit,
787 769 814 791 et
833 764 984 798 prohibuit,
1003 779 1023 807 Β

194 815 230 835 ne
247 807 336 843 aliqua
353 816 385 835 ex
401 809 434 836 iis
458 817 577 843 unquam
589 810 717 844 cuiquam
733 810 845 841 diceret,
861 815 986 844 propter-

196 860 229 880 ca
252 853 325 888 quod
348 862 401 881 non
425 861 520 881 omnes
545 854 681 889 accipiant
700 862 762 881 cum
788 855 840 882 ﬁde
865 855 909 881 illa
927 863 986 889 qua:

196 899 335 926 dicuntur.
361 899 418 926 Hoc
443 900 490 926 tibi
510 899 546 927 sit
570 900 677 932 solatio,
711 901 782 935 quod
807 905 869 936 post
904 901 987 928 hosce

197 950 253 972 tres
270 945 328 972 dies
345 945 475 973 Dominus
486 951 677 981 nSsumpturus
696 947 732 974 sit
753 946 896 974 minimum
913 947 989 974 hunc

197 991 300 1024 Salum,
313 996 340 1018 et
354 991 495 1019 dominum
509 992 657 1023 Joannem,
672 992 783 1020 fratrem
795 992 863 1027 ejus.
879 992 987 1020 Etenim

197 1046 248 1073 ego
262 1038 320 1072 ipse
331 1038 484 1071 discedens,
495 1039 549 1066 dixi
565 1039 588 1066 ei
602 1039 765 1072 :Adesdum,
777 1038 871 1071 frater,
880 1046 986 1066 eamus.

198 1082 318 1117 Tempus
333 1083 483 1110 etiamnum
497 1088 640 1119 superest;
660 1083 707 1111 sed
725 1088 786 1119 post
799 1084 912 1112 biduum
924 1085 987 1111 veni

198 1126 232 1153 ad
253 1126 389 1161 tugurium
406 1134 507 1159 meum,
530 1133 558 1155 et
578 1127 638 1155 vide
652 1135 685 1155 an
705 1128 808 1163 aliquid
827 1128 989 1156 inventurus

199 1171 247 1199 sis.
261 1171 329 1198 Volo
340 1177 431 1199 autem
447 1178 475 1199 ut
494 1172 595 1200 habeas
614 1181 811 1208 mnemosynon
826 1174 938 1201 humilis
962 1177 989 1200 et

201 1216 349 1250 peccatoris
364 1215 429 1243 Sali.
443 1216 505 1244 Haec
522 1221 549 1244 et
559 1217 636 1252 plura
657 1217 708 1253 ipsi
724 1218 833 1251 effatus,
849 1218 987 1250 discessit,

199 1262 268 1289 etin
285 1262 422 1297 tugurium
441 1270 520 1289 suum
538 1271 567 1290 se
585 1264 700 1292 abdidit.
721 1264 799 1292 Nunc
812 1269 902 1291 autem
919 1270 990 1292 tem-

202 1315 253 1342 pus
263 1311 349 1339 vocat,
364 1315 381 1334 ο
395 1307 486 1340 amici,
503 1312 532 1334 ut
544 1309 604 1343 ejus
620 1317 729 1344 quoque
740 1315 856 1338 mortem
872 1312 990 1339 admira-

202 1354 276 1381 tione
292 1353 490 1389 dignissimam,
504 1362 552 1381 seu
567 1362 694 1382 somnum
706 1356 797 1390 potius
814 1357 891 1384 vobis
905 1365 990 1392 expo-

202 1407 277 1427 nam.
298 1399 360 1427 llaec
382 1400 455 1427 enim
480 1408 535 1427 non
558 1400 644 1427 levem
668 1400 750 1428 etiam
766 1401 843 1429 vobis
860 1403 991 1437 prmbebit

202 1445 359 1473 utilitatem.
377 1446 516 1478 Quinimo,
537 1446 563 1473 id
587 1447 658 1481 quod
680 1447 817 1478 omnibus,
843 1455 903 1482 quae
918 1455 988 1482 prae-
1003 1448 1032 1484 (ξ

203 1493 273 1520 dicta
289 1497 363 1525 sunt,
375 1497 416 1519 est
430 1492 618 1523 excellentius,
636 1492 680 1518 illa
704 1492 821 1526 sigillum
837 1488 940 1520 exstitit
965 1498 992 1521 et

204 1537 373 1565 conﬁrmatio
400 1536 566 1564 intaminataa
591 1538 809 1565 conversationis
829 1539 899 1573 ejus.
923 1539 991 1567 Dum

204 1583 276 1610 enim
289 1583 329 1609 vir
342 1590 455 1617 magnus
464 1582 579 1609 sentiret
591 1590 763 1610 communem
776 1584 872 1612 adesse
885 1585 993 1618 horam,

205 1633 232 1655 et
247 1635 281 1655 ne
296 1633 355 1663 post
375 1632 488 1655 mortem
500 1628 609 1662 quidem
626 1628 706 1655 vellet
727 1628 876 1656 humanum
891 1630 994 1658 referre

206 1673 348 1703 honorem.
365 1673 429 1708 quid
448 1673 532 1700 facit?
550 1674 689 1709 Ingressus
710 1675 804 1702 subter
817 1675 918 1703 fascem
933 1684 994 1703 sar—

207 1723 373 1751 mentorum,
388 1719 433 1754 qui
458 1719 484 1746 in
508 1727 587 1747 sacro
606 1720 665 1755 ejus
680 1720 788 1755 tugurio
807 1725 876 1753 erat,
895 1722 994 1749 ibidem

206 1765 390 1797 obdormiens.
404 1766 532 1800 spiritum
544 1774 624 1793 suum
640 1767 756 1794 Domino
769 1767 796 1794 in
815 1775 881 1803 pace
900 1769 995 1796 reddi—

207 1811 255 1838 dit.
269 1811 426 1838 Familiares
437 1812 506 1847 ejus,
523 1812 569 1847 qui
582 1820 597 1839 a
607 1812 689 1839 biduo
701 1812 776 1840 illuni
791 1821 846 1840 non
859 1814 994 1848 viderant,

208 1856 321 1883 dicunt:
335 1856 448 1889 Eamus,
462 1857 613 1890 videamus,
634 1865 699 1885 num
726 1858 797 1886 forte
815 1859 941 1887 infirmus
961 1860 997 1887 sit

208 1901 297 1929 Salus.
315 1901 347 1929 Et
361 1902 525 1933 invenerunt
540 1910 603 1930 eum
624 1903 760 1937 jacentem
784 1904 880 1931 subter
894 1905 995 1933 fascem

209 1952 419 1981 sarmentorum,
434 1953 582 1976 mortuum.
601 1948 668 1976 Tum
680 1949 793 1977 dicunt:
810 1951 850 1977 An
863 1951 917 1986 jam
935 1959 996 1979 cre-

209 1994 275 2022 dent
289 2001 394 2027 omnes,
410 1995 483 2029 quod
497 1995 596 2022 mentis
610 2002 721 2030 compos
735 1996 786 2023 iste
799 1996 901 2024 fuerit?
915 1997 996 2030 Ecce,

208 2039 267 2074 ipsa
287 2039 368 2067 etiam
391 2040 451 2074 ejus
472 2048 546 2068 mors
564 2041 597 2068 ad
617 2041 734 2069 scalmos
756 2040 811 2077 (9|)
829 2047 881 2070 est.
899 2044 931 2070 Et
944 2044 997 2072 duo

208 2084 320 2118 quidam
338 2084 458 2111 tulerunt
472 2092 534 2112 eum
560 2093 615 2113 non
636 2086 733 2119 lotum,
753 2086 812 2114 sine
835 2088 996 2122 psalmodia.

209 2130 269 2157 sine
280 2130 368 2157 cereis
384 2133 411 2156 et
424 2130 619 2164 odoranientis,
637 2136 664 2159 et
681 2132 813 2160 abeuntes
832 2134 1000 2168 sepelierunt
1015 2132 1036 2160 D

209 2175 300 2210 ipsum
312 2176 340 2203 in
354 2176 459 2203 tumulo
472 2177 688 2213 peregrinorum.

244 2275 290 2303 62.
309 2275 357 2304 [iis
372 2281 475 2309 autem.
500 2278 546 2312 qui
567 2286 629 2306 eum
654 2279 808 2314 portabant,
829 2285 857 2308 et
879 2282 998 2310 tumula-

210 2322 263 2350 turi
286 2322 375 2357 ipsum
397 2323 530 2356 abierant,
556 2326 707 2359 progressis
726 2326 759 2353 ad
779 2334 866 2362 usque
886 2328 997 2356 domum

209 2367 351 2403 cujusdam
363 2367 478 2401 Hebmi,
492 2369 564 2405 ﬁguli
579 2369 721 2402 vitrorum,
735 2379 815 2406 quem
830 2372 910 2400 Salus
923 2374 1000 2401 Chri-

211 2413 307 2441 stianis
326 2414 411 2441 sacris
427 2415 591 2450 ascripserat
603 2436 610 2448 ,
624 2416 700 2444 audit
712 2418 999 2452 pnedictusliebrmus

207 2458 390 2493 psalmodiam
405 2464 460 2487 tam
477 2460 648 2494 concinnam,
663 2466 693 2489 ut
705 2462 787 2490 talem
797 2463 868 2491 labia
881 2465 999 2493 humana

212 2509 322 2533 cantare
346 2513 400 2533 non
421 2507 536 2542 possint,
559 2511 586 2535 et
599 2508 706 2536 turbam
731 2513 845 2542 tantam,
870 2516 999 2546 quantam

247 2586 271 2603 “
286 2585 391 2621 Ephes.
410 2595 436 2619 ν,
452 2594 488 2613 vt.
529 2587 551 2602 “
569 2584 640 2613 Psal.
659 2595 703 2619 XL,
717 2586 746 2613 2.
786 2587 808 2602 "
823 2587 892 2615 Ibid.

697 54 851 84 LEONTII
867 54 1122 85 NEAPOLlTANI
1137 53 1306 84 EPISCOPI

1758 51 1829 84 17M

1037 110 1084 136 καὶ
1097 110 1224 145 δύναμις,
1241 110 1384 145 φρόντισον
1399 108 1450 143 τῆς
1466 107 1571 139 οίκείας
1594 116 1643 134 σου
1663 107 1767 143 ψυχῆς,
1783 108 1831 134 ἳνα

1034 157 1209 193 ἀχειμάστως
1234 156 1297 187 τοὺς
1324 154 1550 191 κοσμοκράτορας
1571 153 1621 180 τοῦ
1649 154 1764 185 σκότους
1779 154 1834 181 τοῦ

1034 204 1116 239 ἀέρος
1126 203 1221 230 τούτου
1232 202 1397 237 διαπερᾶσαι
1407 200 1535 236 δυνηθῇς.
1548 197 1625 226 Οἶδεν
1635 199 1689 236 γὰρ
1701 202 1717 227 6
1725 200 1836 235 Κύριος

1034 251 1074 277 ὅτι
1089 251 1190 285 πολλὴν
1207 249 1342 285 μέριμναν
1361 249 1410 275 καὶ
1424 248 1506 282 φόϐον
1529 247 1583 282 ἔχω
1594 267 1602 279 ,
1621 246 1675 278 ἓως
1686 244 1715 274 οὗ
1728 248 1839 283 ἀμερι-

1037 296 1131 332 μνήσω
1146 295 1177 328 ἐξ
1191 296 1290 323 αὐτῶν.
1305 295 1379 329 Λῦτη
1396 294 1450 329 γάρ
1470 294 1529 319 ἐστι
1554 293 1648 327 ἡμέρα
1668 293 1684 327 ἡ
1708 293 1837 327 πονηρὰ,

1035 344 1100 378 περὶ
1110 341 1145 378 ἧς
1161 343 1175 369 6
1190 341 1364 372 Ἀπόστολος,
1378 340 1426 367 καὶ
1439 341 1453 366 6
1467 338 1550 365 Δαυῖδ
1571 336 1658 366 εἷπεν.
1677 339 1724 365 Διὺ
1741 348 1840 373 παρα-

1036 389 1111 416 καλῶ
1128 398 1168 421 σε,
1187 388 1281 414 τέκνον
1297 388 1344 413 καὶ
1360 386 1459 421 ἀδελφὲ
1473 386 1597 421 Ἰωάννη,
1617 385 1691 420 πάσῃ
1716 394 1766 411 σου
1784 385 1839 411 δυ-

1036 436 1127 470 νάμει,
1143 435 1167 461 εί
1180 433 1253 460 ἐστιν
1269 432 1374 463 δεκτὸν,
1401 432 1471 458 ἐλέει
1482 451 1489 463 ,
1510 432 1556 458 καὶ
1571 432 1622 462 τὰς
1651 431 1722 465 ὑπὲρ
1738 431 1842 462 nisa;

1035 480 1135 515 ἀρετὰς
1159 478 1243 513 βοηθῇ
1266 478 1333 512 ἡμῖν
1351 477 1423 503 τότε.
1443 475 1528 510 Φησὶν
1541 474 1606 509 γὰρ,
1626 483 1635 499 ε
1657 474 1812 508 Μακάριος
1825 475 1841 499 ὁ

1038 524 1135 551 συνιὼν
1162 524 1209 550 ἐπὶ
1239 523 1347 557 πτωχὸν
1369 522 1416 548 καὶ
1434 521 1549 556 πένητα,
1566 521 1595 546 ὲν
1612 520 1705 555 ἡμέρᾳ
1723 519 1840 553 πονηρᾷ

1038 570 1149 605 ῥύσεται
1157 569 1237 596 αὐτὸν
1250 568 1265 594 ὁ
1279 567 1391 602 Κύριος·
1404 577 1413 593 ι
1425 567 1473 594 καὶ
1485 566 1618 602 μηδέποτε
1634 565 1673 600 τῷ
1698 565 1775 599 ἁγίῳ
1794 564 1838 590 θυ-

1037 616 1187 651 σιαστηρίῳ
1205 615 1346 650 παραστῇ,
1362 614 1432 648 ἔχων
1452 613 1524 639 κατά
1537 620 1617 643 τινος,
1641 611 1679 645 μὴ
1694 619 1758 641 πως
1770 611 1788 644 ἡ
1806 611 1838 645 σὴ

1037 660 1137 695 ἀνομία
1164 659 1290 691 ἀναξίους
1316 661 1418 694 ποιήσῃ
1435 658 1485 684 καὶ
1508 656 1604 687 ἄλλους
1619 655 1671 690 τῆς
1685 655 1838 689 ἐπιφοιτή-

1038 715 1107 738 σεως
1130 705 1177 732 τοῦ
1196 705 1274 739 ἁγίου
1285 704 1458 739 Πνεύματος.

1074 763 1124 796 ξεί.
1143 763 1236 790 Ταῦτα
1254 762 1301 789 καὶ
1315 761 1382 788 ἄλλα
1393 761 1422 787 δὲ
1436 760 1550 787 πλεῖστα
1572 757 1767 794 παρήγγειλεν
1787 757 1835 784 αὗ-

1040 810 1088 846 τῷ,
1104 810 1134 842 ἐξ
1147 806 1185 836 ὧν
1200 818 1260 836 τινα
1277 810 1345 844 μήτε
1364 808 1453 834 εἰπεῖν
1479 806 1549 833 αὑτά
1563 806 1630 833 ποτέ
1649 814 1705 831 τινι
1720 803 1838 839 παρεκέ.

1040 856 1136 882 λευσεν
1151 855 1196 882 διὰ
1208 855 1239 881 τὸ
1254 854 1292 890 μὴ
1307 855 1410 885 πάντας
1426 852 1495 888 μετὰ
1513 852 1634 882 πίστεως
1655 850 1783 885 δέχεσθαι
1804 850 1838 876 τὰ

1040 902 1186 936 λεγόμενα.
1215 899 1412 936 Παρακλήθητι
1436 898 1475 929 δὲ,
1492 897 1588 932 ἐπειδὴ
1616 896 1661 922 διὰ
1680 896 1732 921 τῶν
1744 895 1834 929 τριῶν

1040 949 1143 976 τούτων
1155 947 1267 984 ἡμερῶν
1283 946 1525 983 προσλαμϐάνεται
1539 945 1552 970 6
1565 945 1672 979 Κύριος
1688 943 1735 969 τὸν
1752 941 1838 967 Σαλὸν

1041 995 1087 1021 τὸν
1106 994 1257 1029 ἐλάχιστον,
1278 993 1324 1019 καὶ
1341 992 1387 1019 τὸν
1402 991 1483 1027 κΰριν
1507 990 1638 1025 Ἰωάννην
1656 989 1706 1015 τὸν
1724 987 1838 1021 ἀδελςῶ

1042 1040 1135 1069 αὑτοῦ.
1152 1040 1208 1067 Καὶ
1223 1039 1277 1074 γὰρ
1288 1038 1344 1073 ἐγὼ
1355 1037 1437 1069 αὐτὸς
1455 1035 1583 1063 ἀπελθὼν
1598 1032 1679 1061 εἷπον
1694 1033 1784 1068 αὐτῷ,
1799 1033 1838 1059 ὅτι

1048 1086 1169 1121 Ἀδελφὲ,
1186 1085 1283 1121 δεῦρο,
1299 1085 1422 1119 ἄγωμεν.
1438 1083 1539 1118 Καιρός
1553 1083 1610 1108 ἐστι
1638 1080 1749 1111 λοιπὸν,
1773 1078 1839 1106 ἀλλὰ

1044 1133 1114 1168 μετὰ
1128 1132 1175 1159 δύο
1187 1132 1292 1168 ἡμέρας
1304 1131 1365 1157 ἐλθὲ
1374 1131 1415 1161 εἰς
1425 1130 1454 1156 τὸ
1466 1128 1594 1156 mnsam
1609 1136 1673 1162 μου,
1689 1127 1742 1153 καὶ
1758 1126 1839 1160 βλέπε

1042 1179 1069 1205 sl
1084 1187 1109 1205 τι
1120 1178 1267 1213 εὑρίσκεις.
1288 1176 1363 1203 Θέλω
1380 1175 1424 1202 ἵνα
1438 1175 1502 1210 ἔχῃς
1528 1173 1705 1209 μνημόσυνον
1729 1171 1779 1197 τοῦ
1793 1179 1839 1196 τα-

1044 1225 1137 1253 πεινοῦ
1152 1225 1199 1252 καὶ
1208 1222 1372 1259 ἁμαρτωλοῦ
1386 1221 1483 1248 Σαλοῦ.
1498 1220 1553 1247 Καὶ
1560 1219 1649 1245 ταῦτα
1663 1218 1715 1244 καὶ
1731 1218 1841 1243 πλείονα

1042 1272 1148 1299 τούτων
1160 1270 1244 1298 είπὼν
1259 1269 1343 1304 αὐτῷ,
1356 1266 1492 1299 ἀπελθὼν,
1504 1265 1678 1293 συνέστειλεν
1696 1264 1797 1290 ἑαυτὸν
1814 1264 1840 1289 ὲν

1043 1317 1083 1353 τῷ
1099 1316 1220 1351 καλυὸίῳ
1235 1314 1329 1343 αὑτοῦ.
1343 1313 1411 1340 Νυνὶ
1430 1312 1458 1339 δὲ
1484 1311 1579 1346 καιρὸς
1604 1309 1698 1341 καλεῖ,
1717 1306 1741 1335 ᾧ
1759 1309 1840 1343 φίλοι.

1045 1364 1094 1391 καὶ
1105 1363 1151 1391 τὸν
1168 1361 1390 1396 ἀξιοθαύμαστον
1414 1357 1504 1396 austri
1523 1357 1642 1383 θάνατον
1653 1374 1661 1386 ,
1691 1354 1796 1389 μᾶλλον
1814 1354 1840 1380 δὲ

1046 1410 1143 1443 ὕπνον,
1157 1394 1222 1444 ὗμιν
1237 1394 1428 1441 διηεξήσασῧαι.
1448 1394 1505 1429 Καῗ
1522 1401 1575 1435 γάρ
1601 1401 1679 1427 ἐστιν
1698 1400 1747 1426 καὶ
1761 1399 1841 1430 usae;

1041 1457 1071 1483 οὐ
1097 1456 1147 1490 τὴν
1175 1453 1310 1489 τυχοῦσαν
1339 1447 1470 1485 παρέχων
1488 1447 1639 1481 ὠφέλειαν,
1740 1454 1769 1471 τε
1796 1445 1839 1490 ni

1048 1489 1158 1528 πάντων
1174 1499 1228 1525 τῶν
1244 1495 1450 1532 προειρημένων
1470 1492 1690 1527 ὲξαιρετώτερον,
1702 1491 1781 1521 ὅστις
1792 1489 1840 1515 καὶ

1049 1546 1167 1582 σφραγὶς
1191 1544 1238 1571 καὶ
1260 1542 1405 1578 βεϐαίωσις
1427 1541 1475 1575 τῆς
1491 1538 1637 1574 ἀμολὺντου
1651 1536 1735 1582 aito;
1754 1536 1837 1561 πολι·

1047 1581 1122 1624 τείας
1136 1591 1313 1625 καθέστηκεν.
1332 1586 1497 1620 Αἰσοόμενος
1517 1584 1572 1619 γὰρ
1586 1584 1599 1609 6
1616 1582 1696 1618 μέγας
1708 1581 1756 1615 τὴν
1771 1589 1834 1606 κοι-

1047 1639 1096 1674 νὴν
1111 1638 1196 1673 ὥραν,
1211 1635 1371 1671 βουλόμενος
1391 1630 1457 1667 μηδὲ
1473 1629 1543 1656 κατὰ
1565 1629 1679 1674 θάνατον
1694 1627 1778 1674 τιμὴν
1792 1626 1842 1674 αν-

1049 1671 1187 1720 θρωπείαν
1198 1677 1414 1713 ἀπενέγκασθαι,
1426 1675 1452 1702 τί
1464 1675 1552 1720 ποιεῖς
1564 1671 1702 1720 Εἰσελθὼὲ

1048 1715 1095 1754 τοῦ
1109 1726 1185 1756 ὄντος
1201 1723 1311 1759 φορτίον
1329 1721 1384 1747 τῶν
1405 1718 1592 1754 κληματιδίων
1609 1717 1639 1743 ἐν
1659 1716 1701 1751 τῷ
1725 1715 1846 1748 xui-ﬁte:

1048 1772 1131 1800 αὑτοῦ
1146 1770 1185 1806 τῷ
1201 1769 1276 1803 ἱερῷ,
1286 1768 1377 1794 ἐκεῖσε
1392 1765 1541 1794 καθεύδων,
1552 1763 1592 1798 τῷ
1606 1762 1707 1796 Κυρέῳ
1720 1760 1848 1795 παρέδω-

1049 1828 1096 1847 κεν
1113 1818 1143 1844 τὸ
1160 1805 1268 1850 πνεῦμα
1283 1815 1311 1841 ἐν
1326 1813 1432 1848 εἰρήνῃ.
1448 1811 1480 1837 Οἱ
1498 1807 1544 1836 οὖν
1556 1807 1685 1842 συνήθεις
1700 1805 1801 1836 αὑτοῦ,
1813 1805 1847 1836 ὡς

1049 1866 1099 1892 οὐκ
1113 1862 1182 1891 εῐδον
1199 1861 1279 1889 αὑτὸν
1292 1859 1341 1891 τὰς
1354 1858 1402 1885 δύο
1417 1856 1533 1892 ἡμέρας,
1544 1854 1681 1888 λέγουσιν·
1704 1853 1849 1885 Ἀγωμεν,

1050 1912 1160 1946 ἴδωμεν,
1177 1909 1214 1945 μή
1230 1915 1288 1938 πως
1302 1905 1413 1933 ἀσθενεῖ
1426 1904 1440 1930 6
1456 1901 1551 1932 Σαλός.
1584 1900 1641 1927 Καὶ
1662 1895 1747 1946 εὖρον
1768 1897 1851 1923 αὐτὴν

1050 1945 1179 1984 ὑποκάτω
1191 1953 1317 1987 κείμενον
1326 1950 1373 1977 τοῦ
1393 1948 1503 1984 φορτίου
1517 1947 1572 1973 τῶν
1590 1945 1785 1981 κληματιόίων
1804 1951 1851 1969 νε-

1051 2000 1126 2035 κρόν.
1153 1998 1220 2026 Τότε
1246 1997 1387 2030 λέγουσιν·
1416 1992 1491 2028 *Αρα
1518 1992 1552 2019 ἂν
1566 1991 1629 2027 ἄρτι
1650 1989 1852 2016 πιστεύσουσιν

1051 2046 1170 2077 πάντες,
1186 2044 1227 2070 ὅτι
1239 2042 1304 2077 παρ’
1322 2040 1418 2068 ἑαυτὸν
1438 2037 1473 2074 ἦν
1491 2036 1587 2070 οὗτοςς
1612 2036 1679 2063 Ἰδοὺ
1703 2036 1754 2062 καὶ
1768 2035 1853 2066 αὑτὸς

1051 2093 1065 2119 6
1082 2093 1196 2122 θάνατος
1207 2088 1289 2116 αὐτοῦ
1300 2087 1504 2120 κατάσκιλμος.
1522 2085 1578 2112 Καὶ
1593 2083 1790 2119 βαστάσαντες
1804 2083 1853 2108 αὖ·

1050 2139 1095 2164 τὸν
1110 2137 1157 2164 δύο
1171 2136 1253 2168 τινὲς,
1281 2133 1366 2170 χωρὶς
1389 2131 1435 2159 τοῦ
1451 2131 1550 2157 πλῦναι
1573 2129 1668 2162 αὑτὸν,
1687 2129 1740 2155 καὶ
1761 2128 1854 2163 χωρὶς

1052 2182 1221 2219 ψαλμῳδίας,
1251 2181 1300 2208 καὶ
1327 2179 1412 2216 χωρὶς
1440 2178 1544 2213 κηρίων
1570 2176 1618 2203 καὶ
1649 2175 1852 2210 Θυμιαμάτυν,

1050 2229 1214 2259 ἀπελθόντες
1232 2227 1335 2262 ἔθαψαν
1351 2224 1431 2252 αὐτὸν
1447 2225 1489 2255 εἰς
1507 2223 1537 2250 τὸ
1554 2221 1726 2255 ξενοτάφιον.

1088 2286 1137 2321 ξβν.
1162 2286 1207 2316 Ὧς
1223 2281 1269 2311 οὖν
1289 2282 1444 2317 ἀπήρχοντο
1464 2279 1510 2306 διὰ
1528 2279 1603 2305 οἴκου
1629 2278 1705 2309 τινος
1732 2276 1793 2304 amb
1809 2277 1857 2304 Ἕ-

1052 2331 1156 2367 ϐραίων
1167 2329 1294 2365 ὑελεψοῦ,
1319 2329 1402 2363 ὅνπερ
1416 2326 1496 2357 αὐτὸς
1522 2325 1653 2359 ἐποίησεν
1668 2323 1857 2358 Χριστιανὸν,

1050 2378 1088 2409 ὠς
1104 2377 1235 2411 ἀνωτέρω
1248 2374 1412 2410 εἰρήκαμεν.
1430 2373 1456 2398 οί
1470 2371 1564 2398 τοῦτον
1579 2369 1784 2405 βαστάζοντες,
1809 2369 1860 2396 καὶ

1051 2423 1225 2459 ἐξερχόμενοι
1251 2420 1336 2456 θάψαι
1362 2418 1455 2449 αὐτὸν,
1479 2417 1574 2444 ἀκούει
1589 2417 1603 2443 ὁ
1629 2416 1785 2451 εἰρημένος
1802 2415 1860 2443 ἀπὸ

1057 2469 1191 2505 Ἐϐραίων
1204 2466 1376 2503 ψαλμῳδίας,
1401 2461 1456 2491 οἷον
1474 2462 1556 2498 μέλος
1578 2462 1609 2488 οὐ
1629 2461 1750 2488 δύναται
1764 2461 1860 2497 ψᾶλαι

1052 2516 1140 2552 χεῖλος
1151 2514 1315 2550 ἀνθρώπων,
1331 2512 1379 2539 καὶ
1393 2510 1495 2546 πλῆθος
1509 2509 1524 2536 ὃ
1545 2509 1575 2535 οὒ
1592 2507 1711 2535 δύναται
1736 2509 1859 2542 navigat

939 2624 943 2626 “
969 2634 1087 2664 nom.

249 2691 307 2727 (9|)
323 2691 416 2718 Cra-ce
434 2691 564 2726 σκαλμός,
581 2692 707 2724 paxillus,
736 2693 793 2720 sive
809 2697 875 2720 (em
888 2693 996 2727 lignum,

213 2726 255 2752 cui
269 2725 397 2763 alligatur
409 2725 665 2763 retnusdDerirval’ur
680 2735 696 2755 a
711 2727 827 2763 sane,
841 2725 921 2762 fodio,
932 2729 997 2763 quia

213 2760 329 2795 paxillus
352 2768 417 2789 cavo
444 2762 520 2797 quasi
548 2761 688 2790 infoditur.
712 2762 781 2790 iiinc
810 2760 897 2791 facilis
922 2760 997 2791 notio

1051 2693 1126 2756 vocixs
1145 2693 1350 2738 κρτάσκαλμος.
1361 2700 1411 2728 pro
1434 2699 1486 2726 qua
1514 2690 1585 2719 forte
1607 2691 1766 2727 legendum
1788 2693 1856 2719 ιιτὶ

1052 2738 1105 2756 σκα
1124 2738 1201 2756 μους.

1052 2738 1201 2765 σκαλμους.

72 3079 1946 3179 -Ε-
